PokerStars Hand #161026771991:  Hold'em Limit ($3/$6 USD) - 2016/11/07 0:05:19 ET
Table 'Brunonia' 6-max Seat #3 is the button
Seat 3: habari786 ($60 in chips)
Seat 4: VolkovDmitri ($120 in chips)
habari786: posts small blind $1
VolkovDmitri: posts big blind $3
*** HOLE CARDS ***
habari786: raises $3 to $6
VolkovDmitri: calls $3
*** FLOP *** [8h Qs 9c]
VolkovDmitri: checks
habari786: checks
*** TURN *** [8h Qs 9c] [Qc]
VolkovDmitri: bets $6
habari786: calls $6
*** RIVER *** [8h Qs 9c Qc] [Qd]
VolkovDmitri: checks
habari786: bets $6
VolkovDmitri: folds
Uncalled bet ($6) returned to habari786
habari786 collected $23.52 from pot
habari786: doesn't show hand
*** SUMMARY ***
Total pot $24 | Rake $0.48
Board [8h Qs 9c Qc Qd]
Seat 3: habari786 (button) (small blind) collected ($23.52)
Seat 4: VolkovDmitri (big blind) folded on the River


PokerStars Hand #161026778086:  Hold'em Limit ($3/$6 USD) - 2016/11/07 0:05:45 ET
Table 'Brunonia' 6-max Seat #4 is the button
Seat 3: habari786 ($71.52 in chips)
Seat 4: VolkovDmitri ($120 in chips)
VolkovDmitri: posts small blind $1
habari786: posts big blind $3
*** HOLE CARDS ***
VolkovDmitri: raises $3 to $6
habari786: raises $3 to $9
VolkovDmitri: calls $3
*** FLOP *** [3c Qc 6d]
habari786: bets $3
VolkovDmitri: calls $3
*** TURN *** [3c Qc 6d] [Th]
habari786: checks
VolkovDmitri: checks
*** RIVER *** [3c Qc 6d Th] [4s]
habari786: bets $6
VolkovDmitri: folds
Uncalled bet ($6) returned to habari786
habari786 collected $23.52 from pot
habari786: doesn't show hand
*** SUMMARY ***
Total pot $24 | Rake $0.48
Board [3c Qc 6d Th 4s]
Seat 3: habari786 (big blind) collected ($23.52)
Seat 4: VolkovDmitri (button) (small blind) folded on the River


PokerStars Hand #161026785237:  Hold'em Limit ($3/$6 USD) - 2016/11/07 0:06:15 ET
Table 'Brunonia' 6-max Seat #3 is the button
Seat 3: habari786 ($83.04 in chips)
Seat 4: VolkovDmitri ($120 in chips)
habari786: posts small blind $1
VolkovDmitri: posts big blind $3
*** HOLE CARDS ***
habari786: folds
Uncalled bet ($2) returned to VolkovDmitri
VolkovDmitri collected $2 from pot
VolkovDmitri: doesn't show hand
*** SUMMARY ***
Total pot $2 | Rake $0
Seat 3: habari786 (button) (small blind) folded before Flop
Seat 4: VolkovDmitri (big blind) collected ($2)


PokerStars Hand #161026786604:  Hold'em Limit ($3/$6 USD) - 2016/11/07 0:06:22 ET
Table 'Brunonia' 6-max Seat #4 is the button
Seat 3: habari786 ($82.04 in chips)
Seat 4: VolkovDmitri ($121 in chips)
VolkovDmitri: posts small blind $1
habari786: posts big blind $3
*** HOLE CARDS ***
VolkovDmitri: raises $3 to $6
habari786: raises $3 to $9
VolkovDmitri: raises $3 to $12
Betting is capped
habari786: calls $3
*** FLOP *** [7d 9s 4s]
habari786: checks
VolkovDmitri: bets $3
habari786: raises $3 to $6
VolkovDmitri: calls $3
*** TURN *** [7d 9s 4s] [9c]
habari786: bets $6
VolkovDmitri: folds
Uncalled bet ($6) returned to habari786
habari786 collected $35.50 from pot
habari786: doesn't show hand
*** SUMMARY ***
Total pot $36 | Rake $0.50
Board [7d 9s 4s 9c]
Seat 3: habari786 (big blind) collected ($35.50)
Seat 4: VolkovDmitri (button) (small blind) folded on the Turn


PokerStars Hand #161026795169:  Hold'em Limit ($3/$6 USD) - 2016/11/07 0:06:58 ET
Table 'Brunonia' 6-max Seat #3 is the button
Seat 3: habari786 ($99.54 in chips)
Seat 4: VolkovDmitri ($120 in chips)
habari786: posts small blind $1
VolkovDmitri: posts big blind $3
*** HOLE CARDS ***
habari786: raises $3 to $6
VolkovDmitri: calls $3
*** FLOP *** [Td 4h Kd]
VolkovDmitri: checks
habari786: bets $3
VolkovDmitri: raises $3 to $6
habari786: folds
Uncalled bet ($3) returned to VolkovDmitri
VolkovDmitri collected $17.64 from pot
VolkovDmitri: doesn't show hand
*** SUMMARY ***
Total pot $18 | Rake $0.36
Board [Td 4h Kd]
Seat 3: habari786 (button) (small blind) folded on the Flop
Seat 4: VolkovDmitri (big blind) collected ($17.64)


PokerStars Hand #161026800964:  Hold'em Limit ($3/$6 USD) - 2016/11/07 0:07:22 ET
Table 'Brunonia' 6-max Seat #4 is the button
Seat 3: habari786 ($90.54 in chips)
Seat 4: VolkovDmitri ($128.64 in chips)
VolkovDmitri: posts small blind $1
habari786: posts big blind $3
*** HOLE CARDS ***
VolkovDmitri: raises $3 to $6
habari786: raises $3 to $9
VolkovDmitri: calls $3
*** FLOP *** [9s Qd Jd]
habari786: bets $3
VolkovDmitri: calls $3
*** TURN *** [9s Qd Jd] [8h]
habari786: checks
VolkovDmitri: checks
*** RIVER *** [9s Qd Jd 8h] [5h]
habari786: checks
VolkovDmitri: checks
*** SHOW DOWN ***
habari786: shows [Ac Jc] (a pair of Jacks)
VolkovDmitri: mucks hand
habari786 collected $23.52 from pot
*** SUMMARY ***
Total pot $24 | Rake $0.48
Board [9s Qd Jd 8h 5h]
Seat 3: habari786 (big blind) showed [Ac Jc] and won ($23.52) with a pair of Jacks
Seat 4: VolkovDmitri (button) (small blind) mucked


PokerStars Hand #161026811856:  Hold'em Limit ($3/$6 USD) - 2016/11/07 0:08:08 ET
Table 'Brunonia' 6-max Seat #3 is the button
Seat 3: habari786 ($102.06 in chips)
Seat 4: VolkovDmitri ($120 in chips)
habari786: posts small blind $1
VolkovDmitri: posts big blind $3
*** HOLE CARDS ***
habari786: raises $3 to $6
VolkovDmitri: calls $3
*** FLOP *** [4d 3d 6h]
VolkovDmitri: checks
habari786: checks
*** TURN *** [4d 3d 6h] [6c]
VolkovDmitri: checks
habari786: checks
*** RIVER *** [4d 3d 6h 6c] [Ks]
VolkovDmitri: checks
habari786: checks
*** SHOW DOWN ***
VolkovDmitri: shows [8h Qd] (a pair of Sixes)
habari786: shows [Qc Jh] (a pair of Sixes - King+Queen+Jack kicker)
habari786 collected $11.76 from pot
*** SUMMARY ***
Total pot $12 | Rake $0.24
Board [4d 3d 6h 6c Ks]
Seat 3: habari786 (button) (small blind) showed [Qc Jh] and won ($11.76) with a pair of Sixes
Seat 4: VolkovDmitri (big blind) showed [8h Qd] and lost with a pair of Sixes


PokerStars Hand #161026825998:  Hold'em Limit ($3/$6 USD) - 2016/11/07 0:09:06 ET
Table 'Brunonia' 6-max Seat #3 is the button
Seat 3: habari786 ($128.32 in chips)
Seat 4: VolkovDmitri ($120 in chips)
habari786: posts small blind $1
VolkovDmitri: posts big blind $3
*** HOLE CARDS ***
habari786: folds
Uncalled bet ($2) returned to VolkovDmitri
VolkovDmitri collected $2 from pot
VolkovDmitri: doesn't show hand
*** SUMMARY ***
Total pot $2 | Rake $0
Seat 3: habari786 (button) (small blind) folded before Flop
Seat 4: VolkovDmitri (big blind) collected ($2)


PokerStars Hand #161026818153:  Hold'em Limit ($3/$6 USD) - 2016/11/07 0:08:34 ET
Table 'Brunonia' 6-max Seat #4 is the button
Seat 3: habari786 ($107.82 in chips)
Seat 4: VolkovDmitri ($120 in chips)
VolkovDmitri: posts small blind $1
habari786: posts big blind $3
*** HOLE CARDS ***
VolkovDmitri: raises $3 to $6
habari786: calls $3
*** FLOP *** [As Ts 7s]
habari786: checks
VolkovDmitri: bets $3
habari786: calls $3
*** TURN *** [As Ts 7s] [3h]
habari786: checks
VolkovDmitri: bets $6
habari786: raises $6 to $12
VolkovDmitri: calls $6
*** RIVER *** [As Ts 7s 3h] [Tc]
habari786: checks
VolkovDmitri: checks
*** SHOW DOWN ***
habari786: shows [4s 3s] (a flush, Ace high)
VolkovDmitri: mucks hand
habari786 collected $41.50 from pot
*** SUMMARY ***
Total pot $42 | Rake $0.50
Board [As Ts 7s 3h Tc]
Seat 3: habari786 (big blind) showed [4s 3s] and won ($41.50) with a flush, Ace high
Seat 4: VolkovDmitri (button) (small blind) mucked


PokerStars Hand #161026828293:  Hold'em Limit ($3/$6 USD) - 2016/11/07 0:09:16 ET
Table 'Brunonia' 6-max Seat #4 is the button
Seat 3: habari786 ($127.32 in chips)
Seat 4: VolkovDmitri ($121 in chips)
VolkovDmitri: posts small blind $1
habari786: posts big blind $3
*** HOLE CARDS ***
VolkovDmitri: folds
Uncalled bet ($2) returned to habari786
habari786 collected $2 from pot
habari786: doesn't show hand
*** SUMMARY ***
Total pot $2 | Rake $0
Seat 3: habari786 (big blind) collected ($2)
Seat 4: VolkovDmitri (button) (small blind) folded before Flop


PokerStars Hand #161026830159:  Hold'em Limit ($3/$6 USD) - 2016/11/07 0:09:24 ET
Table 'Brunonia' 6-max Seat #3 is the button
Seat 3: habari786 ($128.32 in chips)
Seat 4: VolkovDmitri ($120 in chips)
habari786: posts small blind $1
VolkovDmitri: posts big blind $3
*** HOLE CARDS ***
Scheubi88 joins the table at seat #2
habari786: folds
Uncalled bet ($2) returned to VolkovDmitri
VolkovDmitri collected $2 from pot
VolkovDmitri: doesn't show hand
*** SUMMARY ***
Total pot $2 | Rake $0
Seat 3: habari786 (button) (small blind) folded before Flop
Seat 4: VolkovDmitri (big blind) collected ($2)


PokerStars Hand #161028348842:  Hold'em Limit ($3/$6 USD) - 2016/11/07 1:53:13 ET
Table 'Brunonia' 6-max Seat #4 is the button
Seat 1: SLK500 ($155.18 in chips)
Seat 4: VolkovDmitri ($458.45 in chips)
VolkovDmitri: posts small blind $1
beng_51: is sitting out
SLK500: posts big blind $3
*** HOLE CARDS ***
beng_51 leaves the table
VolkovDmitri: raises $3 to $6
SLK500: calls $3
*** FLOP *** [Th 4d Td]
SLK500: checks
VolkovDmitri: bets $3
SLK500: calls $3
*** TURN *** [Th 4d Td] [Jd]
SLK500: checks
VolkovDmitri: checks
*** RIVER *** [Th 4d Td Jd] [7s]
SLK500: bets $6
VolkovDmitri: folds
Uncalled bet ($6) returned to SLK500
SLK500 collected $17.64 from pot
SLK500: doesn't show hand
*** SUMMARY ***
Total pot $18 | Rake $0.36
Board [Th 4d Td Jd 7s]
Seat 1: SLK500 (big blind) collected ($17.64)
Seat 4: VolkovDmitri (button) (small blind) folded on the River


PokerStars Hand #161028367873:  Hold'em Limit ($3/$6 USD) - 2016/11/07 1:54:32 ET
Table 'Brunonia' 6-max Seat #1 is the button
Seat 1: SLK500 ($144.82 in chips)
Seat 4: VolkovDmitri ($467.95 in chips)
SLK500: posts small blind $1
VolkovDmitri: posts big blind $3
*** HOLE CARDS ***
SLK500: folds
Uncalled bet ($2) returned to VolkovDmitri
VolkovDmitri collected $2 from pot
VolkovDmitri: doesn't show hand
*** SUMMARY ***
Total pot $2 | Rake $0
Seat 1: SLK500 (button) (small blind) folded before Flop
Seat 4: VolkovDmitri (big blind) collected ($2)


PokerStars Hand #161028358626:  Hold'em Limit ($3/$6 USD) - 2016/11/07 1:53:53 ET
Table 'Brunonia' 6-max Seat #4 is the button
Seat 1: SLK500 ($162.82 in chips)
Seat 4: VolkovDmitri ($450.45 in chips)
VolkovDmitri: posts small blind $1
Kosova1968 was removed from the table for failing to post
SLK500: posts big blind $3
*** HOLE CARDS ***
VolkovDmitri: raises $3 to $6
SLK500: raises $3 to $9
VolkovDmitri: calls $3
*** FLOP *** [9c 4d 2s]
SLK500: bets $3
VolkovDmitri: calls $3
*** TURN *** [9c 4d 2s] [Jh]
SLK500: checks
VolkovDmitri: checks
*** RIVER *** [9c 4d 2s Jh] [Qc]
SLK500: checks
VolkovDmitri: bets $6
SLK500: calls $6
*** SHOW DOWN ***
VolkovDmitri: shows [Qs Kh] (a pair of Queens)
SLK500: mucks hand
VolkovDmitri collected $35.50 from pot
*** SUMMARY ***
Total pot $36 | Rake $0.50
Board [9c 4d 2s Jh Qc]
Seat 1: SLK500 (big blind) mucked
Seat 4: VolkovDmitri (button) (small blind) showed [Qs Kh] and won ($35.50) with a pair of Queens


PokerStars Hand #161028357258:  Hold'em Limit ($3/$6 USD) - 2016/11/07 1:53:47 ET
Table 'Brunonia' 6-max Seat #1 is the button
Seat 1: SLK500 ($163.82 in chips)
Seat 4: VolkovDmitri ($449.45 in chips)
SLK500: posts small blind $1
VolkovDmitri: posts big blind $3
*** HOLE CARDS ***
SLK500: folds
Uncalled bet ($2) returned to VolkovDmitri
VolkovDmitri collected $2 from pot
VolkovDmitri: doesn't show hand
*** SUMMARY ***
Total pot $2 | Rake $0
Seat 1: SLK500 (button) (small blind) folded before Flop
Seat 4: VolkovDmitri (big blind) collected ($2)


PokerStars Hand #161028376238:  Hold'em Limit ($3/$6 USD) - 2016/11/07 1:55:06 ET
Table 'Brunonia' 6-max Seat #1 is the button
Seat 1: SLK500 ($122.82 in chips)
Seat 4: VolkovDmitri ($489.45 in chips)
SLK500: posts small blind $1
VolkovDmitri: posts big blind $3
*** HOLE CARDS ***
SLK500: folds
Uncalled bet ($2) returned to VolkovDmitri
VolkovDmitri collected $2 from pot
VolkovDmitri: doesn't show hand
*** SUMMARY ***
Total pot $2 | Rake $0
Seat 1: SLK500 (button) (small blind) folded before Flop
Seat 4: VolkovDmitri (big blind) collected ($2)


PokerStars Hand #161028381650:  Hold'em Limit ($3/$6 USD) - 2016/11/07 1:55:31 ET
Table 'Brunonia' 6-max Seat #1 is the button
Seat 1: SLK500 ($127.58 in chips)
Seat 4: VolkovDmitri ($484.45 in chips)
SLK500: posts small blind $1
VolkovDmitri: posts big blind $3
*** HOLE CARDS ***
SLK500: folds
Uncalled bet ($2) returned to VolkovDmitri
VolkovDmitri collected $2 from pot
VolkovDmitri: doesn't show hand
*** SUMMARY ***
Total pot $2 | Rake $0
Seat 1: SLK500 (button) (small blind) folded before Flop
Seat 4: VolkovDmitri (big blind) collected ($2)


PokerStars Hand #161028377576:  Hold'em Limit ($3/$6 USD) - 2016/11/07 1:55:12 ET
Table 'Brunonia' 6-max Seat #4 is the button
Seat 1: SLK500 ($121.82 in chips)
Seat 4: VolkovDmitri ($490.45 in chips)
VolkovDmitri: posts small blind $1
SLK500: posts big blind $3
*** HOLE CARDS ***
VolkovDmitri: raises $3 to $6
SLK500: calls $3
*** FLOP *** [Jh Ac 8c]
SLK500: bets $3
VolkovDmitri: folds
Uncalled bet ($3) returned to SLK500
SLK500 collected $11.76 from pot
SLK500: doesn't show hand
*** SUMMARY ***
Total pot $12 | Rake $0.24
Board [Jh Ac 8c]
Seat 1: SLK500 (big blind) collected ($11.76)
Seat 4: VolkovDmitri (button) (small blind) folded on the Flop


PokerStars Hand #161028369570:  Hold'em Limit ($3/$6 USD) - 2016/11/07 1:54:39 ET
Table 'Brunonia' 6-max Seat #4 is the button
Seat 1: SLK500 ($143.82 in chips)
Seat 4: VolkovDmitri ($468.95 in chips)
VolkovDmitri: posts small blind $1
SLK500: posts big blind $3
*** HOLE CARDS ***
VolkovDmitri: raises $3 to $6
SLK500: raises $3 to $9
VolkovDmitri: raises $3 to $12
Betting is capped
SLK500: calls $3
*** FLOP *** [3c 7h Js]
SLK500: checks
VolkovDmitri: bets $3
SLK500: calls $3
*** TURN *** [3c 7h Js] [5d]
SLK500: checks
VolkovDmitri: bets $6
SLK500: calls $6
*** RIVER *** [3c 7h Js 5d] [8s]
SLK500: checks
VolkovDmitri: bets $6
SLK500: folds
Uncalled bet ($6) returned to VolkovDmitri
VolkovDmitri collected $41.50 from pot
VolkovDmitri: doesn't show hand
*** SUMMARY ***
Total pot $42 | Rake $0.50
Board [3c 7h Js 5d 8s]
Seat 1: SLK500 (big blind) folded on the River
Seat 4: VolkovDmitri (button) (small blind) collected ($41.50)


PokerStars Hand #161028394395:  Hold'em Limit ($3/$6 USD) - 2016/11/07 1:56:29 ET
Table 'Brunonia' 6-max Seat #1 is the button
Seat 1: SLK500 ($140.86 in chips)
Seat 4: VolkovDmitri ($470.45 in chips)
SLK500: posts small blind $1
VolkovDmitri: posts big blind $3
*** HOLE CARDS ***
SLK500: folds
Uncalled bet ($2) returned to VolkovDmitri
VolkovDmitri collected $2 from pot
VolkovDmitri: doesn't show hand
*** SUMMARY ***
Total pot $2 | Rake $0
Seat 1: SLK500 (button) (small blind) folded before Flop
Seat 4: VolkovDmitri (big blind) collected ($2)


PokerStars Hand #161028387484:  Hold'em Limit ($3/$6 USD) - 2016/11/07 1:55:57 ET
Table 'Brunonia' 6-max Seat #4 is the button
Seat 1: SLK500 ($129.34 in chips)
Seat 4: VolkovDmitri ($482.45 in chips)
VolkovDmitri: posts small blind $1
SLK500: posts big blind $3
*** HOLE CARDS ***
VolkovDmitri: raises $3 to $6
SLK500: calls $3
*** FLOP *** [Qc Ad 9s]
SLK500: checks
VolkovDmitri: checks
*** TURN *** [Qc Ad 9s] [Jc]
SLK500: checks
VolkovDmitri: checks
*** RIVER *** [Qc Ad 9s Jc] [Jd]
SLK500: bets $6
VolkovDmitri: calls $6
*** SHOW DOWN ***
SLK500: shows [2h Qs] (two pair, Queens and Jacks)
VolkovDmitri: mucks hand
SLK500 collected $23.52 from pot
*** SUMMARY ***
Total pot $24 | Rake $0.48
Board [Qc Ad 9s Jc Jd]
Seat 1: SLK500 (big blind) showed [2h Qs] and won ($23.52) with two pair, Queens and Jacks
Seat 4: VolkovDmitri (button) (small blind) mucked


PokerStars Hand #161028384347:  Hold'em Limit ($3/$6 USD) - 2016/11/07 1:55:43 ET
Table 'Brunonia' 6-max Seat #1 is the button
Seat 1: SLK500 ($123.58 in chips)
Seat 4: VolkovDmitri ($488.45 in chips)
SLK500: posts small blind $1
VolkovDmitri: posts big blind $3
*** HOLE CARDS ***
SLK500: raises $3 to $6
VolkovDmitri: calls $3
*** FLOP *** [3d 3s Kh]
VolkovDmitri: checks
SLK500: bets $3
VolkovDmitri: folds
Uncalled bet ($3) returned to SLK500
SLK500 collected $11.76 from pot
SLK500: doesn't show hand
*** SUMMARY ***
Total pot $12 | Rake $0.24
Board [3d 3s Kh]
Seat 1: SLK500 (button) (small blind) collected ($11.76)
Seat 4: VolkovDmitri (big blind) folded on the Flop


PokerStars Hand #161028403276:  Hold'em Limit ($3/$6 USD) - 2016/11/07 1:57:10 ET
Table 'Brunonia' 6-max Seat #1 is the button
Seat 1: SLK500 ($124.86 in chips)
Seat 4: VolkovDmitri ($485.95 in chips)
SLK500: posts small blind $1
VolkovDmitri: posts big blind $3
*** HOLE CARDS ***
SLK500: raises $3 to $6
VolkovDmitri: folds
Uncalled bet ($3) returned to SLK500
SLK500 collected $6 from pot
SLK500: doesn't show hand
*** SUMMARY ***
Total pot $6 | Rake $0
Seat 1: SLK500 (button) (small blind) collected ($6)
Seat 4: VolkovDmitri (big blind) folded before Flop


PokerStars Hand #161028395576:  Hold'em Limit ($3/$6 USD) - 2016/11/07 1:56:35 ET
Table 'Brunonia' 6-max Seat #4 is the button
Seat 1: SLK500 ($139.86 in chips)
Seat 4: VolkovDmitri ($471.45 in chips)
VolkovDmitri: posts small blind $1
SLK500: posts big blind $3
*** HOLE CARDS ***
VolkovDmitri: raises $3 to $6
SLK500: calls $3
*** FLOP *** [3s Ac 2s]
SLK500: checks
VolkovDmitri: bets $3
SLK500: calls $3
*** TURN *** [3s Ac 2s] [6d]
SLK500: checks
VolkovDmitri: checks
*** RIVER *** [3s Ac 2s 6d] [Td]
SLK500: bets $6
VolkovDmitri: raises $6 to $12
SLK500: folds
Uncalled bet ($6) returned to VolkovDmitri
VolkovDmitri collected $29.50 from pot
VolkovDmitri: doesn't show hand
*** SUMMARY ***
Total pot $30 | Rake $0.50
Board [3s Ac 2s 6d Td]
Seat 1: SLK500 (big blind) folded on the River
Seat 4: VolkovDmitri (button) (small blind) collected ($29.50)


PokerStars Hand #161028405685:  Hold'em Limit ($3/$6 USD) - 2016/11/07 1:57:21 ET
Table 'Brunonia' 6-max Seat #4 is the button
Seat 1: SLK500 ($127.86 in chips)
Seat 4: VolkovDmitri ($482.95 in chips)
VolkovDmitri: posts small blind $1
SLK500: posts big blind $3
*** HOLE CARDS ***
VolkovDmitri: raises $3 to $6
SLK500: raises $3 to $9
VolkovDmitri: calls $3
*** FLOP *** [3s 7c 3h]
SLK500: bets $3
VolkovDmitri: raises $3 to $6
SLK500: calls $3
*** TURN *** [3s 7c 3h] [As]
SLK500: bets $6
VolkovDmitri: calls $6
*** RIVER *** [3s 7c 3h As] [Qc]
SLK500: checks
VolkovDmitri: checks
*** SHOW DOWN ***
SLK500: shows [Js Ks] (a pair of Threes)
VolkovDmitri: shows [5c 7d] (two pair, Sevens and Threes)
VolkovDmitri collected $41.50 from pot
*** SUMMARY ***
Total pot $42 | Rake $0.50
Board [3s 7c 3h As Qc]
Seat 1: SLK500 (big blind) showed [Js Ks] and lost with a pair of Threes
Seat 4: VolkovDmitri (button) (small blind) showed [5c 7d] and won ($41.50) with two pair, Sevens and Threes


PokerStars Hand #161028413090:  Hold'em Limit ($3/$6 USD) - 2016/11/07 1:57:55 ET
Table 'Brunonia' 6-max Seat #1 is the button
Seat 1: SLK500 ($106.86 in chips)
Seat 4: VolkovDmitri ($503.45 in chips)
SLK500: posts small blind $1
VolkovDmitri: posts big blind $3
*** HOLE CARDS ***
SLK500: raises $3 to $6
VolkovDmitri: calls $3
*** FLOP *** [Kh 8h Qc]
VolkovDmitri: checks
SLK500: bets $3
VolkovDmitri: calls $3
*** TURN *** [Kh 8h Qc] [4h]
VolkovDmitri: checks
SLK500: checks
*** RIVER *** [Kh 8h Qc 4h] [5d]
VolkovDmitri: bets $6
SLK500: calls $6
*** SHOW DOWN ***
VolkovDmitri: shows [5h Qs] (two pair, Queens and Fives)
SLK500: mucks hand
VolkovDmitri collected $29.50 from pot
*** SUMMARY ***
Total pot $30 | Rake $0.50
Board [Kh 8h Qc 4h 5d]
Seat 1: SLK500 (button) (small blind) mucked
Seat 4: VolkovDmitri (big blind) showed [5h Qs] and won ($29.50) with two pair, Queens and Fives


PokerStars Hand #161028426412:  Hold'em Limit ($3/$6 USD) - 2016/11/07 1:58:55 ET
Table 'Brunonia' 6-max Seat #1 is the button
Seat 1: SLK500 ($100.50 in chips)
Seat 4: VolkovDmitri ($508.95 in chips)
SLK500: posts small blind $1
VolkovDmitri: posts big blind $3
*** HOLE CARDS ***
SLK500: raises $3 to $6
VolkovDmitri: calls $3
*** FLOP *** [6d As 8d]
VolkovDmitri: checks
SLK500: bets $3
VolkovDmitri: folds
Uncalled bet ($3) returned to SLK500
SLK500 collected $11.76 from pot
SLK500: doesn't show hand
*** SUMMARY ***
Total pot $12 | Rake $0.24
Board [6d As 8d]
Seat 1: SLK500 (button) (small blind) collected ($11.76)
Seat 4: VolkovDmitri (big blind) folded on the Flop


PokerStars Hand #161028418927:  Hold'em Limit ($3/$6 USD) - 2016/11/07 1:58:22 ET
Table 'Brunonia' 6-max Seat #4 is the button
Seat 1: SLK500 ($91.86 in chips)
Seat 4: VolkovDmitri ($517.95 in chips)
VolkovDmitri: posts small blind $1
SLK500: posts big blind $3
*** HOLE CARDS ***
VolkovDmitri: raises $3 to $6
SLK500: calls $3
*** FLOP *** [Ah Jd 5h]
SLK500: checks
VolkovDmitri: bets $3
SLK500: calls $3
*** TURN *** [Ah Jd 5h] [Qd]
SLK500: checks
VolkovDmitri: checks
*** RIVER *** [Ah Jd 5h Qd] [6c]
SLK500: bets $6
VolkovDmitri: folds
Uncalled bet ($6) returned to SLK500
SLK500 collected $17.64 from pot
SLK500: doesn't show hand
*** SUMMARY ***
Total pot $18 | Rake $0.36
Board [Ah Jd 5h Qd 6c]
Seat 1: SLK500 (big blind) collected ($17.64)
Seat 4: VolkovDmitri (button) (small blind) folded on the River


PokerStars Hand #161028445315:  Hold'em Limit ($3/$6 USD) - 2016/11/07 2:00:21 ET
Table 'Brunonia' 6-max Seat #4 is the button
Seat 1: SLK500 ($81.26 in chips)
Seat 4: VolkovDmitri ($527.45 in chips)
VolkovDmitri: posts small blind $1
SLK500: posts big blind $3
*** HOLE CARDS ***
VolkovDmitri: folds
Uncalled bet ($2) returned to SLK500
SLK500 collected $2 from pot
SLK500: doesn't show hand
*** SUMMARY ***
Total pot $2 | Rake $0
Seat 1: SLK500 (big blind) collected ($2)
Seat 4: VolkovDmitri (button) (small blind) folded before Flop


PokerStars Hand #161028444188:  Hold'em Limit ($3/$6 USD) - 2016/11/07 2:00:16 ET
Table 'Brunonia' 6-max Seat #1 is the button
Seat 1: SLK500 ($82.26 in chips)
Seat 4: VolkovDmitri ($526.45 in chips)
SLK500: posts small blind $1
VolkovDmitri: posts big blind $3
*** HOLE CARDS ***
SLK500: folds
Uncalled bet ($2) returned to VolkovDmitri
VolkovDmitri collected $2 from pot
VolkovDmitri: doesn't show hand
*** SUMMARY ***
Total pot $2 | Rake $0
Seat 1: SLK500 (button) (small blind) folded before Flop
Seat 4: VolkovDmitri (big blind) collected ($2)


PokerStars Hand #161028432920:  Hold'em Limit ($3/$6 USD) - 2016/11/07 1:59:25 ET
Table 'Brunonia' 6-max Seat #4 is the button
Seat 1: SLK500 ($106.26 in chips)
Seat 4: VolkovDmitri ($502.95 in chips)
VolkovDmitri: posts small blind $1
SLK500: posts big blind $3
*** HOLE CARDS ***
VolkovDmitri: raises $3 to $6
SLK500: raises $3 to $9
VolkovDmitri: calls $3
*** FLOP *** [Qc 6c 8c]
SLK500: bets $3
VolkovDmitri: calls $3
*** TURN *** [Qc 6c 8c] [9s]
SLK500: bets $6
VolkovDmitri: calls $6
*** RIVER *** [Qc 6c 8c 9s] [6h]
SLK500: bets $6
VolkovDmitri: raises $6 to $12
SLK500: folds
Uncalled bet ($6) returned to VolkovDmitri
VolkovDmitri collected $47.50 from pot
VolkovDmitri: doesn't show hand
*** SUMMARY ***
Total pot $48 | Rake $0.50
Board [Qc 6c 8c 9s 6h]
Seat 1: SLK500 (big blind) folded on the River
Seat 4: VolkovDmitri (button) (small blind) collected ($47.50)


PokerStars Hand #161028456190:  Hold'em Limit ($3/$6 USD) - 2016/11/07 2:01:07 ET
Table 'Brunonia' 6-max Seat #1 is the button
Seat 1: SLK500 ($102.76 in chips)
Seat 4: VolkovDmitri ($505.45 in chips)
SLK500: posts small blind $1
VolkovDmitri: posts big blind $3
*** HOLE CARDS ***
SLK500: raises $3 to $6
VolkovDmitri: raises $3 to $9
SLK500: calls $3
*** FLOP *** [Ad Jd Ks]
VolkovDmitri: bets $3
SLK500: calls $3
*** TURN *** [Ad Jd Ks] [3h]
VolkovDmitri: checks
SLK500: bets $6
VolkovDmitri: calls $6
*** RIVER *** [Ad Jd Ks 3h] [Qh]
VolkovDmitri: bets $6
SLK500: calls $6
*** SHOW DOWN ***
VolkovDmitri: shows [Js Tc] (a straight, Ten to Ace)
SLK500: mucks hand
VolkovDmitri collected $47.50 from pot
*** SUMMARY ***
Total pot $48 | Rake $0.50
Board [Ad Jd Ks 3h Qh]
Seat 1: SLK500 (button) (small blind) mucked
Seat 4: VolkovDmitri (big blind) showed [Js Tc] and won ($47.50) with a straight, Ten to Ace


PokerStars Hand #161028447443:  Hold'em Limit ($3/$6 USD) - 2016/11/07 2:00:30 ET
Table 'Brunonia' 6-max Seat #1 is the button
Seat 1: SLK500 ($82.26 in chips)
Seat 4: VolkovDmitri ($526.45 in chips)
SLK500: posts small blind $1
VolkovDmitri: posts big blind $3
*** HOLE CARDS ***
SLK500: raises $3 to $6
VolkovDmitri: raises $3 to $9
SLK500: calls $3
*** FLOP *** [4c Qc 7s]
VolkovDmitri: bets $3
SLK500: calls $3
*** TURN *** [4c Qc 7s] [Qd]
VolkovDmitri: bets $6
SLK500: calls $6
*** RIVER *** [4c Qc 7s Qd] [Jd]
VolkovDmitri: checks
SLK500: bets $6
VolkovDmitri: calls $6
*** SHOW DOWN ***
SLK500: shows [7c Kh] (two pair, Queens and Sevens)
VolkovDmitri: mucks hand
SLK500 collected $47.50 from pot
*** SUMMARY ***
Total pot $48 | Rake $0.50
Board [4c Qc 7s Qd Jd]
Seat 1: SLK500 (button) (small blind) showed [7c Kh] and won ($47.50) with two pair, Queens and Sevens
Seat 4: VolkovDmitri (big blind) mucked


PokerStars Hand #161028472592:  Hold'em Limit ($3/$6 USD) - 2016/11/07 2:02:14 ET
Table 'Brunonia' 6-max Seat #4 is the button
Seat 1: SLK500 ($86.40 in chips)
Seat 4: VolkovDmitri ($520.95 in chips)
VolkovDmitri: posts small blind $1
SLK500: posts big blind $3
*** HOLE CARDS ***
VolkovDmitri: raises $3 to $6
SLK500: folds
Uncalled bet ($3) returned to VolkovDmitri
VolkovDmitri collected $6 from pot
VolkovDmitri: doesn't show hand
*** SUMMARY ***
Total pot $6 | Rake $0
Seat 1: SLK500 (big blind) folded before Flop
Seat 4: VolkovDmitri (button) (small blind) collected ($6)


PokerStars Hand #161028471260:  Hold'em Limit ($3/$6 USD) - 2016/11/07 2:02:09 ET
Table 'Brunonia' 6-max Seat #1 is the button
Seat 1: SLK500 ($87.40 in chips)
Seat 4: VolkovDmitri ($519.95 in chips)
SLK500: posts small blind $1
VolkovDmitri: posts big blind $3
*** HOLE CARDS ***
SLK500: folds
Uncalled bet ($2) returned to VolkovDmitri
VolkovDmitri collected $2 from pot
VolkovDmitri: doesn't show hand
*** SUMMARY ***
Total pot $2 | Rake $0
Seat 1: SLK500 (button) (small blind) folded before Flop
Seat 4: VolkovDmitri (big blind) collected ($2)


PokerStars Hand #161028464757:  Hold'em Limit ($3/$6 USD) - 2016/11/07 2:01:43 ET
Table 'Brunonia' 6-max Seat #4 is the button
Seat 1: SLK500 ($78.76 in chips)
Seat 4: VolkovDmitri ($528.95 in chips)
VolkovDmitri: posts small blind $1
SLK500: posts big blind $3
*** HOLE CARDS ***
VolkovDmitri: raises $3 to $6
SLK500: raises $3 to $9
VolkovDmitri: calls $3
*** FLOP *** [As Qd 2d]
SLK500: bets $3
VolkovDmitri: folds
Uncalled bet ($3) returned to SLK500
SLK500 collected $17.64 from pot
SLK500: doesn't show hand
*** SUMMARY ***
Total pot $18 | Rake $0.36
Board [As Qd 2d]
Seat 1: SLK500 (big blind) collected ($17.64)
Seat 4: VolkovDmitri (button) (small blind) folded on the Flop


PokerStars Hand #161028489430:  Hold'em Limit ($3/$6 USD) - 2016/11/07 2:03:23 ET
Table 'Brunonia' 6-max Seat #1 is the button
Seat 1: SLK500 ($118.40 in chips)
Seat 4: VolkovDmitri ($487.95 in chips)
SLK500: posts small blind $1
VolkovDmitri: posts big blind $3
*** HOLE CARDS ***
SLK500: folds
Uncalled bet ($2) returned to VolkovDmitri
VolkovDmitri collected $2 from pot
VolkovDmitri: doesn't show hand
*** SUMMARY ***
Total pot $2 | Rake $0
Seat 1: SLK500 (button) (small blind) folded before Flop
Seat 4: VolkovDmitri (big blind) collected ($2)


PokerStars Hand #161028481899:  Hold'em Limit ($3/$6 USD) - 2016/11/07 2:02:53 ET
Table 'Brunonia' 6-max Seat #4 is the button
Seat 1: SLK500 ($97.90 in chips)
Seat 4: VolkovDmitri ($508.95 in chips)
VolkovDmitri: posts small blind $1
SLK500: posts big blind $3
*** HOLE CARDS ***
VolkovDmitri: raises $3 to $6
SLK500: calls $3
*** FLOP *** [6c 2h Tc]
SLK500: checks
VolkovDmitri: bets $3
SLK500: calls $3
*** TURN *** [6c 2h Tc] [4d]
SLK500: checks
VolkovDmitri: bets $6
SLK500: calls $6
*** RIVER *** [6c 2h Tc 4d] [As]
SLK500: checks
VolkovDmitri: bets $6
SLK500: calls $6
*** SHOW DOWN ***
VolkovDmitri: shows [8d 5d] (high card Ace)
SLK500: shows [Qs Kh] (high card Ace - King kicker)
SLK500 collected $41.50 from pot
*** SUMMARY ***
Total pot $42 | Rake $0.50
Board [6c 2h Tc 4d As]
Seat 1: SLK500 (big blind) showed [Qs Kh] and won ($41.50) with high card Ace
Seat 4: VolkovDmitri (button) (small blind) showed [8d 5d] and lost with high card Ace


PokerStars Hand #161028474174:  Hold'em Limit ($3/$6 USD) - 2016/11/07 2:02:20 ET
Table 'Brunonia' 6-max Seat #1 is the button
Seat 1: SLK500 ($83.40 in chips)
Seat 4: VolkovDmitri ($523.95 in chips)
SLK500: posts small blind $1
VolkovDmitri: posts big blind $3
*** HOLE CARDS ***
SLK500: raises $3 to $6
VolkovDmitri: calls $3
*** FLOP *** [9h 8s 7h]
VolkovDmitri: checks
SLK500: bets $3
VolkovDmitri: calls $3
*** TURN *** [9h 8s 7h] [8h]
VolkovDmitri: checks
SLK500: bets $6
VolkovDmitri: calls $6
*** RIVER *** [9h 8s 7h 8h] [Qs]
VolkovDmitri: checks
SLK500: bets $6
VolkovDmitri: folds
Uncalled bet ($6) returned to SLK500
SLK500 collected $29.50 from pot
SLK500: doesn't show hand
*** SUMMARY ***
Total pot $30 | Rake $0.50
Board [9h 8s 7h 8h Qs]
Seat 1: SLK500 (button) (small blind) collected ($29.50)
Seat 4: VolkovDmitri (big blind) folded on the River


PokerStars Hand #161028501710:  Hold'em Limit ($3/$6 USD) - 2016/11/07 2:04:12 ET
Table 'Brunonia' 6-max Seat #4 is the button
Seat 1: SLK500 ($87.40 in chips)
Seat 4: VolkovDmitri ($518.45 in chips)
VolkovDmitri: posts small blind $1
SLK500: posts big blind $3
*** HOLE CARDS ***
VolkovDmitri: raises $3 to $6
SLK500: raises $3 to $9
VolkovDmitri: raises $3 to $12
Betting is capped
SLK500: calls $3
*** FLOP *** [Qd Ah Jh]
SLK500: bets $3
VolkovDmitri: calls $3
*** TURN *** [Qd Ah Jh] [4d]
SLK500: bets $6
VolkovDmitri: calls $6
*** RIVER *** [Qd Ah Jh 4d] [As]
SLK500: checks
VolkovDmitri: checks
*** SHOW DOWN ***
SLK500: shows [Qh Jd] (two pair, Aces and Queens)
VolkovDmitri: mucks hand
SLK500 collected $41.50 from pot
*** SUMMARY ***
Total pot $42 | Rake $0.50
Board [Qd Ah Jh 4d As]
Seat 1: SLK500 (big blind) showed [Qh Jd] and won ($41.50) with two pair, Aces and Queens
Seat 4: VolkovDmitri (button) (small blind) mucked


PokerStars Hand #161028499668:  Hold'em Limit ($3/$6 USD) - 2016/11/07 2:04:04 ET
Table 'Brunonia' 6-max Seat #1 is the button
Seat 1: SLK500 ($84.40 in chips)
Seat 4: VolkovDmitri ($521.45 in chips)
SLK500: posts small blind $1
VolkovDmitri: posts big blind $3
*** HOLE CARDS ***
SLK500 said, "wtf"
SLK500: raises $3 to $6
VolkovDmitri: folds
Uncalled bet ($3) returned to SLK500
SLK500 collected $6 from pot
SLK500: doesn't show hand
*** SUMMARY ***
Total pot $6 | Rake $0
Seat 1: SLK500 (button) (small blind) collected ($6)
Seat 4: VolkovDmitri (big blind) folded before Flop


PokerStars Hand #161028491433:  Hold'em Limit ($3/$6 USD) - 2016/11/07 2:03:31 ET
Table 'Brunonia' 6-max Seat #4 is the button
Seat 1: SLK500 ($117.40 in chips)
Seat 4: VolkovDmitri ($488.95 in chips)
VolkovDmitri: posts small blind $1
SLK500: posts big blind $3
*** HOLE CARDS ***
VolkovDmitri: raises $3 to $6
SLK500: calls $3
*** FLOP *** [Js As Td]
SLK500: checks
VolkovDmitri: bets $3
SLK500: calls $3
*** TURN *** [Js As Td] [Ts]
SLK500: checks
VolkovDmitri: bets $6
SLK500: raises $6 to $12
VolkovDmitri: raises $6 to $18
SLK500: calls $6
*** RIVER *** [Js As Td Ts] [2s]
SLK500: checks
VolkovDmitri: bets $6
SLK500: calls $6
*** SHOW DOWN ***
VolkovDmitri: shows [4s 7s] (a flush, Ace high)
SLK500: mucks hand
VolkovDmitri collected $65.50 from pot
*** SUMMARY ***
Total pot $66 | Rake $0.50
Board [Js As Td Ts 2s]
Seat 1: SLK500 (big blind) mucked
Seat 4: VolkovDmitri (button) (small blind) showed [4s 7s] and won ($65.50) with a flush, Ace high


PokerStars Hand #161028523009:  Hold'em Limit ($3/$6 USD) - 2016/11/07 2:05:37 ET
Table 'Brunonia' 6-max Seat #1 is the button
Seat 1: SLK500 ($122.40 in chips)
Seat 4: VolkovDmitri ($482.21 in chips)
SLK500: posts small blind $1
VolkovDmitri: posts big blind $3
*** HOLE CARDS ***
SLK500: folds
Uncalled bet ($2) returned to VolkovDmitri
VolkovDmitri collected $2 from pot
VolkovDmitri: doesn't show hand
*** SUMMARY ***
Total pot $2 | Rake $0
Seat 1: SLK500 (button) (small blind) folded before Flop
Seat 4: VolkovDmitri (big blind) collected ($2)


PokerStars Hand #161028518168:  Hold'em Limit ($3/$6 USD) - 2016/11/07 2:05:18 ET
Table 'Brunonia' 6-max Seat #4 is the button
Seat 1: SLK500 ($128.40 in chips)
Seat 4: VolkovDmitri ($476.45 in chips)
VolkovDmitri: posts small blind $1
SLK500: posts big blind $3
*** HOLE CARDS ***
VolkovDmitri: raises $3 to $6
SLK500: calls $3
*** FLOP *** [Tc Kh 2c]
SLK500: checks
VolkovDmitri: bets $3
SLK500: folds
Uncalled bet ($3) returned to VolkovDmitri
VolkovDmitri collected $11.76 from pot
*** SUMMARY ***
Total pot $12 | Rake $0.24
Board [Tc Kh 2c]
Seat 1: SLK500 (big blind) folded on the Flop
Seat 4: VolkovDmitri (button) (small blind) collected ($11.76)


PokerStars Hand #161028507751:  Hold'em Limit ($3/$6 USD) - 2016/11/07 2:04:36 ET
Table 'Brunonia' 6-max Seat #1 is the button
Seat 1: SLK500 ($107.90 in chips)
Seat 4: VolkovDmitri ($497.45 in chips)
SLK500: posts small blind $1
VolkovDmitri: posts big blind $3
*** HOLE CARDS ***
SLK500: raises $3 to $6
VolkovDmitri: calls $3
*** FLOP *** [4h 6d 3d]
VolkovDmitri: checks
SLK500: bets $3
VolkovDmitri: calls $3
*** TURN *** [4h 6d 3d] [7h]
VolkovDmitri: checks
SLK500: bets $6
VolkovDmitri: calls $6
*** RIVER *** [4h 6d 3d 7h] [Kh]
VolkovDmitri: checks
SLK500: bets $6
VolkovDmitri: calls $6
*** SHOW DOWN ***
SLK500: shows [Ac 5d] (a straight, Three to Seven)
VolkovDmitri: mucks hand
SLK500 collected $41.50 from pot
*** SUMMARY ***
Total pot $42 | Rake $0.50
Board [4h 6d 3d 7h Kh]
Seat 1: SLK500 (button) (small blind) showed [Ac 5d] and won ($41.50) with a straight, Three to Seven
Seat 4: VolkovDmitri (big blind) mucked


PokerStars Hand #161028524286:  Hold'em Limit ($3/$6 USD) - 2016/11/07 2:05:42 ET
Table 'Brunonia' 6-max Seat #4 is the button
Seat 1: SLK500 ($121.40 in chips)
Seat 4: VolkovDmitri ($483.21 in chips)
VolkovDmitri: posts small blind $1
SLK500: posts big blind $3
*** HOLE CARDS ***
VolkovDmitri: raises $3 to $6
SLK500: folds
Uncalled bet ($3) returned to VolkovDmitri
VolkovDmitri collected $6 from pot
VolkovDmitri: doesn't show hand
*** SUMMARY ***
Total pot $6 | Rake $0
Seat 1: SLK500 (big blind) folded before Flop
Seat 4: VolkovDmitri (button) (small blind) collected ($6)


PokerStars Hand #161028525839:  Hold'em Limit ($3/$6 USD) - 2016/11/07 2:05:48 ET
Table 'Brunonia' 6-max Seat #1 is the button
Seat 1: SLK500 ($118.40 in chips)
Seat 4: VolkovDmitri ($486.21 in chips)
SLK500: posts small blind $1
VolkovDmitri: posts big blind $3
*** HOLE CARDS ***
SLK500: raises $3 to $6
VolkovDmitri: calls $3
*** FLOP *** [5h Jc Jh]
VolkovDmitri: checks
SLK500: bets $3
VolkovDmitri: raises $3 to $6
SLK500: calls $3
*** TURN *** [5h Jc Jh] [3d]
VolkovDmitri: bets $6
SLK500: raises $6 to $12
VolkovDmitri: raises $6 to $18
SLK500: calls $6
*** RIVER *** [5h Jc Jh 3d] [Td]
VolkovDmitri: bets $6
SLK500: calls $6
*** SHOW DOWN ***
VolkovDmitri: shows [3h Js] (a full house, Jacks full of Threes)
SLK500: mucks hand
VolkovDmitri collected $71.50 from pot
*** SUMMARY ***
Total pot $72 | Rake $0.50
Board [5h Jc Jh 3d Td]
Seat 1: SLK500 (button) (small blind) mucked
Seat 4: VolkovDmitri (big blind) showed [3h Js] and won ($71.50) with a full house, Jacks full of Threes


PokerStars Hand #161028533725:  Hold'em Limit ($3/$6 USD) - 2016/11/07 2:06:20 ET
Table 'Brunonia' 6-max Seat #4 is the button
Seat 1: SLK500 ($82.40 in chips)
Seat 4: VolkovDmitri ($521.71 in chips)
VolkovDmitri: posts small blind $1
SLK500: posts big blind $3
*** HOLE CARDS ***
VolkovDmitri: raises $3 to $6
SLK500: folds
Uncalled bet ($3) returned to VolkovDmitri
VolkovDmitri collected $6 from pot
VolkovDmitri: doesn't show hand
*** SUMMARY ***
Total pot $6 | Rake $0
Seat 1: SLK500 (big blind) folded before Flop
Seat 4: VolkovDmitri (button) (small blind) collected ($6)


PokerStars Hand #161028535578:  Hold'em Limit ($3/$6 USD) - 2016/11/07 2:06:27 ET
Table 'Brunonia' 6-max Seat #1 is the button
Seat 1: SLK500 ($79.40 in chips)
Seat 4: VolkovDmitri ($524.71 in chips)
SLK500: posts small blind $1
VolkovDmitri: posts big blind $3
*** HOLE CARDS ***
SLK500: raises $3 to $6
VolkovDmitri: calls $3
*** FLOP *** [9d 5h 3s]
VolkovDmitri: checks
SLK500: checks
*** TURN *** [9d 5h 3s] [Jd]
VolkovDmitri: checks
SLK500: bets $6
VolkovDmitri: folds
Uncalled bet ($6) returned to SLK500
SLK500 collected $11.76 from pot
SLK500: doesn't show hand
*** SUMMARY ***
Total pot $12 | Rake $0.24
Board [9d 5h 3s Jd]
Seat 1: SLK500 (button) (small blind) collected ($11.76)
Seat 4: VolkovDmitri (big blind) folded on the Turn


PokerStars Hand #161028550996:  Hold'em Limit ($3/$6 USD) - 2016/11/07 2:07:28 ET
Table 'Brunonia' 6-max Seat #4 is the button
Seat 1: SLK500 ($104.66 in chips)
Seat 4: VolkovDmitri ($498.71 in chips)
VolkovDmitri: posts small blind $1
SLK500: posts big blind $3
*** HOLE CARDS ***
VolkovDmitri: raises $3 to $6
SLK500: calls $3
*** FLOP *** [2c Td Kd]
SLK500: checks
VolkovDmitri: bets $3
SLK500: folds
Uncalled bet ($3) returned to VolkovDmitri
VolkovDmitri collected $11.76 from pot
VolkovDmitri: doesn't show hand
*** SUMMARY ***
Total pot $12 | Rake $0.24
Board [2c Td Kd]
Seat 1: SLK500 (big blind) folded on the Flop
Seat 4: VolkovDmitri (button) (small blind) collected ($11.76)


PokerStars Hand #161028549565:  Hold'em Limit ($3/$6 USD) - 2016/11/07 2:07:23 ET
Table 'Brunonia' 6-max Seat #1 is the button
Seat 1: SLK500 ($105.66 in chips)
Seat 4: VolkovDmitri ($497.71 in chips)
SLK500: posts small blind $1
VolkovDmitri: posts big blind $3
*** HOLE CARDS ***
SLK500: folds
Uncalled bet ($2) returned to VolkovDmitri
VolkovDmitri collected $2 from pot
VolkovDmitri: doesn't show hand
*** SUMMARY ***
Total pot $2 | Rake $0
Seat 1: SLK500 (button) (small blind) folded before Flop
Seat 4: VolkovDmitri (big blind) collected ($2)


PokerStars Hand #161028541936:  Hold'em Limit ($3/$6 USD) - 2016/11/07 2:06:53 ET
Table 'Brunonia' 6-max Seat #4 is the button
Seat 1: SLK500 ($85.16 in chips)
Seat 4: VolkovDmitri ($518.71 in chips)
VolkovDmitri: posts small blind $1
SLK500: posts big blind $3
*** HOLE CARDS ***
VolkovDmitri: raises $3 to $6
SLK500: calls $3
*** FLOP *** [5d 3c 9c]
SLK500: checks
VolkovDmitri: bets $3
SLK500: calls $3
*** TURN *** [5d 3c 9c] [7c]
SLK500: bets $6
VolkovDmitri: calls $6
*** RIVER *** [5d 3c 9c 7c] [9s]
SLK500: bets $6
VolkovDmitri: calls $6
*** SHOW DOWN ***
SLK500: shows [7d Tc] (two pair, Nines and Sevens)
VolkovDmitri: mucks hand
SLK500 collected $41.50 from pot
*** SUMMARY ***
Total pot $42 | Rake $0.50
Board [5d 3c 9c 7c 9s]
Seat 1: SLK500 (big blind) showed [7d Tc] and won ($41.50) with two pair, Nines and Sevens
Seat 4: VolkovDmitri (button) (small blind) mucked


PokerStars Hand #161028559285:  Hold'em Limit ($3/$6 USD) - 2016/11/07 2:08:01 ET
Table 'Brunonia' 6-max Seat #1 is the button
Seat 1: SLK500 ($98.66 in chips)
Seat 4: VolkovDmitri ($504.47 in chips)
SLK500: posts small blind $1
VolkovDmitri: posts big blind $3
*** HOLE CARDS ***
SLK500: raises $3 to $6
VolkovDmitri: calls $3
*** FLOP *** [Kd Ts 6s]
VolkovDmitri: checks
SLK500: bets $3
VolkovDmitri: folds
Uncalled bet ($3) returned to SLK500
SLK500 collected $11.76 from pot
SLK500: doesn't show hand
*** SUMMARY ***
Total pot $12 | Rake $0.24
Board [Kd Ts 6s]
Seat 1: SLK500 (button) (small blind) collected ($11.76)
Seat 4: VolkovDmitri (big blind) folded on the Flop


PokerStars Hand #161028557514:  Hold'em Limit ($3/$6 USD) - 2016/11/07 2:07:54 ET
Table 'Brunonia' 6-max Seat #4 is the button
Seat 1: SLK500 ($101.66 in chips)
Seat 4: VolkovDmitri ($501.47 in chips)
VolkovDmitri: posts small blind $1
SLK500: posts big blind $3
*** HOLE CARDS ***
VolkovDmitri: raises $3 to $6
SLK500: folds
Uncalled bet ($3) returned to VolkovDmitri
VolkovDmitri collected $6 from pot
VolkovDmitri: doesn't show hand
*** SUMMARY ***
Total pot $6 | Rake $0
Seat 1: SLK500 (big blind) folded before Flop
Seat 4: VolkovDmitri (button) (small blind) collected ($6)


PokerStars Hand #161028554890:  Hold'em Limit ($3/$6 USD) - 2016/11/07 2:07:44 ET
Table 'Brunonia' 6-max Seat #1 is the button
Seat 1: SLK500 ($98.66 in chips)
Seat 4: VolkovDmitri ($504.47 in chips)
SLK500: posts small blind $1
VolkovDmitri: posts big blind $3
*** HOLE CARDS ***
SLK500: raises $3 to $6
VolkovDmitri: folds
Uncalled bet ($3) returned to SLK500
SLK500 collected $6 from pot
SLK500: doesn't show hand
*** SUMMARY ***
Total pot $6 | Rake $0
Seat 1: SLK500 (button) (small blind) collected ($6)
Seat 4: VolkovDmitri (big blind) folded before Flop


PokerStars Hand #161028567431:  Hold'em Limit ($3/$6 USD) - 2016/11/07 2:08:34 ET
Table 'Brunonia' 6-max Seat #4 is the button
Seat 1: SLK500 ($104.42 in chips)
Seat 4: VolkovDmitri ($498.47 in chips)
VolkovDmitri: posts small blind $1
SLK500: posts big blind $3
*** HOLE CARDS ***
VolkovDmitri: raises $3 to $6
SLK500: raises $3 to $9
VolkovDmitri: calls $3
*** FLOP *** [Kd Jd Js]
SLK500: bets $3
VolkovDmitri: calls $3
*** TURN *** [Kd Jd Js] [2d]
SLK500: checks
VolkovDmitri: checks
*** RIVER *** [Kd Jd Js 2d] [2h]
SLK500: checks
VolkovDmitri: checks
*** SHOW DOWN ***
SLK500: shows [5h Ah] (two pair, Jacks and Deuces)
VolkovDmitri: mucks hand
SLK500 collected $23.52 from pot
*** SUMMARY ***
Total pot $24 | Rake $0.48
Board [Kd Jd Js 2d 2h]
Seat 1: SLK500 (big blind) showed [5h Ah] and won ($23.52) with two pair, Jacks and Deuces
Seat 4: VolkovDmitri (button) (small blind) mucked


PokerStars Hand #161028576612:  Hold'em Limit ($3/$6 USD) - 2016/11/07 2:09:11 ET
Table 'Brunonia' 6-max Seat #1 is the button
Seat 1: SLK500 ($115.94 in chips)
Seat 4: VolkovDmitri ($486.47 in chips)
SLK500: posts small blind $1
VolkovDmitri: posts big blind $3
*** HOLE CARDS ***
SLK500: folds
Uncalled bet ($2) returned to VolkovDmitri
VolkovDmitri collected $2 from pot
VolkovDmitri: doesn't show hand
*** SUMMARY ***
Total pot $2 | Rake $0
Seat 1: SLK500 (button) (small blind) folded before Flop
Seat 4: VolkovDmitri (big blind) collected ($2)


PokerStars Hand #161028578201:  Hold'em Limit ($3/$6 USD) - 2016/11/07 2:09:17 ET
Table 'Brunonia' 6-max Seat #4 is the button
Seat 1: SLK500 ($114.94 in chips)
Seat 4: VolkovDmitri ($487.47 in chips)
VolkovDmitri: posts small blind $1
SLK500: posts big blind $3
*** HOLE CARDS ***
VolkovDmitri: raises $3 to $6
SLK500: calls $3
*** FLOP *** [8c Ts 3c]
SLK500: checks
VolkovDmitri: bets $3
SLK500: calls $3
*** TURN *** [8c Ts 3c] [Qh]
SLK500: checks
VolkovDmitri: checks
*** RIVER *** [8c Ts 3c Qh] [5d]
SLK500: bets $6
VolkovDmitri: folds
Uncalled bet ($6) returned to SLK500
SLK500 collected $17.64 from pot
SLK500: doesn't show hand
*** SUMMARY ***
Total pot $18 | Rake $0.36
Board [8c Ts 3c Qh 5d]
Seat 1: SLK500 (big blind) collected ($17.64)
Seat 4: VolkovDmitri (button) (small blind) folded on the River


PokerStars Hand #161028584645:  Hold'em Limit ($3/$6 USD) - 2016/11/07 2:09:43 ET
Table 'Brunonia' 6-max Seat #1 is the button
Seat 1: SLK500 ($123.58 in chips)
Seat 4: VolkovDmitri ($478.47 in chips)
SLK500: posts small blind $1
VolkovDmitri: posts big blind $3
*** HOLE CARDS ***
SLK500: folds
Uncalled bet ($2) returned to VolkovDmitri
VolkovDmitri collected $2 from pot
VolkovDmitri: doesn't show hand
*** SUMMARY ***
Total pot $2 | Rake $0
Seat 1: SLK500 (button) (small blind) folded before Flop
Seat 4: VolkovDmitri (big blind) collected ($2)


PokerStars Hand #161028588405:  Hold'em Limit ($3/$6 USD) - 2016/11/07 2:09:58 ET
Table 'Brunonia' 6-max Seat #1 is the button
Seat 1: SLK500 ($123.58 in chips)
Seat 4: VolkovDmitri ($478.47 in chips)
SLK500: posts small blind $1
VolkovDmitri: posts big blind $3
*** HOLE CARDS ***
SLK500: raises $3 to $6
VolkovDmitri: raises $3 to $9
SLK500: calls $3
*** FLOP *** [Ah Ad Kh]
VolkovDmitri: bets $3
SLK500: calls $3
*** TURN *** [Ah Ad Kh] [7d]
VolkovDmitri: bets $6
SLK500: folds
Uncalled bet ($6) returned to VolkovDmitri
VolkovDmitri collected $23.52 from pot
VolkovDmitri: doesn't show hand
*** SUMMARY ***
Total pot $24 | Rake $0.48
Board [Ah Ad Kh 7d]
Seat 1: SLK500 (button) (small blind) folded on the Turn
Seat 4: VolkovDmitri (big blind) collected ($23.52)


PokerStars Hand #161028595020:  Hold'em Limit ($3/$6 USD) - 2016/11/07 2:10:24 ET
Table 'Brunonia' 6-max Seat #4 is the button
Seat 1: SLK500 ($111.58 in chips)
Seat 4: VolkovDmitri ($489.99 in chips)
VolkovDmitri: posts small blind $1
SLK500: posts big blind $3
*** HOLE CARDS ***
VolkovDmitri: raises $3 to $6
SLK500: calls $3
*** FLOP *** [Qh As 6s]
SLK500: checks
VolkovDmitri: bets $3
SLK500: folds
Uncalled bet ($3) returned to VolkovDmitri
VolkovDmitri collected $11.76 from pot
VolkovDmitri: doesn't show hand
*** SUMMARY ***
Total pot $12 | Rake $0.24
Board [Qh As 6s]
Seat 1: SLK500 (big blind) folded on the Flop
Seat 4: VolkovDmitri (button) (small blind) collected ($11.76)


PokerStars Hand #161028599037:  Hold'em Limit ($3/$6 USD) - 2016/11/07 2:10:40 ET
Table 'Brunonia' 6-max Seat #1 is the button
Seat 1: SLK500 ($105.58 in chips)
Seat 4: VolkovDmitri ($495.75 in chips)
SLK500: posts small blind $1
VolkovDmitri: posts big blind $3
*** HOLE CARDS ***
SLK500: folds
Uncalled bet ($2) returned to VolkovDmitri
VolkovDmitri collected $2 from pot
VolkovDmitri: doesn't show hand
*** SUMMARY ***
Total pot $2 | Rake $0
Seat 1: SLK500 (button) (small blind) folded before Flop
Seat 4: VolkovDmitri (big blind) collected ($2)


PokerStars Hand #161028586625:  Hold'em Limit ($3/$6 USD) - 2016/11/07 2:09:51 ET
Table 'Brunonia' 6-max Seat #4 is the button
Seat 1: SLK500 ($122.58 in chips)
Seat 4: VolkovDmitri ($479.47 in chips)
VolkovDmitri: posts small blind $1
SLK500: posts big blind $3
*** HOLE CARDS ***
VolkovDmitri: folds
Uncalled bet ($2) returned to SLK500
SLK500 collected $2 from pot
SLK500: doesn't show hand
*** SUMMARY ***
Total pot $2 | Rake $0
Seat 1: SLK500 (big blind) collected ($2)
Seat 4: VolkovDmitri (button) (small blind) folded before Flop


PokerStars Hand #161028600591:  Hold'em Limit ($3/$6 USD) - 2016/11/07 2:10:46 ET
Table 'Brunonia' 6-max Seat #4 is the button
Seat 1: SLK500 ($104.58 in chips)
Seat 4: VolkovDmitri ($496.75 in chips)
VolkovDmitri: posts small blind $1
SLK500: posts big blind $3
*** HOLE CARDS ***
VolkovDmitri: raises $3 to $6
SLK500: raises $3 to $9
VolkovDmitri: calls $3
*** FLOP *** [Ks Ts 8h]
SLK500: checks
VolkovDmitri: bets $3
SLK500: folds
Uncalled bet ($3) returned to VolkovDmitri
VolkovDmitri collected $17.64 from pot
VolkovDmitri: doesn't show hand
*** SUMMARY ***
Total pot $18 | Rake $0.36
Board [Ks Ts 8h]
Seat 1: SLK500 (big blind) folded on the Flop
Seat 4: VolkovDmitri (button) (small blind) collected ($17.64)


PokerStars Hand #161028605850:  Hold'em Limit ($3/$6 USD) - 2016/11/07 2:11:06 ET
Table 'Brunonia' 6-max Seat #1 is the button
Seat 1: SLK500 ($95.58 in chips)
Seat 4: VolkovDmitri ($505.39 in chips)
SLK500: posts small blind $1
VolkovDmitri: posts big blind $3
*** HOLE CARDS ***
SLK500: raises $3 to $6
VolkovDmitri: calls $3
*** FLOP *** [8s 5s 4s]
VolkovDmitri: checks
SLK500: bets $3
VolkovDmitri: calls $3
*** TURN *** [8s 5s 4s] [4c]
VolkovDmitri: checks
SLK500: bets $6
VolkovDmitri: calls $6
*** RIVER *** [8s 5s 4s 4c] [Jh]
VolkovDmitri: checks
SLK500: bets $6
VolkovDmitri: calls $6
*** SHOW DOWN ***
SLK500: shows [Ks Kc] (two pair, Kings and Fours)
VolkovDmitri: mucks hand
SLK500 collected $41.50 from pot
*** SUMMARY ***
Total pot $42 | Rake $0.50
Board [8s 5s 4s 4c Jh]
Seat 1: SLK500 (button) (small blind) showed [Ks Kc] and won ($41.50) with two pair, Kings and Fours
Seat 4: VolkovDmitri (big blind) mucked


PokerStars Hand #161028617290:  Hold'em Limit ($3/$6 USD) - 2016/11/07 2:11:52 ET
Table 'Brunonia' 6-max Seat #4 is the button
Seat 1: SLK500 ($116.08 in chips)
Seat 4: VolkovDmitri ($484.39 in chips)
VolkovDmitri: posts small blind $1
SLK500: posts big blind $3
*** HOLE CARDS ***
VolkovDmitri: raises $3 to $6
SLK500: raises $3 to $9
VolkovDmitri: calls $3
*** FLOP *** [Qc 2h Td]
SLK500: bets $3
VolkovDmitri: calls $3
*** TURN *** [Qc 2h Td] [9c]
SLK500: bets $6
VolkovDmitri: raises $6 to $12
SLK500: calls $6
*** RIVER *** [Qc 2h Td 9c] [Jh]
SLK500: bets $6
VolkovDmitri: raises $6 to $12
SLK500: calls $6
*** SHOW DOWN ***
VolkovDmitri: shows [Kd Js] (a straight, Nine to King)
SLK500: shows [Ks Ts] (a straight, Nine to King)
SLK500 collected $35.75 from pot
VolkovDmitri collected $35.75 from pot
Bassie830 joins the table at seat #3
*** SUMMARY ***
Total pot $72 | Rake $0.50
Board [Qc 2h Td 9c Jh]
Seat 1: SLK500 (big blind) showed [Ks Ts] and won ($35.75) with a straight, Nine to King
Seat 4: VolkovDmitri (button) (small blind) showed [Kd Js] and won ($35.75) with a straight, Nine to King


