PokerStars Hand #152233366728:  Hold'em Limit ($3/$6 USD) - 2016/04/21 10:07:27 ET
Table 'Brunsia III' 6-max Seat #4 is the button
Seat 4: 19woody58 ($60.57 in chips)
Seat 5: assitoni ($116 in chips)
19woody58: posts small blind $1
assitoni: posts big blind $3
*** HOLE CARDS ***
19woody58: folds
Uncalled bet ($2) returned to assitoni
assitoni collected $2 from pot
assitoni: doesn't show hand
*** SUMMARY ***
Total pot $2 | Rake $0
Seat 4: 19woody58 (button) (small blind) folded before Flop
Seat 5: assitoni (big blind) collected ($2)


PokerStars Hand #152233362762:  Hold'em Limit ($3/$6 USD) - 2016/04/21 10:07:21 ET
Table 'Brunsia III' 6-max Seat #5 is the button
Seat 4: 19woody58 ($59.57 in chips)
Seat 5: assitoni ($117 in chips)
assitoni: posts small blind $1
19woody58: posts big blind $3
*** HOLE CARDS ***
assitoni: folds
Uncalled bet ($2) returned to 19woody58
19woody58 collected $2 from pot
*** SUMMARY ***
Total pot $2 | Rake $0
Seat 4: 19woody58 (big blind) collected ($2)
Seat 5: assitoni (button) (small blind) folded before Flop


PokerStars Hand #152233346723:  Hold'em Limit ($3/$6 USD) - 2016/04/21 10:06:54 ET
Table 'Brunsia III' 6-max Seat #4 is the button
Seat 4: 19woody58 ($56.69 in chips)
Seat 5: assitoni ($120 in chips)
19woody58: posts small blind $1
assitoni: posts big blind $3
*** HOLE CARDS ***
19woody58: calls $2
assitoni: checks
*** FLOP *** [Qs Kc 6h]
assitoni: checks
19woody58: bets $3
assitoni: folds
Uncalled bet ($3) returned to 19woody58
19woody58 collected $5.88 from pot
*** SUMMARY ***
Total pot $6 | Rake $0.12
Board [Qs Kc 6h]
Seat 4: 19woody58 (button) (small blind) collected ($5.88)
Seat 5: assitoni (big blind) folded on the Flop


PokerStars Hand #152233392190:  Hold'em Limit ($3/$6 USD) - 2016/04/21 10:08:09 ET
Table 'Brunsia III' 6-max Seat #5 is the button
Seat 4: 19woody58 ($67.21 in chips)
Seat 5: assitoni ($109 in chips)
assitoni: posts small blind $1
19woody58: posts big blind $3
*** HOLE CARDS ***
assitoni: raises $3 to $6
19woody58: folds
Uncalled bet ($3) returned to assitoni
assitoni collected $6 from pot
assitoni: doesn't show hand
*** SUMMARY ***
Total pot $6 | Rake $0
Seat 4: 19woody58 (big blind) folded before Flop
Seat 5: assitoni (button) (small blind) collected ($6)


PokerStars Hand #152233388373:  Hold'em Limit ($3/$6 USD) - 2016/04/21 10:08:03 ET
Table 'Brunsia III' 6-max Seat #4 is the button
Seat 4: 19woody58 ($68.21 in chips)
Seat 5: assitoni ($108 in chips)
19woody58: posts small blind $1
assitoni: posts big blind $3
*** HOLE CARDS ***
19woody58: folds
Uncalled bet ($2) returned to assitoni
assitoni collected $2 from pot
assitoni: doesn't show hand
*** SUMMARY ***
Total pot $2 | Rake $0
Seat 4: 19woody58 (button) (small blind) folded before Flop
Seat 5: assitoni (big blind) collected ($2)


PokerStars Hand #152233370357:  Hold'em Limit ($3/$6 USD) - 2016/04/21 10:07:33 ET
Table 'Brunsia III' 6-max Seat #5 is the button
Seat 4: 19woody58 ($59.57 in chips)
Seat 5: assitoni ($117 in chips)
assitoni: posts small blind $1
19woody58: posts big blind $3
*** HOLE CARDS ***
assitoni: raises $3 to $6
19woody58: calls $3
*** FLOP *** [Ks 8h As]
19woody58: checks
assitoni: bets $3
19woody58: calls $3
*** TURN *** [Ks 8h As] [9c]
19woody58: checks
assitoni: checks
*** RIVER *** [Ks 8h As 9c] [Kc]
19woody58: bets $6
assitoni: folds
Uncalled bet ($6) returned to 19woody58
19woody58 collected $17.64 from pot
*** SUMMARY ***
Total pot $18 | Rake $0.36
Board [Ks 8h As 9c Kc]
Seat 4: 19woody58 (big blind) collected ($17.64)
Seat 5: assitoni (button) (small blind) folded on the River


PokerStars Hand #152233414320:  Hold'em Limit ($3/$6 USD) - 2016/04/21 10:08:46 ET
Table 'Brunsia III' 6-max Seat #4 is the button
Seat 4: 19woody58 ($66.97 in chips)
Seat 5: assitoni ($109 in chips)
19woody58: posts small blind $1
assitoni: posts big blind $3
*** HOLE CARDS ***
19woody58: calls $2
assitoni: checks
*** FLOP *** [5s 4h 5c]
assitoni: bets $3
19woody58: calls $3
*** TURN *** [5s 4h 5c] [Kh]
assitoni: bets $6
19woody58: calls $6
*** RIVER *** [5s 4h 5c Kh] [9s]
assitoni: bets $6
Airbag999 joins the table at seat #6
19woody58: folds
Uncalled bet ($6) returned to assitoni
assitoni collected $23.52 from pot
assitoni: doesn't show hand
*** SUMMARY ***
Total pot $24 | Rake $0.48
Board [5s 4h 5c Kh 9s]
Seat 4: 19woody58 (button) (small blind) folded on the River
Seat 5: assitoni (big blind) collected ($23.52)


PokerStars Hand #152233408863:  Hold'em Limit ($3/$6 USD) - 2016/04/21 10:08:37 ET
Table 'Brunsia III' 6-max Seat #5 is the button
Seat 4: 19woody58 ($69.97 in chips)
Seat 5: assitoni ($106 in chips)
assitoni: posts small blind $1
19woody58: posts big blind $3
*** HOLE CARDS ***
assitoni: raises $3 to $6
19woody58: folds
Uncalled bet ($3) returned to assitoni
assitoni collected $6 from pot
assitoni: doesn't show hand
*** SUMMARY ***
Total pot $6 | Rake $0
Seat 4: 19woody58 (big blind) folded before Flop
Seat 5: assitoni (button) (small blind) collected ($6)


PokerStars Hand #152233397755:  Hold'em Limit ($3/$6 USD) - 2016/04/21 10:08:18 ET
Table 'Brunsia III' 6-max Seat #4 is the button
Seat 4: 19woody58 ($64.21 in chips)
Seat 5: assitoni ($112 in chips)
19woody58: posts small blind $1
assitoni: posts big blind $3
*** HOLE CARDS ***
19woody58: raises $3 to $6
assitoni: calls $3
*** FLOP *** [5h Ts 7c]
assitoni: checks
19woody58: bets $3
assitoni: folds
Uncalled bet ($3) returned to 19woody58
19woody58 collected $11.76 from pot
*** SUMMARY ***
Total pot $12 | Rake $0.24
Board [5h Ts 7c]
Seat 4: 19woody58 (button) (small blind) collected ($11.76)
Seat 5: assitoni (big blind) folded on the Flop


PokerStars Hand #152234314377:  Hold'em Limit ($3/$6 USD) - 2016/04/21 10:33:12 ET
Table 'Brunsia III' 6-max Seat #2 is the button
Seat 1: piperpaper ($142.04 in chips)
Seat 2: aloven ($190.61 in chips)
aloven: posts small blind $1
Chessnok: is sitting out
Airbag999: is sitting out
piperpaper: posts big blind $3
*** HOLE CARDS ***
aloven: folds
Uncalled bet ($2) returned to piperpaper
piperpaper collected $2 from pot
piperpaper: doesn't show hand
*** SUMMARY ***
Total pot $2 | Rake $0
Seat 1: piperpaper (big blind) collected ($2)
Seat 2: aloven (button) (small blind) folded before Flop


PokerStars Hand #152234318109:  Hold'em Limit ($3/$6 USD) - 2016/04/21 10:33:18 ET
Table 'Brunsia III' 6-max Seat #1 is the button
Seat 1: piperpaper ($143.04 in chips)
Seat 2: aloven ($189.61 in chips)
piperpaper: posts small blind $1
Airbag999 leaves the table
aloven: posts big blind $3
*** HOLE CARDS ***
piperpaper: raises $3 to $6
aloven: calls $3
*** FLOP *** [2s 2c Jd]
aloven: checks
piperpaper: bets $3
aloven: calls $3
*** TURN *** [2s 2c Jd] [Th]
aloven: checks
piperpaper: checks
*** RIVER *** [2s 2c Jd Th] [4s]
aloven: checks
piperpaper: bets $6
Chessnok leaves the table
aloven: folds
Uncalled bet ($6) returned to piperpaper
piperpaper collected $17.64 from pot
piperpaper: doesn't show hand
*** SUMMARY ***
Total pot $18 | Rake $0.36
Board [2s 2c Jd Th 4s]
Seat 1: piperpaper (button) (small blind) collected ($17.64)
Seat 2: aloven (big blind) folded on the River


