PokerStars Hand #170271178850:  Hold'em Limit ($3/$6 USD) - 2017/05/11 12:39:36 ET
Table 'Brunk' 10-max Seat #1 is the button
Seat 1: PycV ($143.17 in chips)
Seat 4: Bedard ($32.30 in chips)
PycV: posts small blind $1
Bedard: posts big blind $3
*** HOLE CARDS ***
PycV: raises $3 to $6
Bedard: calls $3
*** FLOP *** [3h 2s Qs]
Bedard: checks
PycV: bets $3
Bedard: raises $3 to $6
pdsnr leaves the table
PycV: calls $3
*** TURN *** [3h 2s Qs] [2d]
Bedard: bets $6
OlegKharkov leaves the table
B_loJkl leaves the table
PycV: folds
Uncalled bet ($6) returned to Bedard
Bedard collected $23.52 from pot
Bedard: doesn't show hand
*** SUMMARY ***
Total pot $24 | Rake $0.48
Board [3h 2s Qs 2d]
Seat 1: PycV (button) (small blind) folded on the Turn
Seat 4: Bedard (big blind) collected ($23.52)


PokerStars Hand #170271175333:  Hold'em Limit ($3/$6 USD) - 2017/05/11 12:39:31 ET
Table 'Brunk' 10-max Seat #4 is the button
Seat 1: PycV ($142.17 in chips)
Seat 4: Bedard ($33.30 in chips)
Bedard: posts small blind $1
PycV: posts big blind $3
*** HOLE CARDS ***
Bedard: folds
Uncalled bet ($2) returned to PycV
PycV collected $2 from pot
PycV: doesn't show hand
*** SUMMARY ***
Total pot $2 | Rake $0
Seat 1: PycV (big blind) collected ($2)
Seat 4: Bedard (button) (small blind) folded before Flop


PokerStars Hand #170271171688:  Hold'em Limit ($3/$6 USD) - 2017/05/11 12:39:26 ET
Table 'Brunk' 10-max Seat #1 is the button
Seat 1: PycV ($143.17 in chips)
Seat 4: Bedard ($32.30 in chips)
PycV: posts small blind $1
B_loJkl: is sitting out
Bedard: posts big blind $3
*** HOLE CARDS ***
PycV: folds
Uncalled bet ($2) returned to Bedard
Bedard collected $2 from pot
Bedard: doesn't show hand
*** SUMMARY ***
Total pot $2 | Rake $0
Seat 1: PycV (button) (small blind) folded before Flop
Seat 4: Bedard (big blind) collected ($2)


PokerStars Hand #170271233388:  Hold'em Limit ($3/$6 USD) - 2017/05/11 12:40:50 ET
Table 'Brunk' 10-max Seat #1 is the button
Seat 1: PycV ($121.81 in chips)
Seat 4: Bedard ($52.10 in chips)
PycV: posts small blind $1
Bedard: posts big blind $3
*** HOLE CARDS ***
PycV: raises $3 to $6
Bedard: calls $3
*** FLOP *** [Qc Ad 5s]
Bedard: checks
PycV: bets $3
Bedard: folds
Uncalled bet ($3) returned to PycV
PycV collected $11.76 from pot
PycV: doesn't show hand
*** SUMMARY ***
Total pot $12 | Rake $0.24
Board [Qc Ad 5s]
Seat 1: PycV (button) (small blind) collected ($11.76)
Seat 4: Bedard (big blind) folded on the Flop


PokerStars Hand #170271228244:  Hold'em Limit ($3/$6 USD) - 2017/05/11 12:40:43 ET
Table 'Brunk' 10-max Seat #4 is the button
Seat 1: PycV ($124.81 in chips)
Seat 4: Bedard ($49.10 in chips)
Bedard: posts small blind $1
PycV: posts big blind $3
*** HOLE CARDS ***
Fantomet is disconnected
Bedard: raises $3 to $6
PycV: folds
Uncalled bet ($3) returned to Bedard
Bedard collected $6 from pot
Bedard: doesn't show hand
*** SUMMARY ***
Total pot $6 | Rake $0
Seat 1: PycV (big blind) folded before Flop
Seat 4: Bedard (button) (small blind) collected ($6)


PokerStars Hand #170271224473:  Hold'em Limit ($3/$6 USD) - 2017/05/11 12:40:38 ET
Table 'Brunk' 10-max Seat #1 is the button
Seat 1: PycV ($121.81 in chips)
Seat 4: Bedard ($52.10 in chips)
PycV: posts small blind $1
Bedard: posts big blind $3
*** HOLE CARDS ***
PycV: raises $3 to $6
Bedard: folds
Uncalled bet ($3) returned to PycV
PycV collected $6 from pot
PycV: doesn't show hand
*** SUMMARY ***
Total pot $6 | Rake $0
Seat 1: PycV (button) (small blind) collected ($6)
Seat 4: Bedard (big blind) folded before Flop


PokerStars Hand #170271216064:  Hold'em Limit ($3/$6 USD) - 2017/05/11 12:40:26 ET
Table 'Brunk' 10-max Seat #4 is the button
Seat 1: PycV ($113.17 in chips)
Seat 4: Bedard ($61.10 in chips)
Bedard: posts small blind $1
PycV: posts big blind $3
*** HOLE CARDS ***
Bedard: raises $3 to $6
PycV: calls $3
*** FLOP *** [Ad Kh Ac]
PycV: checks
Bedard: bets $3
PycV: raises $3 to $6
Bedard: folds
Uncalled bet ($3) returned to PycV
PycV collected $17.64 from pot
PycV: doesn't show hand
*** SUMMARY ***
Total pot $18 | Rake $0.36
Board [Ad Kh Ac]
Seat 1: PycV (big blind) collected ($17.64)
Seat 4: Bedard (button) (small blind) folded on the Flop


PokerStars Hand #170271200836:  Hold'em Limit ($3/$6 USD) - 2017/05/11 12:40:06 ET
Table 'Brunk' 10-max Seat #1 is the button
Seat 1: PycV ($125.17 in chips)
Seat 4: Bedard ($49.58 in chips)
PycV: posts small blind $1
Bedard: posts big blind $3
*** HOLE CARDS ***
PycV: raises $3 to $6
Bedard: raises $3 to $9
PycV: calls $3
*** FLOP *** [Qc Js 6h]
Bedard: bets $3
PycV: calls $3
*** TURN *** [Qc Js 6h] [4h]
Bedard: checks
PycV: checks
*** RIVER *** [Qc Js 6h 4h] [7h]
Bedard: checks
PycV: checks
*** SHOW DOWN ***
Bedard: shows [5d Kc] (high card King)
PycV: mucks hand
Bedard collected $23.52 from pot
*** SUMMARY ***
Total pot $24 | Rake $0.48
Board [Qc Js 6h 4h 7h]
Seat 1: PycV (button) (small blind) mucked
Seat 4: Bedard (big blind) showed [5d Kc] and won ($23.52) with high card King


PokerStars Hand #170271192312:  Hold'em Limit ($3/$6 USD) - 2017/05/11 12:39:54 ET
Table 'Brunk' 10-max Seat #4 is the button
Seat 1: PycV ($131.17 in chips)
Seat 4: Bedard ($43.82 in chips)
Bedard: posts small blind $1
PycV: posts big blind $3
*** HOLE CARDS ***
Bedard: raises $3 to $6
PycV: calls $3
*** FLOP *** [8s 9c 2h]
PycV: checks
Bedard: bets $3
PycV: folds
Uncalled bet ($3) returned to Bedard
Bedard collected $11.76 from pot
Bedard: doesn't show hand
*** SUMMARY ***
Total pot $12 | Rake $0.24
Board [8s 9c 2h]
Seat 1: PycV (big blind) folded on the Flop
Seat 4: Bedard (button) (small blind) collected ($11.76)


PokerStars Hand #170271241319:  Hold'em Limit ($3/$6 USD) - 2017/05/11 12:41:00 ET
Table 'Brunk' 10-max Seat #4 is the button
Seat 1: PycV ($127.57 in chips)
Seat 4: Bedard ($46.10 in chips)
Bedard: posts small blind $1
PycV: posts big blind $3
*** HOLE CARDS ***
Bedard: raises $3 to $6
PycV: calls $3
*** FLOP *** [Ac Qh Jd]
PycV: bets $3
Bedard: calls $3
*** TURN *** [Ac Qh Jd] [6h]
PycV: bets $6
Bedard: calls $6
*** RIVER *** [Ac Qh Jd 6h] [2s]
PycV: bets $6
Bedard: calls $6
*** SHOW DOWN ***
PycV: shows [Qd 6c] (two pair, Queens and Sixes)
Bedard: mucks hand
PycV collected $41.50 from pot
*** SUMMARY ***
Total pot $42 | Rake $0.50
Board [Ac Qh Jd 6h 2s]
Seat 1: PycV (big blind) showed [Qd 6c] and won ($41.50) with two pair, Queens and Sixes
Seat 4: Bedard (button) (small blind) mucked


