PokerStars Hand #164280574186:  Hold'em Limit ($3/$6 USD) - 2017/01/09 0:43:31 ET
Table 'Brunsia' 6-max Seat #2 is the button
Seat 2: Speed2008 ($96.31 in chips)
Seat 5: Brama Br ($456.61 in chips)
Speed2008: posts small blind $1
Brama Br: posts big blind $3
*** HOLE CARDS ***
Speed2008: raises $3 to $6
Brama Br: calls $3
*** FLOP *** [6h 5d Ad]
Brama Br: checks
Speed2008: bets $3
Brama Br: calls $3
*** TURN *** [6h 5d Ad] [6c]
Brama Br: checks
Speed2008: bets $6
Brama Br: raises $6 to $12
Speed2008: calls $6
*** RIVER *** [6h 5d Ad 6c] [Tc]
Brama Br: bets $6
Speed2008: calls $6
*** SHOW DOWN ***
Brama Br: shows [Qd 7s] (a pair of Sixes)
Speed2008: shows [Ah 4d] (two pair, Aces and Sixes)
Speed2008 collected $53.50 from pot
*** SUMMARY ***
Total pot $54 | Rake $0.50
Board [6h 5d Ad 6c Tc]
Seat 2: Speed2008 (button) (small blind) showed [Ah 4d] and won ($53.50) with two pair, Aces and Sixes
Seat 5: Brama Br (big blind) showed [Qd 7s] and lost with a pair of Sixes


PokerStars Hand #164280586858:  Hold'em Limit ($3/$6 USD) - 2017/01/09 0:44:22 ET
Table 'Brunsia' 6-max Seat #2 is the button
Seat 2: Speed2008 ($131.45 in chips)
Seat 5: Brama Br ($420.61 in chips)
Speed2008: posts small blind $1
Brama Br: posts big blind $3
*** HOLE CARDS ***
Speed2008: raises $3 to $6
Brama Br: raises $3 to $9
Speed2008: calls $3
*** FLOP *** [7s 3s Js]
yayaya joins the table at seat #4
Brama Br: bets $3
Speed2008: raises $3 to $6
Brama Br: raises $3 to $9
Speed2008: folds
Uncalled bet ($3) returned to Brama Br
Brama Br collected $29.50 from pot
Brama Br: doesn't show hand
*** SUMMARY ***
Total pot $30 | Rake $0.50
Board [7s 3s Js]
Seat 2: Speed2008 (button) (small blind) folded on the Flop
Seat 5: Brama Br (big blind) collected ($29.50)


PokerStars Hand #164280591305:  Hold'em Limit ($3/$6 USD) - 2017/01/09 0:44:39 ET
Table 'Brunsia' 6-max Seat #5 is the button
Seat 2: Speed2008 ($116.45 in chips)
Seat 5: Brama Br ($435.11 in chips)
Brama Br: posts small blind $1
Speed2008: posts big blind $3
*** HOLE CARDS ***
Brama Br: raises $3 to $6
Speed2008: calls $3
*** FLOP *** [2d Td 7s]
Speed2008: checks
Brama Br: bets $3
Speed2008: folds
Uncalled bet ($3) returned to Brama Br
Brama Br collected $11.76 from pot
Brama Br: doesn't show hand
*** SUMMARY ***
Total pot $12 | Rake $0.24
Board [2d Td 7s]
Seat 2: Speed2008 (big blind) folded on the Flop
Seat 5: Brama Br (button) (small blind) collected ($11.76)


PokerStars Hand #164280581465:  Hold'em Limit ($3/$6 USD) - 2017/01/09 0:44:00 ET
Table 'Brunsia' 6-max Seat #5 is the button
Seat 2: Speed2008 ($122.81 in chips)
Seat 5: Brama Br ($429.61 in chips)
Brama Br: posts small blind $1
Speed2008: posts big blind $3
*** HOLE CARDS ***
Brama Br: raises $3 to $6
Speed2008: calls $3
*** FLOP *** [Ac 5h Kh]
Speed2008: checks
Brama Br: bets $3
Speed2008: calls $3
*** TURN *** [Ac 5h Kh] [Ah]
Speed2008: checks
Brama Br: checks
*** RIVER *** [Ac 5h Kh Ah] [6c]
Speed2008: checks
Brama Br: checks
*** SHOW DOWN ***
Speed2008: shows [4s 4h] (two pair, Aces and Fours)
Brama Br: mucks hand
Speed2008 collected $17.64 from pot
*** SUMMARY ***
Total pot $18 | Rake $0.36
Board [Ac 5h Kh Ah 6c]
Seat 2: Speed2008 (big blind) showed [4s 4h] and won ($17.64) with two pair, Aces and Fours
Seat 5: Brama Br (button) (small blind) mucked


PokerStars Hand #164280865515:  Hold'em Limit ($3/$6 USD) - 2017/01/09 1:02:47 ET
Table 'Brunsia' 6-max Seat #5 is the button
Seat 4: yayaya ($75.14 in chips)
Seat 5: Brama Br ($589.97 in chips)
Brama Br: posts small blind $1
yayaya: posts big blind $3
*** HOLE CARDS ***
Brama Br: raises $3 to $6
yayaya: calls $3
*** FLOP *** [7c 8s 3d]
yayaya: checks
Brama Br: checks
*** TURN *** [7c 8s 3d] [2c]
yayaya: bets $6
Brama Br: calls $6
*** RIVER *** [7c 8s 3d 2c] [4d]
yayaya: bets $6
Brama Br: calls $6
*** SHOW DOWN ***
yayaya: shows [3c Ks] (a pair of Threes)
Brama Br: mucks hand
yayaya collected $35.50 from pot
*** SUMMARY ***
Total pot $36 | Rake $0.50
Board [7c 8s 3d 2c 4d]
Seat 4: yayaya (big blind) showed [3c Ks] and won ($35.50) with a pair of Threes
Seat 5: Brama Br (button) (small blind) mucked


PokerStars Hand #164280869682:  Hold'em Limit ($3/$6 USD) - 2017/01/09 1:03:04 ET
Table 'Brunsia' 6-max Seat #4 is the button
Seat 4: yayaya ($92.64 in chips)
Seat 5: Brama Br ($571.97 in chips)
yayaya: posts small blind $1
Brama Br: posts big blind $3
*** HOLE CARDS ***
yayaya: raises $3 to $6
Brama Br: calls $3
*** FLOP *** [Kc 8c Ac]
Brama Br: checks
yayaya: bets $3
Brama Br: calls $3
*** TURN *** [Kc 8c Ac] [Qs]
Brama Br: checks
yayaya: bets $6
Brama Br: raises $6 to $12
yayaya: calls $6
*** RIVER *** [Kc 8c Ac Qs] [2c]
Brama Br: bets $6
yayaya: folds
Uncalled bet ($6) returned to Brama Br
Brama Br collected $41.50 from pot
Brama Br: doesn't show hand
*** SUMMARY ***
Total pot $42 | Rake $0.50
Board [Kc 8c Ac Qs 2c]
Seat 4: yayaya (button) (small blind) folded on the River
Seat 5: Brama Br (big blind) collected ($41.50)


PokerStars Hand #164281895941:  Hold'em Limit ($3/$6 USD) - 2017/01/09 2:12:03 ET
Table 'Brunsia' 6-max Seat #4 is the button
Seat 4: Pepperlina ($100.82 in chips)
Seat 5: Allegro75 ($72 in chips)
Pepperlina: posts small blind $1
Allegro75: posts big blind $3
*** HOLE CARDS ***
Pepperlina: raises $3 to $6
Allegro75: calls $3
*** FLOP *** [Js Jh 9s]
Allegro75: checks
Pepperlina: checks
*** TURN *** [Js Jh 9s] [Tc]
Allegro75: bets $6
Pepperlina: folds
Uncalled bet ($6) returned to Allegro75
Allegro75 collected $11.76 from pot
Allegro75: doesn't show hand
*** SUMMARY ***
Total pot $12 | Rake $0.24
Board [Js Jh 9s Tc]
Seat 4: Pepperlina (button) (small blind) folded on the Turn
Seat 5: Allegro75 (big blind) collected ($11.76)


PokerStars Hand #164281887696:  Hold'em Limit ($3/$6 USD) - 2017/01/09 2:11:31 ET
Table 'Brunsia' 6-max Seat #5 is the button
Seat 4: Pepperlina ($92.18 in chips)
Seat 5: Allegro75 ($72 in chips)
Allegro75: posts small blind $1
Pepperlina: posts big blind $3
*** HOLE CARDS ***
Allegro75: raises $3 to $6
Pepperlina: calls $3
*** FLOP *** [Kc 3s 7h]
Pepperlina: checks
Allegro75: bets $3
Pepperlina: calls $3
*** TURN *** [Kc 3s 7h] [Jc]
Pepperlina: checks
Allegro75: checks
*** RIVER *** [Kc 3s 7h Jc] [8h]
Pepperlina: bets $6
Allegro75: folds
Uncalled bet ($6) returned to Pepperlina
Pepperlina collected $17.64 from pot
Pepperlina: doesn't show hand
*** SUMMARY ***
Total pot $18 | Rake $0.36
Board [Kc 3s 7h Jc 8h]
Seat 4: Pepperlina (big blind) collected ($17.64)
Seat 5: Allegro75 (button) (small blind) folded on the River


PokerStars Hand #164282555444:  Hold'em Limit ($3/$6 USD) - 2017/01/09 2:54:23 ET
Table 'Brunsia' 6-max Seat #6 is the button
Seat 5: Allegro75 ($72 in chips)
Seat 6: remeks ($138.14 in chips)
remeks: posts small blind $1
Allegro75: posts big blind $3
*** HOLE CARDS ***
remeks: calls $2
Allegro75: checks
*** FLOP *** [7d 5s 9h]
Allegro75: checks
remeks: bets $3
Allegro75: folds
Uncalled bet ($3) returned to remeks
remeks collected $5.88 from pot
remeks: doesn't show hand
*** SUMMARY ***
Total pot $6 | Rake $0.12
Board [7d 5s 9h]
Seat 5: Allegro75 (big blind) folded on the Flop
Seat 6: remeks (button) (small blind) collected ($5.88)


PokerStars Hand #164282563913:  Hold'em Limit ($3/$6 USD) - 2017/01/09 2:54:55 ET
Table 'Brunsia' 6-max Seat #5 is the button
Seat 5: Allegro75 ($72 in chips)
Seat 6: remeks ($141.02 in chips)
Allegro75: posts small blind $1
remeks: posts big blind $3
*** HOLE CARDS ***
Allegro75: raises $3 to $6
remeks: folds
Uncalled bet ($3) returned to Allegro75
Allegro75 collected $6 from pot
Allegro75: doesn't show hand
*** SUMMARY ***
Total pot $6 | Rake $0
Seat 5: Allegro75 (button) (small blind) collected ($6)
Seat 6: remeks (big blind) folded before Flop


PokerStars Hand #164282568629:  Hold'em Limit ($3/$6 USD) - 2017/01/09 2:55:12 ET
Table 'Brunsia' 6-max Seat #5 is the button
Seat 5: Allegro75 ($76 in chips)
Seat 6: remeks ($137.02 in chips)
Allegro75: posts small blind $1
remeks: posts big blind $3
*** HOLE CARDS ***
Allegro75: raises $3 to $6
remeks: folds
Uncalled bet ($3) returned to Allegro75
Allegro75 collected $6 from pot
Allegro75: doesn't show hand
*** SUMMARY ***
Total pot $6 | Rake $0
Seat 5: Allegro75 (button) (small blind) collected ($6)
Seat 6: remeks (big blind) folded before Flop


PokerStars Hand #164282572717:  Hold'em Limit ($3/$6 USD) - 2017/01/09 2:55:29 ET
Table 'Brunsia' 6-max Seat #5 is the button
Seat 5: Allegro75 ($76 in chips)
Seat 6: remeks ($137.02 in chips)
Allegro75: posts small blind $1
remeks: posts big blind $3
*** HOLE CARDS ***
Allegro75: raises $3 to $6
remeks: folds
Uncalled bet ($3) returned to Allegro75
Allegro75 collected $6 from pot
Allegro75: doesn't show hand
*** SUMMARY ***
Total pot $6 | Rake $0
Seat 5: Allegro75 (button) (small blind) collected ($6)
Seat 6: remeks (big blind) folded before Flop


PokerStars Hand #164282571560:  Hold'em Limit ($3/$6 USD) - 2017/01/09 2:55:24 ET
Table 'Brunsia' 6-max Seat #6 is the button
Seat 5: Allegro75 ($79 in chips)
Seat 6: remeks ($134.02 in chips)
remeks: posts small blind $1
Allegro75: posts big blind $3
*** HOLE CARDS ***
remeks: raises $3 to $6
Allegro75: folds
Uncalled bet ($3) returned to remeks
remeks collected $6 from pot
remeks: doesn't show hand
*** SUMMARY ***
Total pot $6 | Rake $0
Seat 5: Allegro75 (big blind) folded before Flop
Seat 6: remeks (button) (small blind) collected ($6)


PokerStars Hand #164282567082:  Hold'em Limit ($3/$6 USD) - 2017/01/09 2:55:07 ET
Table 'Brunsia' 6-max Seat #6 is the button
Seat 5: Allegro75 ($75 in chips)
Seat 6: remeks ($138.02 in chips)
remeks: posts small blind $1
Allegro75: posts big blind $3
*** HOLE CARDS ***
remeks: folds
Uncalled bet ($2) returned to Allegro75
Allegro75 collected $2 from pot
Allegro75: doesn't show hand
*** SUMMARY ***
Total pot $2 | Rake $0
Seat 5: Allegro75 (big blind) collected ($2)
Seat 6: remeks (button) (small blind) folded before Flop


PokerStars Hand #164282583771:  Hold'em Limit ($3/$6 USD) - 2017/01/09 2:56:14 ET
Table 'Brunsia' 6-max Seat #6 is the button
Seat 5: Allegro75 ($96.50 in chips)
Seat 6: remeks ($116.02 in chips)
remeks: posts small blind $1
Allegro75: posts big blind $3
*** HOLE CARDS ***
remeks: calls $2
Allegro75: checks
*** FLOP *** [2s 6d Th]
Allegro75: checks
remeks: bets $3
Allegro75: folds
Uncalled bet ($3) returned to remeks
remeks collected $5.88 from pot
remeks: doesn't show hand
*** SUMMARY ***
Total pot $6 | Rake $0.12
Board [2s 6d Th]
Seat 5: Allegro75 (big blind) folded on the Flop
Seat 6: remeks (button) (small blind) collected ($5.88)


PokerStars Hand #164282582129:  Hold'em Limit ($3/$6 USD) - 2017/01/09 2:56:09 ET
Table 'Brunsia' 6-max Seat #5 is the button
Seat 5: Allegro75 ($93.50 in chips)
Seat 6: remeks ($119.02 in chips)
Allegro75: posts small blind $1
remeks: posts big blind $3
*** HOLE CARDS ***
Allegro75: raises $3 to $6
remeks: folds
Uncalled bet ($3) returned to Allegro75
Allegro75 collected $6 from pot
Allegro75: doesn't show hand
*** SUMMARY ***
Total pot $6 | Rake $0
Seat 5: Allegro75 (button) (small blind) collected ($6)
Seat 6: remeks (big blind) folded before Flop


PokerStars Hand #164282574203:  Hold'em Limit ($3/$6 USD) - 2017/01/09 2:55:36 ET
Table 'Brunsia' 6-max Seat #6 is the button
Seat 5: Allegro75 ($79 in chips)
Seat 6: remeks ($134.02 in chips)
remeks: posts small blind $1
Allegro75: posts big blind $3
*** HOLE CARDS ***
remeks: calls $2
Allegro75: raises $3 to $6
remeks: calls $3
*** FLOP *** [Kd 5s Kh]
Allegro75: bets $3
remeks: calls $3
*** TURN *** [Kd 5s Kh] [3c]
Allegro75: bets $6
remeks: calls $6
*** RIVER *** [Kd 5s Kh 3c] [9c]
Allegro75: bets $6
remeks: folds
Uncalled bet ($6) returned to Allegro75
Allegro75 collected $29.50 from pot
Allegro75: doesn't show hand
*** SUMMARY ***
Total pot $30 | Rake $0.50
Board [Kd 5s Kh 3c 9c]
Seat 5: Allegro75 (big blind) collected ($29.50)
Seat 6: remeks (button) (small blind) folded on the River


PokerStars Hand #164282589589:  Hold'em Limit ($3/$6 USD) - 2017/01/09 2:56:37 ET
Table 'Brunsia' 6-max Seat #5 is the button
Seat 5: Allegro75 ($93.50 in chips)
Seat 6: remeks ($118.90 in chips)
Allegro75: posts small blind $1
remeks: posts big blind $3
*** HOLE CARDS ***
Allegro75: raises $3 to $6
remeks: calls $3
*** FLOP *** [7s 7d Kc]
remeks: checks
Allegro75: bets $3
remeks: raises $3 to $6
habari786 joins the table at seat #3
Allegro75: calls $3
*** TURN *** [7s 7d Kc] [Kh]
remeks: bets $6
Allegro75: calls $6
*** RIVER *** [7s 7d Kc Kh] [9s]
remeks: bets $6
Allegro75: calls $6
*** SHOW DOWN ***
remeks: shows [6h Ac] (two pair, Kings and Sevens)
Allegro75: shows [2h Ad] (two pair, Kings and Sevens)
remeks collected $23.75 from pot
Allegro75 collected $23.75 from pot
*** SUMMARY ***
Total pot $48 | Rake $0.50
Board [7s 7d Kc Kh 9s]
Seat 5: Allegro75 (button) (small blind) showed [2h Ad] and won ($23.75) with two pair, Kings and Sevens
Seat 6: remeks (big blind) showed [6h Ac] and won ($23.75) with two pair, Kings and Sevens


PokerStars Hand #164282613947:  Hold'em Limit ($3/$6 USD) - 2017/01/09 2:58:15 ET
Table 'Brunsia' 6-max Seat #3 is the button
Seat 3: habari786 ($77.55 in chips)
Seat 6: remeks ($112.65 in chips)
habari786: posts small blind $1
remeks: posts big blind $3
*** HOLE CARDS ***
habari786: raises $3 to $6
remeks: calls $3
*** FLOP *** [Jh 2s Td]
remeks: checks
habari786: checks
*** TURN *** [Jh 2s Td] [5s]
remeks: bets $6
habari786: raises $6 to $12
remeks: calls $6
*** RIVER *** [Jh 2s Td 5s] [4d]
remeks: checks
habari786: bets $6
remeks: folds
Uncalled bet ($6) returned to habari786
habari786 collected $35.50 from pot
habari786: doesn't show hand
*** SUMMARY ***
Total pot $36 | Rake $0.50
Board [Jh 2s Td 5s 4d]
Seat 3: habari786 (button) (small blind) collected ($35.50)
Seat 6: remeks (big blind) folded on the River


PokerStars Hand #164282612777:  Hold'em Limit ($3/$6 USD) - 2017/01/09 2:58:11 ET
Table 'Brunsia' 6-max Seat #6 is the button
Seat 3: habari786 ($76.55 in chips)
Seat 6: remeks ($113.65 in chips)
remeks: posts small blind $1
habari786: posts big blind $3
*** HOLE CARDS ***
remeks: folds
Uncalled bet ($2) returned to habari786
habari786 collected $2 from pot
habari786: doesn't show hand
*** SUMMARY ***
Total pot $2 | Rake $0
Seat 3: habari786 (big blind) collected ($2)
Seat 6: remeks (button) (small blind) folded before Flop


PokerStars Hand #164282611310:  Hold'em Limit ($3/$6 USD) - 2017/01/09 2:58:05 ET
Table 'Brunsia' 6-max Seat #3 is the button
Seat 3: habari786 ($77.55 in chips)
Seat 6: remeks ($112.65 in chips)
habari786: posts small blind $1
Allegro75: is sitting out
remeks: posts big blind $3
*** HOLE CARDS ***
habari786: folds
Uncalled bet ($2) returned to remeks
Allegro75 leaves the table
remeks collected $2 from pot
remeks: doesn't show hand
*** SUMMARY ***
Total pot $2 | Rake $0
Seat 3: habari786 (button) (small blind) folded before Flop
Seat 6: remeks (big blind) collected ($2)


PokerStars Hand #164282625131:  Hold'em Limit ($3/$6 USD) - 2017/01/09 2:59:00 ET
Table 'Brunsia' 6-max Seat #6 is the button
Seat 3: habari786 ($88.05 in chips)
Seat 6: remeks ($101.41 in chips)
remeks: posts small blind $1
habari786: posts big blind $3
*** HOLE CARDS ***
remeks: folds
Uncalled bet ($2) returned to habari786
habari786 collected $2 from pot
habari786: doesn't show hand
*** SUMMARY ***
Total pot $2 | Rake $0
Seat 3: habari786 (big blind) collected ($2)
Seat 6: remeks (button) (small blind) folded before Flop


PokerStars Hand #164282623841:  Hold'em Limit ($3/$6 USD) - 2017/01/09 2:58:55 ET
Table 'Brunsia' 6-max Seat #3 is the button
Seat 3: habari786 ($89.05 in chips)
Seat 6: remeks ($100.41 in chips)
habari786: posts small blind $1
remeks: posts big blind $3
*** HOLE CARDS ***
habari786: folds
Uncalled bet ($2) returned to remeks
remeks collected $2 from pot
remeks: doesn't show hand
*** SUMMARY ***
Total pot $2 | Rake $0
Seat 3: habari786 (button) (small blind) folded before Flop
Seat 6: remeks (big blind) collected ($2)


PokerStars Hand #164282620286:  Hold'em Limit ($3/$6 USD) - 2017/01/09 2:58:41 ET
Table 'Brunsia' 6-max Seat #3 is the button
Seat 3: habari786 ($96.05 in chips)
Seat 6: remeks ($93.65 in chips)
habari786: posts small blind $1
remeks: posts big blind $3
*** HOLE CARDS ***
habari786: folds
Uncalled bet ($2) returned to remeks
remeks collected $2 from pot
remeks: doesn't show hand
*** SUMMARY ***
Total pot $2 | Rake $0
Seat 3: habari786 (button) (small blind) folded before Flop
Seat 6: remeks (big blind) collected ($2)


PokerStars Hand #164282618929:  Hold'em Limit ($3/$6 USD) - 2017/01/09 2:58:35 ET
Table 'Brunsia' 6-max Seat #6 is the button
Seat 3: habari786 ($95.05 in chips)
Seat 6: remeks ($94.65 in chips)
remeks: posts small blind $1
habari786: posts big blind $3
*** HOLE CARDS ***
remeks: folds
Uncalled bet ($2) returned to habari786
habari786 collected $2 from pot
habari786: doesn't show hand
*** SUMMARY ***
Total pot $2 | Rake $0
Seat 3: habari786 (big blind) collected ($2)
Seat 6: remeks (button) (small blind) folded before Flop


PokerStars Hand #164282621492:  Hold'em Limit ($3/$6 USD) - 2017/01/09 2:58:46 ET
Table 'Brunsia' 6-max Seat #6 is the button
Seat 3: habari786 ($95.05 in chips)
Seat 6: remeks ($94.65 in chips)
remeks: posts small blind $1
habari786: posts big blind $3
*** HOLE CARDS ***
remeks: raises $3 to $6
habari786: calls $3
*** FLOP *** [Ks Js 2s]
habari786: checks
remeks: bets $3
habari786: folds
Uncalled bet ($3) returned to remeks
remeks collected $11.76 from pot
remeks: doesn't show hand
*** SUMMARY ***
Total pot $12 | Rake $0.24
Board [Ks Js 2s]
Seat 3: habari786 (big blind) folded on the Flop
Seat 6: remeks (button) (small blind) collected ($11.76)


PokerStars Hand #164282634786:  Hold'em Limit ($3/$6 USD) - 2017/01/09 2:59:38 ET
Table 'Brunsia' 6-max Seat #3 is the button
Seat 3: habari786 ($89.81 in chips)
Seat 6: remeks ($99.29 in chips)
habari786: posts small blind $1
remeks: posts big blind $3
*** HOLE CARDS ***
habari786: raises $3 to $6
remeks: calls $3
*** FLOP *** [8h Qd 6h]
remeks: checks
habari786: bets $3
remeks: calls $3
*** TURN *** [8h Qd 6h] [7h]
remeks: checks
habari786: bets $6
remeks: calls $6
*** RIVER *** [8h Qd 6h 7h] [7s]
remeks: checks
habari786: checks
*** SHOW DOWN ***
remeks: shows [3c 3h] (two pair, Sevens and Threes)
habari786: shows [9d 8d] (two pair, Eights and Sevens)
habari786 collected $29.50 from pot
*** SUMMARY ***
Total pot $30 | Rake $0.50
Board [8h Qd 6h 7h 7s]
Seat 3: habari786 (button) (small blind) showed [9d 8d] and won ($29.50) with two pair, Eights and Sevens
Seat 6: remeks (big blind) showed [3c 3h] and lost with two pair, Sevens and Threes


PokerStars Hand #164282632540:  Hold'em Limit ($3/$6 USD) - 2017/01/09 2:59:29 ET
Table 'Brunsia' 6-max Seat #6 is the button
Seat 3: habari786 ($84.05 in chips)
Seat 6: remeks ($105.29 in chips)
remeks: posts small blind $1
habari786: posts big blind $3
*** HOLE CARDS ***
remeks: calls $2
habari786: raises $3 to $6
remeks: calls $3
*** FLOP *** [7c Ah 5h]
habari786: bets $3
remeks: folds
Uncalled bet ($3) returned to habari786
habari786 collected $11.76 from pot
habari786: doesn't show hand
*** SUMMARY ***
Total pot $12 | Rake $0.24
Board [7c Ah 5h]
Seat 3: habari786 (big blind) collected ($11.76)
Seat 6: remeks (button) (small blind) folded on the Flop


PokerStars Hand #164282626385:  Hold'em Limit ($3/$6 USD) - 2017/01/09 2:59:05 ET
Table 'Brunsia' 6-max Seat #3 is the button
Seat 3: habari786 ($89.05 in chips)
Seat 6: remeks ($100.41 in chips)
habari786: posts small blind $1
remeks: posts big blind $3
*** HOLE CARDS ***
habari786: folds
Uncalled bet ($2) returned to remeks
remeks collected $2 from pot
remeks: doesn't show hand
*** SUMMARY ***
Total pot $2 | Rake $0
Seat 3: habari786 (button) (small blind) folded before Flop
Seat 6: remeks (big blind) collected ($2)


PokerStars Hand #164282627653:  Hold'em Limit ($3/$6 USD) - 2017/01/09 2:59:10 ET
Table 'Brunsia' 6-max Seat #6 is the button
Seat 3: habari786 ($88.05 in chips)
Seat 6: remeks ($101.41 in chips)
remeks: posts small blind $1
habari786: posts big blind $3
*** HOLE CARDS ***
remeks: calls $2
habari786: checks
*** FLOP *** [8c 4d Js]
habari786: checks
remeks: checks
*** TURN *** [8c 4d Js] [5s]
habari786: checks
remeks: checks
*** RIVER *** [8c 4d Js 5s] [9s]
habari786: checks
remeks: checks
*** SHOW DOWN ***
habari786: shows [Qh 6d] (high card Queen)
remeks: shows [Kd 7s] (high card King)
remeks collected $5.88 from pot
*** SUMMARY ***
Total pot $6 | Rake $0.12
Board [8c 4d Js 5s 9s]
Seat 3: habari786 (big blind) showed [Qh 6d] and lost with high card Queen
Seat 6: remeks (button) (small blind) showed [Kd 7s] and won ($5.88) with high card King


PokerStars Hand #164282631293:  Hold'em Limit ($3/$6 USD) - 2017/01/09 2:59:25 ET
Table 'Brunsia' 6-max Seat #3 is the button
Seat 3: habari786 ($85.05 in chips)
Seat 6: remeks ($104.29 in chips)
habari786: posts small blind $1
remeks: posts big blind $3
*** HOLE CARDS ***
habari786: folds
Uncalled bet ($2) returned to remeks
remeks collected $2 from pot
remeks: doesn't show hand
*** SUMMARY ***
Total pot $2 | Rake $0
Seat 3: habari786 (button) (small blind) folded before Flop
Seat 6: remeks (big blind) collected ($2)


PokerStars Hand #164282645539:  Hold'em Limit ($3/$6 USD) - 2017/01/09 3:00:21 ET
Table 'Brunsia' 6-max Seat #3 is the button
Seat 3: habari786 ($68.31 in chips)
Seat 6: remeks ($119.79 in chips)
habari786: posts small blind $1
remeks: posts big blind $3
*** HOLE CARDS ***
habari786: folds
Uncalled bet ($2) returned to remeks
remeks collected $2 from pot
remeks: doesn't show hand
*** SUMMARY ***
Total pot $2 | Rake $0
Seat 3: habari786 (button) (small blind) folded before Flop
Seat 6: remeks (big blind) collected ($2)


PokerStars Hand #164282638619:  Hold'em Limit ($3/$6 USD) - 2017/01/09 2:59:54 ET
Table 'Brunsia' 6-max Seat #6 is the button
Seat 3: habari786 ($104.31 in chips)
Seat 6: remeks ($84.29 in chips)
remeks: posts small blind $1
habari786: posts big blind $3
*** HOLE CARDS ***
remeks: raises $3 to $6
habari786: raises $3 to $9
remeks: raises $3 to $12
Betting is capped
habari786: calls $3
*** FLOP *** [6d 9s Kh]
habari786: checks
remeks: bets $3
habari786: raises $3 to $6
remeks: calls $3
*** TURN *** [6d 9s Kh] [Jd]
habari786: checks
remeks: bets $6
habari786: raises $6 to $12
remeks: raises $6 to $18
habari786: calls $6
*** RIVER *** [6d 9s Kh Jd] [Qc]
habari786: checks
remeks: checks
*** SHOW DOWN ***
habari786: shows [Ad Ac] (a pair of Aces)
remeks: shows [Ks Kc] (three of a kind, Kings)
remeks collected $71.50 from pot
*** SUMMARY ***
Total pot $72 | Rake $0.50
Board [6d 9s Kh Jd Qc]
Seat 3: habari786 (big blind) showed [Ad Ac] and lost with a pair of Aces
Seat 6: remeks (button) (small blind) showed [Ks Kc] and won ($71.50) with three of a kind, Kings


PokerStars Hand #164282652554:  Hold'em Limit ($3/$6 USD) - 2017/01/09 3:00:48 ET
Table 'Brunsia' 6-max Seat #6 is the button
Seat 3: habari786 ($45.31 in chips)
Seat 6: remeks ($142.29 in chips)
remeks: posts small blind $1
habari786: posts big blind $3
*** HOLE CARDS ***
remeks: calls $2
habari786: checks
*** FLOP *** [Th Ks Tc]
habari786: bets $3
remeks: folds
Uncalled bet ($3) returned to habari786
habari786 collected $5.88 from pot
habari786: doesn't show hand
*** SUMMARY ***
Total pot $6 | Rake $0.12
Board [Th Ks Tc]
Seat 3: habari786 (big blind) collected ($5.88)
Seat 6: remeks (button) (small blind) folded on the Flop


PokerStars Hand #164282651263:  Hold'em Limit ($3/$6 USD) - 2017/01/09 3:00:43 ET
Table 'Brunsia' 6-max Seat #3 is the button
Seat 3: habari786 ($46.31 in chips)
Seat 6: remeks ($141.29 in chips)
habari786: posts small blind $1
remeks: posts big blind $3
*** HOLE CARDS ***
habari786: folds
Uncalled bet ($2) returned to remeks
remeks collected $2 from pot
remeks: doesn't show hand
*** SUMMARY ***
Total pot $2 | Rake $0
Seat 3: habari786 (button) (small blind) folded before Flop
Seat 6: remeks (big blind) collected ($2)


PokerStars Hand #164282646781:  Hold'em Limit ($3/$6 USD) - 2017/01/09 3:00:26 ET
Table 'Brunsia' 6-max Seat #6 is the button
Seat 3: habari786 ($67.31 in chips)
Seat 6: remeks ($120.79 in chips)
remeks: posts small blind $1
habari786: posts big blind $3
*** HOLE CARDS ***
remeks: raises $3 to $6
habari786: raises $3 to $9
remeks: calls $3
*** FLOP *** [6s 4s Td]
habari786: bets $3
remeks: raises $3 to $6
habari786: calls $3
*** TURN *** [6s 4s Td] [8s]
habari786: checks
remeks: bets $6
habari786: calls $6
*** RIVER *** [6s 4s Td 8s] [7s]
habari786: checks
remeks: checks
*** SHOW DOWN ***
habari786: shows [Th Kh] (a pair of Tens)
remeks: shows [Ts Kd] (a flush, Ten high)
remeks collected $41.50 from pot
*** SUMMARY ***
Total pot $42 | Rake $0.50
Board [6s 4s Td 8s 7s]
Seat 3: habari786 (big blind) showed [Th Kh] and lost with a pair of Tens
Seat 6: remeks (button) (small blind) showed [Ts Kd] and won ($41.50) with a flush, Ten high


PokerStars Hand #164282661031:  Hold'em Limit ($3/$6 USD) - 2017/01/09 3:01:20 ET
Table 'Brunsia' 6-max Seat #6 is the button
Seat 3: habari786 ($56.83 in chips)
Seat 6: remeks ($130.29 in chips)
remeks: posts small blind $1
habari786: posts big blind $3
*** HOLE CARDS ***
remeks: raises $3 to $6
habari786: raises $3 to $9
remeks: calls $3
*** FLOP *** [2s Kd 6s]
habari786: bets $3
remeks: calls $3
*** TURN *** [2s Kd 6s] [Kc]
habari786: checks
remeks: bets $6
habari786: raises $6 to $12
remeks: raises $6 to $18
habari786: calls $6
*** RIVER *** [2s Kd 6s Kc] [4h]
habari786: checks
remeks: bets $6
habari786: calls $6
*** SHOW DOWN ***
remeks: shows [Ks Ah] (three of a kind, Kings)
habari786: mucks hand
remeks collected $71.50 from pot
*** SUMMARY ***
Total pot $72 | Rake $0.50
Board [2s Kd 6s Kc 4h]
Seat 3: habari786 (big blind) mucked
Seat 6: remeks (button) (small blind) showed [Ks Ah] and won ($71.50) with three of a kind, Kings


PokerStars Hand #164282667052:  Hold'em Limit ($3/$6 USD) - 2017/01/09 3:01:43 ET
Table 'Brunsia' 6-max Seat #3 is the button
Seat 3: habari786 ($20.83 in chips)
Seat 6: remeks ($165.79 in chips)
habari786: posts small blind $1
remeks: posts big blind $3
*** HOLE CARDS ***
habari786: raises $3 to $6
remeks: calls $3
*** FLOP *** [2s Qh 2h]
remeks: checks
habari786: bets $3
remeks: calls $3
*** TURN *** [2s Qh 2h] [Th]
remeks: checks
habari786: checks
*** RIVER *** [2s Qh 2h Th] [6c]
remeks: bets $6
habari786: folds
Uncalled bet ($6) returned to remeks
remeks collected $17.64 from pot
remeks: doesn't show hand
*** SUMMARY ***
Total pot $18 | Rake $0.36
Board [2s Qh 2h Th 6c]
Seat 3: habari786 (button) (small blind) folded on the River
Seat 6: remeks (big blind) collected ($17.64)


PokerStars Hand #164282659695:  Hold'em Limit ($3/$6 USD) - 2017/01/09 3:01:15 ET
Table 'Brunsia' 6-max Seat #3 is the button
Seat 3: habari786 ($57.83 in chips)
Seat 6: remeks ($129.29 in chips)
habari786: posts small blind $1
remeks: posts big blind $3
*** HOLE CARDS ***
habari786: folds
Uncalled bet ($2) returned to remeks
remeks collected $2 from pot
remeks: doesn't show hand
*** SUMMARY ***
Total pot $2 | Rake $0
Seat 3: habari786 (button) (small blind) folded before Flop
Seat 6: remeks (big blind) collected ($2)


PokerStars Hand #164282658287:  Hold'em Limit ($3/$6 USD) - 2017/01/09 3:01:10 ET
Table 'Brunsia' 6-max Seat #6 is the button
Seat 3: habari786 ($56.83 in chips)
Seat 6: remeks ($130.29 in chips)
remeks: posts small blind $1
habari786: posts big blind $3
*** HOLE CARDS ***
remeks: folds
Uncalled bet ($2) returned to habari786
habari786 collected $2 from pot
habari786: doesn't show hand
*** SUMMARY ***
Total pot $2 | Rake $0
Seat 3: habari786 (big blind) collected ($2)
Seat 6: remeks (button) (small blind) folded before Flop


PokerStars Hand #164282654889:  Hold'em Limit ($3/$6 USD) - 2017/01/09 3:00:57 ET
Table 'Brunsia' 6-max Seat #3 is the button
Seat 3: habari786 ($48.19 in chips)
Seat 6: remeks ($139.29 in chips)
habari786: posts small blind $1
remeks: posts big blind $3
*** HOLE CARDS ***
habari786: raises $3 to $6
remeks: calls $3
*** FLOP *** [9h Qs Jd]
remeks: checks
habari786: bets $3
remeks: calls $3
*** TURN *** [9h Qs Jd] [6s]
remeks: checks
habari786: bets $6
remeks: folds
Uncalled bet ($6) returned to habari786
habari786 collected $17.64 from pot
habari786: doesn't show hand
*** SUMMARY ***
Total pot $18 | Rake $0.36
Board [9h Qs Jd 6s]
Seat 3: habari786 (button) (small blind) collected ($17.64)
Seat 6: remeks (big blind) folded on the Turn


PokerStars Hand #164282683782:  Hold'em Limit ($3/$6 USD) - 2017/01/09 3:02:45 ET
Table 'Brunsia' 6-max Seat #6 is the button
Seat 3: habari786 ($45.88 in chips)
Seat 6: remeks ($139.41 in chips)
remeks: posts small blind $1
habari786: posts big blind $3
*** HOLE CARDS ***
remeks: raises $3 to $6
habari786: calls $3
*** FLOP *** [Kc 6d Th]
habari786: checks
remeks: checks
*** TURN *** [Kc 6d Th] [2s]
habari786: bets $6
remeks: folds
Uncalled bet ($6) returned to habari786
habari786 collected $11.76 from pot
habari786: doesn't show hand
*** SUMMARY ***
Total pot $12 | Rake $0.24
Board [Kc 6d Th 2s]
Seat 3: habari786 (big blind) collected ($11.76)
Seat 6: remeks (button) (small blind) folded on the Turn


PokerStars Hand #164282676106:  Hold'em Limit ($3/$6 USD) - 2017/01/09 3:02:16 ET
Table 'Brunsia' 6-max Seat #6 is the button
Seat 3: habari786 ($22.19 in chips)
Seat 6: remeks ($163.60 in chips)
remeks: posts small blind $1
habari786: posts big blind $3
*** HOLE CARDS ***
remeks: folds
Uncalled bet ($2) returned to habari786
habari786 collected $2 from pot
habari786: doesn't show hand
*** SUMMARY ***
Total pot $2 | Rake $0
Seat 3: habari786 (big blind) collected ($2)
Seat 6: remeks (button) (small blind) folded before Flop


PokerStars Hand #164282674689:  Hold'em Limit ($3/$6 USD) - 2017/01/09 3:02:12 ET
Table 'Brunsia' 6-max Seat #3 is the button
Seat 3: habari786 ($23.19 in chips)
Seat 6: remeks ($162.60 in chips)
habari786: posts small blind $1
remeks: posts big blind $3
*** HOLE CARDS ***
habari786: folds
Uncalled bet ($2) returned to remeks
remeks collected $2 from pot
remeks: doesn't show hand
*** SUMMARY ***
Total pot $2 | Rake $0
Seat 3: habari786 (button) (small blind) folded before Flop
Seat 6: remeks (big blind) collected ($2)


PokerStars Hand #164282670417:  Hold'em Limit ($3/$6 USD) - 2017/01/09 3:01:56 ET
Table 'Brunsia' 6-max Seat #6 is the button
Seat 3: habari786 ($11.83 in chips)
Seat 6: remeks ($174.43 in chips)
remeks: posts small blind $1
habari786: posts big blind $3
*** HOLE CARDS ***
remeks: calls $2
habari786: checks
*** FLOP *** [8c 8h 5d]
habari786: checks
remeks: bets $3
habari786: calls $3
*** TURN *** [8c 8h 5d] [8s]
habari786: checks
remeks: bets $6
habari786: calls $5.83 and is all-in
Uncalled bet ($0.17) returned to remeks
*** RIVER *** [8c 8h 5d 8s] [Qc]
*** SHOW DOWN ***
habari786: shows [4s 8d] (four of a kind, Eights)
remeks: shows [Kc Qd] (a full house, Eights full of Queens)
habari786 collected $23.19 from pot
*** SUMMARY ***
Total pot $23.66 | Rake $0.47
Board [8c 8h 5d 8s Qc]
Seat 3: habari786 (big blind) showed [4s 8d] and won ($23.19) with four of a kind, Eights
Seat 6: remeks (button) (small blind) showed [Kc Qd] and lost with a full house, Eights full of Queens


PokerStars Hand #164282694779:  Hold'em Limit ($3/$6 USD) - 2017/01/09 3:03:25 ET
Table 'Brunsia' 6-max Seat #3 is the button
Seat 3: habari786 ($95.64 in chips)
Seat 6: remeks ($88.41 in chips)
habari786: posts small blind $1
remeks: posts big blind $3
*** HOLE CARDS ***
habari786: raises $3 to $6
remeks: folds
Uncalled bet ($3) returned to habari786
habari786 collected $6 from pot
habari786: doesn't show hand
*** SUMMARY ***
Total pot $6 | Rake $0
Seat 3: habari786 (button) (small blind) collected ($6)
Seat 6: remeks (big blind) folded before Flop


PokerStars Hand #164282699011:  Hold'em Limit ($3/$6 USD) - 2017/01/09 3:03:40 ET
Table 'Brunsia' 6-max Seat #3 is the button
Seat 3: habari786 ($92.64 in chips)
Seat 6: remeks ($91.17 in chips)
habari786: posts small blind $1
remeks: posts big blind $3
*** HOLE CARDS ***
habari786: raises $3 to $6
remeks: folds
Uncalled bet ($3) returned to habari786
habari786 collected $6 from pot
habari786: doesn't show hand
*** SUMMARY ***
Total pot $6 | Rake $0
Seat 3: habari786 (button) (small blind) collected ($6)
Seat 6: remeks (big blind) folded before Flop


PokerStars Hand #164282696623:  Hold'em Limit ($3/$6 USD) - 2017/01/09 3:03:31 ET
Table 'Brunsia' 6-max Seat #6 is the button
Seat 3: habari786 ($98.64 in chips)
Seat 6: remeks ($85.41 in chips)
remeks: posts small blind $1
habari786: posts big blind $3
*** HOLE CARDS ***
remeks: raises $3 to $6
habari786: calls $3
*** FLOP *** [5h 6h As]
habari786: checks
remeks: bets $3
habari786: folds
Uncalled bet ($3) returned to remeks
remeks collected $11.76 from pot
remeks: doesn't show hand
*** SUMMARY ***
Total pot $12 | Rake $0.24
Board [5h 6h As]
Seat 3: habari786 (big blind) folded on the Flop
Seat 6: remeks (button) (small blind) collected ($11.76)


PokerStars Hand #164282686787:  Hold'em Limit ($3/$6 USD) - 2017/01/09 3:02:56 ET
Table 'Brunsia' 6-max Seat #3 is the button
Seat 3: habari786 ($51.64 in chips)
Seat 6: remeks ($133.41 in chips)
habari786: posts small blind $1
remeks: posts big blind $3
*** HOLE CARDS ***
habari786: raises $3 to $6
remeks: calls $3
*** FLOP *** [9c As 8s]
remeks: checks
habari786: bets $3
remeks: calls $3
*** TURN *** [9c As 8s] [Ad]
remeks: checks
habari786: bets $6
remeks: calls $6
*** RIVER *** [9c As 8s Ad] [2s]
remeks: checks
habari786: bets $6
remeks: calls $6
*** SHOW DOWN ***
habari786: shows [Ac 8c] (a full house, Aces full of Eights)
remeks: mucks hand
habari786 collected $41.50 from pot
*** SUMMARY ***
Total pot $42 | Rake $0.50
Board [9c As 8s Ad 2s]
Seat 3: habari786 (button) (small blind) showed [Ac 8c] and won ($41.50) with a full house, Aces full of Eights
Seat 6: remeks (big blind) mucked


PokerStars Hand #164282690915:  Hold'em Limit ($3/$6 USD) - 2017/01/09 3:03:11 ET
Table 'Brunsia' 6-max Seat #6 is the button
Seat 3: habari786 ($72.14 in chips)
Seat 6: remeks ($112.41 in chips)
remeks: posts small blind $1
habari786: posts big blind $3
*** HOLE CARDS ***
remeks: raises $3 to $6
habari786: raises $3 to $9
remeks: calls $3
*** FLOP *** [As 8s 8c]
habari786: bets $3
remeks: calls $3
*** TURN *** [As 8s 8c] [9c]
habari786: bets $6
remeks: calls $6
*** RIVER *** [As 8s 8c 9c] [Ad]
habari786: bets $6
remeks: calls $6
*** SHOW DOWN ***
habari786: shows [Ac Js] (a full house, Aces full of Eights)
remeks: mucks hand
habari786 collected $47.50 from pot
*** SUMMARY ***
Total pot $48 | Rake $0.50
Board [As 8s 8c 9c Ad]
Seat 3: habari786 (big blind) showed [Ac Js] and won ($47.50) with a full house, Aces full of Eights
Seat 6: remeks (button) (small blind) mucked


PokerStars Hand #164282704267:  Hold'em Limit ($3/$6 USD) - 2017/01/09 3:03:59 ET
Table 'Brunsia' 6-max Seat #3 is the button
Seat 3: habari786 ($107.16 in chips)
Seat 6: remeks ($76.17 in chips)
habari786: posts small blind $1
remeks: posts big blind $3
*** HOLE CARDS ***
habari786: folds
Uncalled bet ($2) returned to remeks
remeks collected $2 from pot
remeks: doesn't show hand
*** SUMMARY ***
Total pot $2 | Rake $0
Seat 3: habari786 (button) (small blind) folded before Flop
Seat 6: remeks (big blind) collected ($2)


PokerStars Hand #164282700533:  Hold'em Limit ($3/$6 USD) - 2017/01/09 3:03:46 ET
Table 'Brunsia' 6-max Seat #6 is the button
Seat 3: habari786 ($95.64 in chips)
Seat 6: remeks ($88.17 in chips)
remeks: posts small blind $1
habari786: posts big blind $3
*** HOLE CARDS ***
remeks: raises $3 to $6
habari786: calls $3
*** FLOP *** [Td 4h 6c]
habari786: checks
remeks: checks
*** TURN *** [Td 4h 6c] [Ac]
habari786: checks
remeks: bets $6
habari786: calls $6
*** RIVER *** [Td 4h 6c Ac] [2c]
habari786: checks
remeks: checks
*** SHOW DOWN ***
habari786: shows [4d 5s] (a pair of Fours)
remeks: mucks hand
habari786 collected $23.52 from pot
*** SUMMARY ***
Total pot $24 | Rake $0.48
Board [Td 4h 6c Ac 2c]
Seat 3: habari786 (big blind) showed [4d 5s] and won ($23.52) with a pair of Fours
Seat 6: remeks (button) (small blind) mucked


PokerStars Hand #164282705610:  Hold'em Limit ($3/$6 USD) - 2017/01/09 3:04:04 ET
Table 'Brunsia' 6-max Seat #6 is the button
Seat 3: habari786 ($106.16 in chips)
Seat 6: remeks ($77.17 in chips)
remeks: posts small blind $1
habari786: posts big blind $3
*** HOLE CARDS ***
remeks: raises $3 to $6
habari786: calls $3
*** FLOP *** [6d Ad 3d]
habari786: checks
remeks: bets $3
habari786: calls $3
*** TURN *** [6d Ad 3d] [8d]
habari786: checks
remeks: checks
*** RIVER *** [6d Ad 3d 8d] [7c]
habari786: checks
remeks: checks
*** SHOW DOWN ***
habari786: shows [As 2h] (a pair of Aces)
remeks: mucks hand
habari786 collected $17.64 from pot
*** SUMMARY ***
Total pot $18 | Rake $0.36
Board [6d Ad 3d 8d 7c]
Seat 3: habari786 (big blind) showed [As 2h] and won ($17.64) with a pair of Aces
Seat 6: remeks (button) (small blind) mucked


PokerStars Hand #164282710985:  Hold'em Limit ($3/$6 USD) - 2017/01/09 3:04:23 ET
Table 'Brunsia' 6-max Seat #6 is the button
Seat 3: habari786 ($113.80 in chips)
Seat 6: remeks ($69.17 in chips)
remeks: posts small blind $1
habari786: posts big blind $3
*** HOLE CARDS ***
remeks: raises $3 to $6
habari786: folds
Uncalled bet ($3) returned to remeks
remeks collected $6 from pot
remeks: doesn't show hand
*** SUMMARY ***
Total pot $6 | Rake $0
Seat 3: habari786 (big blind) folded before Flop
Seat 6: remeks (button) (small blind) collected ($6)


PokerStars Hand #164282709608:  Hold'em Limit ($3/$6 USD) - 2017/01/09 3:04:18 ET
Table 'Brunsia' 6-max Seat #3 is the button
Seat 3: habari786 ($114.80 in chips)
Seat 6: remeks ($68.17 in chips)
habari786: posts small blind $1
remeks: posts big blind $3
*** HOLE CARDS ***
habari786: folds
Uncalled bet ($2) returned to remeks
remeks collected $2 from pot
remeks: doesn't show hand
*** SUMMARY ***
Total pot $2 | Rake $0
Seat 3: habari786 (button) (small blind) folded before Flop
Seat 6: remeks (big blind) collected ($2)


PokerStars Hand #164282717532:  Hold'em Limit ($3/$6 USD) - 2017/01/09 3:04:46 ET
Table 'Brunsia' 6-max Seat #3 is the button
Seat 3: habari786 ($113.56 in chips)
Seat 6: remeks ($69.17 in chips)
habari786: posts small blind $1
remeks: posts big blind $3
*** HOLE CARDS ***
habari786: raises $3 to $6
remeks: calls $3
*** FLOP *** [Qh 9h 6d]
remeks: checks
habari786: bets $3
remeks: calls $3
*** TURN *** [Qh 9h 6d] [5h]
remeks: checks
habari786: checks
*** RIVER *** [Qh 9h 6d 5h] [Qd]
remeks: bets $6
habari786: calls $6
*** SHOW DOWN ***
remeks: shows [4s 6s] (two pair, Queens and Sixes)
habari786: mucks hand
remeks collected $29.50 from pot
*** SUMMARY ***
Total pot $30 | Rake $0.50
Board [Qh 9h 6d 5h Qd]
Seat 3: habari786 (button) (small blind) mucked
Seat 6: remeks (big blind) showed [4s 6s] and won ($29.50) with two pair, Queens and Sixes


PokerStars Hand #164282716083:  Hold'em Limit ($3/$6 USD) - 2017/01/09 3:04:41 ET
Table 'Brunsia' 6-max Seat #6 is the button
Seat 3: habari786 ($116.56 in chips)
Seat 6: remeks ($66.17 in chips)
remeks: posts small blind $1
habari786: posts big blind $3
*** HOLE CARDS ***
remeks: raises $3 to $6
habari786: folds
Uncalled bet ($3) returned to remeks
remeks collected $6 from pot
remeks: doesn't show hand
*** SUMMARY ***
Total pot $6 | Rake $0
Seat 3: habari786 (big blind) folded before Flop
Seat 6: remeks (button) (small blind) collected ($6)


PokerStars Hand #164282713104:  Hold'em Limit ($3/$6 USD) - 2017/01/09 3:04:31 ET
Table 'Brunsia' 6-max Seat #3 is the button
Seat 3: habari786 ($110.80 in chips)
Seat 6: remeks ($72.17 in chips)
habari786: posts small blind $1
remeks: posts big blind $3
*** HOLE CARDS ***
habari786: raises $3 to $6
remeks: calls $3
*** FLOP *** [Td Qc Tc]
remeks: checks
habari786: bets $3
remeks: folds
Uncalled bet ($3) returned to habari786
habari786 collected $11.76 from pot
habari786: doesn't show hand
*** SUMMARY ***
Total pot $12 | Rake $0.24
Board [Td Qc Tc]
Seat 3: habari786 (button) (small blind) collected ($11.76)
Seat 6: remeks (big blind) folded on the Flop


PokerStars Hand #164282726939:  Hold'em Limit ($3/$6 USD) - 2017/01/09 3:05:20 ET
Table 'Brunsia' 6-max Seat #6 is the button
Seat 3: habari786 ($97.31 in chips)
Seat 6: remeks ($84.42 in chips)
remeks: posts small blind $1
habari786: posts big blind $3
*** HOLE CARDS ***
remeks: folds
Uncalled bet ($2) returned to habari786
habari786 collected $2 from pot
habari786: doesn't show hand
*** SUMMARY ***
Total pot $2 | Rake $0
Seat 3: habari786 (big blind) collected ($2)
Seat 6: remeks (button) (small blind) folded before Flop


PokerStars Hand #164282725567:  Hold'em Limit ($3/$6 USD) - 2017/01/09 3:05:15 ET
Table 'Brunsia' 6-max Seat #3 is the button
Seat 3: habari786 ($98.31 in chips)
Seat 6: remeks ($83.42 in chips)
habari786: posts small blind $1
remeks: posts big blind $3
*** HOLE CARDS ***
habari786: folds
Uncalled bet ($2) returned to remeks
remeks collected $2 from pot
remeks: doesn't show hand
*** SUMMARY ***
Total pot $2 | Rake $0
Seat 3: habari786 (button) (small blind) folded before Flop
Seat 6: remeks (big blind) collected ($2)


PokerStars Hand #164282736918:  Hold'em Limit ($3/$6 USD) - 2017/01/09 3:05:55 ET
Table 'Brunsia' 6-max Seat #3 is the button
Seat 3: habari786 ($100.94 in chips)
Seat 6: remeks ($80.17 in chips)
habari786: posts small blind $1
remeks: posts big blind $3
*** HOLE CARDS ***
habari786: folds
Uncalled bet ($2) returned to remeks
remeks collected $2 from pot
remeks: doesn't show hand
*** SUMMARY ***
Total pot $2 | Rake $0
Seat 3: habari786 (button) (small blind) folded before Flop
Seat 6: remeks (big blind) collected ($2)


PokerStars Hand #164282733683:  Hold'em Limit ($3/$6 USD) - 2017/01/09 3:05:44 ET
Table 'Brunsia' 6-max Seat #6 is the button
Seat 3: habari786 ($98.06 in chips)
Seat 6: remeks ($83.17 in chips)
remeks: posts small blind $1
habari786: posts big blind $3
*** HOLE CARDS ***
remeks: calls $2
habari786: checks
*** FLOP *** [Qc 7d Tc]
habari786: bets $3
remeks: folds
Uncalled bet ($3) returned to habari786
habari786 collected $5.88 from pot
habari786: doesn't show hand
*** SUMMARY ***
Total pot $6 | Rake $0.12
Board [Qc 7d Tc]
Seat 3: habari786 (big blind) collected ($5.88)
Seat 6: remeks (button) (small blind) folded on the Flop


PokerStars Hand #164282729007:  Hold'em Limit ($3/$6 USD) - 2017/01/09 3:05:27 ET
Table 'Brunsia' 6-max Seat #3 is the button
Seat 3: habari786 ($98.31 in chips)
Seat 6: remeks ($83.42 in chips)
habari786: posts small blind $1
remeks: posts big blind $3
*** HOLE CARDS ***
habari786: raises $3 to $6
remeks: calls $3
*** FLOP *** [2h 2c 6s]
remeks: checks
habari786: bets $3
remeks: raises $3 to $6
habari786: calls $3
*** TURN *** [2h 2c 6s] [3s]
remeks: bets $6
habari786: calls $6
*** RIVER *** [2h 2c 6s 3s] [2d]
remeks: bets $6
habari786: raises $6 to $12
remeks: calls $6
*** SHOW DOWN ***
habari786: shows [6h 3h] (a full house, Deuces full of Sixes)
remeks: shows [6d Qd] (a full house, Deuces full of Sixes)
remeks collected $29.75 from pot
habari786 collected $29.75 from pot
*** SUMMARY ***
Total pot $60 | Rake $0.50
Board [2h 2c 6s 3s 2d]
Seat 3: habari786 (button) (small blind) showed [6h 3h] and won ($29.75) with a full house, Deuces full of Sixes
Seat 6: remeks (big blind) showed [6d Qd] and won ($29.75) with a full house, Deuces full of Sixes


PokerStars Hand #164282721186:  Hold'em Limit ($3/$6 USD) - 2017/01/09 3:04:59 ET
Table 'Brunsia' 6-max Seat #6 is the button
Seat 3: habari786 ($98.56 in chips)
Seat 6: remeks ($83.67 in chips)
remeks: posts small blind $1
habari786: posts big blind $3
*** HOLE CARDS ***
remeks: calls $2
habari786: checks
*** FLOP *** [Ad 2d 4h]
habari786: checks
remeks: bets $3
habari786: calls $3
*** TURN *** [Ad 2d 4h] [3d]
habari786: checks
remeks: bets $6
habari786: raises $6 to $12
remeks: calls $6
*** RIVER *** [Ad 2d 4h 3d] [4s]
habari786: bets $6
remeks: calls $6
*** SHOW DOWN ***
habari786: shows [5h 8h] (a straight, Ace to Five)
remeks: shows [Kh 5s] (a straight, Ace to Five)
habari786 collected $23.75 from pot
remeks collected $23.75 from pot
*** SUMMARY ***
Total pot $48 | Rake $0.50
Board [Ad 2d 4h 3d 4s]
Seat 3: habari786 (big blind) showed [5h 8h] and won ($23.75) with a straight, Ace to Five
Seat 6: remeks (button) (small blind) showed [Kh 5s] and won ($23.75) with a straight, Ace to Five


PokerStars Hand #164282738365:  Hold'em Limit ($3/$6 USD) - 2017/01/09 3:06:00 ET
Table 'Brunsia' 6-max Seat #6 is the button
Seat 3: habari786 ($99.94 in chips)
Seat 6: remeks ($81.17 in chips)
remeks: posts small blind $1
habari786: posts big blind $3
*** HOLE CARDS ***
remeks: calls $2
habari786: checks
*** FLOP *** [Ad 4s 2d]
habari786: bets $3
remeks: folds
Uncalled bet ($3) returned to habari786
habari786 collected $5.88 from pot
habari786: doesn't show hand
*** SUMMARY ***
Total pot $6 | Rake $0.12
Board [Ad 4s 2d]
Seat 3: habari786 (big blind) collected ($5.88)
Seat 6: remeks (button) (small blind) folded on the Flop


PokerStars Hand #164282741378:  Hold'em Limit ($3/$6 USD) - 2017/01/09 3:06:11 ET
Table 'Brunsia' 6-max Seat #3 is the button
Seat 3: habari786 ($102.82 in chips)
Seat 6: remeks ($78.17 in chips)
habari786: posts small blind $1
remeks: posts big blind $3
*** HOLE CARDS ***
habari786: raises $3 to $6
remeks: calls $3
*** FLOP *** [6c 7d 7s]
remeks: checks
habari786: bets $3
remeks: calls $3
*** TURN *** [6c 7d 7s] [8h]
remeks: checks
habari786: checks
*** RIVER *** [6c 7d 7s 8h] [5s]
remeks: bets $6
habari786: raises $6 to $12
remeks: calls $6
*** SHOW DOWN ***
habari786: shows [9d Qc] (a straight, Five to Nine)
remeks: mucks hand
habari786 collected $41.50 from pot
*** SUMMARY ***
Total pot $42 | Rake $0.50
Board [6c 7d 7s 8h 5s]
Seat 3: habari786 (button) (small blind) showed [9d Qc] and won ($41.50) with a straight, Five to Nine
Seat 6: remeks (big blind) mucked


PokerStars Hand #164282753726:  Hold'em Limit ($3/$6 USD) - 2017/01/09 3:06:55 ET
Table 'Brunsia' 6-max Seat #6 is the button
Seat 3: habari786 ($139.82 in chips)
Seat 6: remeks ($40.17 in chips)
remeks: posts small blind $1
habari786: posts big blind $3
*** HOLE CARDS ***
remeks: raises $3 to $6
habari786: calls $3
*** FLOP *** [9c 5s Td]
habari786: checks
remeks: bets $3
habari786: calls $3
*** TURN *** [9c 5s Td] [Kc]
habari786: checks
remeks: checks
*** RIVER *** [9c 5s Td Kc] [Ad]
habari786: checks
remeks: bets $6
habari786: folds
Uncalled bet ($6) returned to remeks
remeks collected $17.64 from pot
remeks: doesn't show hand
*** SUMMARY ***
Total pot $18 | Rake $0.36
Board [9c 5s Td Kc Ad]
Seat 3: habari786 (big blind) folded on the River
Seat 6: remeks (button) (small blind) collected ($17.64)


PokerStars Hand #164282752405:  Hold'em Limit ($3/$6 USD) - 2017/01/09 3:06:50 ET
Table 'Brunsia' 6-max Seat #3 is the button
Seat 3: habari786 ($140.82 in chips)
Seat 6: remeks ($39.17 in chips)
habari786: posts small blind $1
remeks: posts big blind $3
*** HOLE CARDS ***
habari786: folds
Uncalled bet ($2) returned to remeks
remeks collected $2 from pot
remeks: doesn't show hand
*** SUMMARY ***
Total pot $2 | Rake $0
Seat 3: habari786 (button) (small blind) folded before Flop
Seat 6: remeks (big blind) collected ($2)


PokerStars Hand #164282751069:  Hold'em Limit ($3/$6 USD) - 2017/01/09 3:06:45 ET
Table 'Brunsia' 6-max Seat #6 is the button
Seat 3: habari786 ($139.82 in chips)
Seat 6: remeks ($40.17 in chips)
remeks: posts small blind $1
habari786: posts big blind $3
*** HOLE CARDS ***
remeks: folds
Uncalled bet ($2) returned to habari786
habari786 collected $2 from pot
habari786: doesn't show hand
*** SUMMARY ***
Total pot $2 | Rake $0
Seat 3: habari786 (big blind) collected ($2)
Seat 6: remeks (button) (small blind) folded before Flop


PokerStars Hand #164282749615:  Hold'em Limit ($3/$6 USD) - 2017/01/09 3:06:40 ET
Table 'Brunsia' 6-max Seat #3 is the button
Seat 3: habari786 ($140.82 in chips)
Seat 6: remeks ($39.17 in chips)
habari786: posts small blind $1
remeks: posts big blind $3
*** HOLE CARDS ***
habari786: folds
Uncalled bet ($2) returned to remeks
remeks collected $2 from pot
remeks: doesn't show hand
*** SUMMARY ***
Total pot $2 | Rake $0
Seat 3: habari786 (button) (small blind) folded before Flop
Seat 6: remeks (big blind) collected ($2)


PokerStars Hand #164282745367:  Hold'em Limit ($3/$6 USD) - 2017/01/09 3:06:26 ET
Table 'Brunsia' 6-max Seat #6 is the button
Seat 3: habari786 ($123.32 in chips)
Seat 6: remeks ($57.17 in chips)
remeks: posts small blind $1
habari786: posts big blind $3
*** HOLE CARDS ***
remeks: raises $3 to $6
habari786: raises $3 to $9
remeks: calls $3
*** FLOP *** [3h 9d 6s]
habari786: bets $3
remeks: calls $3
*** TURN *** [3h 9d 6s] [3d]
habari786: bets $6
remeks: calls $6
*** RIVER *** [3h 9d 6s 3d] [Kh]
habari786: bets $6
remeks: folds
Uncalled bet ($6) returned to habari786
habari786 collected $35.50 from pot
habari786: doesn't show hand
*** SUMMARY ***
Total pot $36 | Rake $0.50
Board [3h 9d 6s 3d Kh]
Seat 3: habari786 (big blind) collected ($35.50)
Seat 6: remeks (button) (small blind) folded on the River


PokerStars Hand #164282765046:  Hold'em Limit ($3/$6 USD) - 2017/01/09 3:07:36 ET
Table 'Brunsia' 6-max Seat #3 is the button
Seat 3: habari786 ($121.58 in chips)
Seat 6: remeks ($57.31 in chips)
habari786: posts small blind $1
remeks: posts big blind $3
*** HOLE CARDS ***
habari786: folds
Uncalled bet ($2) returned to remeks
remeks collected $2 from pot
remeks: doesn't show hand
*** SUMMARY ***
Total pot $2 | Rake $0
Seat 3: habari786 (button) (small blind) folded before Flop
Seat 6: remeks (big blind) collected ($2)


PokerStars Hand #164282766315:  Hold'em Limit ($3/$6 USD) - 2017/01/09 3:07:41 ET
Table 'Brunsia' 6-max Seat #6 is the button
Seat 3: habari786 ($120.58 in chips)
Seat 6: remeks ($58.31 in chips)
remeks: posts small blind $1
habari786: posts big blind $3
*** HOLE CARDS ***
remeks: calls $2
habari786: checks
*** FLOP *** [4h 5s Th]
habari786: bets $3
remeks: calls $3
*** TURN *** [4h 5s Th] [Js]
habari786: checks
remeks: checks
*** RIVER *** [4h 5s Th Js] [Jc]
habari786: checks
remeks: checks
*** SHOW DOWN ***
habari786: shows [4s 7c] (two pair, Jacks and Fours)
remeks: shows [2d 5d] (two pair, Jacks and Fives)
remeks collected $11.76 from pot
*** SUMMARY ***
Total pot $12 | Rake $0.24
Board [4h 5s Th Js Jc]
Seat 3: habari786 (big blind) showed [4s 7c] and lost with two pair, Jacks and Fours
Seat 6: remeks (button) (small blind) showed [2d 5d] and won ($11.76) with two pair, Jacks and Fives


PokerStars Hand #164282757600:  Hold'em Limit ($3/$6 USD) - 2017/01/09 3:07:09 ET
Table 'Brunsia' 6-max Seat #3 is the button
Seat 3: habari786 ($130.82 in chips)
Seat 6: remeks ($48.81 in chips)
habari786: posts small blind $1
remeks: posts big blind $3
*** HOLE CARDS ***
habari786: raises $3 to $6
remeks: calls $3
*** FLOP *** [3s 6d Tc]
remeks: checks
habari786: bets $3
remeks: calls $3
*** TURN *** [3s 6d Tc] [9d]
remeks: checks
habari786: checks
*** RIVER *** [3s 6d Tc 9d] [Ks]
remeks: bets $6
habari786: calls $6
*** SHOW DOWN ***
remeks: shows [8d Kc] (a pair of Kings)
habari786: mucks hand
remeks collected $29.50 from pot
*** SUMMARY ***
Total pot $30 | Rake $0.50
Board [3s 6d Tc 9d Ks]
Seat 3: habari786 (button) (small blind) mucked
Seat 6: remeks (big blind) showed [8d Kc] and won ($29.50) with a pair of Kings


PokerStars Hand #164282761124:  Hold'em Limit ($3/$6 USD) - 2017/01/09 3:07:22 ET
Table 'Brunsia' 6-max Seat #6 is the button
Seat 3: habari786 ($115.82 in chips)
Seat 6: remeks ($63.31 in chips)
remeks: posts small blind $1
habari786: posts big blind $3
*** HOLE CARDS ***
remeks: calls $2
habari786: checks
*** FLOP *** [9c 3c Qd]
habari786: checks
remeks: bets $3
habari786: calls $3
*** TURN *** [9c 3c Qd] [4h]
habari786: checks
remeks: checks
*** RIVER *** [9c 3c Qd 4h] [Js]
habari786: bets $6
remeks: folds
Uncalled bet ($6) returned to habari786
habari786 collected $11.76 from pot
habari786: doesn't show hand
*** SUMMARY ***
Total pot $12 | Rake $0.24
Board [9c 3c Qd 4h Js]
Seat 3: habari786 (big blind) collected ($11.76)
Seat 6: remeks (button) (small blind) folded on the River


PokerStars Hand #164282769793:  Hold'em Limit ($3/$6 USD) - 2017/01/09 3:07:53 ET
Table 'Brunsia' 6-max Seat #3 is the button
Seat 3: habari786 ($114.58 in chips)
Seat 6: remeks ($64.07 in chips)
habari786: posts small blind $1
remeks: posts big blind $3
*** HOLE CARDS ***
habari786: raises $3 to $6
remeks: calls $3
*** FLOP *** [Tc Ks 5h]
remeks: checks
habari786: bets $3
remeks: folds
Uncalled bet ($3) returned to habari786
habari786 collected $11.76 from pot
habari786: doesn't show hand
*** SUMMARY ***
Total pot $12 | Rake $0.24
Board [Tc Ks 5h]
Seat 3: habari786 (button) (small blind) collected ($11.76)
Seat 6: remeks (big blind) folded on the Flop


PokerStars Hand #164282778513:  Hold'em Limit ($3/$6 USD) - 2017/01/09 3:08:24 ET
Table 'Brunsia' 6-max Seat #3 is the button
Seat 3: habari786 ($109.34 in chips)
Seat 6: remeks ($68.57 in chips)
habari786: posts small blind $1
remeks: posts big blind $3
*** HOLE CARDS ***
habari786: raises $3 to $6
remeks: calls $3
*** FLOP *** [3c 4d 4h]
remeks: checks
habari786: bets $3
remeks: raises $3 to $6
habari786: calls $3
*** TURN *** [3c 4d 4h] [9h]
remeks: bets $6
habari786: calls $6
*** RIVER *** [3c 4d 4h 9h] [Qd]
remeks: checks
habari786: bets $6
remeks: calls $6
*** SHOW DOWN ***
habari786: shows [2s 4s] (three of a kind, Fours)
remeks: mucks hand
habari786 collected $47.50 from pot
*** SUMMARY ***
Total pot $48 | Rake $0.50
Board [3c 4d 4h 9h Qd]
Seat 3: habari786 (button) (small blind) showed [2s 4s] and won ($47.50) with three of a kind, Fours
Seat 6: remeks (big blind) mucked


PokerStars Hand #164282777160:  Hold'em Limit ($3/$6 USD) - 2017/01/09 3:08:19 ET
Table 'Brunsia' 6-max Seat #6 is the button
Seat 3: habari786 ($108.34 in chips)
Seat 6: remeks ($69.57 in chips)
remeks: posts small blind $1
habari786: posts big blind $3
*** HOLE CARDS ***
remeks: folds
Uncalled bet ($2) returned to habari786
habari786 collected $2 from pot
habari786: doesn't show hand
*** SUMMARY ***
Total pot $2 | Rake $0
Seat 3: habari786 (big blind) collected ($2)
Seat 6: remeks (button) (small blind) folded before Flop


PokerStars Hand #164282783340:  Hold'em Limit ($3/$6 USD) - 2017/01/09 3:08:41 ET
Table 'Brunsia' 6-max Seat #6 is the button
Seat 3: habari786 ($132.84 in chips)
Seat 6: remeks ($44.57 in chips)
remeks: posts small blind $1
habari786: posts big blind $3
*** HOLE CARDS ***
remeks: raises $3 to $6
habari786: calls $3
*** FLOP *** [5s 9s 5d]
habari786: checks
remeks: bets $3
habari786: folds
Uncalled bet ($3) returned to remeks
remeks collected $11.76 from pot
remeks: doesn't show hand
*** SUMMARY ***
Total pot $12 | Rake $0.24
Board [5s 9s 5d]
Seat 3: habari786 (big blind) folded on the Flop
Seat 6: remeks (button) (small blind) collected ($11.76)


PokerStars Hand #164282775675:  Hold'em Limit ($3/$6 USD) - 2017/01/09 3:08:13 ET
Table 'Brunsia' 6-max Seat #3 is the button
Seat 3: habari786 ($105.34 in chips)
Seat 6: remeks ($72.57 in chips)
habari786: posts small blind $1
remeks: posts big blind $3
*** HOLE CARDS ***
habari786: raises $3 to $6
remeks: folds
Uncalled bet ($3) returned to habari786
habari786 collected $6 from pot
habari786: doesn't show hand
*** SUMMARY ***
Total pot $6 | Rake $0
Seat 3: habari786 (button) (small blind) collected ($6)
Seat 6: remeks (big blind) folded before Flop


PokerStars Hand #164282772376:  Hold'em Limit ($3/$6 USD) - 2017/01/09 3:08:02 ET
Table 'Brunsia' 6-max Seat #6 is the button
Seat 3: habari786 ($120.34 in chips)
Seat 6: remeks ($58.07 in chips)
remeks: posts small blind $1
habari786: posts big blind $3
*** HOLE CARDS ***
remeks: calls $2
habari786: raises $3 to $6
remeks: calls $3
*** FLOP *** [4h 3d 7c]
habari786: bets $3
remeks: calls $3
*** TURN *** [4h 3d 7c] [5d]
habari786: bets $6
remeks: raises $6 to $12
habari786: folds
Uncalled bet ($6) returned to remeks
remeks collected $29.50 from pot
remeks: doesn't show hand
*** SUMMARY ***
Total pot $30 | Rake $0.50
Board [4h 3d 7c 5d]
Seat 3: habari786 (big blind) folded on the Turn
Seat 6: remeks (button) (small blind) collected ($29.50)


PokerStars Hand #164282788839:  Hold'em Limit ($3/$6 USD) - 2017/01/09 3:09:00 ET
Table 'Brunsia' 6-max Seat #6 is the button
Seat 3: habari786 ($120.84 in chips)
Seat 6: remeks ($56.09 in chips)
remeks: posts small blind $1
habari786: posts big blind $3
*** HOLE CARDS ***
remeks: folds
Uncalled bet ($2) returned to habari786
habari786 collected $2 from pot
habari786: doesn't show hand
*** SUMMARY ***
Total pot $2 | Rake $0
Seat 3: habari786 (big blind) collected ($2)
Seat 6: remeks (button) (small blind) folded before Flop


PokerStars Hand #164282786166:  Hold'em Limit ($3/$6 USD) - 2017/01/09 3:08:51 ET
Table 'Brunsia' 6-max Seat #3 is the button
Seat 3: habari786 ($126.84 in chips)
Seat 6: remeks ($50.33 in chips)
habari786: posts small blind $1
remeks: posts big blind $3
*** HOLE CARDS ***
habari786: raises $3 to $6
remeks: calls $3
*** FLOP *** [Kc Ts Kh]
remeks: checks
habari786: checks
*** TURN *** [Kc Ts Kh] [7c]
remeks: bets $6
habari786: folds
Uncalled bet ($6) returned to remeks
remeks collected $11.76 from pot
remeks: doesn't show hand
*** SUMMARY ***
Total pot $12 | Rake $0.24
Board [Kc Ts Kh 7c]
Seat 3: habari786 (button) (small blind) folded on the Turn
Seat 6: remeks (big blind) collected ($11.76)


PokerStars Hand #164282798010:  Hold'em Limit ($3/$6 USD) - 2017/01/09 3:09:33 ET
Table 'Brunsia' 6-max Seat #3 is the button
Seat 3: habari786 ($99.84 in chips)
Seat 6: remeks ($76.59 in chips)
habari786: posts small blind $1
remeks: posts big blind $3
*** HOLE CARDS ***
habari786: folds
Uncalled bet ($2) returned to remeks
remeks collected $2 from pot
remeks: doesn't show hand
*** SUMMARY ***
Total pot $2 | Rake $0
Seat 3: habari786 (button) (small blind) folded before Flop
Seat 6: remeks (big blind) collected ($2)


PokerStars Hand #164282796652:  Hold'em Limit ($3/$6 USD) - 2017/01/09 3:09:28 ET
Table 'Brunsia' 6-max Seat #6 is the button
Seat 3: habari786 ($98.84 in chips)
Seat 6: remeks ($77.59 in chips)
remeks: posts small blind $1
habari786: posts big blind $3
*** HOLE CARDS ***
remeks: folds
Uncalled bet ($2) returned to habari786
habari786 collected $2 from pot
habari786: doesn't show hand
*** SUMMARY ***
Total pot $2 | Rake $0
Seat 3: habari786 (big blind) collected ($2)
Seat 6: remeks (button) (small blind) folded before Flop


PokerStars Hand #164282799380:  Hold'em Limit ($3/$6 USD) - 2017/01/09 3:09:38 ET
Table 'Brunsia' 6-max Seat #6 is the button
Seat 3: habari786 ($98.84 in chips)
Seat 6: remeks ($77.59 in chips)
remeks: posts small blind $1
habari786: posts big blind $3
*** HOLE CARDS ***
remeks: calls $2
habari786: checks
*** FLOP *** [Qs 7c Kd]
habari786: bets $3
remeks: calls $3
*** TURN *** [Qs 7c Kd] [2c]
habari786: checks
remeks: bets $6
habari786: calls $6
*** RIVER *** [Qs 7c Kd 2c] [4c]
habari786: checks
remeks: bets $6
habari786: raises $6 to $12
remeks: calls $6
*** SHOW DOWN ***
habari786: shows [6c 3c] (a flush, Seven high)
remeks: mucks hand
habari786 collected $47.50 from pot
*** SUMMARY ***
Total pot $48 | Rake $0.50
Board [Qs 7c Kd 2c 4c]
Seat 3: habari786 (big blind) showed [6c 3c] and won ($47.50) with a flush, Seven high
Seat 6: remeks (button) (small blind) mucked


PokerStars Hand #164282805546:  Hold'em Limit ($3/$6 USD) - 2017/01/09 3:10:00 ET
Table 'Brunsia' 6-max Seat #6 is the button
Seat 3: habari786 ($125.34 in chips)
Seat 6: remeks ($50.59 in chips)
remeks: posts small blind $1
habari786: posts big blind $3
*** HOLE CARDS ***
remeks: raises $3 to $6
habari786: folds
Uncalled bet ($3) returned to remeks
remeks collected $6 from pot
remeks: doesn't show hand
*** SUMMARY ***
Total pot $6 | Rake $0
Seat 3: habari786 (big blind) folded before Flop
Seat 6: remeks (button) (small blind) collected ($6)


PokerStars Hand #164282803998:  Hold'em Limit ($3/$6 USD) - 2017/01/09 3:09:55 ET
Table 'Brunsia' 6-max Seat #3 is the button
Seat 3: habari786 ($122.34 in chips)
Seat 6: remeks ($53.59 in chips)
habari786: posts small blind $1
remeks: posts big blind $3
*** HOLE CARDS ***
habari786: raises $3 to $6
remeks: folds
Uncalled bet ($3) returned to habari786
habari786 collected $6 from pot
habari786: doesn't show hand
*** SUMMARY ***
Total pot $6 | Rake $0
Seat 3: habari786 (button) (small blind) collected ($6)
Seat 6: remeks (big blind) folded before Flop


PokerStars Hand #164282795301:  Hold'em Limit ($3/$6 USD) - 2017/01/09 3:09:24 ET
Table 'Brunsia' 6-max Seat #3 is the button
Seat 3: habari786 ($99.84 in chips)
Seat 6: remeks ($76.59 in chips)
habari786: posts small blind $1
remeks: posts big blind $3
*** HOLE CARDS ***
habari786: folds
Uncalled bet ($2) returned to remeks
remeks collected $2 from pot
remeks: doesn't show hand
*** SUMMARY ***
Total pot $2 | Rake $0
Seat 3: habari786 (button) (small blind) folded before Flop
Seat 6: remeks (big blind) collected ($2)


PokerStars Hand #164282791684:  Hold'em Limit ($3/$6 USD) - 2017/01/09 3:09:10 ET
Table 'Brunsia' 6-max Seat #6 is the button
Seat 3: habari786 ($120.84 in chips)
Seat 6: remeks ($56.09 in chips)
remeks: posts small blind $1
habari786: posts big blind $3
*** HOLE CARDS ***
remeks: calls $2
habari786: raises $3 to $6
remeks: calls $3
*** FLOP *** [Ad 2d Qc]
habari786: bets $3
remeks: calls $3
*** TURN *** [Ad 2d Qc] [Jc]
habari786: bets $6
remeks: calls $6
*** RIVER *** [Ad 2d Qc Jc] [8s]
habari786: bets $6
remeks: calls $6
*** SHOW DOWN ***
habari786: shows [Jh Kh] (a pair of Jacks)
remeks: shows [Qh 4h] (a pair of Queens)
remeks collected $41.50 from pot
*** SUMMARY ***
Total pot $42 | Rake $0.50
Board [Ad 2d Qc Jc 8s]
Seat 3: habari786 (big blind) showed [Jh Kh] and lost with a pair of Jacks
Seat 6: remeks (button) (small blind) showed [Qh 4h] and won ($41.50) with a pair of Queens


PokerStars Hand #164282790205:  Hold'em Limit ($3/$6 USD) - 2017/01/09 3:09:05 ET
Table 'Brunsia' 6-max Seat #3 is the button
Seat 3: habari786 ($121.84 in chips)
Seat 6: remeks ($55.09 in chips)
habari786: posts small blind $1
remeks: posts big blind $3
*** HOLE CARDS ***
habari786: folds
Uncalled bet ($2) returned to remeks
remeks collected $2 from pot
remeks: doesn't show hand
*** SUMMARY ***
Total pot $2 | Rake $0
Seat 3: habari786 (button) (small blind) folded before Flop
Seat 6: remeks (big blind) collected ($2)


PokerStars Hand #164282817191:  Hold'em Limit ($3/$6 USD) - 2017/01/09 3:10:42 ET
Table 'Brunsia' 6-max Seat #6 is the button
Seat 3: habari786 ($132.84 in chips)
Seat 6: remeks ($42.47 in chips)
remeks: posts small blind $1
habari786: posts big blind $3
*** HOLE CARDS ***
remeks: calls $2
habari786: raises $3 to $6
remeks: calls $3
*** FLOP *** [Tc Ah 5c]
habari786: bets $3
remeks: calls $3
*** TURN *** [Tc Ah 5c] [9s]
habari786: bets $6
remeks: calls $6
*** RIVER *** [Tc Ah 5c 9s] [2c]
habari786: checks
remeks: checks
*** SHOW DOWN ***
habari786: shows [Jd Td] (a pair of Tens)
remeks: mucks hand
habari786 collected $29.50 from pot
*** SUMMARY ***
Total pot $30 | Rake $0.50
Board [Tc Ah 5c 9s 2c]
Seat 3: habari786 (big blind) showed [Jd Td] and won ($29.50) with a pair of Tens
Seat 6: remeks (button) (small blind) mucked


PokerStars Hand #164282815737:  Hold'em Limit ($3/$6 USD) - 2017/01/09 3:10:36 ET
Table 'Brunsia' 6-max Seat #3 is the button
Seat 3: habari786 ($133.84 in chips)
Seat 6: remeks ($41.47 in chips)
habari786: posts small blind $1
remeks: posts big blind $3
*** HOLE CARDS ***
habari786: folds
Uncalled bet ($2) returned to remeks
remeks collected $2 from pot
remeks: doesn't show hand
*** SUMMARY ***
Total pot $2 | Rake $0
Seat 3: habari786 (button) (small blind) folded before Flop
Seat 6: remeks (big blind) collected ($2)


PokerStars Hand #164282811882:  Hold'em Limit ($3/$6 USD) - 2017/01/09 3:10:22 ET
Table 'Brunsia' 6-max Seat #6 is the button
Seat 3: habari786 ($136.84 in chips)
Seat 6: remeks ($38.59 in chips)
remeks: posts small blind $1
habari786: posts big blind $3
*** HOLE CARDS ***
remeks: calls $2
habari786: checks
*** FLOP *** [6s 3h 8c]
habari786: checks
remeks: checks
*** TURN *** [6s 3h 8c] [8d]
habari786: checks
remeks: checks
*** RIVER *** [6s 3h 8c 8d] [6d]
habari786: checks
remeks: checks
*** SHOW DOWN ***
habari786: shows [9s 5h] (two pair, Eights and Sixes)
remeks: shows [Js 7h] (two pair, Eights and Sixes - Jack kicker)
remeks collected $5.88 from pot
*** SUMMARY ***
Total pot $6 | Rake $0.12
Board [6s 3h 8c 8d 6d]
Seat 3: habari786 (big blind) showed [9s 5h] and lost with two pair, Eights and Sixes
Seat 6: remeks (button) (small blind) showed [Js 7h] and won ($5.88) with two pair, Eights and Sixes


PokerStars Hand #164282821008:  Hold'em Limit ($3/$6 USD) - 2017/01/09 3:10:55 ET
Table 'Brunsia' 6-max Seat #3 is the button
Seat 3: habari786 ($147.34 in chips)
Seat 6: remeks ($27.47 in chips)
habari786: posts small blind $1
remeks: posts big blind $3
*** HOLE CARDS ***
habari786: raises $3 to $6
remeks: calls $3
*** FLOP *** [As 8d 9d]
remeks: checks
habari786: bets $3
remeks: calls $3
*** TURN *** [As 8d 9d] [Qd]
remeks: checks
habari786: bets $6
remeks: folds
Uncalled bet ($6) returned to habari786
habari786 collected $17.64 from pot
habari786: doesn't show hand
*** SUMMARY ***
Total pot $18 | Rake $0.36
Board [As 8d 9d Qd]
Seat 3: habari786 (button) (small blind) collected ($17.64)
Seat 6: remeks (big blind) folded on the Turn


PokerStars Hand #164282807269:  Hold'em Limit ($3/$6 USD) - 2017/01/09 3:10:06 ET
Table 'Brunsia' 6-max Seat #3 is the button
Seat 3: habari786 ($122.34 in chips)
Seat 6: remeks ($53.59 in chips)
habari786: posts small blind $1
remeks: posts big blind $3
*** HOLE CARDS ***
habari786: raises $3 to $6
remeks: calls $3
*** FLOP *** [7c Jh 8c]
remeks: checks
habari786: bets $3
remeks: calls $3
*** TURN *** [7c Jh 8c] [5d]
remeks: checks
habari786: bets $6
remeks: calls $6
*** RIVER *** [7c Jh 8c 5d] [8d]
remeks: checks
habari786: bets $6
remeks: folds
Uncalled bet ($6) returned to habari786
habari786 collected $29.50 from pot
habari786: doesn't show hand
*** SUMMARY ***
Total pot $30 | Rake $0.50
Board [7c Jh 8c 5d 8d]
Seat 3: habari786 (button) (small blind) collected ($29.50)
Seat 6: remeks (big blind) folded on the River


PokerStars Hand #164282834092:  Hold'em Limit ($3/$6 USD) - 2017/01/09 3:11:42 ET
Table 'Brunsia' 6-max Seat #6 is the button
Seat 3: habari786 ($144.98 in chips)
Seat 6: remeks ($28.87 in chips)
remeks: posts small blind $1
habari786: posts big blind $3
*** HOLE CARDS ***
remeks: raises $3 to $6
habari786: folds
Uncalled bet ($3) returned to remeks
remeks collected $6 from pot
remeks: doesn't show hand
*** SUMMARY ***
Total pot $6 | Rake $0
Seat 3: habari786 (big blind) folded before Flop
Seat 6: remeks (button) (small blind) collected ($6)


PokerStars Hand #164282830206:  Hold'em Limit ($3/$6 USD) - 2017/01/09 3:11:28 ET
Table 'Brunsia' 6-max Seat #3 is the button
Seat 3: habari786 ($153.98 in chips)
Seat 6: remeks ($20.23 in chips)
habari786: posts small blind $1
remeks: posts big blind $3
*** HOLE CARDS ***
habari786: raises $3 to $6
remeks: calls $3
*** FLOP *** [Tc Ts 2h]
remeks: checks
habari786: bets $3
remeks: calls $3
*** TURN *** [Tc Ts 2h] [9c]
remeks: checks
habari786: checks
*** RIVER *** [Tc Ts 2h 9c] [Kd]
remeks: bets $6
habari786: folds
Uncalled bet ($6) returned to remeks
remeks collected $17.64 from pot
remeks: doesn't show hand
*** SUMMARY ***
Total pot $18 | Rake $0.36
Board [Tc Ts 2h 9c Kd]
Seat 3: habari786 (button) (small blind) folded on the River
Seat 6: remeks (big blind) collected ($17.64)


PokerStars Hand #164282835963:  Hold'em Limit ($3/$6 USD) - 2017/01/09 3:11:48 ET
Table 'Brunsia' 6-max Seat #3 is the button
Seat 3: habari786 ($141.98 in chips)
Seat 6: remeks ($31.87 in chips)
habari786: posts small blind $1
remeks: posts big blind $3
*** HOLE CARDS ***
habari786: raises $3 to $6
remeks: calls $3
*** FLOP *** [4s Jd 6d]
remeks: checks
habari786: bets $3
remeks: raises $3 to $6
habari786: folds
Uncalled bet ($3) returned to remeks
remeks collected $17.64 from pot
remeks: doesn't show hand
*** SUMMARY ***
Total pot $18 | Rake $0.36
Board [4s Jd 6d]
Seat 3: habari786 (button) (small blind) folded on the Flop
Seat 6: remeks (big blind) collected ($17.64)


PokerStars Hand #164282828811:  Hold'em Limit ($3/$6 USD) - 2017/01/09 3:11:23 ET
Table 'Brunsia' 6-max Seat #6 is the button
Seat 3: habari786 ($152.98 in chips)
Seat 6: remeks ($21.23 in chips)
remeks: posts small blind $1
habari786: posts big blind $3
*** HOLE CARDS ***
remeks: folds
Uncalled bet ($2) returned to habari786
habari786 collected $2 from pot
habari786: doesn't show hand
*** SUMMARY ***
Total pot $2 | Rake $0
Seat 3: habari786 (big blind) collected ($2)
Seat 6: remeks (button) (small blind) folded before Flop


PokerStars Hand #164282826979:  Hold'em Limit ($3/$6 USD) - 2017/01/09 3:11:16 ET
Table 'Brunsia' 6-max Seat #3 is the button
Seat 3: habari786 ($149.98 in chips)
Seat 6: remeks ($24.23 in chips)
habari786: posts small blind $1
remeks: posts big blind $3
*** HOLE CARDS ***
habari786: raises $3 to $6
remeks: folds
Uncalled bet ($3) returned to habari786
habari786 collected $6 from pot
habari786: doesn't show hand
*** SUMMARY ***
Total pot $6 | Rake $0
Seat 3: habari786 (button) (small blind) collected ($6)
Seat 6: remeks (big blind) folded before Flop


PokerStars Hand #164282824400:  Hold'em Limit ($3/$6 USD) - 2017/01/09 3:11:07 ET
Table 'Brunsia' 6-max Seat #6 is the button
Seat 3: habari786 ($155.98 in chips)
Seat 6: remeks ($18.47 in chips)
remeks: posts small blind $1
habari786: posts big blind $3
*** HOLE CARDS ***
remeks: raises $3 to $6
habari786: calls $3
*** FLOP *** [4s 3s 3d]
habari786: checks
remeks: bets $3
habari786: folds
Uncalled bet ($3) returned to remeks
remeks collected $11.76 from pot
remeks: doesn't show hand
*** SUMMARY ***
Total pot $12 | Rake $0.24
Board [4s 3s 3d]
Seat 3: habari786 (big blind) folded on the Flop
Seat 6: remeks (button) (small blind) collected ($11.76)


PokerStars Hand #164282838692:  Hold'em Limit ($3/$6 USD) - 2017/01/09 3:11:58 ET
Table 'Brunsia' 6-max Seat #6 is the button
Seat 3: habari786 ($132.98 in chips)
Seat 6: remeks ($40.51 in chips)
remeks: posts small blind $1
habari786: posts big blind $3
*** HOLE CARDS ***
remeks: folds
Uncalled bet ($2) returned to habari786
habari786 collected $2 from pot
habari786: doesn't show hand
*** SUMMARY ***
Total pot $2 | Rake $0
Seat 3: habari786 (big blind) collected ($2)
Seat 6: remeks (button) (small blind) folded before Flop


PokerStars Hand #164282840040:  Hold'em Limit ($3/$6 USD) - 2017/01/09 3:12:02 ET
Table 'Brunsia' 6-max Seat #3 is the button
Seat 3: habari786 ($133.98 in chips)
Seat 6: remeks ($39.51 in chips)
habari786: posts small blind $1
remeks: posts big blind $3
*** HOLE CARDS ***
habari786: raises $3 to $6
remeks: calls $3
*** FLOP *** [8d 6s Qs]
remeks: checks
habari786: bets $3
remeks: calls $3
*** TURN *** [8d 6s Qs] [4h]
remeks: checks
habari786: bets $6
remeks: calls $6
*** RIVER *** [8d 6s Qs 4h] [4d]
remeks: checks
habari786: bets $6
remeks: folds
Uncalled bet ($6) returned to habari786
habari786 collected $29.50 from pot
habari786: doesn't show hand
*** SUMMARY ***
Total pot $30 | Rake $0.50
Board [8d 6s Qs 4h 4d]
Seat 3: habari786 (button) (small blind) collected ($29.50)
Seat 6: remeks (big blind) folded on the River


PokerStars Hand #164282854862:  Hold'em Limit ($3/$6 USD) - 2017/01/09 3:12:55 ET
Table 'Brunsia' 6-max Seat #3 is the button
Seat 3: habari786 ($127.85 in chips)
Seat 6: remeks ($44.52 in chips)
habari786: posts small blind $1
remeks: posts big blind $3
*** HOLE CARDS ***
habari786: folds
Uncalled bet ($2) returned to remeks
remeks collected $2 from pot
remeks: doesn't show hand
*** SUMMARY ***
Total pot $2 | Rake $0
Seat 3: habari786 (button) (small blind) folded before Flop
Seat 6: remeks (big blind) collected ($2)


PokerStars Hand #164282849808:  Hold'em Limit ($3/$6 USD) - 2017/01/09 3:12:37 ET
Table 'Brunsia' 6-max Seat #6 is the button
Seat 3: habari786 ($150.36 in chips)
Seat 6: remeks ($22.51 in chips)
remeks: posts small blind $1
habari786: posts big blind $3
*** HOLE CARDS ***
remeks: calls $2
habari786: raises $3 to $6
remeks: calls $3
*** FLOP *** [Qh 5c Jh]
habari786: bets $3
remeks: calls $3
*** TURN *** [Qh 5c Jh] [8s]
habari786: bets $6
remeks: raises $6 to $12
habari786: calls $6
*** RIVER *** [Qh 5c Jh 8s] [3s]
habari786: checks
remeks: bets $1.51 and is all-in
habari786: calls $1.51
*** SHOW DOWN ***
remeks: shows [Qd 6c] (a pair of Queens)
habari786: shows [Ah 8c] (a pair of Eights)
remeks collected $44.52 from pot
*** SUMMARY ***
Total pot $45.02 | Rake $0.50
Board [Qh 5c Jh 8s 3s]
Seat 3: habari786 (big blind) showed [Ah 8c] and lost with a pair of Eights
Seat 6: remeks (button) (small blind) showed [Qd 6c] and won ($44.52) with a pair of Queens


PokerStars Hand #164282848342:  Hold'em Limit ($3/$6 USD) - 2017/01/09 3:12:32 ET
Table 'Brunsia' 6-max Seat #3 is the button
Seat 3: habari786 ($151.36 in chips)
Seat 6: remeks ($21.51 in chips)
habari786: posts small blind $1
remeks: posts big blind $3
*** HOLE CARDS ***
habari786: folds
Uncalled bet ($2) returned to remeks
remeks collected $2 from pot
remeks: doesn't show hand
*** SUMMARY ***
Total pot $2 | Rake $0
Seat 3: habari786 (button) (small blind) folded before Flop
Seat 6: remeks (big blind) collected ($2)


PokerStars Hand #164282844625:  Hold'em Limit ($3/$6 USD) - 2017/01/09 3:12:19 ET
Table 'Brunsia' 6-max Seat #6 is the button
Seat 3: habari786 ($148.48 in chips)
Seat 6: remeks ($24.51 in chips)
remeks: posts small blind $1
habari786: posts big blind $3
*** HOLE CARDS ***
remeks: calls $2
habari786: checks
*** FLOP *** [6s 9s 8c]
habari786: checks
remeks: checks
*** TURN *** [6s 9s 8c] [Kh]
habari786: bets $6
remeks: folds
Uncalled bet ($6) returned to habari786
habari786 collected $5.88 from pot
habari786: doesn't show hand
*** SUMMARY ***
Total pot $6 | Rake $0.12
Board [6s 9s 8c Kh]
Seat 3: habari786 (big blind) collected ($5.88)
Seat 6: remeks (button) (small blind) folded on the Turn


PokerStars Hand #164282868088:  Hold'em Limit ($3/$6 USD) - 2017/01/09 3:13:41 ET
Table 'Brunsia' 6-max Seat #3 is the button
Seat 3: habari786 ($154.35 in chips)
Seat 6: remeks ($17.52 in chips)
habari786: posts small blind $1
remeks: posts big blind $3
*** HOLE CARDS ***
habari786: folds
Uncalled bet ($2) returned to remeks
remeks collected $2 from pot
remeks: doesn't show hand
*** SUMMARY ***
Total pot $2 | Rake $0
Seat 3: habari786 (button) (small blind) folded before Flop
Seat 6: remeks (big blind) collected ($2)


PokerStars Hand #164282866630:  Hold'em Limit ($3/$6 USD) - 2017/01/09 3:13:36 ET
Table 'Brunsia' 6-max Seat #6 is the button
Seat 3: habari786 ($153.35 in chips)
Seat 6: remeks ($18.52 in chips)
remeks: posts small blind $1
habari786: posts big blind $3
*** HOLE CARDS ***
remeks: folds
Uncalled bet ($2) returned to habari786
habari786 collected $2 from pot
habari786: doesn't show hand
*** SUMMARY ***
Total pot $2 | Rake $0
Seat 3: habari786 (big blind) collected ($2)
Seat 6: remeks (button) (small blind) folded before Flop


PokerStars Hand #164282869573:  Hold'em Limit ($3/$6 USD) - 2017/01/09 3:13:46 ET
Table 'Brunsia' 6-max Seat #6 is the button
Seat 3: habari786 ($153.35 in chips)
Seat 6: remeks ($18.52 in chips)
remeks: posts small blind $1
habari786: posts big blind $3
*** HOLE CARDS ***
remeks: calls $2
habari786: raises $3 to $6
remeks: calls $3
*** FLOP *** [5s 2d 8s]
habari786: bets $3
remeks: calls $3
*** TURN *** [5s 2d 8s] [As]
habari786: bets $6
remeks: folds
Uncalled bet ($6) returned to habari786
habari786 collected $17.64 from pot
habari786: doesn't show hand
*** SUMMARY ***
Total pot $18 | Rake $0.36
Board [5s 2d 8s As]
Seat 3: habari786 (big blind) collected ($17.64)
Seat 6: remeks (button) (small blind) folded on the Turn


PokerStars Hand #164282856329:  Hold'em Limit ($3/$6 USD) - 2017/01/09 3:13:00 ET
Table 'Brunsia' 6-max Seat #6 is the button
Seat 3: habari786 ($126.85 in chips)
Seat 6: remeks ($45.52 in chips)
remeks: posts small blind $1
habari786: posts big blind $3
*** HOLE CARDS ***
remeks: raises $3 to $6
habari786: calls $3
*** FLOP *** [5c Ks 9d]
habari786: checks
remeks: checks
*** TURN *** [5c Ks 9d] [8h]
habari786: checks
remeks: bets $6
habari786: raises $6 to $12
remeks: calls $6
*** RIVER *** [5c Ks 9d 8h] [Jd]
habari786: bets $6
remeks: calls $6
*** SHOW DOWN ***
habari786: shows [6c 9c] (a pair of Nines)
remeks: mucks hand
habari786 collected $47.50 from pot
*** SUMMARY ***
Total pot $48 | Rake $0.50
Board [5c Ks 9d 8h Jd]
Seat 3: habari786 (big blind) showed [6c 9c] and won ($47.50) with a pair of Nines
Seat 6: remeks (button) (small blind) mucked


PokerStars Hand #164282864896:  Hold'em Limit ($3/$6 USD) - 2017/01/09 3:13:30 ET
Table 'Brunsia' 6-max Seat #3 is the button
Seat 3: habari786 ($150.35 in chips)
Seat 6: remeks ($21.52 in chips)
habari786: posts small blind $1
remeks: posts big blind $3
*** HOLE CARDS ***
habari786: raises $3 to $6
remeks: folds
Uncalled bet ($3) returned to habari786
habari786 collected $6 from pot
habari786: doesn't show hand
*** SUMMARY ***
Total pot $6 | Rake $0
Seat 3: habari786 (button) (small blind) collected ($6)
Seat 6: remeks (big blind) folded before Flop


PokerStars Hand #164282863460:  Hold'em Limit ($3/$6 USD) - 2017/01/09 3:13:25 ET
Table 'Brunsia' 6-max Seat #6 is the button
Seat 3: habari786 ($149.35 in chips)
Seat 6: remeks ($22.52 in chips)
remeks: posts small blind $1
habari786: posts big blind $3
*** HOLE CARDS ***
remeks: folds
Uncalled bet ($2) returned to habari786
habari786 collected $2 from pot
habari786: doesn't show hand
*** SUMMARY ***
Total pot $2 | Rake $0
Seat 3: habari786 (big blind) collected ($2)
Seat 6: remeks (button) (small blind) folded before Flop


PokerStars Hand #164282860463:  Hold'em Limit ($3/$6 USD) - 2017/01/09 3:13:14 ET
Table 'Brunsia' 6-max Seat #3 is the button
Seat 3: habari786 ($150.35 in chips)
Seat 6: remeks ($21.52 in chips)
habari786: posts small blind $1
remeks: posts big blind $3
*** HOLE CARDS ***
habari786: folds
Uncalled bet ($2) returned to remeks
remeks collected $2 from pot
remeks: doesn't show hand
*** SUMMARY ***
Total pot $2 | Rake $0
Seat 3: habari786 (button) (small blind) folded before Flop
Seat 6: remeks (big blind) collected ($2)


PokerStars Hand #164282879861:  Hold'em Limit ($3/$6 USD) - 2017/01/09 3:14:23 ET
Table 'Brunsia' 6-max Seat #3 is the button
Seat 3: habari786 ($172.13 in chips)
Seat 6: remeks ($528.78 in chips)
habari786: posts small blind $1
remeks: posts big blind $3
*** HOLE CARDS ***
habari786: folds
Uncalled bet ($2) returned to remeks
remeks collected $2 from pot
remeks: doesn't show hand
*** SUMMARY ***
Total pot $2 | Rake $0
Seat 3: habari786 (button) (small blind) folded before Flop
Seat 6: remeks (big blind) collected ($2)


PokerStars Hand #164282878398:  Hold'em Limit ($3/$6 USD) - 2017/01/09 3:14:18 ET
Table 'Brunsia' 6-max Seat #6 is the button
Seat 3: habari786 ($171.13 in chips)
Seat 6: remeks ($529.78 in chips)
remeks: posts small blind $1
habari786: posts big blind $3
*** HOLE CARDS ***
remeks: folds
Uncalled bet ($2) returned to habari786
habari786 collected $2 from pot
habari786: doesn't show hand
*** SUMMARY ***
Total pot $2 | Rake $0
Seat 3: habari786 (big blind) collected ($2)
Seat 6: remeks (button) (small blind) folded before Flop


PokerStars Hand #164282873138:  Hold'em Limit ($3/$6 USD) - 2017/01/09 3:13:59 ET
Table 'Brunsia' 6-max Seat #3 is the button
Seat 3: habari786 ($161.99 in chips)
Seat 6: remeks ($9.52 in chips)
habari786: posts small blind $1
remeks: posts big blind $3
*** HOLE CARDS ***
habari786: raises $3 to $6
remeks: calls $3
*** FLOP *** [6c 6s Td]
remeks: checks
habari786: bets $3
remeks: raises $0.52 to $3.52 and is all-in
habari786: calls $0.52
*** TURN *** [6c 6s Td] [2h]
*** RIVER *** [6c 6s Td 2h] [8h]
*** SHOW DOWN ***
remeks: shows [4h Kh] (a pair of Sixes)
habari786: shows [Qc Kd] (a pair of Sixes - King+Queen kicker)
habari786 collected $18.66 from pot
*** SUMMARY ***
Total pot $19.04 | Rake $0.38
Board [6c 6s Td 2h 8h]
Seat 3: habari786 (button) (small blind) showed [Qc Kd] and won ($18.66) with a pair of Sixes
Seat 6: remeks (big blind) showed [4h Kh] and lost with a pair of Sixes


PokerStars Hand #164282888660:  Hold'em Limit ($3/$6 USD) - 2017/01/09 3:14:54 ET
Table 'Brunsia' 6-max Seat #3 is the button
Seat 3: habari786 ($209.63 in chips)
Seat 6: remeks ($490.78 in chips)
habari786: posts small blind $1
remeks: posts big blind $3
*** HOLE CARDS ***
habari786: folds
Uncalled bet ($2) returned to remeks
remeks collected $2 from pot
remeks: doesn't show hand
*** SUMMARY ***
Total pot $2 | Rake $0
Seat 3: habari786 (button) (small blind) folded before Flop
Seat 6: remeks (big blind) collected ($2)


PokerStars Hand #164282881187:  Hold'em Limit ($3/$6 USD) - 2017/01/09 3:14:27 ET
Table 'Brunsia' 6-max Seat #6 is the button
Seat 3: habari786 ($171.13 in chips)
Seat 6: remeks ($529.78 in chips)
remeks: posts small blind $1
habari786: posts big blind $3
*** HOLE CARDS ***
remeks: raises $3 to $6
habari786: calls $3
*** FLOP *** [6h Tc 3c]
habari786: checks
remeks: bets $3
habari786: calls $3
*** TURN *** [6h Tc 3c] [Qh]
habari786: checks
remeks: bets $6
habari786: raises $6 to $12
remeks: raises $6 to $18
habari786: calls $6
*** RIVER *** [6h Tc 3c Qh] [8d]
habari786: checks
remeks: bets $6
habari786: raises $6 to $12
remeks: calls $6
*** SHOW DOWN ***
habari786: shows [Qs Th] (two pair, Queens and Tens)
remeks: mucks hand
habari786 collected $77.50 from pot
*** SUMMARY ***
Total pot $78 | Rake $0.50
Board [6h Tc 3c Qh 8d]
Seat 3: habari786 (big blind) showed [Qs Th] and won ($77.50) with two pair, Queens and Tens
Seat 6: remeks (button) (small blind) mucked


PokerStars Hand #164282903515:  Hold'em Limit ($3/$6 USD) - 2017/01/09 3:15:47 ET
Table 'Brunsia' 6-max Seat #3 is the button
Seat 3: habari786 ($169.15 in chips)
Seat 6: remeks ($529.78 in chips)
habari786: posts small blind $1
remeks: posts big blind $3
*** HOLE CARDS ***
habari786: folds
Uncalled bet ($2) returned to remeks
remeks collected $2 from pot
remeks: doesn't show hand
*** SUMMARY ***
Total pot $2 | Rake $0
Seat 3: habari786 (button) (small blind) folded before Flop
Seat 6: remeks (big blind) collected ($2)


PokerStars Hand #164282889966:  Hold'em Limit ($3/$6 USD) - 2017/01/09 3:14:58 ET
Table 'Brunsia' 6-max Seat #6 is the button
Seat 3: habari786 ($208.63 in chips)
Seat 6: remeks ($491.78 in chips)
remeks: posts small blind $1
habari786: posts big blind $3
*** HOLE CARDS ***
remeks: raises $3 to $6
habari786: raises $3 to $9
remeks: calls $3
*** FLOP *** [3s Js 6s]
habari786: bets $3
remeks: calls $3
*** TURN *** [3s Js 6s] [6h]
habari786: checks
remeks: bets $6
habari786: calls $6
*** RIVER *** [3s Js 6s 6h] [4c]
habari786: checks
remeks: bets $6
habari786: calls $6
*** SHOW DOWN ***
remeks: shows [7h 6d] (three of a kind, Sixes)
habari786: mucks hand
remeks collected $47.50 from pot
*** SUMMARY ***
Total pot $48 | Rake $0.50
Board [3s Js 6s 6h 4c]
Seat 3: habari786 (big blind) mucked
Seat 6: remeks (button) (small blind) showed [7h 6d] and won ($47.50) with three of a kind, Sixes


PokerStars Hand #164282894398:  Hold'em Limit ($3/$6 USD) - 2017/01/09 3:15:14 ET
Table 'Brunsia' 6-max Seat #3 is the button
Seat 3: habari786 ($184.63 in chips)
Seat 6: remeks ($515.28 in chips)
habari786: posts small blind $1
remeks: posts big blind $3
*** HOLE CARDS ***
habari786: raises $3 to $6
remeks: calls $3
*** FLOP *** [2h Tc 6h]
remeks: checks
habari786: checks
*** TURN *** [2h Tc 6h] [6c]
remeks: checks
habari786: bets $6
remeks: calls $6
*** RIVER *** [2h Tc 6h 6c] [Ah]
remeks: checks
habari786: bets $6
remeks: folds
Uncalled bet ($6) returned to habari786
habari786 collected $23.52 from pot
habari786: doesn't show hand
*** SUMMARY ***
Total pot $24 | Rake $0.48
Board [2h Tc 6h 6c Ah]
Seat 3: habari786 (button) (small blind) collected ($23.52)
Seat 6: remeks (big blind) folded on the River


PokerStars Hand #164282898648:  Hold'em Limit ($3/$6 USD) - 2017/01/09 3:15:29 ET
Table 'Brunsia' 6-max Seat #6 is the button
Seat 3: habari786 ($196.15 in chips)
Seat 6: remeks ($503.28 in chips)
remeks: posts small blind $1
habari786: posts big blind $3
*** HOLE CARDS ***
remeks: raises $3 to $6
habari786: raises $3 to $9
remeks: raises $3 to $12
Betting is capped
habari786: calls $3
*** FLOP *** [Js 3h 3c]
habari786: checks
remeks: bets $3
habari786: calls $3
*** TURN *** [Js 3h 3c] [Td]
habari786: checks
remeks: bets $6
habari786: calls $6
*** RIVER *** [Js 3h 3c Td] [4h]
habari786: checks
remeks: bets $6
habari786: calls $6
*** SHOW DOWN ***
remeks: shows [As Ts] (two pair, Tens and Threes)
habari786: mucks hand
remeks collected $53.50 from pot
*** SUMMARY ***
Total pot $54 | Rake $0.50
Board [Js 3h 3c Td 4h]
Seat 3: habari786 (big blind) mucked
Seat 6: remeks (button) (small blind) showed [As Ts] and won ($53.50) with two pair, Tens and Threes


PokerStars Hand #164282908402:  Hold'em Limit ($3/$6 USD) - 2017/01/09 3:16:04 ET
Table 'Brunsia' 6-max Seat #3 is the button
Seat 3: habari786 ($171.03 in chips)
Seat 6: remeks ($527.78 in chips)
habari786: posts small blind $1
remeks: posts big blind $3
*** HOLE CARDS ***
habari786: folds
Uncalled bet ($2) returned to remeks
remeks collected $2 from pot
remeks: doesn't show hand
*** SUMMARY ***
Total pot $2 | Rake $0
Seat 3: habari786 (button) (small blind) folded before Flop
Seat 6: remeks (big blind) collected ($2)


PokerStars Hand #164282904946:  Hold'em Limit ($3/$6 USD) - 2017/01/09 3:15:52 ET
Table 'Brunsia' 6-max Seat #6 is the button
Seat 3: habari786 ($168.15 in chips)
Seat 6: remeks ($530.78 in chips)
remeks: posts small blind $1
habari786: posts big blind $3
*** HOLE CARDS ***
remeks: calls $2
habari786: checks
*** FLOP *** [2h 8d Td]
habari786: checks
remeks: checks
*** TURN *** [2h 8d Td] [4c]
habari786: checks
remeks: checks
*** RIVER *** [2h 8d Td 4c] [9d]
habari786: checks
remeks: checks
*** SHOW DOWN ***
habari786: shows [8c 5s] (a pair of Eights)
remeks: mucks hand
habari786 collected $5.88 from pot
*** SUMMARY ***
Total pot $6 | Rake $0.12
Board [2h 8d Td 4c 9d]
Seat 3: habari786 (big blind) showed [8c 5s] and won ($5.88) with a pair of Eights
Seat 6: remeks (button) (small blind) mucked


PokerStars Hand #164282914445:  Hold'em Limit ($3/$6 USD) - 2017/01/09 3:16:26 ET
Table 'Brunsia' 6-max Seat #3 is the button
Seat 3: habari786 ($146.03 in chips)
Seat 6: remeks ($552.28 in chips)
habari786: posts small blind $1
remeks: posts big blind $3
*** HOLE CARDS ***
habari786: folds
Uncalled bet ($2) returned to remeks
remeks collected $2 from pot
remeks: doesn't show hand
*** SUMMARY ***
Total pot $2 | Rake $0
Seat 3: habari786 (button) (small blind) folded before Flop
Seat 6: remeks (big blind) collected ($2)


PokerStars Hand #164282909823:  Hold'em Limit ($3/$6 USD) - 2017/01/09 3:16:09 ET
Table 'Brunsia' 6-max Seat #6 is the button
Seat 3: habari786 ($170.03 in chips)
Seat 6: remeks ($528.78 in chips)
remeks: posts small blind $1
habari786: posts big blind $3
*** HOLE CARDS ***
remeks: raises $3 to $6
habari786: calls $3
*** FLOP *** [3s 3c 9h]
habari786: checks
remeks: bets $3
habari786: raises $3 to $6
remeks: calls $3
*** TURN *** [3s 3c 9h] [5c]
habari786: bets $6
remeks: calls $6
*** RIVER *** [3s 3c 9h 5c] [9s]
habari786: bets $6
remeks: raises $6 to $12
habari786: folds
Uncalled bet ($6) returned to remeks
remeks collected $47.50 from pot
remeks: doesn't show hand
*** SUMMARY ***
Total pot $48 | Rake $0.50
Board [3s 3c 9h 5c 9s]
Seat 3: habari786 (big blind) folded on the River
Seat 6: remeks (button) (small blind) collected ($47.50)


PokerStars Hand #164282920110:  Hold'em Limit ($3/$6 USD) - 2017/01/09 3:16:46 ET
Table 'Brunsia' 6-max Seat #3 is the button
Seat 3: habari786 ($156.55 in chips)
Seat 6: remeks ($541.28 in chips)
habari786: posts small blind $1
remeks: posts big blind $3
*** HOLE CARDS ***
habari786: folds
Uncalled bet ($2) returned to remeks
remeks collected $2 from pot
remeks: doesn't show hand
*** SUMMARY ***
Total pot $2 | Rake $0
Seat 3: habari786 (button) (small blind) folded before Flop
Seat 6: remeks (big blind) collected ($2)


PokerStars Hand #164282915958:  Hold'em Limit ($3/$6 USD) - 2017/01/09 3:16:31 ET
Table 'Brunsia' 6-max Seat #6 is the button
Seat 3: habari786 ($145.03 in chips)
Seat 6: remeks ($553.28 in chips)
remeks: posts small blind $1
habari786: posts big blind $3
*** HOLE CARDS ***
remeks: calls $2
habari786: checks
*** FLOP *** [5c Kd Qs]
habari786: checks
remeks: bets $3
habari786: calls $3
*** TURN *** [5c Kd Qs] [6s]
habari786: checks
remeks: bets $6
habari786: raises $6 to $12
remeks: folds
Uncalled bet ($6) returned to habari786
habari786 collected $23.52 from pot
habari786: doesn't show hand
*** SUMMARY ***
Total pot $24 | Rake $0.48
Board [5c Kd Qs 6s]
Seat 3: habari786 (big blind) collected ($23.52)
Seat 6: remeks (button) (small blind) folded on the Turn


PokerStars Hand #164282925538:  Hold'em Limit ($3/$6 USD) - 2017/01/09 3:17:05 ET
Table 'Brunsia' 6-max Seat #3 is the button
Seat 3: habari786 ($173.05 in chips)
Seat 6: remeks ($524.28 in chips)
habari786: posts small blind $1
remeks: posts big blind $3
*** HOLE CARDS ***
habari786: folds
Uncalled bet ($2) returned to remeks
remeks collected $2 from pot
remeks: doesn't show hand
*** SUMMARY ***
Total pot $2 | Rake $0
Seat 3: habari786 (button) (small blind) folded before Flop
Seat 6: remeks (big blind) collected ($2)


PokerStars Hand #164282921456:  Hold'em Limit ($3/$6 USD) - 2017/01/09 3:16:50 ET
Table 'Brunsia' 6-max Seat #6 is the button
Seat 3: habari786 ($155.55 in chips)
Seat 6: remeks ($542.28 in chips)
remeks: posts small blind $1
habari786: posts big blind $3
*** HOLE CARDS ***
remeks: calls $2
habari786: checks
*** FLOP *** [Qd 2c 4d]
habari786: bets $3
remeks: calls $3
*** TURN *** [Qd 2c 4d] [7d]
habari786: bets $6
remeks: calls $6
*** RIVER *** [Qd 2c 4d 7d] [Jh]
habari786: bets $6
remeks: calls $6
*** SHOW DOWN ***
habari786: shows [7s 4h] (two pair, Sevens and Fours)
remeks: mucks hand
habari786 collected $35.50 from pot
*** SUMMARY ***
Total pot $36 | Rake $0.50
Board [Qd 2c 4d 7d Jh]
Seat 3: habari786 (big blind) showed [7s 4h] and won ($35.50) with two pair, Sevens and Fours
Seat 6: remeks (button) (small blind) mucked


PokerStars Hand #164282935774:  Hold'em Limit ($3/$6 USD) - 2017/01/09 3:17:41 ET
Table 'Brunsia' 6-max Seat #6 is the button
Seat 3: habari786 ($183.69 in chips)
Seat 6: remeks ($513.28 in chips)
remeks: posts small blind $1
habari786: posts big blind $3
*** HOLE CARDS ***
remeks: folds
Uncalled bet ($2) returned to habari786
habari786 collected $2 from pot
habari786: doesn't show hand
*** SUMMARY ***
Total pot $2 | Rake $0
Seat 3: habari786 (big blind) collected ($2)
Seat 6: remeks (button) (small blind) folded before Flop


PokerStars Hand #164282937229:  Hold'em Limit ($3/$6 USD) - 2017/01/09 3:17:46 ET
Table 'Brunsia' 6-max Seat #3 is the button
Seat 3: habari786 ($184.69 in chips)
Seat 6: remeks ($512.28 in chips)
habari786: posts small blind $1
remeks: posts big blind $3
*** HOLE CARDS ***
habari786: folds
Uncalled bet ($2) returned to remeks
remeks collected $2 from pot
remeks: doesn't show hand
*** SUMMARY ***
Total pot $2 | Rake $0
Seat 3: habari786 (button) (small blind) folded before Flop
Seat 6: remeks (big blind) collected ($2)


PokerStars Hand #164282938874:  Hold'em Limit ($3/$6 USD) - 2017/01/09 3:17:52 ET
Table 'Brunsia' 6-max Seat #6 is the button
Seat 3: habari786 ($183.69 in chips)
Seat 6: remeks ($513.28 in chips)
remeks: posts small blind $1
habari786: posts big blind $3
*** HOLE CARDS ***
remeks: raises $3 to $6
habari786: calls $3
*** FLOP *** [3c Th 6c]
habari786: checks
remeks: checks
*** TURN *** [3c Th 6c] [3s]
habari786: checks
remeks: bets $6
habari786: folds
Uncalled bet ($6) returned to remeks
remeks collected $11.76 from pot
remeks: doesn't show hand
*** SUMMARY ***
Total pot $12 | Rake $0.24
Board [3c Th 6c 3s]
Seat 3: habari786 (big blind) folded on the Turn
Seat 6: remeks (button) (small blind) collected ($11.76)


PokerStars Hand #164282928425:  Hold'em Limit ($3/$6 USD) - 2017/01/09 3:17:15 ET
Table 'Brunsia' 6-max Seat #3 is the button
Seat 3: habari786 ($173.05 in chips)
Seat 6: remeks ($524.28 in chips)
habari786: posts small blind $1
remeks: posts big blind $3
*** HOLE CARDS ***
habari786: raises $3 to $6
remeks: folds
Uncalled bet ($3) returned to habari786
habari786 collected $6 from pot
habari786: doesn't show hand
*** SUMMARY ***
Total pot $6 | Rake $0
Seat 3: habari786 (button) (small blind) collected ($6)
Seat 6: remeks (big blind) folded before Flop


PokerStars Hand #164282927085:  Hold'em Limit ($3/$6 USD) - 2017/01/09 3:17:10 ET
Table 'Brunsia' 6-max Seat #6 is the button
Seat 3: habari786 ($172.05 in chips)
Seat 6: remeks ($525.28 in chips)
remeks: posts small blind $1
habari786: posts big blind $3
*** HOLE CARDS ***
remeks: folds
Uncalled bet ($2) returned to habari786
habari786 collected $2 from pot
habari786: doesn't show hand
*** SUMMARY ***
Total pot $2 | Rake $0
Seat 3: habari786 (big blind) collected ($2)
Seat 6: remeks (button) (small blind) folded before Flop


PokerStars Hand #164282934367:  Hold'em Limit ($3/$6 USD) - 2017/01/09 3:17:36 ET
Table 'Brunsia' 6-max Seat #3 is the button
Seat 3: habari786 ($184.69 in chips)
Seat 6: remeks ($512.28 in chips)
habari786: posts small blind $1
remeks: posts big blind $3
*** HOLE CARDS ***
habari786: folds
Uncalled bet ($2) returned to remeks
remeks collected $2 from pot
remeks: doesn't show hand
*** SUMMARY ***
Total pot $2 | Rake $0
Seat 3: habari786 (button) (small blind) folded before Flop
Seat 6: remeks (big blind) collected ($2)


PokerStars Hand #164282929893:  Hold'em Limit ($3/$6 USD) - 2017/01/09 3:17:20 ET
Table 'Brunsia' 6-max Seat #6 is the button
Seat 3: habari786 ($176.05 in chips)
Seat 6: remeks ($521.28 in chips)
remeks: posts small blind $1
habari786: posts big blind $3
*** HOLE CARDS ***
remeks: raises $3 to $6
habari786: calls $3
*** FLOP *** [Td Ks 4h]
habari786: checks
remeks: bets $3
habari786: calls $3
*** TURN *** [Td Ks 4h] [4s]
habari786: checks
remeks: checks
*** RIVER *** [Td Ks 4h 4s] [8h]
habari786: bets $6
remeks: folds
Uncalled bet ($6) returned to habari786
habari786 collected $17.64 from pot
habari786: doesn't show hand
*** SUMMARY ***
Total pot $18 | Rake $0.36
Board [Td Ks 4h 4s 8h]
Seat 3: habari786 (big blind) collected ($17.64)
Seat 6: remeks (button) (small blind) folded on the River


PokerStars Hand #164282949342:  Hold'em Limit ($3/$6 USD) - 2017/01/09 3:18:29 ET
Table 'Brunsia' 6-max Seat #3 is the button
Seat 3: habari786 ($171.57 in chips)
Seat 6: remeks ($524.68 in chips)
habari786: posts small blind $1
remeks: posts big blind $3
*** HOLE CARDS ***
habari786: folds
Uncalled bet ($2) returned to remeks
remeks collected $2 from pot
remeks: doesn't show hand
*** SUMMARY ***
Total pot $2 | Rake $0
Seat 3: habari786 (button) (small blind) folded before Flop
Seat 6: remeks (big blind) collected ($2)


PokerStars Hand #164282945975:  Hold'em Limit ($3/$6 USD) - 2017/01/09 3:18:17 ET
Table 'Brunsia' 6-max Seat #6 is the button
Seat 3: habari786 ($168.69 in chips)
Seat 6: remeks ($527.68 in chips)
remeks: posts small blind $1
habari786: posts big blind $3
*** HOLE CARDS ***
remeks: calls $2
habari786: checks
*** FLOP *** [4h 4c 6h]
habari786: checks
remeks: checks
*** TURN *** [4h 4c 6h] [9h]
habari786: checks
remeks: checks
*** RIVER *** [4h 4c 6h 9h] [7c]
habari786: checks
remeks: checks
*** SHOW DOWN ***
habari786: shows [2s Qd] (a pair of Fours)
remeks: mucks hand
habari786 collected $5.88 from pot
*** SUMMARY ***
Total pot $6 | Rake $0.12
Board [4h 4c 6h 9h 7c]
Seat 3: habari786 (big blind) showed [2s Qd] and won ($5.88) with a pair of Fours
Seat 6: remeks (button) (small blind) mucked


PokerStars Hand #164282950694:  Hold'em Limit ($3/$6 USD) - 2017/01/09 3:18:34 ET
Table 'Brunsia' 6-max Seat #6 is the button
Seat 3: habari786 ($170.57 in chips)
Seat 6: remeks ($525.68 in chips)
remeks: posts small blind $1
habari786: posts big blind $3
*** HOLE CARDS ***
remeks: raises $3 to $6
habari786: raises $3 to $9
remeks: raises $3 to $12
Betting is capped
habari786: calls $3
*** FLOP *** [Jh 4s 7s]
habari786: checks
remeks: bets $3
habari786: calls $3
*** TURN *** [Jh 4s 7s] [Jd]
habari786: checks
remeks: bets $6
habari786: calls $6
*** RIVER *** [Jh 4s 7s Jd] [Kd]
habari786: checks
remeks: bets $6
habari786: calls $6
*** SHOW DOWN ***
remeks: shows [Ac Ad] (two pair, Aces and Jacks)
habari786: mucks hand
remeks collected $53.50 from pot
*** SUMMARY ***
Total pot $54 | Rake $0.50
Board [Jh 4s 7s Jd Kd]
Seat 3: habari786 (big blind) mucked
Seat 6: remeks (button) (small blind) showed [Ac Ad] and won ($53.50) with two pair, Aces and Jacks


PokerStars Hand #164282942047:  Hold'em Limit ($3/$6 USD) - 2017/01/09 3:18:03 ET
Table 'Brunsia' 6-max Seat #3 is the button
Seat 3: habari786 ($177.69 in chips)
Seat 6: remeks ($519.04 in chips)
habari786: posts small blind $1
remeks: posts big blind $3
*** HOLE CARDS ***
habari786: raises $3 to $6
remeks: calls $3
*** FLOP *** [Jc 4h Qc]
remeks: checks
habari786: bets $3
remeks: raises $3 to $6
habari786: folds
Uncalled bet ($3) returned to remeks
remeks collected $17.64 from pot
remeks: doesn't show hand
*** SUMMARY ***
Total pot $18 | Rake $0.36
Board [Jc 4h Qc]
Seat 3: habari786 (button) (small blind) folded on the Flop
Seat 6: remeks (big blind) collected ($17.64)


PokerStars Hand #164282964074:  Hold'em Limit ($3/$6 USD) - 2017/01/09 3:19:20 ET
Table 'Brunsia' 6-max Seat #3 is the button
Seat 3: habari786 ($132.57 in chips)
Seat 6: remeks ($562.70 in chips)
habari786: posts small blind $1
remeks: posts big blind $3
*** HOLE CARDS ***
habari786: raises $3 to $6
remeks: folds
Uncalled bet ($3) returned to habari786
habari786 collected $6 from pot
habari786: doesn't show hand
*** SUMMARY ***
Total pot $6 | Rake $0
Seat 3: habari786 (button) (small blind) collected ($6)
Seat 6: remeks (big blind) folded before Flop


PokerStars Hand #164282962654:  Hold'em Limit ($3/$6 USD) - 2017/01/09 3:19:15 ET
Table 'Brunsia' 6-max Seat #6 is the button
Seat 3: habari786 ($131.57 in chips)
Seat 6: remeks ($563.70 in chips)
remeks: posts small blind $1
habari786: posts big blind $3
*** HOLE CARDS ***
remeks: folds
Uncalled bet ($2) returned to habari786
habari786 collected $2 from pot
habari786: doesn't show hand
*** SUMMARY ***
Total pot $2 | Rake $0
Seat 3: habari786 (big blind) collected ($2)
Seat 6: remeks (button) (small blind) folded before Flop


PokerStars Hand #164282957778:  Hold'em Limit ($3/$6 USD) - 2017/01/09 3:18:58 ET
Table 'Brunsia' 6-max Seat #3 is the button
Seat 3: habari786 ($143.57 in chips)
Seat 6: remeks ($552.18 in chips)
habari786: posts small blind $1
remeks: posts big blind $3
*** HOLE CARDS ***
habari786: raises $3 to $6
remeks: calls $3
*** FLOP *** [3s 7h 2h]
remeks: checks
habari786: checks
*** TURN *** [3s 7h 2h] [6s]
remeks: checks
habari786: bets $6
remeks: calls $6
*** RIVER *** [3s 7h 2h 6s] [3d]
remeks: checks
habari786: checks
*** SHOW DOWN ***
remeks: shows [4h Ks] (a pair of Threes)
habari786: mucks hand
remeks collected $23.52 from pot
*** SUMMARY ***
Total pot $24 | Rake $0.48
Board [3s 7h 2h 6s 3d]
Seat 3: habari786 (button) (small blind) mucked
Seat 6: remeks (big blind) showed [4h Ks] and won ($23.52) with a pair of Threes


PokerStars Hand #164282965637:  Hold'em Limit ($3/$6 USD) - 2017/01/09 3:19:26 ET
Table 'Brunsia' 6-max Seat #6 is the button
Seat 3: habari786 ($135.57 in chips)
Seat 6: remeks ($559.70 in chips)
remeks: posts small blind $1
habari786: posts big blind $3
*** HOLE CARDS ***
remeks: calls $2
habari786: checks
*** FLOP *** [Td Kh Ts]
habari786: checks
remeks: checks
*** TURN *** [Td Kh Ts] [4c]
habari786: checks
remeks: checks
*** RIVER *** [Td Kh Ts 4c] [8c]
habari786: checks
remeks: checks
*** SHOW DOWN ***
habari786: shows [8d Qc] (two pair, Tens and Eights)
remeks: mucks hand
ECP1955 joins the table at seat #5
habari786 collected $5.88 from pot
*** SUMMARY ***
Total pot $6 | Rake $0.12
Board [Td Kh Ts 4c 8c]
Seat 3: habari786 (big blind) showed [8d Qc] and won ($5.88) with two pair, Tens and Eights
Seat 6: remeks (button) (small blind) mucked


PokerStars Hand #164290923231:  Hold'em Limit ($3/$6 USD) - 2017/01/09 8:27:31 ET
Table 'Brunsia' 6-max Seat #5 is the button
Seat 2: manly70 ($243.63 in chips)
Seat 5: B_loJkl ($199.79 in chips)
B_loJkl: posts small blind $1
manly70: posts big blind $3
fifi0701 joins the table at seat #1
*** HOLE CARDS ***
B_loJkl: raises $3 to $6
manly70: folds
Uncalled bet ($3) returned to B_loJkl
B_loJkl collected $6 from pot
B_loJkl: doesn't show hand
*** SUMMARY ***
Total pot $6 | Rake $0
Seat 2: manly70 (big blind) folded before Flop
Seat 5: B_loJkl (button) (small blind) collected ($6)


