PokerStars Hand #146102002220:  Hold'em Limit ($3/$6 USD) - 2015/12/29 4:57:31 ET
Table 'Bruwer' 6-max Seat #3 is the button
Seat 3: CatPuppy1999 ($54 in chips)
Seat 4: _fayzulllo_ ($72 in chips)
CatPuppy1999: posts small blind $1
_fayzulllo_: posts big blind $3
*** HOLE CARDS ***
CatPuppy1999: raises $3 to $6
_fayzulllo_: calls $3
*** FLOP *** [Ks Js 2c]
_fayzulllo_: checks
CatPuppy1999: bets $3
_fayzulllo_: folds
Uncalled bet ($3) returned to CatPuppy1999
CatPuppy1999 collected $11.76 from pot
CatPuppy1999: doesn't show hand
*** SUMMARY ***
Total pot $12 | Rake $0.24
Board [Ks Js 2c]
Seat 3: CatPuppy1999 (button) (small blind) collected ($11.76)
Seat 4: _fayzulllo_ (big blind) folded on the Flop


PokerStars Hand #146102009562:  Hold'em Limit ($3/$6 USD) - 2015/12/29 4:57:52 ET
Table 'Bruwer' 6-max Seat #4 is the button
Seat 3: CatPuppy1999 ($90 in chips)
Seat 4: _fayzulllo_ ($66 in chips)
_fayzulllo_: posts small blind $1
CatPuppy1999: posts big blind $3
*** HOLE CARDS ***
_fayzulllo_: raises $3 to $6
CatPuppy1999: calls $3
*** FLOP *** [Ac 7h Kc]
CatPuppy1999: checks
_fayzulllo_: bets $3
CatPuppy1999: raises $3 to $6
_fayzulllo_: calls $3
*** TURN *** [Ac 7h Kc] [8s]
CatPuppy1999: bets $6
_fayzulllo_: raises $6 to $12
CatPuppy1999: calls $6
*** RIVER *** [Ac 7h Kc 8s] [Ts]
CatPuppy1999: checks
_fayzulllo_: bets $6
CatPuppy1999: calls $6
*** SHOW DOWN ***
_fayzulllo_: shows [As 8h] (two pair, Aces and Eights)
CatPuppy1999: mucks hand
_fayzulllo_ collected $59.50 from pot
*** SUMMARY ***
Total pot $60 | Rake $0.50
Board [Ac 7h Kc 8s Ts]
Seat 3: CatPuppy1999 (big blind) mucked
Seat 4: _fayzulllo_ (button) (small blind) showed [As 8h] and won ($59.50) with two pair, Aces and Eights


PokerStars Hand #146102035517:  Hold'em Limit ($3/$6 USD) - 2015/12/29 4:59:03 ET
Table 'Bruwer' 6-max Seat #4 is the button
Seat 3: CatPuppy1999 ($84 in chips)
Seat 4: _fayzulllo_ ($101.26 in chips)
_fayzulllo_: posts small blind $1
CatPuppy1999: posts big blind $3
*** HOLE CARDS ***
_fayzulllo_: calls $2
CatPuppy1999: raises $3 to $6
_fayzulllo_: calls $3
*** FLOP *** [5h Td 7d]
CatPuppy1999: bets $3
_fayzulllo_: calls $3
*** TURN *** [5h Td 7d] [Kd]
pku006 joins the table at seat #6
CatPuppy1999: bets $6
_fayzulllo_: calls $6
*** RIVER *** [5h Td 7d Kd] [8h]
CatPuppy1999: bets $6
_fayzulllo_: raises $6 to $12
CatPuppy1999: raises $6 to $18
VolkovDmitri joins the table at seat #5
_fayzulllo_: calls $6
*** SHOW DOWN ***
CatPuppy1999: shows [8d Jd] (a flush, King high)
_fayzulllo_: mucks hand
CatPuppy1999 collected $65.50 from pot
*** SUMMARY ***
Total pot $66 | Rake $0.50
Board [5h Td 7d Kd 8h]
Seat 3: CatPuppy1999 (big blind) showed [8d Jd] and won ($65.50) with a flush, King high
Seat 4: _fayzulllo_ (button) (small blind) mucked


PokerStars Hand #146102024776:  Hold'em Limit ($3/$6 USD) - 2015/12/29 4:58:34 ET
Table 'Bruwer' 6-max Seat #3 is the button
Seat 3: CatPuppy1999 ($90 in chips)
Seat 4: _fayzulllo_ ($95.50 in chips)
CatPuppy1999: posts small blind $1
_fayzulllo_: posts big blind $3
*** HOLE CARDS ***
CatPuppy1999: raises $3 to $6
_fayzulllo_: calls $3
*** FLOP *** [Tc 8d 5s]
_fayzulllo_: checks
CatPuppy1999: checks
*** TURN *** [Tc 8d 5s] [Qs]
_fayzulllo_: bets $6
CatPuppy1999: folds
Uncalled bet ($6) returned to _fayzulllo_
_fayzulllo_ collected $11.76 from pot
_fayzulllo_: doesn't show hand
*** SUMMARY ***
Total pot $12 | Rake $0.24
Board [Tc 8d 5s Qs]
Seat 3: CatPuppy1999 (button) (small blind) folded on the Turn
Seat 4: _fayzulllo_ (big blind) collected ($11.76)


PokerStars Hand #146102053206:  Hold'em Limit ($3/$6 USD) - 2015/12/29 4:59:52 ET
Table 'Bruwer' 6-max Seat #3 is the button
Seat 3: CatPuppy1999 ($116.50 in chips)
Seat 6: pku006 ($40 in chips)
CatPuppy1999: posts small blind $1
pku006: posts big blind $3
*** HOLE CARDS ***
CatPuppy1999: raises $3 to $6
pku006: folds
Uncalled bet ($3) returned to CatPuppy1999
pku006 leaves the table
_fayzulllo_ is disconnected
CatPuppy1999 collected $6 from pot
CatPuppy1999: doesn't show hand
*** SUMMARY ***
Total pot $6 | Rake $0
Seat 3: CatPuppy1999 (button) (small blind) collected ($6)
Seat 6: pku006 (big blind) folded before Flop


PokerStars Hand #146102074136:  Hold'em Limit ($3/$6 USD) - 2015/12/29 5:00:45 ET
Table 'Bruwer' 6-max Seat #4 is the button
Seat 3: CatPuppy1999 ($119.50 in chips)
Seat 4: _fayzulllo_ ($68.26 in chips)
_fayzulllo_: posts small blind $1
CatPuppy1999: posts big blind $3
*** HOLE CARDS ***
_fayzulllo_: raises $3 to $6
CatPuppy1999: calls $3
*** FLOP *** [7c 3d As]
CatPuppy1999: checks
_fayzulllo_: bets $3
CatPuppy1999: calls $3
*** TURN *** [7c 3d As] [Ts]
CatPuppy1999: checks
_fayzulllo_: bets $6
CatPuppy1999: raises $6 to $12
_fayzulllo_: folds
Uncalled bet ($6) returned to CatPuppy1999
CatPuppy1999 collected $29.50 from pot
CatPuppy1999: doesn't show hand
*** SUMMARY ***
Total pot $30 | Rake $0.50
Board [7c 3d As Ts]
Seat 3: CatPuppy1999 (big blind) collected ($29.50)
Seat 4: _fayzulllo_ (button) (small blind) folded on the Turn


PokerStars Hand #146102091665:  Hold'em Limit ($3/$6 USD) - 2015/12/29 5:01:29 ET
Table 'Bruwer' 6-max Seat #3 is the button
Seat 3: CatPuppy1999 ($134 in chips)
Seat 4: _fayzulllo_ ($53.26 in chips)
CatPuppy1999: posts small blind $1
_fayzulllo_: posts big blind $3
*** HOLE CARDS ***
CatPuppy1999: raises $3 to $6
_fayzulllo_: calls $3
*** FLOP *** [3c Ah 9h]
_fayzulllo_: checks
CatPuppy1999: bets $3
_fayzulllo_: calls $3
*** TURN *** [3c Ah 9h] [2h]
_fayzulllo_: checks
CatPuppy1999: bets $6
_fayzulllo_: calls $6
*** RIVER *** [3c Ah 9h 2h] [7d]
_fayzulllo_: checks
CatPuppy1999: bets $6
_fayzulllo_: calls $6
*** SHOW DOWN ***
CatPuppy1999: shows [Ac 5c] (a pair of Aces)
arieli1 joins the table at seat #2
_fayzulllo_: mucks hand
CatPuppy1999 collected $41.50 from pot
*** SUMMARY ***
Total pot $42 | Rake $0.50
Board [3c Ah 9h 2h 7d]
Seat 3: CatPuppy1999 (button) (small blind) showed [Ac 5c] and won ($41.50) with a pair of Aces
Seat 4: _fayzulllo_ (big blind) mucked


PokerStars Hand #146102490275:  Hold'em Limit ($3/$6 USD) - 2015/12/29 5:16:48 ET
Table 'Bruwer' 6-max Seat #4 is the button
Seat 1: scorpio04 ($98.41 in chips)
Seat 4: VolkovDmitri ($172 in chips)
VolkovDmitri: posts small blind $1
belik555: is sitting out
HAL9QQQ: is sitting out
scorpio04: posts big blind $3
*** HOLE CARDS ***
belik555 leaves the table
VolkovDmitri: raises $3 to $6
HAL9QQQ leaves the table
scorpio04: calls $3
*** FLOP *** [9d 4d 5d]
scorpio04: checks
VolkovDmitri: checks
*** TURN *** [9d 4d 5d] [Tc]
scorpio04: bets $6
VolkovDmitri: calls $6
*** RIVER *** [9d 4d 5d Tc] [Qd]
scorpio04: bets $6
VolkovDmitri: calls $6
*** SHOW DOWN ***
scorpio04: shows [Ad 8s] (a flush, Ace high)
VolkovDmitri: mucks hand
scorpio04 collected $35.50 from pot
*** SUMMARY ***
Total pot $36 | Rake $0.50
Board [9d 4d 5d Tc Qd]
Seat 1: scorpio04 (big blind) showed [Ad 8s] and won ($35.50) with a flush, Ace high
Seat 4: VolkovDmitri (button) (small blind) mucked


