PokerStars Hand #150492688193:  Hold'em Limit ($3/$6 USD) - 2016/03/17 11:47:19 ET
Table 'Buda' 10-max Seat #7 is the button
Seat 5: kolmarchik11 ($104.02 in chips)
Seat 7: VolkovDmitri ($120 in chips)
VolkovDmitri: posts small blind $1
kolmarchik11: posts big blind $3
*** HOLE CARDS ***
VolkovDmitri: raises $3 to $6
kolmarchik11: folds
Uncalled bet ($3) returned to VolkovDmitri
kolmarchik11 leaves the table
VolkovDmitri collected $6 from pot
VolkovDmitri: doesn't show hand
*** SUMMARY ***
Total pot $6 | Rake $0
Seat 5: kolmarchik11 (big blind) folded before Flop
Seat 7: VolkovDmitri (button) (small blind) collected ($6)


PokerStars Hand #150492669857:  Hold'em Limit ($3/$6 USD) - 2016/03/17 11:46:53 ET
Table 'Buda' 10-max Seat #5 is the button
Seat 5: kolmarchik11 ($86.52 in chips)
Seat 7: VolkovDmitri ($131.64 in chips)
kolmarchik11: posts small blind $1
VolkovDmitri: posts big blind $3
*** HOLE CARDS ***
kolmarchik11: raises $3 to $6
VolkovDmitri: raises $3 to $9
kolmarchik11: calls $3
*** FLOP *** [9h Ad Jd]
VolkovDmitri: bets $3
kolmarchik11: calls $3
*** TURN *** [9h Ad Jd] [3d]
VolkovDmitri: checks
kolmarchik11: bets $6
VolkovDmitri: calls $6
*** RIVER *** [9h Ad Jd 3d] [Ts]
VolkovDmitri: checks
kolmarchik11: checks
*** SHOW DOWN ***
VolkovDmitri: shows [5d 5c] (a pair of Fives)
kolmarchik11: shows [Kd 9c] (a pair of Nines)
kolmarchik11 collected $35.50 from pot
*** SUMMARY ***
Total pot $36 | Rake $0.50
Board [9h Ad Jd 3d Ts]
Seat 5: kolmarchik11 (button) (small blind) showed [Kd 9c] and won ($35.50) with a pair of Nines
Seat 7: VolkovDmitri (big blind) showed [5d 5c] and lost with a pair of Fives


PokerStars Hand #150492664960:  Hold'em Limit ($3/$6 USD) - 2016/03/17 11:46:46 ET
Table 'Buda' 10-max Seat #7 is the button
Seat 5: kolmarchik11 ($89.52 in chips)
Seat 7: VolkovDmitri ($128.64 in chips)
VolkovDmitri: posts small blind $1
kolmarchik11: posts big blind $3
*** HOLE CARDS ***
VolkovDmitri: raises $3 to $6
kolmarchik11: folds
Uncalled bet ($3) returned to VolkovDmitri
VolkovDmitri collected $6 from pot
VolkovDmitri: doesn't show hand
*** SUMMARY ***
Total pot $6 | Rake $0
Seat 5: kolmarchik11 (big blind) folded before Flop
Seat 7: VolkovDmitri (button) (small blind) collected ($6)


PokerStars Hand #150492650348:  Hold'em Limit ($3/$6 USD) - 2016/03/17 11:46:26 ET
Table 'Buda' 10-max Seat #5 is the button
Seat 5: kolmarchik11 ($98.52 in chips)
Seat 7: VolkovDmitri ($120 in chips)
kolmarchik11: posts small blind $1
VolkovDmitri: posts big blind $3
*** HOLE CARDS ***
kolmarchik11: raises $3 to $6
VolkovDmitri: raises $3 to $9
kolmarchik11: calls $3
*** FLOP *** [2s Jd As]
GoliafUa joins the table at seat #6
VolkovDmitri: bets $3
kolmarchik11: folds
Uncalled bet ($3) returned to VolkovDmitri
VolkovDmitri collected $17.64 from pot
VolkovDmitri: doesn't show hand
*** SUMMARY ***
Total pot $18 | Rake $0.36
Board [2s Jd As]
Seat 5: kolmarchik11 (button) (small blind) folded on the Flop
Seat 7: VolkovDmitri (big blind) collected ($17.64)


