PokerStars Hand #168926820921:  Hold'em Limit ($3/$6 USD) - 2017/04/12 6:52:09 ET
Table 'Buda' 6-max Seat #1 is the button
Seat 1: iupeli ($218.38 in chips)
Seat 2: artecris ($507.84 in chips)
iupeli: posts small blind $1
artecris: posts big blind $3
*** HOLE CARDS ***
krossguard said, "brb"
iupeli: folds
Uncalled bet ($2) returned to artecris
Mordnilap leaves the table
artecris collected $2 from pot
artecris: doesn't show hand
*** SUMMARY ***
Total pot $2 | Rake $0
Seat 1: iupeli (button) (small blind) folded before Flop
Seat 2: artecris (big blind) collected ($2)


PokerStars Hand #168926818583:  Hold'em Limit ($3/$6 USD) - 2017/04/12 6:52:04 ET
Table 'Buda' 6-max Seat #2 is the button
Seat 1: iupeli ($217.38 in chips)
Seat 2: artecris ($508.84 in chips)
artecris: posts small blind $1
krossguard: is sitting out
Mordnilap: is sitting out
iupeli: posts big blind $3
*** HOLE CARDS ***
artecris: folds
Uncalled bet ($2) returned to iupeli
iupeli collected $2 from pot
iupeli: doesn't show hand
*** SUMMARY ***
Total pot $2 | Rake $0
Seat 1: iupeli (big blind) collected ($2)
Seat 2: artecris (button) (small blind) folded before Flop


PokerStars Hand #168926847728:  Hold'em Limit ($3/$6 USD) - 2017/04/12 6:53:11 ET
Table 'Buda' 6-max Seat #2 is the button
Seat 2: artecris ($508.84 in chips)
Seat 3: krossguard ($130.77 in chips)
artecris: posts small blind $1
krossguard: posts big blind $3
*** HOLE CARDS ***
artecris: folds
Uncalled bet ($2) returned to krossguard
krossguard collected $2 from pot
krossguard: doesn't show hand
*** SUMMARY ***
Total pot $2 | Rake $0
Seat 2: artecris (button) (small blind) folded before Flop
Seat 3: krossguard (big blind) collected ($2)


PokerStars Hand #168926850227:  Hold'em Limit ($3/$6 USD) - 2017/04/12 6:53:16 ET
Table 'Buda' 6-max Seat #3 is the button
Seat 2: artecris ($507.84 in chips)
Seat 3: krossguard ($131.77 in chips)
krossguard: posts small blind $1
artecris: posts big blind $3
*** HOLE CARDS ***
krossguard: raises $3 to $6
artecris: calls $3
*** FLOP *** [2h Kh Jh]
artecris: checks
krossguard: bets $3
artecris: folds
Uncalled bet ($3) returned to krossguard
muugiii944 leaves the table
krossguard collected $11.76 from pot
krossguard: doesn't show hand
artecris leaves the table
*** SUMMARY ***
Total pot $12 | Rake $0.24
Board [2h Kh Jh]
Seat 2: artecris (big blind) folded on the Flop
Seat 3: krossguard (button) (small blind) collected ($11.76)


PokerStars Hand #168926828458:  Hold'em Limit ($3/$6 USD) - 2017/04/12 6:52:27 ET
Table 'Buda' 6-max Seat #3 is the button
Seat 1: iupeli ($217.38 in chips)
Seat 3: krossguard ($145.77 in chips)
krossguard: posts small blind $1
iupeli: posts big blind $3
*** HOLE CARDS ***
artecris joins the table at seat #2
krossguard: raises $3 to $6
iupeli: calls $3
*** FLOP *** [2h 7s Kd]
iupeli: checks
krossguard: bets $3
iupeli: calls $3
*** TURN *** [2h 7s Kd] [3c]
iupeli: checks
krossguard: bets $6
iupeli: calls $6
*** RIVER *** [2h 7s Kd 3c] [9c]
iupeli: checks
krossguard: checks
*** SHOW DOWN ***
iupeli: shows [Td 7h] (a pair of Sevens)
krossguard: mucks hand
iupeli collected $29.50 from pot
*** SUMMARY ***
Total pot $30 | Rake $0.50
Board [2h 7s Kd 3c 9c]
Seat 1: iupeli (big blind) showed [Td 7h] and won ($29.50) with a pair of Sevens
Seat 3: krossguard (button) (small blind) mucked


