PokerStars Hand #157609187487:  Hold'em Limit ($3/$6 USD) - 2016/08/22 15:49:51 ET
Table 'Buda' 10-max Seat #6 is the button
Seat 5: simper11 ($120 in chips)
Seat 6: xcgxcg2005 ($143.50 in chips)
xcgxcg2005: posts small blind $1
simper11: posts big blind $3
*** HOLE CARDS ***
xcgxcg2005: raises $3 to $6
simper11: folds
Uncalled bet ($3) returned to xcgxcg2005
xcgxcg2005 collected $6 from pot
xcgxcg2005: doesn't show hand
*** SUMMARY ***
Total pot $6 | Rake $0
Seat 5: simper11 (big blind) folded before Flop
Seat 6: xcgxcg2005 (button) (small blind) collected ($6)


PokerStars Hand #157609231119:  Hold'em Limit ($3/$6 USD) - 2016/08/22 15:50:42 ET
Table 'Buda' 10-max Seat #6 is the button
Seat 5: simper11 ($120 in chips)
Seat 6: xcgxcg2005 ($163.64 in chips)
xcgxcg2005: posts small blind $1
simper11: posts big blind $3
*** HOLE CARDS ***
xcgxcg2005: raises $3 to $6
simper11: raises $3 to $9
xcgxcg2005: calls $3
*** FLOP *** [Qd 2s Jh]
simper11: bets $3
xcgxcg2005: calls $3
*** TURN *** [Qd 2s Jh] [7d]
simper11: bets $6
xcgxcg2005: folds
Uncalled bet ($6) returned to simper11
simper11 collected $23.52 from pot
simper11: doesn't show hand
*** SUMMARY ***
Total pot $24 | Rake $0.48
Board [Qd 2s Jh 7d]
Seat 5: simper11 (big blind) collected ($23.52)
Seat 6: xcgxcg2005 (button) (small blind) folded on the Turn


PokerStars Hand #157609217333:  Hold'em Limit ($3/$6 USD) - 2016/08/22 15:50:26 ET
Table 'Buda' 10-max Seat #5 is the button
Seat 5: simper11 ($128.64 in chips)
Seat 6: xcgxcg2005 ($155 in chips)
simper11: posts small blind $1
xcgxcg2005: posts big blind $3
*** HOLE CARDS ***
simper11: raises $3 to $6
xcgxcg2005: calls $3
*** FLOP *** [Td 7c Qs]
xcgxcg2005: checks
simper11: bets $3
xcgxcg2005: calls $3
*** TURN *** [Td 7c Qs] [5d]
xcgxcg2005: checks
simper11: checks
*** RIVER *** [Td 7c Qs 5d] [2c]
xcgxcg2005: bets $6
simper11: folds
Uncalled bet ($6) returned to xcgxcg2005
xcgxcg2005 collected $17.64 from pot
xcgxcg2005: doesn't show hand
*** SUMMARY ***
Total pot $18 | Rake $0.36
Board [Td 7c Qs 5d 2c]
Seat 5: simper11 (button) (small blind) folded on the River
Seat 6: xcgxcg2005 (big blind) collected ($17.64)


PokerStars Hand #157609205296:  Hold'em Limit ($3/$6 USD) - 2016/08/22 15:50:12 ET
Table 'Buda' 10-max Seat #6 is the button
Seat 5: simper11 ($120 in chips)
Seat 6: xcgxcg2005 ($164 in chips)
xcgxcg2005: posts small blind $1
simper11: posts big blind $3
*** HOLE CARDS ***
xcgxcg2005: raises $3 to $6
simper11: calls $3
*** FLOP *** [3h Qs Th]
simper11: checks
xcgxcg2005: bets $3
simper11: calls $3
*** TURN *** [3h Qs Th] [9h]
simper11: checks
xcgxcg2005: checks
*** RIVER *** [3h Qs Th 9h] [6d]
simper11: checks
xcgxcg2005: checks
*** SHOW DOWN ***
simper11: shows [2h Ac] (high card Ace)
xcgxcg2005: mucks hand
simper11 collected $17.64 from pot
*** SUMMARY ***
Total pot $18 | Rake $0.36
Board [3h Qs Th 9h 6d]
Seat 5: simper11 (big blind) showed [2h Ac] and won ($17.64) with high card Ace
Seat 6: xcgxcg2005 (button) (small blind) mucked


PokerStars Hand #157609192182:  Hold'em Limit ($3/$6 USD) - 2016/08/22 15:49:56 ET
Table 'Buda' 10-max Seat #5 is the button
Seat 5: simper11 ($120 in chips)
Seat 6: xcgxcg2005 ($146.50 in chips)
simper11: posts small blind $1
xcgxcg2005: posts big blind $3
*** HOLE CARDS ***
simper11: raises $3 to $6
xcgxcg2005: raises $3 to $9
simper11: calls $3
*** FLOP *** [Jd 3c 7d]
xcgxcg2005: bets $3
simper11: calls $3
*** TURN *** [Jd 3c 7d] [9h]
xcgxcg2005: bets $6
simper11: calls $6
*** RIVER *** [Jd 3c 7d 9h] [4h]
xcgxcg2005: bets $6
simper11: folds
Uncalled bet ($6) returned to xcgxcg2005
xcgxcg2005 collected $35.50 from pot
xcgxcg2005: doesn't show hand
*** SUMMARY ***
Total pot $36 | Rake $0.50
Board [Jd 3c 7d 9h 4h]
Seat 5: simper11 (button) (small blind) folded on the River
Seat 6: xcgxcg2005 (big blind) collected ($35.50)


PokerStars Hand #157609241478:  Hold'em Limit ($3/$6 USD) - 2016/08/22 15:50:54 ET
Table 'Buda' 10-max Seat #5 is the button
Seat 5: simper11 ($131.52 in chips)
Seat 6: xcgxcg2005 ($151.64 in chips)
simper11: posts small blind $1
xcgxcg2005: posts big blind $3
*** HOLE CARDS ***
simper11: raises $3 to $6
xcgxcg2005: raises $3 to $9
simper11: calls $3
*** FLOP *** [8c 9c 5c]
xcgxcg2005: bets $3
simper11: calls $3
*** TURN *** [8c 9c 5c] [Kh]
xcgxcg2005: bets $6
simper11: raises $6 to $12
xcgxcg2005: calls $6
*** RIVER *** [8c 9c 5c Kh] [3c]
Pandakey joins the table at seat #7
xcgxcg2005: checks
simper11: checks
*** SHOW DOWN ***
xcgxcg2005: shows [Ah 9h] (a pair of Nines)
simper11: shows [Kd 5d] (two pair, Kings and Fives)
simper11 collected $47.50 from pot
*** SUMMARY ***
Total pot $48 | Rake $0.50
Board [8c 9c 5c Kh 3c]
Seat 5: simper11 (button) (small blind) showed [Kd 5d] and won ($47.50) with two pair, Kings and Fives
Seat 6: xcgxcg2005 (big blind) showed [Ah 9h] and lost with a pair of Nines


PokerStars Hand #157612733697:  Hold'em Limit ($3/$6 USD) - 2016/08/22 17:04:41 ET
Table 'Buda' 10-max Seat #6 is the button
Seat 3: Hannibal2211 ($99.30 in chips)
Seat 6: RaisemyNut$ ($100 in chips)
RaisemyNut$: posts small blind $1
Hannibal2211: posts big blind $3
*** HOLE CARDS ***
Summersone74 leaves the table
RaisemyNut$: folds
Uncalled bet ($2) returned to Hannibal2211
Hannibal2211 collected $2 from pot
*** SUMMARY ***
Total pot $2 | Rake $0
Seat 3: Hannibal2211 (big blind) collected ($2)
Seat 6: RaisemyNut$ (button) (small blind) folded before Flop


