PokerStars Hand #147530175014:  Hold'em Limit ($3/$6 USD) - 2016/01/23 7:56:06 ET
Table 'Buda III' 2-max Seat #2 is the button
Seat 1: opalum3 ($88.22 in chips)
Seat 2: fogikap ($15.03 in chips)
fogikap: posts small blind $1
opalum3: posts big blind $3
*** HOLE CARDS ***
fogikap: calls $2
opalum3: raises $3 to $6
fogikap: folds
Uncalled bet ($3) returned to opalum3
opalum3 collected $6 from pot
fogikap leaves the table
opalum3 leaves the table
*** SUMMARY ***
Total pot $6 | Rake $0
Seat 1: opalum3 (big blind) collected ($6)
Seat 2: fogikap (button) (small blind) folded before Flop


PokerStars Hand #147530166906:  Hold'em Limit ($3/$6 USD) - 2016/01/23 7:55:52 ET
Table 'Buda III' 2-max Seat #1 is the button
Seat 1: opalum3 ($67.72 in chips)
Seat 2: fogikap ($36.03 in chips)
opalum3: posts small blind $1
fogikap: posts big blind $3
*** HOLE CARDS ***
opalum3: raises $3 to $6
fogikap: raises $3 to $9
opalum3: raises $3 to $12
Betting is capped
fogikap: calls $3
*** FLOP *** [Ac Kh Jd]
fogikap: bets $3
opalum3: raises $3 to $6
fogikap: raises $3 to $9
opalum3: calls $3
*** TURN *** [Ac Kh Jd] [Qc]
fogikap: folds
opalum3 collected $41.50 from pot
*** SUMMARY ***
Total pot $42 | Rake $0.50
Board [Ac Kh Jd Qc]
Seat 1: opalum3 (button) (small blind) collected ($41.50)
Seat 2: fogikap (big blind) folded on the Turn


