PokerStars Hand #161910154492:  Hold'em Limit ($3/$6 USD) - 2016/11/24 17:28:36 ET
Table 'Buda' 6-max Seat #2 is the button
Seat 1: assitoni ($72 in chips)
Seat 2: Goldvrn ($134.50 in chips)
Goldvrn: posts small blind $1
assitoni: posts big blind $3
*** HOLE CARDS ***
Goldvrn: calls $2
assitoni: checks
*** FLOP *** [8c Kd Kc]
assitoni: checks
Goldvrn: checks
*** TURN *** [8c Kd Kc] [6d]
assitoni: checks
Goldvrn: bets $6
assitoni: raises $6 to $12
Goldvrn: folds
Uncalled bet ($6) returned to assitoni
assitoni collected $17.64 from pot
assitoni: doesn't show hand
*** SUMMARY ***
Total pot $18 | Rake $0.36
Board [8c Kd Kc 6d]
Seat 1: assitoni (big blind) collected ($17.64)
Seat 2: Goldvrn (button) (small blind) folded on the Turn


PokerStars Hand #161910127151:  Hold'em Limit ($3/$6 USD) - 2016/11/24 17:28:06 ET
Table 'Buda' 6-max Seat #1 is the button
Seat 1: assitoni ($72 in chips)
Seat 2: Goldvrn ($120 in chips)
assitoni: posts small blind $1
Goldvrn: posts big blind $3
*** HOLE CARDS ***
assitoni: raises $3 to $6
Goldvrn: raises $3 to $9
assitoni: calls $3
*** FLOP *** [Js 8d 3h]
Goldvrn: checks
assitoni: bets $3
Goldvrn: raises $3 to $6
assitoni: calls $3
*** TURN *** [Js 8d 3h] [Jh]
Goldvrn: bets $6
assitoni: folds
Uncalled bet ($6) returned to Goldvrn
Goldvrn collected $29.50 from pot
*** SUMMARY ***
Total pot $30 | Rake $0.50
Board [Js 8d 3h Jh]
Seat 1: assitoni (button) (small blind) folded on the Turn
Seat 2: Goldvrn (big blind) collected ($29.50)


PokerStars Hand #161910229992:  Hold'em Limit ($3/$6 USD) - 2016/11/24 17:30:04 ET
Table 'Buda' 6-max Seat #2 is the button
Seat 2: Goldvrn ($145.78 in chips)
Seat 3: zzzloy0408 ($76 in chips)
Goldvrn: posts small blind $1
zzzloy0408: posts big blind $3
*** HOLE CARDS ***
Goldvrn: calls $2
zzzloy0408: checks
*** FLOP *** [7c 4c Tc]
zzzloy0408: checks
Goldvrn: checks
*** TURN *** [7c 4c Tc] [3d]
zzzloy0408: checks
Goldvrn: checks
*** RIVER *** [7c 4c Tc 3d] [Kd]
zzzloy0408: checks
Goldvrn: checks
*** SHOW DOWN ***
zzzloy0408: shows [8h 6d] (high card King)
Goldvrn: shows [2s As] (high card Ace)
Goldvrn collected $5.88 from pot
*** SUMMARY ***
Total pot $6 | Rake $0.12
Board [7c 4c Tc 3d Kd]
Seat 2: Goldvrn (button) (small blind) showed [2s As] and won ($5.88) with high card Ace
Seat 3: zzzloy0408 (big blind) showed [8h 6d] and lost with high card King


PokerStars Hand #161910215346:  Hold'em Limit ($3/$6 USD) - 2016/11/24 17:29:47 ET
Table 'Buda' 6-max Seat #3 is the button
Seat 2: Goldvrn ($137.14 in chips)
Seat 3: zzzloy0408 ($85 in chips)
zzzloy0408: posts small blind $1
Goldvrn: posts big blind $3
*** HOLE CARDS ***
zzzloy0408: raises $3 to $6
Goldvrn: calls $3
*** FLOP *** [7h Ad 4s]
Goldvrn: checks
zzzloy0408: bets $3
Goldvrn: calls $3
*** TURN *** [7h Ad 4s] [Tc]
Goldvrn: checks
zzzloy0408: checks
*** RIVER *** [7h Ad 4s Tc] [5s]
Goldvrn: bets $6
zzzloy0408: folds
Uncalled bet ($6) returned to Goldvrn
Goldvrn collected $17.64 from pot
*** SUMMARY ***
Total pot $18 | Rake $0.36
Board [7h Ad 4s Tc 5s]
Seat 2: Goldvrn (big blind) collected ($17.64)
Seat 3: zzzloy0408 (button) (small blind) folded on the River


PokerStars Hand #161910210045:  Hold'em Limit ($3/$6 USD) - 2016/11/24 17:29:40 ET
Table 'Buda' 6-max Seat #2 is the button
Seat 2: Goldvrn ($134.14 in chips)
Seat 3: zzzloy0408 ($88 in chips)
Goldvrn: posts small blind $1
zzzloy0408: posts big blind $3
*** HOLE CARDS ***
Goldvrn: raises $3 to $6
zzzloy0408: folds
Uncalled bet ($3) returned to Goldvrn
Goldvrn collected $6 from pot
*** SUMMARY ***
Total pot $6 | Rake $0
Seat 2: Goldvrn (button) (small blind) collected ($6)
Seat 3: zzzloy0408 (big blind) folded before Flop


PokerStars Hand #161910173858:  Hold'em Limit ($3/$6 USD) - 2016/11/24 17:28:58 ET
Table 'Buda' 6-max Seat #1 is the button
Seat 1: assitoni ($80.64 in chips)
Seat 2: Goldvrn ($125.50 in chips)
assitoni: posts small blind $1
Goldvrn: posts big blind $3
*** HOLE CARDS ***
assitoni: raises $3 to $6
Goldvrn: calls $3
*** FLOP *** [Kh Jd Ah]
Goldvrn: checks
assitoni: bets $3
Goldvrn: calls $3
*** TURN *** [Kh Jd Ah] [8s]
Goldvrn: checks
zzzloy0408 joins the table at seat #3
assitoni: checks
*** RIVER *** [Kh Jd Ah 8s] [6c]
Goldvrn: bets $6
assitoni: folds
Uncalled bet ($6) returned to Goldvrn
Goldvrn collected $17.64 from pot
*** SUMMARY ***
Total pot $18 | Rake $0.36
Board [Kh Jd Ah 8s 6c]
Seat 1: assitoni (button) (small blind) folded on the River
Seat 2: Goldvrn (big blind) collected ($17.64)


PokerStars Hand #161910248259:  Hold'em Limit ($3/$6 USD) - 2016/11/24 17:30:25 ET
Table 'Buda' 6-max Seat #2 is the button
Seat 2: Goldvrn ($145.66 in chips)
Seat 3: zzzloy0408 ($76 in chips)
Goldvrn: posts small blind $1
zzzloy0408: posts big blind $3
*** HOLE CARDS ***
Goldvrn: raises $3 to $6
zzzloy0408: calls $3
*** FLOP *** [7c Td 7s]
zzzloy0408: checks
Goldvrn: bets $3
zzzloy0408: raises $3 to $6
Goldvrn: folds
Uncalled bet ($3) returned to zzzloy0408
assitoni leaves the table
gnatakurchpz joins the table at seat #4
zzzloy0408 collected $17.64 from pot
*** SUMMARY ***
Total pot $18 | Rake $0.36
Board [7c Td 7s]
Seat 2: Goldvrn (button) (small blind) folded on the Flop
Seat 3: zzzloy0408 (big blind) collected ($17.64)


PokerStars Hand #161910243049:  Hold'em Limit ($3/$6 USD) - 2016/11/24 17:30:19 ET
Table 'Buda' 6-max Seat #3 is the button
Seat 2: Goldvrn ($148.66 in chips)
Seat 3: zzzloy0408 ($73 in chips)
zzzloy0408: posts small blind $1
Goldvrn: posts big blind $3
*** HOLE CARDS ***
zzzloy0408: raises $3 to $6
Goldvrn: folds
Uncalled bet ($3) returned to zzzloy0408
zzzloy0408 collected $6 from pot
*** SUMMARY ***
Total pot $6 | Rake $0
Seat 2: Goldvrn (big blind) folded before Flop
Seat 3: zzzloy0408 (button) (small blind) collected ($6)


PokerStars Hand #161910769657:  Hold'em Limit ($3/$6 USD) - 2016/11/24 17:41:02 ET
Table 'Buda' 6-max Seat #5 is the button
Seat 3: zzzloy0408 ($63.16 in chips)
Seat 5: ToDaFelt ($195.41 in chips)
ToDaFelt: posts small blind $1
zzzloy0408: posts big blind $3
*** HOLE CARDS ***
mareshkin joins the table at seat #1
ToDaFelt: raises $3 to $6
zzzloy0408: calls $3
*** FLOP *** [Kd 4s Js]
zzzloy0408: checks
ToDaFelt: bets $3
zzzloy0408: folds
Uncalled bet ($3) returned to ToDaFelt
ToDaFelt collected $11.76 from pot
ToDaFelt: doesn't show hand
*** SUMMARY ***
Total pot $12 | Rake $0.24
Board [Kd 4s Js]
Seat 3: zzzloy0408 (big blind) folded on the Flop
Seat 5: ToDaFelt (button) (small blind) collected ($11.76)


PokerStars Hand #161910742841:  Hold'em Limit ($3/$6 USD) - 2016/11/24 17:40:28 ET
Table 'Buda' 6-max Seat #3 is the button
Seat 3: zzzloy0408 ($42.66 in chips)
Seat 5: ToDaFelt ($216.41 in chips)
zzzloy0408: posts small blind $1
ToDaFelt: posts big blind $3
*** HOLE CARDS ***
zzzloy0408: raises $3 to $6
ToDaFelt: raises $3 to $9
zzzloy0408: calls $3
*** FLOP *** [As Jd Kh]
ToDaFelt: bets $3
zzzloy0408: raises $3 to $6
ToDaFelt: calls $3
*** TURN *** [As Jd Kh] [4c]
ToDaFelt: checks
zzzloy0408: bets $6
ToDaFelt: calls $6
*** RIVER *** [As Jd Kh 4c] [Qs]
ToDaFelt: checks
zzzloy0408: checks
*** SHOW DOWN ***
ToDaFelt: shows [Qd 9c] (a pair of Queens)
zzzloy0408: shows [8h Ac] (a pair of Aces)
zzzloy0408 collected $41.50 from pot
*** SUMMARY ***
Total pot $42 | Rake $0.50
Board [As Jd Kh 4c Qs]
Seat 3: zzzloy0408 (button) (small blind) showed [8h Ac] and won ($41.50) with a pair of Aces
Seat 5: ToDaFelt (big blind) showed [Qd 9c] and lost with a pair of Queens


PokerStars Hand #161910782726:  Hold'em Limit ($3/$6 USD) - 2016/11/24 17:41:18 ET
Table 'Buda' 6-max Seat #3 is the button
Seat 3: zzzloy0408 ($57.16 in chips)
Seat 5: ToDaFelt ($201.17 in chips)
zzzloy0408: posts small blind $1
ToDaFelt: posts big blind $3
*** HOLE CARDS ***
zzzloy0408: raises $3 to $6
ToDaFelt: calls $3
*** FLOP *** [3s Ah Jd]
ToDaFelt: checks
zzzloy0408: bets $3
ToDaFelt: folds
Uncalled bet ($3) returned to zzzloy0408
zzzloy0408 collected $11.76 from pot
*** SUMMARY ***
Total pot $12 | Rake $0.24
Board [3s Ah Jd]
Seat 3: zzzloy0408 (button) (small blind) collected ($11.76)
Seat 5: ToDaFelt (big blind) folded on the Flop


PokerStars Hand #161911009601:  Hold'em Limit ($3/$6 USD) - 2016/11/24 17:46:03 ET
Table 'Buda' 6-max Seat #5 is the button
Seat 3: zzzloy0408 ($85.06 in chips)
Seat 5: ToDaFelt ($220.95 in chips)
ToDaFelt: posts small blind $1
zzzloy0408: posts big blind $3
*** HOLE CARDS ***
ToDaFelt: raises $3 to $6
zzzloy0408: calls $3
*** FLOP *** [5h 7c Tc]
zzzloy0408: checks
ToDaFelt: bets $3
zzzloy0408: raises $3 to $6
ToDaFelt: calls $3
*** TURN *** [5h 7c Tc] [Ac]
zzzloy0408: checks
ToDaFelt: bets $6
zzzloy0408: calls $6
*** RIVER *** [5h 7c Tc Ac] [4s]
zzzloy0408: checks
ToDaFelt: bets $6
zzzloy0408: folds
Uncalled bet ($6) returned to ToDaFelt
ToDaFelt collected $35.50 from pot
ToDaFelt: doesn't show hand
*** SUMMARY ***
Total pot $36 | Rake $0.50
Board [5h 7c Tc Ac 4s]
Seat 3: zzzloy0408 (big blind) folded on the River
Seat 5: ToDaFelt (button) (small blind) collected ($35.50)


PokerStars Hand #161911041945:  Hold'em Limit ($3/$6 USD) - 2016/11/24 17:46:44 ET
Table 'Buda' 6-max Seat #3 is the button
Seat 3: zzzloy0408 ($67.06 in chips)
Seat 5: ToDaFelt ($238.45 in chips)
zzzloy0408: posts small blind $1
ToDaFelt: posts big blind $3
*** HOLE CARDS ***
zzzloy0408: raises $3 to $6
ToDaFelt: calls $3
*** FLOP *** [Jd 6c 4d]
ToDaFelt: checks
zzzloy0408: bets $3
ToDaFelt: calls $3
*** TURN *** [Jd 6c 4d] [Qd]
ToDaFelt: checks
zzzloy0408: bets $6
ToDaFelt: raises $6 to $12
zzzloy0408: calls $6
*** RIVER *** [Jd 6c 4d Qd] [Ad]
ToDaFelt: checks
zzzloy0408: bets $6
ToDaFelt: calls $6
*** SHOW DOWN ***
zzzloy0408: shows [Jh Td] (a flush, Ace high)
ToDaFelt: mucks hand
zzzloy0408 collected $53.50 from pot
*** SUMMARY ***
Total pot $54 | Rake $0.50
Board [Jd 6c 4d Qd Ad]
Seat 3: zzzloy0408 (button) (small blind) showed [Jh Td] and won ($53.50) with a flush, Ace high
Seat 5: ToDaFelt (big blind) mucked


PokerStars Hand #161911085136:  Hold'em Limit ($3/$6 USD) - 2016/11/24 17:47:39 ET
Table 'Buda' 6-max Seat #3 is the button
Seat 3: zzzloy0408 ($105.08 in chips)
Seat 5: ToDaFelt ($199.45 in chips)
zzzloy0408: posts small blind $1
ToDaFelt: posts big blind $3
*** HOLE CARDS ***
zzzloy0408: folds
Uncalled bet ($2) returned to ToDaFelt
ToDaFelt collected $2 from pot
ToDaFelt: doesn't show hand
*** SUMMARY ***
Total pot $2 | Rake $0
Seat 3: zzzloy0408 (button) (small blind) folded before Flop
Seat 5: ToDaFelt (big blind) collected ($2)


PokerStars Hand #161911060410:  Hold'em Limit ($3/$6 USD) - 2016/11/24 17:47:07 ET
Table 'Buda' 6-max Seat #5 is the button
Seat 3: zzzloy0408 ($93.56 in chips)
Seat 5: ToDaFelt ($211.45 in chips)
ToDaFelt: posts small blind $1
zzzloy0408: posts big blind $3
*** HOLE CARDS ***
ToDaFelt: raises $3 to $6
zzzloy0408: raises $3 to $9
ToDaFelt: calls $3
*** FLOP *** [9s Qh 9h]
zzzloy0408: bets $3
ToDaFelt: calls $3
*** TURN *** [9s Qh 9h] [5s]
zzzloy0408: checks
ToDaFelt: checks
*** RIVER *** [9s Qh 9h 5s] [2h]
zzzloy0408: bets $6
ToDaFelt: folds
Uncalled bet ($6) returned to zzzloy0408
zzzloy0408 collected $23.52 from pot
*** SUMMARY ***
Total pot $24 | Rake $0.48
Board [9s Qh 9h 5s 2h]
Seat 3: zzzloy0408 (big blind) collected ($23.52)
Seat 5: ToDaFelt (button) (small blind) folded on the River


PokerStars Hand #161911090023:  Hold'em Limit ($3/$6 USD) - 2016/11/24 17:47:45 ET
Table 'Buda' 6-max Seat #5 is the button
Seat 3: zzzloy0408 ($104.08 in chips)
Seat 5: ToDaFelt ($200.45 in chips)
ToDaFelt: posts small blind $1
zzzloy0408: posts big blind $3
*** HOLE CARDS ***
ToDaFelt: raises $3 to $6
zzzloy0408: raises $3 to $9
ToDaFelt: calls $3
*** FLOP *** [As 6h Ah]
zzzloy0408: bets $3
ToDaFelt: calls $3
*** TURN *** [As 6h Ah] [Tc]
zzzloy0408: checks
ToDaFelt: bets $6
zzzloy0408: calls $6
*** RIVER *** [As 6h Ah Tc] [Ac]
zzzloy0408: checks
ToDaFelt: bets $6
zzzloy0408: calls $6
*** SHOW DOWN ***
ToDaFelt: shows [Td Jh] (a full house, Aces full of Tens)
zzzloy0408: shows [8c 8d] (a full house, Aces full of Eights)
ToDaFelt collected $47.50 from pot
*** SUMMARY ***
Total pot $48 | Rake $0.50
Board [As 6h Ah Tc Ac]
Seat 3: zzzloy0408 (big blind) showed [8c 8d] and lost with a full house, Aces full of Eights
Seat 5: ToDaFelt (button) (small blind) showed [Td Jh] and won ($47.50) with a full house, Aces full of Tens


PokerStars Hand #161911111410:  Hold'em Limit ($3/$6 USD) - 2016/11/24 17:48:12 ET
Table 'Buda' 6-max Seat #3 is the button
Seat 3: zzzloy0408 ($80.08 in chips)
Seat 5: ToDaFelt ($223.95 in chips)
zzzloy0408: posts small blind $1
ToDaFelt: posts big blind $3
*** HOLE CARDS ***
zzzloy0408: folds
Uncalled bet ($2) returned to ToDaFelt
ToDaFelt collected $2 from pot
ToDaFelt: doesn't show hand
*** SUMMARY ***
Total pot $2 | Rake $0
Seat 3: zzzloy0408 (button) (small blind) folded before Flop
Seat 5: ToDaFelt (big blind) collected ($2)


PokerStars Hand #161911140922:  Hold'em Limit ($3/$6 USD) - 2016/11/24 17:48:50 ET
Table 'Buda' 6-max Seat #3 is the button
Seat 3: zzzloy0408 ($111.58 in chips)
Seat 5: ToDaFelt ($191.95 in chips)
zzzloy0408: posts small blind $1
ToDaFelt: posts big blind $3
*** HOLE CARDS ***
zzzloy0408: folds
Uncalled bet ($2) returned to ToDaFelt
ToDaFelt collected $2 from pot
ToDaFelt: doesn't show hand
*** SUMMARY ***
Total pot $2 | Rake $0
Seat 3: zzzloy0408 (button) (small blind) folded before Flop
Seat 5: ToDaFelt (big blind) collected ($2)


PokerStars Hand #161911116677:  Hold'em Limit ($3/$6 USD) - 2016/11/24 17:48:19 ET
Table 'Buda' 6-max Seat #5 is the button
Seat 3: zzzloy0408 ($79.08 in chips)
Seat 5: ToDaFelt ($224.95 in chips)
ToDaFelt: posts small blind $1
zzzloy0408: posts big blind $3
*** HOLE CARDS ***
ToDaFelt: raises $3 to $6
7superpoker joins the table at seat #6
zzzloy0408: calls $3
*** FLOP *** [3s As 7h]
zzzloy0408 said, "lucky donk"
zzzloy0408: checks
ToDaFelt: bets $3
zzzloy0408: calls $3
*** TURN *** [3s As 7h] [8d]
zzzloy0408: checks
ToDaFelt: bets $6
zzzloy0408: raises $6 to $12
ToDaFelt: calls $6
*** RIVER *** [3s As 7h 8d] [Qd]
zzzloy0408: bets $6
ToDaFelt: raises $6 to $12
zzzloy0408: raises $6 to $18
ToDaFelt: folds
Uncalled bet ($6) returned to zzzloy0408
zzzloy0408 collected $65.50 from pot
*** SUMMARY ***
Total pot $66 | Rake $0.50
Board [3s As 7h 8d Qd]
Seat 3: zzzloy0408 (big blind) collected ($65.50)
Seat 5: ToDaFelt (button) (small blind) folded on the River


PokerStars Hand #161911298551:  Hold'em Limit ($3/$6 USD) - 2016/11/24 17:52:13 ET
Table 'Buda' 6-max Seat #5 is the button
Seat 3: zzzloy0408 ($39.58 in chips)
Seat 5: ToDaFelt ($145.42 in chips)
ToDaFelt: posts small blind $1
7superpoker: is sitting out
zzzloy0408: posts big blind $3
*** HOLE CARDS ***
ToDaFelt: folds
Uncalled bet ($2) returned to zzzloy0408
zzzloy0408 collected $2 from pot
7superpoker leaves the table
*** SUMMARY ***
Total pot $2 | Rake $0
Seat 3: zzzloy0408 (big blind) collected ($2)
Seat 5: ToDaFelt (button) (small blind) folded before Flop


PokerStars Hand #161911302909:  Hold'em Limit ($3/$6 USD) - 2016/11/24 17:52:19 ET
Table 'Buda' 6-max Seat #3 is the button
Seat 3: zzzloy0408 ($40.58 in chips)
Seat 5: ToDaFelt ($144.42 in chips)
zzzloy0408: posts small blind $1
ToDaFelt: posts big blind $3
*** HOLE CARDS ***
zzzloy0408: raises $3 to $6
ToDaFelt: raises $3 to $9
zzzloy0408: calls $3
*** FLOP *** [5s 5h 8h]
ToDaFelt: bets $3
zzzloy0408: folds
Uncalled bet ($3) returned to ToDaFelt
ToDaFelt collected $17.64 from pot
ToDaFelt: doesn't show hand
*** SUMMARY ***
Total pot $18 | Rake $0.36
Board [5s 5h 8h]
Seat 3: zzzloy0408 (button) (small blind) folded on the Flop
Seat 5: ToDaFelt (big blind) collected ($17.64)


PokerStars Hand #161911313228:  Hold'em Limit ($3/$6 USD) - 2016/11/24 17:52:32 ET
Table 'Buda' 6-max Seat #5 is the button
Seat 3: zzzloy0408 ($31.58 in chips)
Seat 5: ToDaFelt ($153.06 in chips)
ToDaFelt: posts small blind $1
zzzloy0408: posts big blind $3
*** HOLE CARDS ***
ToDaFelt: raises $3 to $6
zzzloy0408: folds
Uncalled bet ($3) returned to ToDaFelt
ToDaFelt collected $6 from pot
ToDaFelt: doesn't show hand
*** SUMMARY ***
Total pot $6 | Rake $0
Seat 3: zzzloy0408 (big blind) folded before Flop
Seat 5: ToDaFelt (button) (small blind) collected ($6)


PokerStars Hand #161911318207:  Hold'em Limit ($3/$6 USD) - 2016/11/24 17:52:39 ET
Table 'Buda' 6-max Seat #3 is the button
Seat 3: zzzloy0408 ($28.58 in chips)
Seat 5: ToDaFelt ($156.06 in chips)
zzzloy0408: posts small blind $1
ToDaFelt: posts big blind $3
*** HOLE CARDS ***
zzzloy0408: raises $3 to $6
ToDaFelt: calls $3
*** FLOP *** [5c Ts 4h]
ToDaFelt: checks
zzzloy0408: bets $3
ToDaFelt: raises $3 to $6
zzzloy0408: calls $3
*** TURN *** [5c Ts 4h] [5h]
ToDaFelt: bets $6
zzzloy0408: calls $6
*** RIVER *** [5c Ts 4h 5h] [4s]
ToDaFelt: bets $6
zzzloy0408 said, "lol"
zzzloy0408: raises $4.58 to $10.58 and is all-in
ToDaFelt: calls $4.58
*** SHOW DOWN ***
zzzloy0408: shows [7s Tc] (two pair, Tens and Fives)
ToDaFelt: shows [4d 9d] (a full house, Fours full of Fives)
zzzloy0408 said, "5"
ToDaFelt collected $56.66 from pot
*** SUMMARY ***
Total pot $57.16 | Rake $0.50
Board [5c Ts 4h 5h 4s]
Seat 3: zzzloy0408 (button) (small blind) showed [7s Tc] and lost with two pair, Tens and Fives
Seat 5: ToDaFelt (big blind) showed [4d 9d] and won ($56.66) with a full house, Fours full of Fives


