PokerStars Hand #176107353551:  Hold'em Limit ($3/$6 USD) - 2017/09/25 12:28:00 ET
Table 'Budovicium' 6-max Seat #4 is the button
Seat 1: HAOYUN88888 ($60 in chips)
Seat 4: Actionni13 ($162.25 in chips)
Actionni13: posts small blind $1
HAOYUN88888: posts big blind $3
*** HOLE CARDS ***
Actionni13: raises $3 to $6
HAOYUN88888: calls $3
*** FLOP *** [6h 9h Tc]
HAOYUN88888: checks
Actionni13: checks
*** TURN *** [6h 9h Tc] [5h]
HAOYUN88888: bets $6
TbIP-TbIP 88 joins the table at seat #2
Actionni13: calls $6
*** RIVER *** [6h 9h Tc 5h] [Ac]
HAOYUN88888: bets $6
Actionni13: folds
Uncalled bet ($6) returned to HAOYUN88888
HAOYUN88888 collected $23.52 from pot
HAOYUN88888: doesn't show hand
*** SUMMARY ***
Total pot $24 | Rake $0.48
Board [6h 9h Tc 5h Ac]
Seat 1: HAOYUN88888 (big blind) collected ($23.52)
Seat 4: Actionni13 (button) (small blind) folded on the River


PokerStars Hand #176107663750:  Hold'em Limit ($3/$6 USD) - 2017/09/25 12:35:27 ET
Table 'Budovicium' 6-max Seat #1 is the button
Seat 1: TbIP-TbIP 88 ($80.46 in chips)
Seat 5: picsel37 ($55.28 in chips)
TbIP-TbIP 88: posts small blind $1
Actionni13: is sitting out
picsel37: posts big blind $3
*** HOLE CARDS ***
TbIP-TbIP 88: raises $3 to $6
picsel37: calls $3
*** FLOP *** [5h 2s 8h]
picsel37: checks
TbIP-TbIP 88: checks
*** TURN *** [5h 2s 8h] [9c]
picsel37: bets $6
TbIP-TbIP 88: calls $6
*** RIVER *** [5h 2s 8h 9c] [5d]
picsel37: checks
TbIP-TbIP 88: checks
*** SHOW DOWN ***
picsel37: shows [8c Td] (two pair, Eights and Fives)
TbIP-TbIP 88: mucks hand
picsel37 collected $23.52 from pot
*** SUMMARY ***
Total pot $24 | Rake $0.48
Board [5h 2s 8h 9c 5d]
Seat 1: TbIP-TbIP 88 (button) (small blind) mucked
Seat 5: picsel37 (big blind) showed [8c Td] and won ($23.52) with two pair, Eights and Fives


PokerStars Hand #176107837374:  Hold'em Limit ($3/$6 USD) - 2017/09/25 12:39:34 ET
Table 'Budovicium' 6-max Seat #5 is the button
Seat 5: Cowgirlgea ($81.81 in chips)
Seat 6: igorkabmw ($43 in chips)
Cowgirlgea: posts small blind $1
igorkabmw: posts big blind $3
*** HOLE CARDS ***
Cowgirlgea: raises $3 to $6
igorkabmw: calls $3
*** FLOP *** [Qh 7s Jd]
igorkabmw: bets $3
Cowgirlgea: calls $3
*** TURN *** [Qh 7s Jd] [Qd]
igorkabmw: checks
Cowgirlgea: bets $6
igorkabmw: folds
Uncalled bet ($6) returned to Cowgirlgea
Cowgirlgea collected $17.64 from pot
Cowgirlgea: doesn't show hand
*** SUMMARY ***
Total pot $18 | Rake $0.36
Board [Qh 7s Jd Qd]
Seat 5: Cowgirlgea (button) (small blind) collected ($17.64)
Seat 6: igorkabmw (big blind) folded on the Turn


