PokerStars Hand #159340270730:  Hold'em Limit ($3/$6 USD) - 2016/10/01 14:37:38 ET
Table 'Budrosa III' 6-max Seat #6 is the button
Seat 1: AzureCaper ($77.76 in chips)
Seat 6: sigvi ($105.56 in chips)
sigvi: posts small blind $1
AzureCaper: posts big blind $3
*** HOLE CARDS ***
sigvi: folds
Uncalled bet ($2) returned to AzureCaper
AzureCaper collected $2 from pot
AzureCaper: doesn't show hand
*** SUMMARY ***
Total pot $2 | Rake $0
Seat 1: AzureCaper (big blind) collected ($2)
Seat 6: sigvi (button) (small blind) folded before Flop


PokerStars Hand #159340267445:  Hold'em Limit ($3/$6 USD) - 2016/10/01 14:37:33 ET
Table 'Budrosa III' 6-max Seat #1 is the button
Seat 1: AzureCaper ($78.76 in chips)
Seat 6: sigvi ($104.56 in chips)
AzureCaper: posts small blind $1
sigvi: posts big blind $3
*** HOLE CARDS ***
AzureCaper: folds
Uncalled bet ($2) returned to sigvi
sigvi collected $2 from pot
*** SUMMARY ***
Total pot $2 | Rake $0
Seat 1: AzureCaper (button) (small blind) folded before Flop
Seat 6: sigvi (big blind) collected ($2)


PokerStars Hand #159340281045:  Hold'em Limit ($3/$6 USD) - 2016/10/01 14:37:52 ET
Table 'Budrosa III' 6-max Seat #1 is the button
Seat 1: AzureCaper ($78.76 in chips)
Seat 6: sigvi ($104.56 in chips)
AzureCaper: posts small blind $1
sigvi: posts big blind $3
*** HOLE CARDS ***
ultrafish212 joins the table at seat #4
AzureCaper: raises $3 to $6
sigvi: folds
Uncalled bet ($3) returned to AzureCaper
AzureCaper collected $6 from pot
AzureCaper: doesn't show hand
*** SUMMARY ***
Total pot $6 | Rake $0
Seat 1: AzureCaper (button) (small blind) collected ($6)
Seat 6: sigvi (big blind) folded before Flop


PokerStars Hand #159340263861:  Hold'em Limit ($3/$6 USD) - 2016/10/01 14:37:29 ET
Table 'Budrosa III' 6-max Seat #6 is the button
Seat 1: AzureCaper ($77.76 in chips)
Seat 6: sigvi ($105.56 in chips)
sigvi: posts small blind $1
AzureCaper: posts big blind $3
*** HOLE CARDS ***
sigvi: folds
Uncalled bet ($2) returned to AzureCaper
AzureCaper collected $2 from pot
AzureCaper: doesn't show hand
*** SUMMARY ***
Total pot $2 | Rake $0
Seat 1: AzureCaper (big blind) collected ($2)
Seat 6: sigvi (button) (small blind) folded before Flop


PokerStars Hand #159340285522:  Hold'em Limit ($3/$6 USD) - 2016/10/01 14:37:57 ET
Table 'Budrosa III' 6-max Seat #6 is the button
Seat 1: AzureCaper ($81.76 in chips)
Seat 6: sigvi ($101.56 in chips)
sigvi: posts small blind $1
AzureCaper: posts big blind $3
*** HOLE CARDS ***
sigvi: raises $3 to $6
AzureCaper: calls $3
*** FLOP *** [9h 8h 3s]
AzureCaper: checks
sigvi: bets $3
AzureCaper: folds
Uncalled bet ($3) returned to sigvi
sigvi collected $11.76 from pot
*** SUMMARY ***
Total pot $12 | Rake $0.24
Board [9h 8h 3s]
Seat 1: AzureCaper (big blind) folded on the Flop
Seat 6: sigvi (button) (small blind) collected ($11.76)


PokerStars Hand #159340277428:  Hold'em Limit ($3/$6 USD) - 2016/10/01 14:37:47 ET
Table 'Budrosa III' 6-max Seat #6 is the button
Seat 1: AzureCaper ($77.76 in chips)
Seat 6: sigvi ($105.56 in chips)
sigvi: posts small blind $1
AzureCaper: posts big blind $3
*** HOLE CARDS ***
sigvi: folds
Uncalled bet ($2) returned to AzureCaper
AzureCaper collected $2 from pot
AzureCaper: doesn't show hand
*** SUMMARY ***
Total pot $2 | Rake $0
Seat 1: AzureCaper (big blind) collected ($2)
Seat 6: sigvi (button) (small blind) folded before Flop


PokerStars Hand #159340273798:  Hold'em Limit ($3/$6 USD) - 2016/10/01 14:37:42 ET
Table 'Budrosa III' 6-max Seat #1 is the button
Seat 1: AzureCaper ($78.76 in chips)
Seat 6: sigvi ($104.56 in chips)
AzureCaper: posts small blind $1
sigvi: posts big blind $3
*** HOLE CARDS ***
AzureCaper: folds
Uncalled bet ($2) returned to sigvi
sigvi collected $2 from pot
*** SUMMARY ***
Total pot $2 | Rake $0
Seat 1: AzureCaper (button) (small blind) folded before Flop
Seat 6: sigvi (big blind) collected ($2)


PokerStars Hand #159340901781:  Hold'em Limit ($3/$6 USD) - 2016/10/01 14:51:24 ET
Table 'Budrosa III' 6-max Seat #1 is the button
Seat 1: AzureCaper ($152.31 in chips)
Seat 4: ultrafish212 ($169.16 in chips)
AzureCaper: posts small blind $1
ultrafish212: posts big blind $3
*** HOLE CARDS ***
AzureCaper: raises $3 to $6
ultrafish212: calls $3
*** FLOP *** [9h 6c Ad]
ultrafish212: checks
AzureCaper: bets $3
ultrafish212: raises $3 to $6
AzureCaper: calls $3
*** TURN *** [9h 6c Ad] [Th]
ultrafish212: bets $6
AzureCaper: raises $6 to $12
ultrafish212: calls $6
*** RIVER *** [9h 6c Ad Th] [9d]
ultrafish212: checks
AzureCaper: bets $6
ultrafish212: folds
Uncalled bet ($6) returned to AzureCaper
AzureCaper collected $47.50 from pot
AzureCaper: doesn't show hand
*** SUMMARY ***
Total pot $48 | Rake $0.50
Board [9h 6c Ad Th 9d]
Seat 1: AzureCaper (button) (small blind) collected ($47.50)
Seat 4: ultrafish212 (big blind) folded on the River


PokerStars Hand #159340940816:  Hold'em Limit ($3/$6 USD) - 2016/10/01 14:52:14 ET
Table 'Budrosa III' 6-max Seat #4 is the button
Seat 1: AzureCaper ($175.45 in chips)
Seat 4: ultrafish212 ($144.80 in chips)
ultrafish212: posts small blind $1
AzureCaper: posts big blind $3
*** HOLE CARDS ***
ultrafish212: folds
Uncalled bet ($2) returned to AzureCaper
AzureCaper collected $2 from pot
AzureCaper: doesn't show hand
*** SUMMARY ***
Total pot $2 | Rake $0
Seat 1: AzureCaper (big blind) collected ($2)
Seat 4: ultrafish212 (button) (small blind) folded before Flop


PokerStars Hand #159340930575:  Hold'em Limit ($3/$6 USD) - 2016/10/01 14:52:01 ET
Table 'Budrosa III' 6-max Seat #1 is the button
Seat 1: AzureCaper ($166.81 in chips)
Seat 4: ultrafish212 ($153.80 in chips)
AzureCaper: posts small blind $1
ultrafish212: posts big blind $3
*** HOLE CARDS ***
AzureCaper: raises $3 to $6
ultrafish212: calls $3
*** FLOP *** [Ah 3c Ts]
ultrafish212: checks
AzureCaper: bets $3
ultrafish212: calls $3
*** TURN *** [Ah 3c Ts] [Js]
ultrafish212: checks
AzureCaper: checks
*** RIVER *** [Ah 3c Ts Js] [Kh]
ultrafish212: checks
AzureCaper: checks
*** SHOW DOWN ***
ultrafish212: shows [Th 2h] (a pair of Tens)
AzureCaper: shows [Jd 9s] (a pair of Jacks)
AzureCaper collected $17.64 from pot
*** SUMMARY ***
Total pot $18 | Rake $0.36
Board [Ah 3c Ts Js Kh]
Seat 1: AzureCaper (button) (small blind) showed [Jd 9s] and won ($17.64) with a pair of Jacks
Seat 4: ultrafish212 (big blind) showed [Th 2h] and lost with a pair of Tens


PokerStars Hand #159340914592:  Hold'em Limit ($3/$6 USD) - 2016/10/01 14:51:40 ET
Table 'Budrosa III' 6-max Seat #4 is the button
Seat 1: AzureCaper ($175.81 in chips)
Seat 4: ultrafish212 ($145.16 in chips)
ultrafish212: posts small blind $1
AzureCaper: posts big blind $3
*** HOLE CARDS ***
ultrafish212: raises $3 to $6
AzureCaper: calls $3
*** FLOP *** [Jc As Tc]
AzureCaper: checks
ultrafish212: bets $3
AzureCaper: calls $3
*** TURN *** [Jc As Tc] [8d]
AzureCaper: checks
ultrafish212: checks
*** RIVER *** [Jc As Tc 8d] [4d]
AzureCaper: checks
ultrafish212: bets $6
AzureCaper: folds
Uncalled bet ($6) returned to ultrafish212
ultrafish212 collected $17.64 from pot
ultrafish212: doesn't show hand
*** SUMMARY ***
Total pot $18 | Rake $0.36
Board [Jc As Tc 8d 4d]
Seat 1: AzureCaper (big blind) folded on the River
Seat 4: ultrafish212 (button) (small blind) collected ($17.64)


PokerStars Hand #159340975020:  Hold'em Limit ($3/$6 USD) - 2016/10/01 14:52:58 ET
Table 'Budrosa III' 6-max Seat #1 is the button
Seat 1: AzureCaper ($162.45 in chips)
Seat 4: ultrafish212 ($157.32 in chips)
AzureCaper: posts small blind $1
ultrafish212: posts big blind $3
*** HOLE CARDS ***
AzureCaper: folds
Uncalled bet ($2) returned to ultrafish212
ultrafish212 collected $2 from pot
ultrafish212: doesn't show hand
*** SUMMARY ***
Total pot $2 | Rake $0
Seat 1: AzureCaper (button) (small blind) folded before Flop
Seat 4: ultrafish212 (big blind) collected ($2)


PokerStars Hand #159340958472:  Hold'em Limit ($3/$6 USD) - 2016/10/01 14:52:37 ET
Table 'Budrosa III' 6-max Seat #1 is the button
Seat 1: AzureCaper ($169.45 in chips)
Seat 4: ultrafish212 ($150.56 in chips)
AzureCaper: posts small blind $1
ultrafish212: posts big blind $3
*** HOLE CARDS ***
AzureCaper: folds
Uncalled bet ($2) returned to ultrafish212
ultrafish212 collected $2 from pot
ultrafish212: doesn't show hand
*** SUMMARY ***
Total pot $2 | Rake $0
Seat 1: AzureCaper (button) (small blind) folded before Flop
Seat 4: ultrafish212 (big blind) collected ($2)


PokerStars Hand #159340983403:  Hold'em Limit ($3/$6 USD) - 2016/10/01 14:53:09 ET
Table 'Budrosa III' 6-max Seat #1 is the button
Seat 1: AzureCaper ($158.45 in chips)
Seat 4: ultrafish212 ($161.32 in chips)
AzureCaper: posts small blind $1
ultrafish212: posts big blind $3
*** HOLE CARDS ***
AzureCaper: raises $3 to $6
ultrafish212: folds
Uncalled bet ($3) returned to AzureCaper
AzureCaper collected $6 from pot
AzureCaper: doesn't show hand
*** SUMMARY ***
Total pot $6 | Rake $0
Seat 1: AzureCaper (button) (small blind) collected ($6)
Seat 4: ultrafish212 (big blind) folded before Flop


PokerStars Hand #159340978400:  Hold'em Limit ($3/$6 USD) - 2016/10/01 14:53:03 ET
Table 'Budrosa III' 6-max Seat #4 is the button
Seat 1: AzureCaper ($161.45 in chips)
Seat 4: ultrafish212 ($158.32 in chips)
ultrafish212: posts small blind $1
AzureCaper: posts big blind $3
*** HOLE CARDS ***
ultrafish212: raises $3 to $6
AzureCaper: folds
Uncalled bet ($3) returned to ultrafish212
ultrafish212 collected $6 from pot
ultrafish212: doesn't show hand
*** SUMMARY ***
Total pot $6 | Rake $0
Seat 1: AzureCaper (big blind) folded before Flop
Seat 4: ultrafish212 (button) (small blind) collected ($6)


PokerStars Hand #159340944513:  Hold'em Limit ($3/$6 USD) - 2016/10/01 14:52:19 ET
Table 'Budrosa III' 6-max Seat #1 is the button
Seat 1: AzureCaper ($176.45 in chips)
Seat 4: ultrafish212 ($143.80 in chips)
AzureCaper: posts small blind $1
ultrafish212: posts big blind $3
*** HOLE CARDS ***
AzureCaper: folds
Uncalled bet ($2) returned to ultrafish212
ultrafish212 collected $2 from pot
ultrafish212: doesn't show hand
*** SUMMARY ***
Total pot $2 | Rake $0
Seat 1: AzureCaper (button) (small blind) folded before Flop
Seat 4: ultrafish212 (big blind) collected ($2)


PokerStars Hand #159340962654:  Hold'em Limit ($3/$6 USD) - 2016/10/01 14:52:42 ET
Table 'Budrosa III' 6-max Seat #4 is the button
Seat 1: AzureCaper ($168.45 in chips)
Seat 4: ultrafish212 ($151.56 in chips)
ultrafish212: posts small blind $1
AzureCaper: posts big blind $3
*** HOLE CARDS ***
ultrafish212: raises $3 to $6
AzureCaper: calls $3
*** FLOP *** [7c Kd 6h]
AzureCaper: checks
ultrafish212: checks
*** TURN *** [7c Kd 6h] [As]
AzureCaper: checks
ultrafish212: bets $6
AzureCaper: folds
Uncalled bet ($6) returned to ultrafish212
ultrafish212 collected $11.76 from pot
ultrafish212: doesn't show hand
*** SUMMARY ***
Total pot $12 | Rake $0.24
Board [7c Kd 6h As]
Seat 1: AzureCaper (big blind) folded on the Turn
Seat 4: ultrafish212 (button) (small blind) collected ($11.76)


PokerStars Hand #159340947947:  Hold'em Limit ($3/$6 USD) - 2016/10/01 14:52:23 ET
Table 'Budrosa III' 6-max Seat #4 is the button
Seat 1: AzureCaper ($175.45 in chips)
Seat 4: ultrafish212 ($144.80 in chips)
ultrafish212: posts small blind $1
AzureCaper: posts big blind $3
*** HOLE CARDS ***
ultrafish212: raises $3 to $6
AzureCaper: calls $3
*** FLOP *** [Ah 4d Js]
AzureCaper: checks
ultrafish212: checks
*** TURN *** [Ah 4d Js] [Ks]
AzureCaper: checks
ultrafish212: checks
*** RIVER *** [Ah 4d Js Ks] [4c]
AzureCaper: checks
ultrafish212: checks
*** SHOW DOWN ***
AzureCaper: shows [6s 5h] (a pair of Fours)
ultrafish212: shows [9c 9s] (two pair, Nines and Fours)
ultrafish212 collected $11.76 from pot
*** SUMMARY ***
Total pot $12 | Rake $0.24
Board [Ah 4d Js Ks 4c]
Seat 1: AzureCaper (big blind) showed [6s 5h] and lost with a pair of Fours
Seat 4: ultrafish212 (button) (small blind) showed [9c 9s] and won ($11.76) with two pair, Nines and Fours


PokerStars Hand #159341032836:  Hold'em Limit ($3/$6 USD) - 2016/10/01 14:54:13 ET
Table 'Budrosa III' 6-max Seat #1 is the button
Seat 1: AzureCaper ($143.45 in chips)
Seat 4: ultrafish212 ($175.72 in chips)
AzureCaper: posts small blind $1
ultrafish212: posts big blind $3
*** HOLE CARDS ***
AzureCaper: folds
Uncalled bet ($2) returned to ultrafish212
ultrafish212 collected $2 from pot
ultrafish212: doesn't show hand
*** SUMMARY ***
Total pot $2 | Rake $0
Seat 1: AzureCaper (button) (small blind) folded before Flop
Seat 4: ultrafish212 (big blind) collected ($2)


PokerStars Hand #159341025804:  Hold'em Limit ($3/$6 USD) - 2016/10/01 14:54:04 ET
Table 'Budrosa III' 6-max Seat #1 is the button
Seat 1: AzureCaper ($143.45 in chips)
Seat 4: ultrafish212 ($175.72 in chips)
AzureCaper: posts small blind $1
ultrafish212: posts big blind $3
*** HOLE CARDS ***
AzureCaper: folds
Uncalled bet ($2) returned to ultrafish212
ultrafish212 collected $2 from pot
ultrafish212: doesn't show hand
*** SUMMARY ***
Total pot $2 | Rake $0
Seat 1: AzureCaper (button) (small blind) folded before Flop
Seat 4: ultrafish212 (big blind) collected ($2)


PokerStars Hand #159341022331:  Hold'em Limit ($3/$6 USD) - 2016/10/01 14:53:59 ET
Table 'Budrosa III' 6-max Seat #4 is the button
Seat 1: AzureCaper ($142.45 in chips)
Seat 4: ultrafish212 ($176.72 in chips)
ultrafish212: posts small blind $1
AzureCaper: posts big blind $3
*** HOLE CARDS ***
ultrafish212: folds
Uncalled bet ($2) returned to AzureCaper
AzureCaper collected $2 from pot
AzureCaper: doesn't show hand
*** SUMMARY ***
Total pot $2 | Rake $0
Seat 1: AzureCaper (big blind) collected ($2)
Seat 4: ultrafish212 (button) (small blind) folded before Flop


PokerStars Hand #159341006559:  Hold'em Limit ($3/$6 USD) - 2016/10/01 14:53:39 ET
Table 'Budrosa III' 6-max Seat #1 is the button
Seat 1: AzureCaper ($151.45 in chips)
Seat 4: ultrafish212 ($168.08 in chips)
AzureCaper: posts small blind $1
ultrafish212: posts big blind $3
*** HOLE CARDS ***
AzureCaper: raises $3 to $6
ultrafish212: calls $3
*** FLOP *** [5d Jh 2h]
ultrafish212: checks
AzureCaper: bets $3
ultrafish212: calls $3
*** TURN *** [5d Jh 2h] [3s]
ultrafish212: checks
AzureCaper: checks
*** RIVER *** [5d Jh 2h 3s] [Jd]
ultrafish212: bets $6
AzureCaper: folds
Uncalled bet ($6) returned to ultrafish212
ultrafish212 collected $17.64 from pot
ultrafish212: doesn't show hand
*** SUMMARY ***
Total pot $18 | Rake $0.36
Board [5d Jh 2h 3s Jd]
Seat 1: AzureCaper (button) (small blind) folded on the River
Seat 4: ultrafish212 (big blind) collected ($17.64)


PokerStars Hand #159340987840:  Hold'em Limit ($3/$6 USD) - 2016/10/01 14:53:15 ET
Table 'Budrosa III' 6-max Seat #4 is the button
Seat 1: AzureCaper ($161.45 in chips)
Seat 4: ultrafish212 ($158.32 in chips)
ultrafish212: posts small blind $1
AzureCaper: posts big blind $3
*** HOLE CARDS ***
ultrafish212: raises $3 to $6
AzureCaper: calls $3
*** FLOP *** [5d Qh Jd]
AzureCaper: checks
ultrafish212: bets $3
AzureCaper: folds
Uncalled bet ($3) returned to ultrafish212
ultrafish212 collected $11.76 from pot
ultrafish212: doesn't show hand
*** SUMMARY ***
Total pot $12 | Rake $0.24
Board [5d Qh Jd]
Seat 1: AzureCaper (big blind) folded on the Flop
Seat 4: ultrafish212 (button) (small blind) collected ($11.76)


PokerStars Hand #159341000894:  Hold'em Limit ($3/$6 USD) - 2016/10/01 14:53:32 ET
Table 'Budrosa III' 6-max Seat #4 is the button
Seat 1: AzureCaper ($154.45 in chips)
Seat 4: ultrafish212 ($165.08 in chips)
ultrafish212: posts small blind $1
AzureCaper: posts big blind $3
*** HOLE CARDS ***
ultrafish212: raises $3 to $6
AzureCaper: folds
Uncalled bet ($3) returned to ultrafish212
ultrafish212 collected $6 from pot
ultrafish212: doesn't show hand
*** SUMMARY ***
Total pot $6 | Rake $0
Seat 1: AzureCaper (big blind) folded before Flop
Seat 4: ultrafish212 (button) (small blind) collected ($6)


PokerStars Hand #159340997354:  Hold'em Limit ($3/$6 USD) - 2016/10/01 14:53:27 ET
Table 'Budrosa III' 6-max Seat #1 is the button
Seat 1: AzureCaper ($155.45 in chips)
Seat 4: ultrafish212 ($164.08 in chips)
AzureCaper: posts small blind $1
ultrafish212: posts big blind $3
*** HOLE CARDS ***
AzureCaper: folds
Uncalled bet ($2) returned to ultrafish212
ultrafish212 collected $2 from pot
ultrafish212: doesn't show hand
*** SUMMARY ***
Total pot $2 | Rake $0
Seat 1: AzureCaper (button) (small blind) folded before Flop
Seat 4: ultrafish212 (big blind) collected ($2)


PokerStars Hand #159341068657:  Hold'em Limit ($3/$6 USD) - 2016/10/01 14:54:59 ET
Table 'Budrosa III' 6-max Seat #1 is the button
Seat 1: AzureCaper ($147.97 in chips)
Seat 4: ultrafish212 ($170.48 in chips)
AzureCaper: posts small blind $1
ultrafish212: posts big blind $3
*** HOLE CARDS ***
AzureCaper: raises $3 to $6
ultrafish212: calls $3
*** FLOP *** [2s 8h 3c]
ultrafish212: checks
AzureCaper: bets $3
ultrafish212: calls $3
*** TURN *** [2s 8h 3c] [8s]
ultrafish212: checks
AzureCaper: bets $6
ultrafish212: calls $6
*** RIVER *** [2s 8h 3c 8s] [As]
ultrafish212: checks
AzureCaper: bets $6
ultrafish212: calls $6
*** SHOW DOWN ***
AzureCaper: shows [Ad Jc] (two pair, Aces and Eights)
ultrafish212: mucks hand
AzureCaper collected $41.50 from pot
*** SUMMARY ***
Total pot $42 | Rake $0.50
Board [2s 8h 3c 8s As]
Seat 1: AzureCaper (button) (small blind) showed [Ad Jc] and won ($41.50) with two pair, Aces and Eights
Seat 4: ultrafish212 (big blind) mucked


PokerStars Hand #159341047556:  Hold'em Limit ($3/$6 USD) - 2016/10/01 14:54:32 ET
Table 'Budrosa III' 6-max Seat #1 is the button
Seat 1: AzureCaper ($148.21 in chips)
Seat 4: ultrafish212 ($170.72 in chips)
AzureCaper: posts small blind $1
ultrafish212: posts big blind $3
*** HOLE CARDS ***
AzureCaper: raises $3 to $6
ultrafish212: calls $3
*** FLOP *** [4c 8d 2s]
ultrafish212: checks
AzureCaper: bets $3
ultrafish212: folds
Uncalled bet ($3) returned to AzureCaper
AzureCaper collected $11.76 from pot
AzureCaper: doesn't show hand
*** SUMMARY ***
Total pot $12 | Rake $0.24
Board [4c 8d 2s]
Seat 1: AzureCaper (button) (small blind) collected ($11.76)
Seat 4: ultrafish212 (big blind) folded on the Flop


PokerStars Hand #159341054933:  Hold'em Limit ($3/$6 USD) - 2016/10/01 14:54:41 ET
Table 'Budrosa III' 6-max Seat #4 is the button
Seat 1: AzureCaper ($153.97 in chips)
Seat 4: ultrafish212 ($164.72 in chips)
ultrafish212: posts small blind $1
AzureCaper: posts big blind $3
*** HOLE CARDS ***
ultrafish212: raises $3 to $6
AzureCaper: calls $3
*** FLOP *** [9c 5c 9h]
AzureCaper: checks
ultrafish212: checks
*** TURN *** [9c 5c 9h] [Kh]
AzureCaper: checks
ultrafish212: bets $6
AzureCaper: folds
Uncalled bet ($6) returned to ultrafish212
ultrafish212 collected $11.76 from pot
ultrafish212: doesn't show hand
*** SUMMARY ***
Total pot $12 | Rake $0.24
Board [9c 5c 9h Kh]
Seat 1: AzureCaper (big blind) folded on the Turn
Seat 4: ultrafish212 (button) (small blind) collected ($11.76)


PokerStars Hand #159341036709:  Hold'em Limit ($3/$6 USD) - 2016/10/01 14:54:18 ET
Table 'Budrosa III' 6-max Seat #4 is the button
Seat 1: AzureCaper ($142.45 in chips)
Seat 4: ultrafish212 ($176.72 in chips)
ultrafish212: posts small blind $1
AzureCaper: posts big blind $3
*** HOLE CARDS ***
ultrafish212: raises $3 to $6
AzureCaper: calls $3
*** FLOP *** [Ks 3d 7h]
AzureCaper: checks
ultrafish212: checks
*** TURN *** [Ks 3d 7h] [Qh]
AzureCaper: checks
ultrafish212: checks
*** RIVER *** [Ks 3d 7h Qh] [6h]
AzureCaper: bets $6
ultrafish212: folds
Uncalled bet ($6) returned to AzureCaper
AzureCaper collected $11.76 from pot
AzureCaper: doesn't show hand
*** SUMMARY ***
Total pot $12 | Rake $0.24
Board [Ks 3d 7h Qh 6h]
Seat 1: AzureCaper (big blind) collected ($11.76)
Seat 4: ultrafish212 (button) (small blind) folded on the River


PokerStars Hand #159341079968:  Hold'em Limit ($3/$6 USD) - 2016/10/01 14:55:17 ET
Table 'Budrosa III' 6-max Seat #4 is the button
Seat 1: AzureCaper ($168.47 in chips)
Seat 4: ultrafish212 ($149.48 in chips)
ultrafish212: posts small blind $1
AzureCaper: posts big blind $3
*** HOLE CARDS ***
ultrafish212: raises $3 to $6
AzureCaper: folds
Uncalled bet ($3) returned to ultrafish212
ultrafish212 collected $6 from pot
ultrafish212: doesn't show hand
*** SUMMARY ***
Total pot $6 | Rake $0
Seat 1: AzureCaper (big blind) folded before Flop
Seat 4: ultrafish212 (button) (small blind) collected ($6)


