PokerStars Hand #161272589134:  Hold'em Limit ($3/$6 USD) - 2016/11/12 2:39:08 ET
Table 'Bunda' 6-max Seat #4 is the button
Seat 1: Zeeon ($79 in chips)
Seat 4: VolkovDmitri ($160.50 in chips)
VolkovDmitri: posts small blind $1
Zeeon: posts big blind $3
*** HOLE CARDS ***
VolkovDmitri: raises $3 to $6
Zeeon: calls $3
*** FLOP *** [Kd 2h 4c]
Zeeon: bets $3
VolkovDmitri: calls $3
*** TURN *** [Kd 2h 4c] [9s]
Zeeon: checks
VolkovDmitri: bets $6
Zeeon: calls $6
*** RIVER *** [Kd 2h 4c 9s] [As]
Zeeon: checks
VolkovDmitri: bets $6
Zeeon: folds
Uncalled bet ($6) returned to VolkovDmitri
VolkovDmitri collected $29.50 from pot
VolkovDmitri: doesn't show hand
*** SUMMARY ***
Total pot $30 | Rake $0.50
Board [Kd 2h 4c 9s As]
Seat 1: Zeeon (big blind) folded on the River
Seat 4: VolkovDmitri (button) (small blind) collected ($29.50)


PokerStars Hand #161272599769:  Hold'em Limit ($3/$6 USD) - 2016/11/12 2:39:43 ET
Table 'Bunda' 6-max Seat #4 is the button
Seat 1: Zeeon ($63 in chips)
Seat 4: VolkovDmitri ($176 in chips)
VolkovDmitri: posts small blind $1
Zeeon: posts big blind $3
*** HOLE CARDS ***
VolkovDmitri: raises $3 to $6
Zeeon: folds
Uncalled bet ($3) returned to VolkovDmitri
VolkovDmitri collected $6 from pot
VolkovDmitri: doesn't show hand
*** SUMMARY ***
Total pot $6 | Rake $0
Seat 1: Zeeon (big blind) folded before Flop
Seat 4: VolkovDmitri (button) (small blind) collected ($6)


PokerStars Hand #161272598267:  Hold'em Limit ($3/$6 USD) - 2016/11/12 2:39:38 ET
Table 'Bunda' 6-max Seat #1 is the button
Seat 1: Zeeon ($64 in chips)
Seat 4: VolkovDmitri ($175 in chips)
Zeeon: posts small blind $1
VolkovDmitri: posts big blind $3
*** HOLE CARDS ***
Zeeon: folds
Uncalled bet ($2) returned to VolkovDmitri
VolkovDmitri collected $2 from pot
VolkovDmitri: doesn't show hand
*** SUMMARY ***
Total pot $2 | Rake $0
Seat 1: Zeeon (button) (small blind) folded before Flop
Seat 4: VolkovDmitri (big blind) collected ($2)


PokerStars Hand #161272601728:  Hold'em Limit ($3/$6 USD) - 2016/11/12 2:39:50 ET
Table 'Bunda' 6-max Seat #1 is the button
Seat 1: Zeeon ($60 in chips)
Seat 4: VolkovDmitri ($179 in chips)
Zeeon: posts small blind $1
VolkovDmitri: posts big blind $3
*** HOLE CARDS ***
Zeeon: raises $3 to $6
VolkovDmitri: raises $3 to $9
Zeeon: calls $3
*** FLOP *** [Ah Js 2s]
VolkovDmitri: bets $3
Zeeon: folds
Uncalled bet ($3) returned to VolkovDmitri
VolkovDmitri collected $17.64 from pot
VolkovDmitri: doesn't show hand
*** SUMMARY ***
Total pot $18 | Rake $0.36
Board [Ah Js 2s]
Seat 1: Zeeon (button) (small blind) folded on the Flop
Seat 4: VolkovDmitri (big blind) collected ($17.64)


PokerStars Hand #161272618638:  Hold'em Limit ($3/$6 USD) - 2016/11/12 2:40:46 ET
Table 'Bunda' 6-max Seat #1 is the button
Seat 1: Zeeon ($60.52 in chips)
Seat 4: VolkovDmitri ($177.64 in chips)
Zeeon: posts small blind $1
VolkovDmitri: posts big blind $3
*** HOLE CARDS ***
Zeeon: folds
Uncalled bet ($2) returned to VolkovDmitri
VolkovDmitri collected $2 from pot
VolkovDmitri: doesn't show hand
*** SUMMARY ***
Total pot $2 | Rake $0
Seat 1: Zeeon (button) (small blind) folded before Flop
Seat 4: VolkovDmitri (big blind) collected ($2)


PokerStars Hand #161272616534:  Hold'em Limit ($3/$6 USD) - 2016/11/12 2:40:39 ET
Table 'Bunda' 6-max Seat #4 is the button
Seat 1: Zeeon ($63.52 in chips)
Seat 4: VolkovDmitri ($174.64 in chips)
VolkovDmitri: posts small blind $1
Zeeon: posts big blind $3
*** HOLE CARDS ***
VolkovDmitri: raises $3 to $6
Zeeon: folds
Uncalled bet ($3) returned to VolkovDmitri
VolkovDmitri collected $6 from pot
VolkovDmitri: doesn't show hand
*** SUMMARY ***
Total pot $6 | Rake $0
Seat 1: Zeeon (big blind) folded before Flop
Seat 4: VolkovDmitri (button) (small blind) collected ($6)


PokerStars Hand #161272607647:  Hold'em Limit ($3/$6 USD) - 2016/11/12 2:40:09 ET
Table 'Bunda' 6-max Seat #1 is the button
Seat 1: Zeeon ($52 in chips)
Seat 4: VolkovDmitri ($186.64 in chips)
Zeeon: posts small blind $1
VolkovDmitri: posts big blind $3
*** HOLE CARDS ***
Zeeon: raises $3 to $6
VolkovDmitri: raises $3 to $9
Zeeon: calls $3
*** FLOP *** [Js 9c 2s]
VolkovDmitri: bets $3
Zeeon: calls $3
*** TURN *** [Js 9c 2s] [6s]
VolkovDmitri: checks
Zeeon: checks
*** RIVER *** [Js 9c 2s 6s] [7s]
VolkovDmitri: checks
Zeeon: bets $6
VolkovDmitri: folds
Uncalled bet ($6) returned to Zeeon
Zeeon collected $23.52 from pot
Zeeon: doesn't show hand
*** SUMMARY ***
Total pot $24 | Rake $0.48
Board [Js 9c 2s 6s 7s]
Seat 1: Zeeon (button) (small blind) collected ($23.52)
Seat 4: VolkovDmitri (big blind) folded on the River


PokerStars Hand #161272627872:  Hold'em Limit ($3/$6 USD) - 2016/11/12 2:41:17 ET
Table 'Bunda' 6-max Seat #1 is the button
Seat 1: Zeeon ($74.02 in chips)
Seat 4: VolkovDmitri ($163.64 in chips)
Zeeon: posts small blind $1
VolkovDmitri: posts big blind $3
*** HOLE CARDS ***
Zeeon: raises $3 to $6
VolkovDmitri: folds
Uncalled bet ($3) returned to Zeeon
Zeeon collected $6 from pot
Zeeon: doesn't show hand
*** SUMMARY ***
Total pot $6 | Rake $0
Seat 1: Zeeon (button) (small blind) collected ($6)
Seat 4: VolkovDmitri (big blind) folded before Flop


PokerStars Hand #161272620196:  Hold'em Limit ($3/$6 USD) - 2016/11/12 2:40:51 ET
Table 'Bunda' 6-max Seat #4 is the button
Seat 1: Zeeon ($59.52 in chips)
Seat 4: VolkovDmitri ($178.64 in chips)
VolkovDmitri: posts small blind $1
Zeeon: posts big blind $3
*** HOLE CARDS ***
VolkovDmitri: raises $3 to $6
Zeeon: calls $3
*** FLOP *** [2d Js 7s]
Zeeon: checks
VolkovDmitri: bets $3
Zeeon: calls $3
*** TURN *** [2d Js 7s] [Kh]
Zeeon: checks
VolkovDmitri: checks
*** RIVER *** [2d Js 7s Kh] [5c]
Zeeon: checks
VolkovDmitri: bets $6
Zeeon: calls $6
*** SHOW DOWN ***
VolkovDmitri: shows [Tc 6c] (high card King)
Zeeon: shows [9h As] (high card Ace)
Zeeon collected $29.50 from pot
*** SUMMARY ***
Total pot $30 | Rake $0.50
Board [2d Js 7s Kh 5c]
Seat 1: Zeeon (big blind) showed [9h As] and won ($29.50) with high card Ace
Seat 4: VolkovDmitri (button) (small blind) showed [Tc 6c] and lost with high card King


PokerStars Hand #161272650978:  Hold'em Limit ($3/$6 USD) - 2016/11/12 2:42:34 ET
Table 'Bunda' 6-max Seat #4 is the button
Seat 1: Zeeon ($85.52 in chips)
Seat 4: VolkovDmitri ($151.28 in chips)
VolkovDmitri: posts small blind $1
Zeeon: posts big blind $3
*** HOLE CARDS ***
VolkovDmitri: raises $3 to $6
Zeeon: calls $3
*** FLOP *** [Th 3c 9c]
Zeeon: checks
VolkovDmitri: bets $3
Zeeon: calls $3
*** TURN *** [Th 3c 9c] [5c]
Zeeon: checks
VolkovDmitri: bets $6
Zeeon: raises $6 to $12
VolkovDmitri: calls $6
*** RIVER *** [Th 3c 9c 5c] [8h]
Zeeon: bets $6
VolkovDmitri: calls $6
*** SHOW DOWN ***
Zeeon: shows [Qc Ac] (a flush, Ace high)
VolkovDmitri: mucks hand
Zeeon collected $53.50 from pot
*** SUMMARY ***
Total pot $54 | Rake $0.50
Board [Th 3c 9c 5c 8h]
Seat 1: Zeeon (big blind) showed [Qc Ac] and won ($53.50) with a flush, Ace high
Seat 4: VolkovDmitri (button) (small blind) mucked


PokerStars Hand #161272646203:  Hold'em Limit ($3/$6 USD) - 2016/11/12 2:42:18 ET
Table 'Bunda' 6-max Seat #1 is the button
Seat 1: Zeeon ($94.52 in chips)
Seat 4: VolkovDmitri ($142.64 in chips)
Zeeon: posts small blind $1
VolkovDmitri: posts big blind $3
*** HOLE CARDS ***
Zeeon: raises $3 to $6
VolkovDmitri: raises $3 to $9
Zeeon: calls $3
*** FLOP *** [Qh 2s Jc]
VolkovDmitri: bets $3
Zeeon: folds
Uncalled bet ($3) returned to VolkovDmitri
VolkovDmitri collected $17.64 from pot
VolkovDmitri: doesn't show hand
*** SUMMARY ***
Total pot $18 | Rake $0.36
Board [Qh 2s Jc]
Seat 1: Zeeon (button) (small blind) folded on the Flop
Seat 4: VolkovDmitri (big blind) collected ($17.64)


PokerStars Hand #161272629878:  Hold'em Limit ($3/$6 USD) - 2016/11/12 2:41:23 ET
Table 'Bunda' 6-max Seat #4 is the button
Seat 1: Zeeon ($77.02 in chips)
Seat 4: VolkovDmitri ($160.64 in chips)
VolkovDmitri: posts small blind $1
Zeeon: posts big blind $3
*** HOLE CARDS ***
VolkovDmitri: raises $3 to $6
Zeeon: calls $3
*** FLOP *** [Ad Kc 2s]
Zeeon: checks
VolkovDmitri: checks
*** TURN *** [Ad Kc 2s] [6d]
Zeeon: bets $6
VolkovDmitri: calls $6
*** RIVER *** [Ad Kc 2s 6d] [8d]
Zeeon: bets $6
VolkovDmitri: calls $6
*** SHOW DOWN ***
Zeeon: shows [2d Ac] (two pair, Aces and Deuces)
VolkovDmitri: mucks hand
Zeeon collected $35.50 from pot
*** SUMMARY ***
Total pot $36 | Rake $0.50
Board [Ad Kc 2s 6d 8d]
Seat 1: Zeeon (big blind) showed [2d Ac] and won ($35.50) with two pair, Aces and Deuces
Seat 4: VolkovDmitri (button) (small blind) mucked


PokerStars Hand #161272658136:  Hold'em Limit ($3/$6 USD) - 2016/11/12 2:42:57 ET
Table 'Bunda' 6-max Seat #1 is the button
Seat 1: Zeeon ($112.02 in chips)
Seat 4: VolkovDmitri ($124.28 in chips)
Zeeon: posts small blind $1
VolkovDmitri: posts big blind $3
*** HOLE CARDS ***
Zeeon: raises $3 to $6
VolkovDmitri: raises $3 to $9
Zeeon: calls $3
*** FLOP *** [8s Qd 2c]
VolkovDmitri: bets $3
Zeeon: raises $3 to $6
VolkovDmitri: calls $3
*** TURN *** [8s Qd 2c] [Ac]
VolkovDmitri: checks
Zeeon: bets $6
VolkovDmitri: calls $6
*** RIVER *** [8s Qd 2c Ac] [Jh]
VolkovDmitri: checks
Zeeon: bets $6
VolkovDmitri: folds
Uncalled bet ($6) returned to Zeeon
Zeeon collected $41.50 from pot
Zeeon: doesn't show hand
*** SUMMARY ***
Total pot $42 | Rake $0.50
Board [8s Qd 2c Ac Jh]
Seat 1: Zeeon (button) (small blind) collected ($41.50)
Seat 4: VolkovDmitri (big blind) folded on the River


PokerStars Hand #161272691925:  Hold'em Limit ($3/$6 USD) - 2016/11/12 2:44:50 ET
Table 'Bunda' 6-max Seat #1 is the button
Seat 1: Zeeon ($141.16 in chips)
Seat 4: VolkovDmitri ($120 in chips)
Zeeon: posts small blind $1
VolkovDmitri: posts big blind $3
*** HOLE CARDS ***
Zeeon: folds
Uncalled bet ($2) returned to VolkovDmitri
VolkovDmitri collected $2 from pot
VolkovDmitri: doesn't show hand
*** SUMMARY ***
Total pot $2 | Rake $0
Seat 1: Zeeon (button) (small blind) folded before Flop
Seat 4: VolkovDmitri (big blind) collected ($2)


PokerStars Hand #161272673034:  Hold'em Limit ($3/$6 USD) - 2016/11/12 2:43:47 ET
Table 'Bunda' 6-max Seat #4 is the button
Seat 1: Zeeon ($132.52 in chips)
Seat 4: VolkovDmitri ($120 in chips)
VolkovDmitri: posts small blind $1
Zeeon: posts big blind $3
*** HOLE CARDS ***
VolkovDmitri: raises $3 to $6
Zeeon: calls $3
*** FLOP *** [7c As Ah]
Zeeon: checks
VolkovDmitri: bets $3
Zeeon: calls $3
*** TURN *** [7c As Ah] [Qh]
Zeeon: checks
VolkovDmitri: checks
*** RIVER *** [7c As Ah Qh] [3d]
Zeeon: bets $6
VolkovDmitri: folds
Uncalled bet ($6) returned to Zeeon
Zeeon collected $17.64 from pot
Zeeon: doesn't show hand
*** SUMMARY ***
Total pot $18 | Rake $0.36
Board [7c As Ah Qh 3d]
Seat 1: Zeeon (big blind) collected ($17.64)
Seat 4: VolkovDmitri (button) (small blind) folded on the River


PokerStars Hand #161272714003:  Hold'em Limit ($3/$6 USD) - 2016/11/12 2:46:04 ET
Table 'Bunda' 6-max Seat #1 is the button
Seat 1: Zeeon ($138.80 in chips)
Seat 4: VolkovDmitri ($129.64 in chips)
Zeeon: posts small blind $1
VolkovDmitri: posts big blind $3
*** HOLE CARDS ***
Zeeon: folds
Uncalled bet ($2) returned to VolkovDmitri
VolkovDmitri collected $2 from pot
VolkovDmitri: doesn't show hand
*** SUMMARY ***
Total pot $2 | Rake $0
Seat 1: Zeeon (button) (small blind) folded before Flop
Seat 4: VolkovDmitri (big blind) collected ($2)


PokerStars Hand #161272703164:  Hold'em Limit ($3/$6 USD) - 2016/11/12 2:45:29 ET
Table 'Bunda' 6-max Seat #4 is the button
Seat 1: Zeeon ($147.80 in chips)
Seat 4: VolkovDmitri ($121 in chips)
VolkovDmitri: posts small blind $1
Zeeon: posts big blind $3
*** HOLE CARDS ***
VolkovDmitri: raises $3 to $6
Zeeon: calls $3
*** FLOP *** [Jh Ks 8d]
Zeeon: checks
VolkovDmitri: bets $3
Zeeon: calls $3
*** TURN *** [Jh Ks 8d] [6d]
Zeeon: checks
VolkovDmitri: bets $6
Zeeon: folds
Uncalled bet ($6) returned to VolkovDmitri
VolkovDmitri collected $17.64 from pot
VolkovDmitri: doesn't show hand
*** SUMMARY ***
Total pot $18 | Rake $0.36
Board [Jh Ks 8d 6d]
Seat 1: Zeeon (big blind) folded on the Turn
Seat 4: VolkovDmitri (button) (small blind) collected ($17.64)


PokerStars Hand #161272701513:  Hold'em Limit ($3/$6 USD) - 2016/11/12 2:45:23 ET
Table 'Bunda' 6-max Seat #1 is the button
Seat 1: Zeeon ($148.80 in chips)
Seat 4: VolkovDmitri ($120 in chips)
Zeeon: posts small blind $1
VolkovDmitri: posts big blind $3
*** HOLE CARDS ***
Zeeon: folds
Uncalled bet ($2) returned to VolkovDmitri
VolkovDmitri collected $2 from pot
VolkovDmitri: doesn't show hand
*** SUMMARY ***
Total pot $2 | Rake $0
Seat 1: Zeeon (button) (small blind) folded before Flop
Seat 4: VolkovDmitri (big blind) collected ($2)


PokerStars Hand #161272693496:  Hold'em Limit ($3/$6 USD) - 2016/11/12 2:44:56 ET
Table 'Bunda' 6-max Seat #4 is the button
Seat 1: Zeeon ($140.16 in chips)
Seat 4: VolkovDmitri ($121 in chips)
VolkovDmitri: posts small blind $1
Zeeon: posts big blind $3
*** HOLE CARDS ***
VolkovDmitri: raises $3 to $6
Zeeon: calls $3
*** FLOP *** [7h 5c Ad]
Zeeon: checks
VolkovDmitri: bets $3
Zeeon: calls $3
*** TURN *** [7h 5c Ad] [4c]
Zeeon: checks
VolkovDmitri: checks
*** RIVER *** [7h 5c Ad 4c] [Kc]
Zeeon: checks
VolkovDmitri: checks
*** SHOW DOWN ***
Zeeon: shows [Qc Kh] (a pair of Kings)
VolkovDmitri: mucks hand
Zeeon collected $17.64 from pot
*** SUMMARY ***
Total pot $18 | Rake $0.36
Board [7h 5c Ad 4c Kc]
Seat 1: Zeeon (big blind) showed [Qc Kh] and won ($17.64) with a pair of Kings
Seat 4: VolkovDmitri (button) (small blind) mucked


PokerStars Hand #161272722312:  Hold'em Limit ($3/$6 USD) - 2016/11/12 2:46:32 ET
Table 'Bunda' 6-max Seat #4 is the button
Seat 1: Zeeon ($133.80 in chips)
Seat 4: VolkovDmitri ($134.64 in chips)
VolkovDmitri: posts small blind $1
Zeeon: posts big blind $3
*** HOLE CARDS ***
VolkovDmitri: raises $3 to $6
Zeeon: folds
Uncalled bet ($3) returned to VolkovDmitri
VolkovDmitri collected $6 from pot
VolkovDmitri: doesn't show hand
*** SUMMARY ***
Total pot $6 | Rake $0
Seat 1: Zeeon (big blind) folded before Flop
Seat 4: VolkovDmitri (button) (small blind) collected ($6)


PokerStars Hand #161272720868:  Hold'em Limit ($3/$6 USD) - 2016/11/12 2:46:27 ET
Table 'Bunda' 6-max Seat #1 is the button
Seat 1: Zeeon ($134.80 in chips)
Seat 4: VolkovDmitri ($133.64 in chips)
Zeeon: posts small blind $1
VolkovDmitri: posts big blind $3
*** HOLE CARDS ***
Zeeon: folds
Uncalled bet ($2) returned to VolkovDmitri
VolkovDmitri collected $2 from pot
VolkovDmitri: doesn't show hand
*** SUMMARY ***
Total pot $2 | Rake $0
Seat 1: Zeeon (button) (small blind) folded before Flop
Seat 4: VolkovDmitri (big blind) collected ($2)


PokerStars Hand #161272715663:  Hold'em Limit ($3/$6 USD) - 2016/11/12 2:46:10 ET
Table 'Bunda' 6-max Seat #4 is the button
Seat 1: Zeeon ($137.80 in chips)
Seat 4: VolkovDmitri ($130.64 in chips)
VolkovDmitri: posts small blind $1
Zeeon: posts big blind $3
*** HOLE CARDS ***
VolkovDmitri: raises $3 to $6
Zeeon: folds
Uncalled bet ($3) returned to VolkovDmitri
VolkovDmitri collected $6 from pot
VolkovDmitri: doesn't show hand
*** SUMMARY ***
Total pot $6 | Rake $0
Seat 1: Zeeon (big blind) folded before Flop
Seat 4: VolkovDmitri (button) (small blind) collected ($6)


PokerStars Hand #161272750635:  Hold'em Limit ($3/$6 USD) - 2016/11/12 2:48:07 ET
Table 'Bunda' 6-max Seat #1 is the button
Seat 1: Zeeon ($138.20 in chips)
Seat 4: VolkovDmitri ($129.40 in chips)
Zeeon: posts small blind $1
VolkovDmitri: posts big blind $3
*** HOLE CARDS ***
Zeeon: folds
Uncalled bet ($2) returned to VolkovDmitri
VolkovDmitri collected $2 from pot
VolkovDmitri: doesn't show hand
*** SUMMARY ***
Total pot $2 | Rake $0
Seat 1: Zeeon (button) (small blind) folded before Flop
Seat 4: VolkovDmitri (big blind) collected ($2)


PokerStars Hand #161272745443:  Hold'em Limit ($3/$6 USD) - 2016/11/12 2:47:49 ET
Table 'Bunda' 6-max Seat #4 is the button
Seat 1: Zeeon ($129.56 in chips)
Seat 4: VolkovDmitri ($138.40 in chips)
VolkovDmitri: posts small blind $1
Zeeon: posts big blind $3
*** HOLE CARDS ***
VolkovDmitri: raises $3 to $6
Zeeon: calls $3
*** FLOP *** [6c 5h 9c]
Zeeon: bets $3
VolkovDmitri: calls $3
*** TURN *** [6c 5h 9c] [8h]
Zeeon: bets $6
VolkovDmitri: folds
Uncalled bet ($6) returned to Zeeon
Zeeon collected $17.64 from pot
Zeeon: doesn't show hand
*** SUMMARY ***
Total pot $18 | Rake $0.36
Board [6c 5h 9c 8h]
Seat 1: Zeeon (big blind) collected ($17.64)
Seat 4: VolkovDmitri (button) (small blind) folded on the Turn


PokerStars Hand #161272743967:  Hold'em Limit ($3/$6 USD) - 2016/11/12 2:47:45 ET
Table 'Bunda' 6-max Seat #1 is the button
Seat 1: Zeeon ($130.56 in chips)
Seat 4: VolkovDmitri ($137.40 in chips)
Zeeon: posts small blind $1
VolkovDmitri: posts big blind $3
*** HOLE CARDS ***
Zeeon: folds
Uncalled bet ($2) returned to VolkovDmitri
VolkovDmitri collected $2 from pot
VolkovDmitri: doesn't show hand
*** SUMMARY ***
Total pot $2 | Rake $0
Seat 1: Zeeon (button) (small blind) folded before Flop
Seat 4: VolkovDmitri (big blind) collected ($2)


PokerStars Hand #161272737528:  Hold'em Limit ($3/$6 USD) - 2016/11/12 2:47:23 ET
Table 'Bunda' 6-max Seat #4 is the button
Seat 1: Zeeon ($124.80 in chips)
Seat 4: VolkovDmitri ($143.40 in chips)
VolkovDmitri: posts small blind $1
Zeeon: posts big blind $3
*** HOLE CARDS ***
VolkovDmitri: raises $3 to $6
Zeeon: calls $3
*** FLOP *** [Td 6c Ks]
Zeeon: bets $3
VolkovDmitri: folds
Uncalled bet ($3) returned to Zeeon
Zeeon collected $11.76 from pot
Zeeon: doesn't show hand
*** SUMMARY ***
Total pot $12 | Rake $0.24
Board [Td 6c Ks]
Seat 1: Zeeon (big blind) collected ($11.76)
Seat 4: VolkovDmitri (button) (small blind) folded on the Flop


PokerStars Hand #161272727480:  Hold'em Limit ($3/$6 USD) - 2016/11/12 2:46:50 ET
Table 'Bunda' 6-max Seat #1 is the button
Seat 1: Zeeon ($130.80 in chips)
Seat 4: VolkovDmitri ($137.64 in chips)
Zeeon: posts small blind $1
VolkovDmitri: posts big blind $3
*** HOLE CARDS ***
Zeeon: raises $3 to $6
VolkovDmitri: calls $3
*** FLOP *** [Kh 4h 9s]
VolkovDmitri: checks
Zeeon: checks
*** TURN *** [Kh 4h 9s] [Qh]
VolkovDmitri: bets $6
Zeeon: folds
Uncalled bet ($6) returned to VolkovDmitri
VolkovDmitri collected $11.76 from pot
VolkovDmitri: doesn't show hand
*** SUMMARY ***
Total pot $12 | Rake $0.24
Board [Kh 4h 9s Qh]
Seat 1: Zeeon (button) (small blind) folded on the Turn
Seat 4: VolkovDmitri (big blind) collected ($11.76)


PokerStars Hand #161272752199:  Hold'em Limit ($3/$6 USD) - 2016/11/12 2:48:12 ET
Table 'Bunda' 6-max Seat #4 is the button
Seat 1: Zeeon ($137.20 in chips)
Seat 4: VolkovDmitri ($130.40 in chips)
VolkovDmitri: posts small blind $1
Zeeon: posts big blind $3
*** HOLE CARDS ***
VolkovDmitri: raises $3 to $6
Zeeon: calls $3
*** FLOP *** [Kh 6d 2d]
Zeeon: bets $3
VolkovDmitri: calls $3
*** TURN *** [Kh 6d 2d] [Qd]
Zeeon: checks
VolkovDmitri: bets $6
Zeeon: calls $6
*** RIVER *** [Kh 6d 2d Qd] [Jc]
Zeeon: bets $6
VolkovDmitri: folds
Uncalled bet ($6) returned to Zeeon
Zeeon collected $29.50 from pot
Zeeon: doesn't show hand
*** SUMMARY ***
Total pot $30 | Rake $0.50
Board [Kh 6d 2d Qd Jc]
Seat 1: Zeeon (big blind) collected ($29.50)
Seat 4: VolkovDmitri (button) (small blind) folded on the River


PokerStars Hand #161272781706:  Hold'em Limit ($3/$6 USD) - 2016/11/12 2:49:31 ET
Table 'Bunda' 6-max Seat #1 is the button
Seat 1: Zeeon ($147.70 in chips)
Seat 4: VolkovDmitri ($124 in chips)
Zeeon: posts small blind $1
VolkovDmitri: posts big blind $3
*** HOLE CARDS ***
Zeeon: raises $3 to $6
VolkovDmitri: raises $3 to $9
Zeeon: calls $3
*** FLOP *** [Tc Kd 5h]
VolkovDmitri: bets $3
Zeeon: folds
Uncalled bet ($3) returned to VolkovDmitri
VolkovDmitri collected $17.64 from pot
VolkovDmitri: doesn't show hand
*** SUMMARY ***
Total pot $18 | Rake $0.36
Board [Tc Kd 5h]
Seat 1: Zeeon (button) (small blind) folded on the Flop
Seat 4: VolkovDmitri (big blind) collected ($17.64)


PokerStars Hand #161272777523:  Hold'em Limit ($3/$6 USD) - 2016/11/12 2:49:17 ET
Table 'Bunda' 6-max Seat #4 is the button
Seat 1: Zeeon ($150.70 in chips)
Seat 4: VolkovDmitri ($121 in chips)
VolkovDmitri: posts small blind $1
Zeeon: posts big blind $3
*** HOLE CARDS ***
VolkovDmitri: raises $3 to $6
Zeeon: folds
Uncalled bet ($3) returned to VolkovDmitri
VolkovDmitri collected $6 from pot
VolkovDmitri: doesn't show hand
*** SUMMARY ***
Total pot $6 | Rake $0
Seat 1: Zeeon (big blind) folded before Flop
Seat 4: VolkovDmitri (button) (small blind) collected ($6)


PokerStars Hand #161272775576:  Hold'em Limit ($3/$6 USD) - 2016/11/12 2:49:10 ET
Table 'Bunda' 6-max Seat #1 is the button
Seat 1: Zeeon ($151.70 in chips)
Seat 4: VolkovDmitri ($120 in chips)
Zeeon: posts small blind $1
VolkovDmitri: posts big blind $3
*** HOLE CARDS ***
Zeeon: folds
Uncalled bet ($2) returned to VolkovDmitri
VolkovDmitri collected $2 from pot
VolkovDmitri: doesn't show hand
*** SUMMARY ***
Total pot $2 | Rake $0
Seat 1: Zeeon (button) (small blind) folded before Flop
Seat 4: VolkovDmitri (big blind) collected ($2)


PokerStars Hand #161272801493:  Hold'em Limit ($3/$6 USD) - 2016/11/12 2:50:37 ET
Table 'Bunda' 6-max Seat #1 is the button
Seat 1: Zeeon ($123.70 in chips)
Seat 4: VolkovDmitri ($147.14 in chips)
Zeeon: posts small blind $1
VolkovDmitri: posts big blind $3
*** HOLE CARDS ***
Zeeon: folds
Uncalled bet ($2) returned to VolkovDmitri
VolkovDmitri collected $2 from pot
VolkovDmitri: doesn't show hand
*** SUMMARY ***
Total pot $2 | Rake $0
Seat 1: Zeeon (button) (small blind) folded before Flop
Seat 4: VolkovDmitri (big blind) collected ($2)


PokerStars Hand #161272829221:  Hold'em Limit ($3/$6 USD) - 2016/11/12 2:52:08 ET
Table 'Bunda' 6-max Seat #1 is the button
Seat 1: Zeeon ($161.70 in chips)
Seat 4: VolkovDmitri ($120 in chips)
Zeeon: posts small blind $1
VolkovDmitri: posts big blind $3
*** HOLE CARDS ***
Zeeon: folds
Uncalled bet ($2) returned to VolkovDmitri
VolkovDmitri collected $2 from pot
VolkovDmitri: doesn't show hand
*** SUMMARY ***
Total pot $2 | Rake $0
Seat 1: Zeeon (button) (small blind) folded before Flop
Seat 4: VolkovDmitri (big blind) collected ($2)


PokerStars Hand #161272820381:  Hold'em Limit ($3/$6 USD) - 2016/11/12 2:51:39 ET
Table 'Bunda' 6-max Seat #4 is the button
Seat 1: Zeeon ($147.20 in chips)
Seat 4: VolkovDmitri ($125 in chips)
VolkovDmitri: posts small blind $1
Zeeon: posts big blind $3
*** HOLE CARDS ***
VolkovDmitri: raises $3 to $6
Zeeon: calls $3
*** FLOP *** [Qc Kc 8h]
Zeeon: checks
VolkovDmitri: bets $3
Zeeon: calls $3
*** TURN *** [Qc Kc 8h] [8s]
Zeeon: bets $6
VolkovDmitri: calls $6
*** RIVER *** [Qc Kc 8h 8s] [Js]
Zeeon: checks
VolkovDmitri: checks
*** SHOW DOWN ***
Zeeon: shows [Qd 7s] (two pair, Queens and Eights)
VolkovDmitri: mucks hand
Zeeon collected $29.50 from pot
*** SUMMARY ***
Total pot $30 | Rake $0.50
Board [Qc Kc 8h 8s Js]
Seat 1: Zeeon (big blind) showed [Qd 7s] and won ($29.50) with two pair, Queens and Eights
Seat 4: VolkovDmitri (button) (small blind) mucked


PokerStars Hand #161272818877:  Hold'em Limit ($3/$6 USD) - 2016/11/12 2:51:34 ET
Table 'Bunda' 6-max Seat #1 is the button
Seat 1: Zeeon ($148.20 in chips)
Seat 4: VolkovDmitri ($124 in chips)
Zeeon: posts small blind $1
VolkovDmitri: posts big blind $3
*** HOLE CARDS ***
Zeeon: folds
Uncalled bet ($2) returned to VolkovDmitri
VolkovDmitri collected $2 from pot
VolkovDmitri: doesn't show hand
*** SUMMARY ***
Total pot $2 | Rake $0
Seat 1: Zeeon (button) (small blind) folded before Flop
Seat 4: VolkovDmitri (big blind) collected ($2)


PokerStars Hand #161272817305:  Hold'em Limit ($3/$6 USD) - 2016/11/12 2:51:29 ET
Table 'Bunda' 6-max Seat #4 is the button
Seat 1: Zeeon ($151.20 in chips)
Seat 4: VolkovDmitri ($121 in chips)
VolkovDmitri: posts small blind $1
Zeeon: posts big blind $3
*** HOLE CARDS ***
VolkovDmitri: raises $3 to $6
Zeeon: folds
Uncalled bet ($3) returned to VolkovDmitri
VolkovDmitri collected $6 from pot
VolkovDmitri: doesn't show hand
*** SUMMARY ***
Total pot $6 | Rake $0
Seat 1: Zeeon (big blind) folded before Flop
Seat 4: VolkovDmitri (button) (small blind) collected ($6)


PokerStars Hand #161272815745:  Hold'em Limit ($3/$6 USD) - 2016/11/12 2:51:24 ET
Table 'Bunda' 6-max Seat #1 is the button
Seat 1: Zeeon ($152.20 in chips)
Seat 4: VolkovDmitri ($120 in chips)
Zeeon: posts small blind $1
VolkovDmitri: posts big blind $3
*** HOLE CARDS ***
Zeeon: folds
Uncalled bet ($2) returned to VolkovDmitri
VolkovDmitri collected $2 from pot
VolkovDmitri: doesn't show hand
*** SUMMARY ***
Total pot $2 | Rake $0
Seat 1: Zeeon (button) (small blind) folded before Flop
Seat 4: VolkovDmitri (big blind) collected ($2)


PokerStars Hand #161272803107:  Hold'em Limit ($3/$6 USD) - 2016/11/12 2:50:42 ET
Table 'Bunda' 6-max Seat #4 is the button
Seat 1: Zeeon ($122.70 in chips)
Seat 4: VolkovDmitri ($148.14 in chips)
VolkovDmitri: posts small blind $1
Zeeon: posts big blind $3
*** HOLE CARDS ***
VolkovDmitri: raises $3 to $6
Zeeon: raises $3 to $9
VolkovDmitri: calls $3
*** FLOP *** [8d 6c 4s]
Zeeon: bets $3
VolkovDmitri: raises $3 to $6
Zeeon: raises $3 to $9
VolkovDmitri: calls $3
*** TURN *** [8d 6c 4s] [Ks]
Zeeon: bets $6
VolkovDmitri: calls $6
*** RIVER *** [8d 6c 4s Ks] [Kd]
Zeeon: bets $6
VolkovDmitri: calls $6
*** SHOW DOWN ***
Zeeon: shows [Th Tc] (two pair, Kings and Tens)
VolkovDmitri: mucks hand
Zeeon collected $59.50 from pot
*** SUMMARY ***
Total pot $60 | Rake $0.50
Board [8d 6c 4s Ks Kd]
Seat 1: Zeeon (big blind) showed [Th Tc] and won ($59.50) with two pair, Kings and Tens
Seat 4: VolkovDmitri (button) (small blind) mucked


PokerStars Hand #161272834673:  Hold'em Limit ($3/$6 USD) - 2016/11/12 2:52:27 ET
Table 'Bunda' 6-max Seat #1 is the button
Seat 1: Zeeon ($169.34 in chips)
Seat 4: VolkovDmitri ($120 in chips)
Zeeon: posts small blind $1
VolkovDmitri: posts big blind $3
*** HOLE CARDS ***
Zeeon: folds
Uncalled bet ($2) returned to VolkovDmitri
VolkovDmitri collected $2 from pot
VolkovDmitri: doesn't show hand
*** SUMMARY ***
Total pot $2 | Rake $0
Seat 1: Zeeon (button) (small blind) folded before Flop
Seat 4: VolkovDmitri (big blind) collected ($2)


PokerStars Hand #161272830766:  Hold'em Limit ($3/$6 USD) - 2016/11/12 2:52:14 ET
Table 'Bunda' 6-max Seat #4 is the button
Seat 1: Zeeon ($160.70 in chips)
Seat 4: VolkovDmitri ($121 in chips)
VolkovDmitri: posts small blind $1
Zeeon: posts big blind $3
*** HOLE CARDS ***
VolkovDmitri: raises $3 to $6
Zeeon: raises $3 to $9
VolkovDmitri: calls $3
*** FLOP *** [5d 9s 9d]
Zeeon: bets $3
VolkovDmitri: folds
Uncalled bet ($3) returned to Zeeon
Zeeon collected $17.64 from pot
Zeeon: doesn't show hand
*** SUMMARY ***
Total pot $18 | Rake $0.36
Board [5d 9s 9d]
Seat 1: Zeeon (big blind) collected ($17.64)
Seat 4: VolkovDmitri (button) (small blind) folded on the Flop


PokerStars Hand #161272860870:  Hold'em Limit ($3/$6 USD) - 2016/11/12 2:53:52 ET
Table 'Bunda' 6-max Seat #4 is the button
Seat 1: Zeeon ($134.34 in chips)
Seat 4: VolkovDmitri ($154.50 in chips)
VolkovDmitri: posts small blind $1
Zeeon: posts big blind $3
*** HOLE CARDS ***
VolkovDmitri: raises $3 to $6
Zeeon: folds
Uncalled bet ($3) returned to VolkovDmitri
VolkovDmitri collected $6 from pot
VolkovDmitri: doesn't show hand
*** SUMMARY ***
Total pot $6 | Rake $0
Seat 1: Zeeon (big blind) folded before Flop
Seat 4: VolkovDmitri (button) (small blind) collected ($6)


PokerStars Hand #161272856211:  Hold'em Limit ($3/$6 USD) - 2016/11/12 2:53:37 ET
Table 'Bunda' 6-max Seat #1 is the button
Seat 1: Zeeon ($131.34 in chips)
Seat 4: VolkovDmitri ($157.50 in chips)
Zeeon: posts small blind $1
VolkovDmitri: posts big blind $3
*** HOLE CARDS ***
Zeeon: raises $3 to $6
VolkovDmitri: folds
Uncalled bet ($3) returned to Zeeon
Zeeon collected $6 from pot
Zeeon: doesn't show hand
*** SUMMARY ***
Total pot $6 | Rake $0
Seat 1: Zeeon (button) (small blind) collected ($6)
Seat 4: VolkovDmitri (big blind) folded before Flop


PokerStars Hand #161272854767:  Hold'em Limit ($3/$6 USD) - 2016/11/12 2:53:32 ET
Table 'Bunda' 6-max Seat #4 is the button
Seat 1: Zeeon ($134.34 in chips)
Seat 4: VolkovDmitri ($154.50 in chips)
VolkovDmitri: posts small blind $1
Zeeon: posts big blind $3
*** HOLE CARDS ***
VolkovDmitri: raises $3 to $6
Zeeon: folds
Uncalled bet ($3) returned to VolkovDmitri
VolkovDmitri collected $6 from pot
VolkovDmitri: doesn't show hand
*** SUMMARY ***
Total pot $6 | Rake $0
Seat 1: Zeeon (big blind) folded before Flop
Seat 4: VolkovDmitri (button) (small blind) collected ($6)


PokerStars Hand #161272853101:  Hold'em Limit ($3/$6 USD) - 2016/11/12 2:53:27 ET
Table 'Bunda' 6-max Seat #1 is the button
Seat 1: Zeeon ($135.34 in chips)
Seat 4: VolkovDmitri ($153.50 in chips)
Zeeon: posts small blind $1
VolkovDmitri: posts big blind $3
*** HOLE CARDS ***
Zeeon: folds
Uncalled bet ($2) returned to VolkovDmitri
VolkovDmitri collected $2 from pot
VolkovDmitri: doesn't show hand
*** SUMMARY ***
Total pot $2 | Rake $0
Seat 1: Zeeon (button) (small blind) folded before Flop
Seat 4: VolkovDmitri (big blind) collected ($2)


PokerStars Hand #161272836172:  Hold'em Limit ($3/$6 USD) - 2016/11/12 2:52:32 ET
Table 'Bunda' 6-max Seat #4 is the button
Seat 1: Zeeon ($168.34 in chips)
Seat 4: VolkovDmitri ($121 in chips)
VolkovDmitri: posts small blind $1
Zeeon: posts big blind $3
*** HOLE CARDS ***
VolkovDmitri: raises $3 to $6
Zeeon: raises $3 to $9
VolkovDmitri: raises $3 to $12
Betting is capped
Zeeon: calls $3
*** FLOP *** [Qc Tc 7h]
Zeeon: bets $3
VolkovDmitri: calls $3
*** TURN *** [Qc Tc 7h] [7c]
Zeeon: bets $6
VolkovDmitri: calls $6
*** RIVER *** [Qc Tc 7h 7c] [8s]
Zeeon: bets $6
VolkovDmitri: raises $6 to $12
Zeeon: calls $6
*** SHOW DOWN ***
VolkovDmitri: shows [8h 8d] (a full house, Eights full of Sevens)
Zeeon: mucks hand
VolkovDmitri collected $65.50 from pot
*** SUMMARY ***
Total pot $66 | Rake $0.50
Board [Qc Tc 7h 7c 8s]
Seat 1: Zeeon (big blind) mucked
Seat 4: VolkovDmitri (button) (small blind) showed [8h 8d] and won ($65.50) with a full house, Eights full of Sevens


PokerStars Hand #161272871189:  Hold'em Limit ($3/$6 USD) - 2016/11/12 2:54:26 ET
Table 'Bunda' 6-max Seat #4 is the button
Seat 1: Zeeon ($137.10 in chips)
Seat 4: VolkovDmitri ($151.50 in chips)
VolkovDmitri: posts small blind $1
Zeeon: posts big blind $3
*** HOLE CARDS ***
VolkovDmitri: raises $3 to $6
Zeeon: folds
Uncalled bet ($3) returned to VolkovDmitri
VolkovDmitri collected $6 from pot
VolkovDmitri: doesn't show hand
*** SUMMARY ***
Total pot $6 | Rake $0
Seat 1: Zeeon (big blind) folded before Flop
Seat 4: VolkovDmitri (button) (small blind) collected ($6)


PokerStars Hand #161272864313:  Hold'em Limit ($3/$6 USD) - 2016/11/12 2:54:03 ET
Table 'Bunda' 6-max Seat #1 is the button
Seat 1: Zeeon ($131.34 in chips)
Seat 4: VolkovDmitri ($157.50 in chips)
Zeeon: posts small blind $1
VolkovDmitri: posts big blind $3
*** HOLE CARDS ***
Zeeon: raises $3 to $6
VolkovDmitri: calls $3
*** FLOP *** [Kh Td 7h]
VolkovDmitri: checks
Zeeon: bets $3
VolkovDmitri: folds
Uncalled bet ($3) returned to Zeeon
Zeeon collected $11.76 from pot
Zeeon: doesn't show hand
*** SUMMARY ***
Total pot $12 | Rake $0.24
Board [Kh Td 7h]
Seat 1: Zeeon (button) (small blind) collected ($11.76)
Seat 4: VolkovDmitri (big blind) folded on the Flop


PokerStars Hand #161272876126:  Hold'em Limit ($3/$6 USD) - 2016/11/12 2:54:42 ET
Table 'Bunda' 6-max Seat #1 is the button
Seat 1: Zeeon ($134.10 in chips)
Seat 4: VolkovDmitri ($154.50 in chips)
Zeeon: posts small blind $1
VolkovDmitri: posts big blind $3
*** HOLE CARDS ***
Zeeon: raises $3 to $6
VolkovDmitri: calls $3
*** FLOP *** [7h Jh 5c]
VolkovDmitri: bets $3
Zeeon: calls $3
*** TURN *** [7h Jh 5c] [Js]
VolkovDmitri: bets $6
Zeeon: folds
Uncalled bet ($6) returned to VolkovDmitri
VolkovDmitri collected $17.64 from pot
VolkovDmitri: doesn't show hand
*** SUMMARY ***
Total pot $18 | Rake $0.36
Board [7h Jh 5c Js]
Seat 1: Zeeon (button) (small blind) folded on the Turn
Seat 4: VolkovDmitri (big blind) collected ($17.64)


PokerStars Hand #161272885668:  Hold'em Limit ($3/$6 USD) - 2016/11/12 2:55:14 ET
Table 'Bunda' 6-max Seat #4 is the button
Seat 1: Zeeon ($125.10 in chips)
Seat 4: VolkovDmitri ($163.14 in chips)
VolkovDmitri: posts small blind $1
Zeeon: posts big blind $3
*** HOLE CARDS ***
VolkovDmitri: raises $3 to $6
Zeeon: calls $3
*** FLOP *** [3c Kh Qd]
Zeeon: checks
VolkovDmitri: bets $3
Zeeon: folds
Uncalled bet ($3) returned to VolkovDmitri
VolkovDmitri collected $11.76 from pot
VolkovDmitri: doesn't show hand
*** SUMMARY ***
Total pot $12 | Rake $0.24
Board [3c Kh Qd]
Seat 1: Zeeon (big blind) folded on the Flop
Seat 4: VolkovDmitri (button) (small blind) collected ($11.76)


PokerStars Hand #161272892578:  Hold'em Limit ($3/$6 USD) - 2016/11/12 2:55:38 ET
Table 'Bunda' 6-max Seat #1 is the button
Seat 1: Zeeon ($119.10 in chips)
Seat 4: VolkovDmitri ($168.90 in chips)
Zeeon: posts small blind $1
VolkovDmitri: posts big blind $3
*** HOLE CARDS ***
Zeeon: raises $3 to $6
VolkovDmitri: raises $3 to $9
Zeeon: calls $3
*** FLOP *** [Qc 6d Js]
VolkovDmitri: bets $3
Zeeon: calls $3
*** TURN *** [Qc 6d Js] [7h]
VolkovDmitri: bets $6
Zeeon: calls $6
*** RIVER *** [Qc 6d Js 7h] [7d]
VolkovDmitri: bets $6
Zeeon: raises $6 to $12
VolkovDmitri: calls $6
*** SHOW DOWN ***
Zeeon: shows [Ah 7c] (three of a kind, Sevens)
VolkovDmitri: mucks hand
Zeeon collected $59.50 from pot
*** SUMMARY ***
Total pot $60 | Rake $0.50
Board [Qc 6d Js 7h 7d]
Seat 1: Zeeon (button) (small blind) showed [Ah 7c] and won ($59.50) with three of a kind, Sevens
Seat 4: VolkovDmitri (big blind) mucked


PokerStars Hand #161272916736:  Hold'em Limit ($3/$6 USD) - 2016/11/12 2:57:06 ET
Table 'Bunda' 6-max Seat #1 is the button
Seat 1: Zeeon ($157.24 in chips)
Seat 4: VolkovDmitri ($129.90 in chips)
Zeeon: posts small blind $1
VolkovDmitri: posts big blind $3
*** HOLE CARDS ***
Zeeon: folds
Uncalled bet ($2) returned to VolkovDmitri
VolkovDmitri collected $2 from pot
VolkovDmitri: doesn't show hand
*** SUMMARY ***
Total pot $2 | Rake $0
Seat 1: Zeeon (button) (small blind) folded before Flop
Seat 4: VolkovDmitri (big blind) collected ($2)


PokerStars Hand #161272908141:  Hold'em Limit ($3/$6 USD) - 2016/11/12 2:56:35 ET
Table 'Bunda' 6-max Seat #4 is the button
Seat 1: Zeeon ($148.60 in chips)
Seat 4: VolkovDmitri ($138.90 in chips)
VolkovDmitri: posts small blind $1
Zeeon: posts big blind $3
*** HOLE CARDS ***
VolkovDmitri: raises $3 to $6
Zeeon: calls $3
*** FLOP *** [6s Ah Ac]
Zeeon: bets $3
VolkovDmitri: calls $3
*** TURN *** [6s Ah Ac] [3s]
Zeeon: checks
VolkovDmitri: checks
*** RIVER *** [6s Ah Ac 3s] [Td]
Zeeon: bets $6
VolkovDmitri: folds
Uncalled bet ($6) returned to Zeeon
Zeeon collected $17.64 from pot
Zeeon: doesn't show hand
*** SUMMARY ***
Total pot $18 | Rake $0.36
Board [6s Ah Ac 3s Td]
Seat 1: Zeeon (big blind) collected ($17.64)
Seat 4: VolkovDmitri (button) (small blind) folded on the River


PokerStars Hand #161272918093:  Hold'em Limit ($3/$6 USD) - 2016/11/12 2:57:11 ET
Table 'Bunda' 6-max Seat #4 is the button
Seat 1: Zeeon ($156.24 in chips)
Seat 4: VolkovDmitri ($130.90 in chips)
VolkovDmitri: posts small blind $1
Zeeon: posts big blind $3
*** HOLE CARDS ***
VolkovDmitri: raises $3 to $6
Zeeon: calls $3
*** FLOP *** [Kd Jc 8c]
Zeeon: bets $3
VolkovDmitri: raises $3 to $6
Zeeon: calls $3
*** TURN *** [Kd Jc 8c] [6c]
Zeeon: checks
VolkovDmitri: checks
*** RIVER *** [Kd Jc 8c 6c] [8d]
Zeeon: checks
VolkovDmitri: checks
*** SHOW DOWN ***
Zeeon: shows [Jh Qd] (two pair, Jacks and Eights)
VolkovDmitri: mucks hand
Zeeon collected $23.52 from pot
*** SUMMARY ***
Total pot $24 | Rake $0.48
Board [Kd Jc 8c 6c 8d]
Seat 1: Zeeon (big blind) showed [Jh Qd] and won ($23.52) with two pair, Jacks and Eights
Seat 4: VolkovDmitri (button) (small blind) mucked


PokerStars Hand #161272929314:  Hold'em Limit ($3/$6 USD) - 2016/11/12 2:57:50 ET
Table 'Bunda' 6-max Seat #1 is the button
Seat 1: Zeeon ($167.76 in chips)
Seat 4: VolkovDmitri ($120 in chips)
Zeeon: posts small blind $1
VolkovDmitri: posts big blind $3
*** HOLE CARDS ***
Zeeon: folds
Uncalled bet ($2) returned to VolkovDmitri
VolkovDmitri collected $2 from pot
VolkovDmitri: doesn't show hand
*** SUMMARY ***
Total pot $2 | Rake $0
Seat 1: Zeeon (button) (small blind) folded before Flop
Seat 4: VolkovDmitri (big blind) collected ($2)


PokerStars Hand #161272930723:  Hold'em Limit ($3/$6 USD) - 2016/11/12 2:57:55 ET
Table 'Bunda' 6-max Seat #4 is the button
Seat 1: Zeeon ($166.76 in chips)
Seat 4: VolkovDmitri ($121 in chips)
VolkovDmitri: posts small blind $1
Zeeon: posts big blind $3
*** HOLE CARDS ***
VolkovDmitri: raises $3 to $6
Zeeon: calls $3
*** FLOP *** [7c 7h 2s]
Zeeon: bets $3
VolkovDmitri: calls $3
*** TURN *** [7c 7h 2s] [6c]
Zeeon: bets $6
VolkovDmitri: calls $6
*** RIVER *** [7c 7h 2s 6c] [8c]
Zeeon: bets $6
VolkovDmitri: folds
Uncalled bet ($6) returned to Zeeon
Zeeon collected $29.50 from pot
Zeeon: doesn't show hand
*** SUMMARY ***
Total pot $30 | Rake $0.50
Board [7c 7h 2s 6c 8c]
Seat 1: Zeeon (big blind) collected ($29.50)
Seat 4: VolkovDmitri (button) (small blind) folded on the River


PokerStars Hand #161272940770:  Hold'em Limit ($3/$6 USD) - 2016/11/12 2:58:31 ET
Table 'Bunda' 6-max Seat #1 is the button
Seat 1: Zeeon ($181.26 in chips)
Seat 4: VolkovDmitri ($120 in chips)
Zeeon: posts small blind $1
VolkovDmitri: posts big blind $3
*** HOLE CARDS ***
Zeeon: raises $3 to $6
VolkovDmitri: folds
Uncalled bet ($3) returned to Zeeon
Zeeon collected $6 from pot
Zeeon: doesn't show hand
*** SUMMARY ***
Total pot $6 | Rake $0
Seat 1: Zeeon (button) (small blind) collected ($6)
Seat 4: VolkovDmitri (big blind) folded before Flop


PokerStars Hand #161272942478:  Hold'em Limit ($3/$6 USD) - 2016/11/12 2:58:37 ET
Table 'Bunda' 6-max Seat #4 is the button
Seat 1: Zeeon ($184.26 in chips)
Seat 4: VolkovDmitri ($120 in chips)
VolkovDmitri: posts small blind $1
Zeeon: posts big blind $3
*** HOLE CARDS ***
VolkovDmitri: raises $3 to $6
Zeeon: calls $3
*** FLOP *** [8s 9c Kh]
Zeeon: checks
VolkovDmitri: bets $3
Zeeon: calls $3
*** TURN *** [8s 9c Kh] [As]
Zeeon: bets $6
VolkovDmitri: calls $6
*** RIVER *** [8s 9c Kh As] [3c]
Zeeon: bets $6
VolkovDmitri: calls $6
*** SHOW DOWN ***
Zeeon: shows [8d 8c] (three of a kind, Eights)
VolkovDmitri: mucks hand
Zeeon collected $41.50 from pot
*** SUMMARY ***
Total pot $42 | Rake $0.50
Board [8s 9c Kh As 3c]
Seat 1: Zeeon (big blind) showed [8d 8c] and won ($41.50) with three of a kind, Eights
Seat 4: VolkovDmitri (button) (small blind) mucked


PokerStars Hand #161272950156:  Hold'em Limit ($3/$6 USD) - 2016/11/12 2:59:04 ET
Table 'Bunda' 6-max Seat #1 is the button
Seat 1: Zeeon ($204.76 in chips)
Seat 4: VolkovDmitri ($120 in chips)
Zeeon: posts small blind $1
VolkovDmitri: posts big blind $3
*** HOLE CARDS ***
Zeeon: folds
Uncalled bet ($2) returned to VolkovDmitri
VolkovDmitri collected $2 from pot
VolkovDmitri: doesn't show hand
*** SUMMARY ***
Total pot $2 | Rake $0
Seat 1: Zeeon (button) (small blind) folded before Flop
Seat 4: VolkovDmitri (big blind) collected ($2)


PokerStars Hand #161272967942:  Hold'em Limit ($3/$6 USD) - 2016/11/12 3:00:07 ET
Table 'Bunda' 6-max Seat #1 is the button
Seat 1: Zeeon ($184.76 in chips)
Seat 4: VolkovDmitri ($139.28 in chips)
Zeeon: posts small blind $1
VolkovDmitri: posts big blind $3
*** HOLE CARDS ***
Zeeon: folds
Uncalled bet ($2) returned to VolkovDmitri
VolkovDmitri collected $2 from pot
VolkovDmitri: doesn't show hand
*** SUMMARY ***
Total pot $2 | Rake $0
Seat 1: Zeeon (button) (small blind) folded before Flop
Seat 4: VolkovDmitri (big blind) collected ($2)


PokerStars Hand #161272966107:  Hold'em Limit ($3/$6 USD) - 2016/11/12 3:00:01 ET
Table 'Bunda' 6-max Seat #4 is the button
Seat 1: Zeeon ($187.76 in chips)
Seat 4: VolkovDmitri ($136.28 in chips)
VolkovDmitri: posts small blind $1
Zeeon: posts big blind $3
*** HOLE CARDS ***
VolkovDmitri: raises $3 to $6
Zeeon: folds
Uncalled bet ($3) returned to VolkovDmitri
VolkovDmitri collected $6 from pot
VolkovDmitri: doesn't show hand
*** SUMMARY ***
Total pot $6 | Rake $0
Seat 1: Zeeon (big blind) folded before Flop
Seat 4: VolkovDmitri (button) (small blind) collected ($6)


PokerStars Hand #161272957136:  Hold'em Limit ($3/$6 USD) - 2016/11/12 2:59:29 ET
Table 'Bunda' 6-max Seat #1 is the button
Seat 1: Zeeon ($191.76 in chips)
Seat 4: VolkovDmitri ($132.52 in chips)
Zeeon: posts small blind $1
VolkovDmitri: posts big blind $3
*** HOLE CARDS ***
Zeeon: folds
Uncalled bet ($2) returned to VolkovDmitri
VolkovDmitri collected $2 from pot
VolkovDmitri: doesn't show hand
*** SUMMARY ***
Total pot $2 | Rake $0
Seat 1: Zeeon (button) (small blind) folded before Flop
Seat 4: VolkovDmitri (big blind) collected ($2)


PokerStars Hand #161272951607:  Hold'em Limit ($3/$6 USD) - 2016/11/12 2:59:09 ET
Table 'Bunda' 6-max Seat #4 is the button
Seat 1: Zeeon ($203.76 in chips)
Seat 4: VolkovDmitri ($121 in chips)
VolkovDmitri: posts small blind $1
Zeeon: posts big blind $3
*** HOLE CARDS ***
VolkovDmitri: raises $3 to $6
Zeeon: raises $3 to $9
VolkovDmitri: calls $3
*** FLOP *** [Jc 2c Js]
Zeeon: bets $3
VolkovDmitri: raises $3 to $6
Zeeon: folds
Uncalled bet ($3) returned to VolkovDmitri
VolkovDmitri collected $23.52 from pot
VolkovDmitri: doesn't show hand
*** SUMMARY ***
Total pot $24 | Rake $0.48
Board [Jc 2c Js]
Seat 1: Zeeon (big blind) folded on the Flop
Seat 4: VolkovDmitri (button) (small blind) collected ($23.52)


PokerStars Hand #161272958677:  Hold'em Limit ($3/$6 USD) - 2016/11/12 2:59:34 ET
Table 'Bunda' 6-max Seat #4 is the button
Seat 1: Zeeon ($190.76 in chips)
Seat 4: VolkovDmitri ($133.52 in chips)
VolkovDmitri: posts small blind $1
Zeeon: posts big blind $3
*** HOLE CARDS ***
VolkovDmitri: raises $3 to $6
Zeeon: calls $3
*** FLOP *** [Qd 9h 3h]
Zeeon: checks
VolkovDmitri: bets $3
Zeeon: folds
Uncalled bet ($3) returned to VolkovDmitri
VolkovDmitri collected $11.76 from pot
VolkovDmitri: doesn't show hand
*** SUMMARY ***
Total pot $12 | Rake $0.24
Board [Qd 9h 3h]
Seat 1: Zeeon (big blind) folded on the Flop
Seat 4: VolkovDmitri (button) (small blind) collected ($11.76)


PokerStars Hand #161272964066:  Hold'em Limit ($3/$6 USD) - 2016/11/12 2:59:53 ET
Table 'Bunda' 6-max Seat #1 is the button
Seat 1: Zeeon ($184.76 in chips)
Seat 4: VolkovDmitri ($139.28 in chips)
Zeeon: posts small blind $1
VolkovDmitri: posts big blind $3
*** HOLE CARDS ***
Zeeon: raises $3 to $6
VolkovDmitri: folds
Uncalled bet ($3) returned to Zeeon
Zeeon collected $6 from pot
Zeeon: doesn't show hand
*** SUMMARY ***
Total pot $6 | Rake $0
Seat 1: Zeeon (button) (small blind) collected ($6)
Seat 4: VolkovDmitri (big blind) folded before Flop


PokerStars Hand #161272969385:  Hold'em Limit ($3/$6 USD) - 2016/11/12 3:00:12 ET
Table 'Bunda' 6-max Seat #4 is the button
Seat 1: Zeeon ($183.76 in chips)
Seat 4: VolkovDmitri ($140.28 in chips)
VolkovDmitri: posts small blind $1
Zeeon: posts big blind $3
*** HOLE CARDS ***
VolkovDmitri: raises $3 to $6
Zeeon: calls $3
*** FLOP *** [6s 7d Ac]
Zeeon: bets $3
VolkovDmitri: folds
Uncalled bet ($3) returned to Zeeon
Zeeon collected $11.76 from pot
Zeeon: doesn't show hand
*** SUMMARY ***
Total pot $12 | Rake $0.24
Board [6s 7d Ac]
Seat 1: Zeeon (big blind) collected ($11.76)
Seat 4: VolkovDmitri (button) (small blind) folded on the Flop


PokerStars Hand #161272993802:  Hold'em Limit ($3/$6 USD) - 2016/11/12 3:01:34 ET
Table 'Bunda' 6-max Seat #1 is the button
Seat 1: Zeeon ($175.52 in chips)
Seat 4: VolkovDmitri ($147.78 in chips)
Zeeon: posts small blind $1
VolkovDmitri: posts big blind $3
*** HOLE CARDS ***
Zeeon: raises $3 to $6
VolkovDmitri: calls $3
*** FLOP *** [7h 9h 3d]
VolkovDmitri: checks
Zeeon: checks
*** TURN *** [7h 9h 3d] [Ah]
VolkovDmitri: bets $6
Zeeon: calls $6
*** RIVER *** [7h 9h 3d Ah] [9s]
VolkovDmitri: checks
Zeeon: checks
*** SHOW DOWN ***
VolkovDmitri: shows [4d 8h] (a pair of Nines)
Zeeon: shows [8c Kh] (a pair of Nines - Ace+King kicker)
Zeeon collected $23.52 from pot
*** SUMMARY ***
Total pot $24 | Rake $0.48
Board [7h 9h 3d Ah 9s]
Seat 1: Zeeon (button) (small blind) showed [8c Kh] and won ($23.52) with a pair of Nines
Seat 4: VolkovDmitri (big blind) showed [4d 8h] and lost with a pair of Nines


PokerStars Hand #161272991660:  Hold'em Limit ($3/$6 USD) - 2016/11/12 3:01:27 ET
Table 'Bunda' 6-max Seat #4 is the button
Seat 1: Zeeon ($174.52 in chips)
Seat 4: VolkovDmitri ($148.78 in chips)
VolkovDmitri: posts small blind $1
Zeeon: posts big blind $3
*** HOLE CARDS ***
VolkovDmitri: folds
Uncalled bet ($2) returned to Zeeon
Zeeon collected $2 from pot
Zeeon: doesn't show hand
*** SUMMARY ***
Total pot $2 | Rake $0
Seat 1: Zeeon (big blind) collected ($2)
Seat 4: VolkovDmitri (button) (small blind) folded before Flop


PokerStars Hand #161272974967:  Hold'em Limit ($3/$6 USD) - 2016/11/12 3:00:32 ET
Table 'Bunda' 6-max Seat #1 is the button
Seat 1: Zeeon ($189.52 in chips)
Seat 4: VolkovDmitri ($134.28 in chips)
Zeeon: posts small blind $1
VolkovDmitri: posts big blind $3
*** HOLE CARDS ***
Zeeon: raises $3 to $6
VolkovDmitri: calls $3
*** FLOP *** [Ah Kc Kd]
VolkovDmitri: checks
Zeeon: bets $3
VolkovDmitri: calls $3
*** TURN *** [Ah Kc Kd] [Kh]
VolkovDmitri: checks
Zeeon: checks
*** RIVER *** [Ah Kc Kd Kh] [4d]
VolkovDmitri: bets $6
Zeeon: calls $6
*** SHOW DOWN ***
VolkovDmitri: shows [Ad 5h] (a full house, Kings full of Aces)
Zeeon: mucks hand
VolkovDmitri collected $29.50 from pot
*** SUMMARY ***
Total pot $30 | Rake $0.50
Board [Ah Kc Kd Kh 4d]
Seat 1: Zeeon (button) (small blind) mucked
Seat 4: VolkovDmitri (big blind) showed [Ad 5h] and won ($29.50) with a full house, Kings full of Aces


PokerStars Hand #161273013545:  Hold'em Limit ($3/$6 USD) - 2016/11/12 3:02:38 ET
Table 'Bunda' 6-max Seat #1 is the button
Seat 1: Zeeon ($178.04 in chips)
Seat 4: VolkovDmitri ($144.42 in chips)
Zeeon: posts small blind $1
VolkovDmitri: posts big blind $3
*** HOLE CARDS ***
Zeeon: raises $3 to $6
VolkovDmitri: folds
Uncalled bet ($3) returned to Zeeon
Zeeon collected $6 from pot
Zeeon: doesn't show hand
*** SUMMARY ***
Total pot $6 | Rake $0
Seat 1: Zeeon (button) (small blind) collected ($6)
Seat 4: VolkovDmitri (big blind) folded before Flop


PokerStars Hand #161273005769:  Hold'em Limit ($3/$6 USD) - 2016/11/12 3:02:12 ET
Table 'Bunda' 6-max Seat #4 is the button
Seat 1: Zeeon ($187.04 in chips)
Seat 4: VolkovDmitri ($135.78 in chips)
VolkovDmitri: posts small blind $1
Zeeon: posts big blind $3
*** HOLE CARDS ***
VolkovDmitri: raises $3 to $6
Zeeon: calls $3
*** FLOP *** [8c Js 3d]
Zeeon: checks
VolkovDmitri: bets $3
Zeeon: calls $3
*** TURN *** [8c Js 3d] [Kh]
Zeeon: checks
VolkovDmitri: bets $6
Zeeon: folds
Uncalled bet ($6) returned to VolkovDmitri
VolkovDmitri collected $17.64 from pot
VolkovDmitri: doesn't show hand
*** SUMMARY ***
Total pot $18 | Rake $0.36
Board [8c Js 3d Kh]
Seat 1: Zeeon (big blind) folded on the Turn
Seat 4: VolkovDmitri (button) (small blind) collected ($17.64)


PokerStars Hand #161273015727:  Hold'em Limit ($3/$6 USD) - 2016/11/12 3:02:44 ET
Table 'Bunda' 6-max Seat #4 is the button
Seat 1: Zeeon ($181.04 in chips)
Seat 4: VolkovDmitri ($141.42 in chips)
VolkovDmitri: posts small blind $1
Zeeon: posts big blind $3
*** HOLE CARDS ***
VolkovDmitri: raises $3 to $6
Zeeon: calls $3
*** FLOP *** [Tc Ad Qs]
Zeeon: checks
VolkovDmitri: bets $3
Zeeon: calls $3
*** TURN *** [Tc Ad Qs] [6h]
Zeeon: checks
VolkovDmitri: bets $6
Zeeon: calls $6
*** RIVER *** [Tc Ad Qs 6h] [Ks]
Zeeon: bets $6
VolkovDmitri: calls $6
*** SHOW DOWN ***
Zeeon: shows [Kc 6d] (two pair, Kings and Sixes)
VolkovDmitri: mucks hand
Zeeon collected $41.50 from pot
*** SUMMARY ***
Total pot $42 | Rake $0.50
Board [Tc Ad Qs 6h Ks]
Seat 1: Zeeon (big blind) showed [Kc 6d] and won ($41.50) with two pair, Kings and Sixes
Seat 4: VolkovDmitri (button) (small blind) mucked


PokerStars Hand #161273024723:  Hold'em Limit ($3/$6 USD) - 2016/11/12 3:03:13 ET
Table 'Bunda' 6-max Seat #1 is the button
Seat 1: Zeeon ($201.54 in chips)
Seat 4: VolkovDmitri ($120.42 in chips)
Zeeon: posts small blind $1
VolkovDmitri: posts big blind $3
*** HOLE CARDS ***
Zeeon: calls $2
VolkovDmitri: raises $3 to $6
Zeeon: calls $3
*** FLOP *** [2s 8c 5c]
VolkovDmitri: bets $3
Zeeon: calls $3
*** TURN *** [2s 8c 5c] [5d]
VolkovDmitri: bets $6
Zeeon: calls $6
*** RIVER *** [2s 8c 5c 5d] [Qc]
VolkovDmitri: checks
Zeeon: checks
*** SHOW DOWN ***
VolkovDmitri: shows [8d Ac] (two pair, Eights and Fives)
Zeeon: mucks hand
VolkovDmitri collected $29.50 from pot
*** SUMMARY ***
Total pot $30 | Rake $0.50
Board [2s 8c 5c 5d Qc]
Seat 1: Zeeon (button) (small blind) mucked
Seat 4: VolkovDmitri (big blind) showed [8d Ac] and won ($29.50) with two pair, Eights and Fives


PokerStars Hand #161273042649:  Hold'em Limit ($3/$6 USD) - 2016/11/12 3:04:10 ET
Table 'Bunda' 6-max Seat #1 is the button
Seat 1: Zeeon ($183.54 in chips)
Seat 4: VolkovDmitri ($137.92 in chips)
Zeeon: posts small blind $1
VolkovDmitri: posts big blind $3
*** HOLE CARDS ***
Zeeon: folds
Uncalled bet ($2) returned to VolkovDmitri
VolkovDmitri collected $2 from pot
VolkovDmitri: doesn't show hand
*** SUMMARY ***
Total pot $2 | Rake $0
Seat 1: Zeeon (button) (small blind) folded before Flop
Seat 4: VolkovDmitri (big blind) collected ($2)


PokerStars Hand #161273040680:  Hold'em Limit ($3/$6 USD) - 2016/11/12 3:04:03 ET
Table 'Bunda' 6-max Seat #4 is the button
Seat 1: Zeeon ($186.54 in chips)
Seat 4: VolkovDmitri ($134.92 in chips)
VolkovDmitri: posts small blind $1
Zeeon: posts big blind $3
*** HOLE CARDS ***
VolkovDmitri: raises $3 to $6
Zeeon: folds
Uncalled bet ($3) returned to VolkovDmitri
VolkovDmitri collected $6 from pot
VolkovDmitri: doesn't show hand
*** SUMMARY ***
Total pot $6 | Rake $0
Seat 1: Zeeon (big blind) folded before Flop
Seat 4: VolkovDmitri (button) (small blind) collected ($6)


PokerStars Hand #161273044168:  Hold'em Limit ($3/$6 USD) - 2016/11/12 3:04:14 ET
Table 'Bunda' 6-max Seat #4 is the button
Seat 1: Zeeon ($182.54 in chips)
Seat 4: VolkovDmitri ($138.92 in chips)
VolkovDmitri: posts small blind $1
Zeeon: posts big blind $3
*** HOLE CARDS ***
VolkovDmitri: raises $3 to $6
Zeeon: folds
Uncalled bet ($3) returned to VolkovDmitri
VolkovDmitri collected $6 from pot
VolkovDmitri: doesn't show hand
*** SUMMARY ***
Total pot $6 | Rake $0
Seat 1: Zeeon (big blind) folded before Flop
Seat 4: VolkovDmitri (button) (small blind) collected ($6)


PokerStars Hand #161273046353:  Hold'em Limit ($3/$6 USD) - 2016/11/12 3:04:21 ET
Table 'Bunda' 6-max Seat #1 is the button
Seat 1: Zeeon ($179.54 in chips)
Seat 4: VolkovDmitri ($141.92 in chips)
Zeeon: posts small blind $1
VolkovDmitri: posts big blind $3
*** HOLE CARDS ***
Zeeon: raises $3 to $6
VolkovDmitri: calls $3
*** FLOP *** [Qd Jh 7c]
VolkovDmitri: checks
Zeeon: bets $3
VolkovDmitri: folds
Uncalled bet ($3) returned to Zeeon
Zeeon collected $11.76 from pot
Zeeon: doesn't show hand
*** SUMMARY ***
Total pot $12 | Rake $0.24
Board [Qd Jh 7c]
Seat 1: Zeeon (button) (small blind) collected ($11.76)
Seat 4: VolkovDmitri (big blind) folded on the Flop


PokerStars Hand #161273082891:  Hold'em Limit ($3/$6 USD) - 2016/11/12 3:06:17 ET
Table 'Bunda' 6-max Seat #4 is the button
Seat 1: Zeeon ($146.30 in chips)
Seat 4: VolkovDmitri ($173.92 in chips)
VolkovDmitri: posts small blind $1
Zeeon: posts big blind $3
*** HOLE CARDS ***
VolkovDmitri: raises $3 to $6
Zeeon: calls $3
*** FLOP *** [6s 4d Ah]
Zeeon: checks
VolkovDmitri: bets $3
Zeeon: calls $3
*** TURN *** [6s 4d Ah] [Qh]
Zeeon: checks
VolkovDmitri: bets $6
Zeeon: calls $6
*** RIVER *** [6s 4d Ah Qh] [8h]
Zeeon: checks
VolkovDmitri: bets $6
Zeeon: calls $6
*** SHOW DOWN ***
VolkovDmitri: shows [Th 4h] (a flush, Ace high)
Zeeon: mucks hand
VolkovDmitri collected $41.50 from pot
*** SUMMARY ***
Total pot $42 | Rake $0.50
Board [6s 4d Ah Qh 8h]
Seat 1: Zeeon (big blind) mucked
Seat 4: VolkovDmitri (button) (small blind) showed [Th 4h] and won ($41.50) with a flush, Ace high


PokerStars Hand #161273059531:  Hold'em Limit ($3/$6 USD) - 2016/11/12 3:05:03 ET
Table 'Bunda' 6-max Seat #4 is the button
Seat 1: Zeeon ($185.30 in chips)
Seat 4: VolkovDmitri ($135.92 in chips)
VolkovDmitri: posts small blind $1
Zeeon: posts big blind $3
*** HOLE CARDS ***
VolkovDmitri: raises $3 to $6
Zeeon: calls $3
*** FLOP *** [8d 4h 4d]
Zeeon: bets $3
VolkovDmitri: calls $3
*** TURN *** [8d 4h 4d] [Kd]
Zeeon: bets $6
VolkovDmitri: raises $6 to $12
Zeeon: folds
Uncalled bet ($6) returned to VolkovDmitri
VolkovDmitri collected $29.50 from pot
VolkovDmitri: doesn't show hand
*** SUMMARY ***
Total pot $30 | Rake $0.50
Board [8d 4h 4d Kd]
Seat 1: Zeeon (big blind) folded on the Turn
Seat 4: VolkovDmitri (button) (small blind) collected ($29.50)


PokerStars Hand #161273097191:  Hold'em Limit ($3/$6 USD) - 2016/11/12 3:07:02 ET
Table 'Bunda' 6-max Seat #1 is the button
Seat 1: Zeeon ($125.30 in chips)
Seat 4: VolkovDmitri ($194.42 in chips)
Zeeon: posts small blind $1
VolkovDmitri: posts big blind $3
*** HOLE CARDS ***
Zeeon: raises $3 to $6
VolkovDmitri: calls $3
*** FLOP *** [4s 8c 3c]
VolkovDmitri: checks
Zeeon: bets $3
VolkovDmitri: folds
Uncalled bet ($3) returned to Zeeon
Zeeon collected $11.76 from pot
Zeeon: doesn't show hand
*** SUMMARY ***
Total pot $12 | Rake $0.24
Board [4s 8c 3c]
Seat 1: Zeeon (button) (small blind) collected ($11.76)
Seat 4: VolkovDmitri (big blind) folded on the Flop


PokerStars Hand #161273106454:  Hold'em Limit ($3/$6 USD) - 2016/11/12 3:07:31 ET
Table 'Bunda' 6-max Seat #4 is the button
Seat 1: Zeeon ($131.06 in chips)
Seat 4: VolkovDmitri ($188.42 in chips)
VolkovDmitri: posts small blind $1
Zeeon: posts big blind $3
*** HOLE CARDS ***
VolkovDmitri: raises $3 to $6
Zeeon: folds
Uncalled bet ($3) returned to VolkovDmitri
VolkovDmitri collected $6 from pot
VolkovDmitri: doesn't show hand
*** SUMMARY ***
Total pot $6 | Rake $0
Seat 1: Zeeon (big blind) folded before Flop
Seat 4: VolkovDmitri (button) (small blind) collected ($6)


PokerStars Hand #161273112503:  Hold'em Limit ($3/$6 USD) - 2016/11/12 3:07:50 ET
Table 'Bunda' 6-max Seat #1 is the button
Seat 1: Zeeon ($128.06 in chips)
Seat 4: VolkovDmitri ($191.42 in chips)
Zeeon: posts small blind $1
VolkovDmitri: posts big blind $3
*** HOLE CARDS ***
Zeeon: folds
Uncalled bet ($2) returned to VolkovDmitri
VolkovDmitri collected $2 from pot
VolkovDmitri: doesn't show hand
*** SUMMARY ***
Total pot $2 | Rake $0
Seat 1: Zeeon (button) (small blind) folded before Flop
Seat 4: VolkovDmitri (big blind) collected ($2)


PokerStars Hand #161273114628:  Hold'em Limit ($3/$6 USD) - 2016/11/12 3:07:57 ET
Table 'Bunda' 6-max Seat #4 is the button
Seat 1: Zeeon ($127.06 in chips)
Seat 4: VolkovDmitri ($192.42 in chips)
VolkovDmitri: posts small blind $1
Zeeon: posts big blind $3
*** HOLE CARDS ***
VolkovDmitri: raises $3 to $6
Zeeon: folds
Uncalled bet ($3) returned to VolkovDmitri
VolkovDmitri collected $6 from pot
VolkovDmitri: doesn't show hand
*** SUMMARY ***
Total pot $6 | Rake $0
Seat 1: Zeeon (big blind) folded before Flop
Seat 4: VolkovDmitri (button) (small blind) collected ($6)


PokerStars Hand #161273130962:  Hold'em Limit ($3/$6 USD) - 2016/11/12 3:08:48 ET
Table 'Bunda' 6-max Seat #4 is the button
Seat 1: Zeeon ($111.06 in chips)
Seat 4: VolkovDmitri ($208.06 in chips)
VolkovDmitri: posts small blind $1
Zeeon: posts big blind $3
*** HOLE CARDS ***
VolkovDmitri: raises $3 to $6
Zeeon: calls $3
*** FLOP *** [Kc Ah 9d]
Zeeon: checks
VolkovDmitri: bets $3
Zeeon: folds
Uncalled bet ($3) returned to VolkovDmitri
VolkovDmitri collected $11.76 from pot
VolkovDmitri: doesn't show hand
*** SUMMARY ***
Total pot $12 | Rake $0.24
Board [Kc Ah 9d]
Seat 1: Zeeon (big blind) folded on the Flop
Seat 4: VolkovDmitri (button) (small blind) collected ($11.76)


PokerStars Hand #161273129397:  Hold'em Limit ($3/$6 USD) - 2016/11/12 3:08:43 ET
Table 'Bunda' 6-max Seat #1 is the button
Seat 1: Zeeon ($112.06 in chips)
Seat 4: VolkovDmitri ($207.06 in chips)
Zeeon: posts small blind $1
VolkovDmitri: posts big blind $3
*** HOLE CARDS ***
Zeeon: folds
Uncalled bet ($2) returned to VolkovDmitri
VolkovDmitri collected $2 from pot
VolkovDmitri: doesn't show hand
*** SUMMARY ***
Total pot $2 | Rake $0
Seat 1: Zeeon (button) (small blind) folded before Flop
Seat 4: VolkovDmitri (big blind) collected ($2)


PokerStars Hand #161273126163:  Hold'em Limit ($3/$6 USD) - 2016/11/12 3:08:33 ET
Table 'Bunda' 6-max Seat #4 is the button
Seat 1: Zeeon ($115.06 in chips)
Seat 4: VolkovDmitri ($204.06 in chips)
VolkovDmitri: posts small blind $1
Zeeon: posts big blind $3
*** HOLE CARDS ***
VolkovDmitri: raises $3 to $6
Zeeon: folds
Uncalled bet ($3) returned to VolkovDmitri
VolkovDmitri collected $6 from pot
VolkovDmitri: doesn't show hand
*** SUMMARY ***
Total pot $6 | Rake $0
Seat 1: Zeeon (big blind) folded before Flop
Seat 4: VolkovDmitri (button) (small blind) collected ($6)


PokerStars Hand #161273120036:  Hold'em Limit ($3/$6 USD) - 2016/11/12 3:08:13 ET
Table 'Bunda' 6-max Seat #1 is the button
Seat 1: Zeeon ($124.06 in chips)
Seat 4: VolkovDmitri ($195.42 in chips)
Zeeon: posts small blind $1
VolkovDmitri: posts big blind $3
*** HOLE CARDS ***
Zeeon: raises $3 to $6
VolkovDmitri: raises $3 to $9
Zeeon: calls $3
*** FLOP *** [Jh Kh Ts]
VolkovDmitri: bets $3
Zeeon: folds
Uncalled bet ($3) returned to VolkovDmitri
VolkovDmitri collected $17.64 from pot
VolkovDmitri: doesn't show hand
*** SUMMARY ***
Total pot $18 | Rake $0.36
Board [Jh Kh Ts]
Seat 1: Zeeon (button) (small blind) folded on the Flop
Seat 4: VolkovDmitri (big blind) collected ($17.64)


PokerStars Hand #161273136568:  Hold'em Limit ($3/$6 USD) - 2016/11/12 3:09:05 ET
Table 'Bunda' 6-max Seat #1 is the button
Seat 1: Zeeon ($105.06 in chips)
Seat 4: VolkovDmitri ($213.82 in chips)
Zeeon: posts small blind $1
VolkovDmitri: posts big blind $3
*** HOLE CARDS ***
Zeeon: raises $3 to $6
AllanW joins the table at seat #5
VolkovDmitri: calls $3
*** FLOP *** [Jh Qs Ac]
VolkovDmitri: checks
Zeeon: bets $3
VolkovDmitri: folds
Uncalled bet ($3) returned to Zeeon
Zeeon collected $11.76 from pot
Zeeon: doesn't show hand
*** SUMMARY ***
Total pot $12 | Rake $0.24
Board [Jh Qs Ac]
Seat 1: Zeeon (button) (small blind) collected ($11.76)
Seat 4: VolkovDmitri (big blind) folded on the Flop


PokerStars Hand #161273600642:  Hold'em Limit ($3/$6 USD) - 2016/11/12 3:32:33 ET
Table 'Bunda' 6-max Seat #5 is the button
Seat 1: Zeeon ($129.69 in chips)
Seat 5: AllanW ($120.21 in chips)
AllanW: posts small blind $1
Zeeon: posts big blind $3
*** HOLE CARDS ***
VolkovDmitri leaves the table
AllanW: raises $3 to $6
Zeeon: calls $3
*** FLOP *** [Ks 4c Js]
Zeeon: checks
AllanW: bets $3
Zeeon: calls $3
*** TURN *** [Ks 4c Js] [Ah]
Zeeon: checks
AllanW: bets $6
Zeeon: raises $6 to $12
AllanW: folds
Uncalled bet ($6) returned to Zeeon
Zeeon collected $29.50 from pot
Zeeon: doesn't show hand
*** SUMMARY ***
Total pot $30 | Rake $0.50
Board [Ks 4c Js Ah]
Seat 1: Zeeon (big blind) collected ($29.50)
Seat 5: AllanW (button) (small blind) folded on the Turn


PokerStars Hand #161273631578:  Hold'em Limit ($3/$6 USD) - 2016/11/12 3:34:04 ET
Table 'Bunda' 6-max Seat #1 is the button
Seat 1: Zeeon ($144.19 in chips)
Seat 2: VolkovDmitri ($120 in chips)
Zeeon: posts small blind $1
VolkovDmitri: posts big blind $3
*** HOLE CARDS ***
Zeeon: folds
Uncalled bet ($2) returned to VolkovDmitri
VolkovDmitri collected $2 from pot
VolkovDmitri: doesn't show hand
*** SUMMARY ***
Total pot $2 | Rake $0
Seat 1: Zeeon (button) (small blind) folded before Flop
Seat 2: VolkovDmitri (big blind) collected ($2)


PokerStars Hand #161273635463:  Hold'em Limit ($3/$6 USD) - 2016/11/12 3:34:15 ET
Table 'Bunda' 6-max Seat #2 is the button
Seat 1: Zeeon ($143.19 in chips)
Seat 2: VolkovDmitri ($121 in chips)
VolkovDmitri: posts small blind $1
Zeeon: posts big blind $3
*** HOLE CARDS ***
VolkovDmitri: raises $3 to $6
Zeeon: folds
Uncalled bet ($3) returned to VolkovDmitri
VolkovDmitri collected $6 from pot
VolkovDmitri: doesn't show hand
*** SUMMARY ***
Total pot $6 | Rake $0
Seat 1: Zeeon (big blind) folded before Flop
Seat 2: VolkovDmitri (button) (small blind) collected ($6)


PokerStars Hand #161273656415:  Hold'em Limit ($3/$6 USD) - 2016/11/12 3:35:16 ET
Table 'Bunda' 6-max Seat #1 is the button
Seat 1: Zeeon ($160.69 in chips)
Seat 2: VolkovDmitri ($125.76 in chips)
Zeeon: posts small blind $1
VolkovDmitri: posts big blind $3
*** HOLE CARDS ***
Zeeon: raises $3 to $6
VolkovDmitri: folds
Uncalled bet ($3) returned to Zeeon
Zeeon collected $6 from pot
Zeeon: doesn't show hand
*** SUMMARY ***
Total pot $6 | Rake $0
Seat 1: Zeeon (button) (small blind) collected ($6)
Seat 2: VolkovDmitri (big blind) folded before Flop


PokerStars Hand #161273651831:  Hold'em Limit ($3/$6 USD) - 2016/11/12 3:35:03 ET
Table 'Bunda' 6-max Seat #2 is the button
Seat 1: Zeeon ($166.69 in chips)
Seat 2: VolkovDmitri ($120 in chips)
VolkovDmitri: posts small blind $1
Zeeon: posts big blind $3
*** HOLE CARDS ***
VolkovDmitri: raises $3 to $6
Zeeon: calls $3
*** FLOP *** [3d 9h 4c]
Zeeon: checks
VolkovDmitri: bets $3
Zeeon: folds
Uncalled bet ($3) returned to VolkovDmitri
VolkovDmitri collected $11.76 from pot
VolkovDmitri: doesn't show hand
*** SUMMARY ***
Total pot $12 | Rake $0.24
Board [3d 9h 4c]
Seat 1: Zeeon (big blind) folded on the Flop
Seat 2: VolkovDmitri (button) (small blind) collected ($11.76)


PokerStars Hand #161273659507:  Hold'em Limit ($3/$6 USD) - 2016/11/12 3:35:25 ET
Table 'Bunda' 6-max Seat #2 is the button
Seat 1: Zeeon ($163.69 in chips)
Seat 2: VolkovDmitri ($122.76 in chips)
VolkovDmitri: posts small blind $1
Zeeon: posts big blind $3
*** HOLE CARDS ***
VolkovDmitri: raises $3 to $6
Zeeon: calls $3
*** FLOP *** [9d 3c Td]
Zeeon: checks
VolkovDmitri: bets $3
Zeeon: calls $3
*** TURN *** [9d 3c Td] [Qd]
Zeeon: bets $6
VolkovDmitri: calls $6
*** RIVER *** [9d 3c Td Qd] [9h]
Zeeon: bets $6
VolkovDmitri: calls $6
*** SHOW DOWN ***
Zeeon: shows [3d 4d] (a flush, Queen high)
VolkovDmitri: mucks hand
Zeeon collected $41.50 from pot
*** SUMMARY ***
Total pot $42 | Rake $0.50
Board [9d 3c Td Qd 9h]
Seat 1: Zeeon (big blind) showed [3d 4d] and won ($41.50) with a flush, Queen high
Seat 2: VolkovDmitri (button) (small blind) mucked


PokerStars Hand #161273667442:  Hold'em Limit ($3/$6 USD) - 2016/11/12 3:35:49 ET
Table 'Bunda' 6-max Seat #1 is the button
Seat 1: Zeeon ($184.19 in chips)
Seat 2: VolkovDmitri ($120 in chips)
Zeeon: posts small blind $1
VolkovDmitri: posts big blind $3
*** HOLE CARDS ***
Zeeon: raises $3 to $6
VolkovDmitri: raises $3 to $9
Zeeon: calls $3
*** FLOP *** [Ah Jc Kd]
VolkovDmitri: bets $3
Zeeon: raises $3 to $6
VolkovDmitri: raises $3 to $9
Zeeon: calls $3
*** TURN *** [Ah Jc Kd] [2c]
VolkovDmitri: bets $6
Zeeon: folds
Uncalled bet ($6) returned to VolkovDmitri
VolkovDmitri collected $35.50 from pot
VolkovDmitri: doesn't show hand
*** SUMMARY ***
Total pot $36 | Rake $0.50
Board [Ah Jc Kd 2c]
Seat 1: Zeeon (button) (small blind) folded on the Turn
Seat 2: VolkovDmitri (big blind) collected ($35.50)


PokerStars Hand #161273687736:  Hold'em Limit ($3/$6 USD) - 2016/11/12 3:36:48 ET
Table 'Bunda' 6-max Seat #1 is the button
Seat 1: Zeeon ($174.83 in chips)
Seat 2: VolkovDmitri ($128.50 in chips)
Zeeon: posts small blind $1
VolkovDmitri: posts big blind $3
*** HOLE CARDS ***
Zeeon: raises $3 to $6
VolkovDmitri: folds
Uncalled bet ($3) returned to Zeeon
Zeeon collected $6 from pot
Zeeon: doesn't show hand
*** SUMMARY ***
Total pot $6 | Rake $0
Seat 1: Zeeon (button) (small blind) collected ($6)
Seat 2: VolkovDmitri (big blind) folded before Flop


PokerStars Hand #161273680134:  Hold'em Limit ($3/$6 USD) - 2016/11/12 3:36:26 ET
Table 'Bunda' 6-max Seat #2 is the button
Seat 1: Zeeon ($166.19 in chips)
Seat 2: VolkovDmitri ($137.50 in chips)
VolkovDmitri: posts small blind $1
Zeeon: posts big blind $3
*** HOLE CARDS ***
VolkovDmitri: raises $3 to $6
Zeeon: calls $3
*** FLOP *** [As 7c 5h]
Zeeon: checks
VolkovDmitri: bets $3
Zeeon: raises $3 to $6
VolkovDmitri: folds
Uncalled bet ($3) returned to Zeeon
Zeeon collected $17.64 from pot
Zeeon: doesn't show hand
*** SUMMARY ***
Total pot $18 | Rake $0.36
Board [As 7c 5h]
Seat 1: Zeeon (big blind) collected ($17.64)
Seat 2: VolkovDmitri (button) (small blind) folded on the Flop


PokerStars Hand #161273690151:  Hold'em Limit ($3/$6 USD) - 2016/11/12 3:36:55 ET
Table 'Bunda' 6-max Seat #2 is the button
Seat 1: Zeeon ($177.83 in chips)
Seat 2: VolkovDmitri ($125.50 in chips)
VolkovDmitri: posts small blind $1
Zeeon: posts big blind $3
*** HOLE CARDS ***
VolkovDmitri: raises $3 to $6
Zeeon: calls $3
*** FLOP *** [Kh 7d 3h]
Zeeon: checks
VolkovDmitri: bets $3
Zeeon: folds
Uncalled bet ($3) returned to VolkovDmitri
VolkovDmitri collected $11.76 from pot
VolkovDmitri: doesn't show hand
*** SUMMARY ***
Total pot $12 | Rake $0.24
Board [Kh 7d 3h]
Seat 1: Zeeon (big blind) folded on the Flop
Seat 2: VolkovDmitri (button) (small blind) collected ($11.76)


PokerStars Hand #161273699143:  Hold'em Limit ($3/$6 USD) - 2016/11/12 3:37:21 ET
Table 'Bunda' 6-max Seat #2 is the button
Seat 1: Zeeon ($177.59 in chips)
Seat 2: VolkovDmitri ($125.26 in chips)
VolkovDmitri: posts small blind $1
Zeeon: posts big blind $3
*** HOLE CARDS ***
VolkovDmitri: raises $3 to $6
Zeeon: calls $3
*** FLOP *** [Qc Jd Kh]
Zeeon: bets $3
AllanW joins the table at seat #3
VolkovDmitri: raises $3 to $6
Zeeon: raises $3 to $9
VolkovDmitri: calls $3
*** TURN *** [Qc Jd Kh] [As]
Zeeon: checks
VolkovDmitri: checks
*** RIVER *** [Qc Jd Kh As] [5c]
Zeeon: bets $6
VolkovDmitri: folds
Uncalled bet ($6) returned to Zeeon
Zeeon collected $29.50 from pot
Zeeon: doesn't show hand
*** SUMMARY ***
Total pot $30 | Rake $0.50
Board [Qc Jd Kh As 5c]
Seat 1: Zeeon (big blind) collected ($29.50)
Seat 2: VolkovDmitri (button) (small blind) folded on the River


PokerStars Hand #161273693440:  Hold'em Limit ($3/$6 USD) - 2016/11/12 3:37:04 ET
Table 'Bunda' 6-max Seat #1 is the button
Seat 1: Zeeon ($171.83 in chips)
Seat 2: VolkovDmitri ($131.26 in chips)
Zeeon: posts small blind $1
VolkovDmitri: posts big blind $3
*** HOLE CARDS ***
Zeeon: raises $3 to $6
VolkovDmitri: calls $3
*** FLOP *** [Qd 7d Ac]
VolkovDmitri: checks
Zeeon: bets $3
VolkovDmitri: folds
Uncalled bet ($3) returned to Zeeon
Zeeon collected $11.76 from pot
Zeeon: doesn't show hand
*** SUMMARY ***
Total pot $12 | Rake $0.24
Board [Qd 7d Ac]
Seat 1: Zeeon (button) (small blind) collected ($11.76)
Seat 2: VolkovDmitri (big blind) folded on the Flop


PokerStars Hand #161273709634:  Hold'em Limit ($3/$6 USD) - 2016/11/12 3:37:52 ET
Table 'Bunda' 6-max Seat #1 is the button
Seat 1: Zeeon ($192.09 in chips)
Seat 2: VolkovDmitri ($120 in chips)
Zeeon: posts small blind $1
VolkovDmitri: posts big blind $3
*** HOLE CARDS ***
Zeeon: raises $3 to $6
VolkovDmitri: calls $3
*** FLOP *** [2h 6h 5c]
VolkovDmitri: bets $3
Zeeon: calls $3
*** TURN *** [2h 6h 5c] [Kh]
VolkovDmitri: bets $6
Zeeon: calls $6
*** RIVER *** [2h 6h 5c Kh] [4s]
VolkovDmitri: checks
Zeeon: checks
*** SHOW DOWN ***
VolkovDmitri: shows [6c 7h] (a pair of Sixes)
Zeeon: mucks hand
VolkovDmitri collected $29.50 from pot
*** SUMMARY ***
Total pot $30 | Rake $0.50
Board [2h 6h 5c Kh 4s]
Seat 1: Zeeon (button) (small blind) mucked
Seat 2: VolkovDmitri (big blind) showed [6c 7h] and won ($29.50) with a pair of Sixes


PokerStars Hand #161273762928:  Hold'em Limit ($3/$6 USD) - 2016/11/12 3:40:25 ET
Table 'Bunda' 6-max Seat #3 is the button
Seat 2: VolkovDmitri ($139.74 in chips)
Seat 3: AllanW ($134.90 in chips)
AllanW: posts small blind $1
Zeeon: is sitting out
VolkovDmitri: posts big blind $3
*** HOLE CARDS ***
AllanW: raises $3 to $6
VolkovDmitri: calls $3
*** FLOP *** [9h Td 2c]
VolkovDmitri: checks
AllanW: bets $3
VolkovDmitri: calls $3
*** TURN *** [9h Td 2c] [7d]
VolkovDmitri: checks
AllanW: bets $6
VolkovDmitri: folds
Uncalled bet ($6) returned to AllanW
AllanW collected $17.64 from pot
AllanW: doesn't show hand
*** SUMMARY ***
Total pot $18 | Rake $0.36
Board [9h Td 2c 7d]
Seat 2: VolkovDmitri (big blind) folded on the Turn
Seat 3: AllanW (button) (small blind) collected ($17.64)


PokerStars Hand #161273806188:  Hold'em Limit ($3/$6 USD) - 2016/11/12 3:42:29 ET
Table 'Bunda' 6-max Seat #2 is the button
Seat 2: VolkovDmitri ($130.74 in chips)
Seat 3: AllanW ($143.54 in chips)
VolkovDmitri: posts small blind $1
AllanW: posts big blind $3
*** HOLE CARDS ***
VolkovDmitri: raises $3 to $6
AllanW: raises $3 to $9
VolkovDmitri: calls $3
*** FLOP *** [Qc 3h 8s]
AllanW: bets $3
VolkovDmitri: calls $3
*** TURN *** [Qc 3h 8s] [5d]
AllanW: bets $6
VolkovDmitri: raises $6 to $12
AllanW: calls $6
*** RIVER *** [Qc 3h 8s 5d] [8h]
AllanW: checks
VolkovDmitri: bets $6
AllanW: calls $6
*** SHOW DOWN ***
VolkovDmitri: shows [8c 5c] (a full house, Eights full of Fives)
AllanW: mucks hand
VolkovDmitri collected $59.50 from pot
*** SUMMARY ***
Total pot $60 | Rake $0.50
Board [Qc 3h 8s 5d 8h]
Seat 2: VolkovDmitri (button) (small blind) showed [8c 5c] and won ($59.50) with a full house, Eights full of Fives
Seat 3: AllanW (big blind) mucked


