PokerStars Hand #162343839506:  Hold'em Limit ($3/$6 USD) - 2016/12/03 10:26:53 ET
Table 'Bunda' 6-max Seat #3 is the button
Seat 3: kub1k27401 ($50 in chips)
Seat 5: GoliafUa ($120 in chips)
kub1k27401: posts small blind $1
GoliafUa: posts big blind $3
*** HOLE CARDS ***
kub1k27401: calls $2
GoliafUa: checks
*** FLOP *** [6d 4d Jc]
GoliafUa: bets $3
kub1k27401: calls $3
*** TURN *** [6d 4d Jc] [Ac]
GoliafUa: bets $6
kub1k27401: calls $6
*** RIVER *** [6d 4d Jc Ac] [Ks]
GoliafUa: checks
kub1k27401: bets $6
GoliafUa: folds
Uncalled bet ($6) returned to kub1k27401
kub1k27401 collected $23.52 from pot
*** SUMMARY ***
Total pot $24 | Rake $0.48
Board [6d 4d Jc Ac Ks]
Seat 3: kub1k27401 (button) (small blind) collected ($23.52)
Seat 5: GoliafUa (big blind) folded on the River


PokerStars Hand #162343861943:  Hold'em Limit ($3/$6 USD) - 2016/12/03 10:27:25 ET
Table 'Bunda' 6-max Seat #5 is the button
Seat 3: kub1k27401 ($61.52 in chips)
Seat 5: GoliafUa ($108 in chips)
GoliafUa: posts small blind $1
kub1k27401: posts big blind $3
*** HOLE CARDS ***
TbIP-TbIP 88 joins the table at seat #4
GoliafUa: raises $3 to $6
kub1k27401: folds
Uncalled bet ($3) returned to GoliafUa
kub1k27401 leaves the table
GoliafUa collected $6 from pot
GoliafUa: doesn't show hand
*** SUMMARY ***
Total pot $6 | Rake $0
Seat 3: kub1k27401 (big blind) folded before Flop
Seat 5: GoliafUa (button) (small blind) collected ($6)


