PokerStars Hand #157860328061:  Hold'em Limit ($3/$6 USD) - 2016/08/28 15:44:58 ET
Table 'Bunke' 10-max Seat #6 is the button
Seat 5: simper11 ($125.76 in chips)
Seat 6: barbeinthjem ($114 in chips)
barbeinthjem: posts small blind $1
simper11: posts big blind $3
*** HOLE CARDS ***
barbeinthjem: raises $3 to $6
simper11: raises $3 to $9
barbeinthjem: calls $3
*** FLOP *** [6c 3s 9c]
simper11: bets $3
barbeinthjem: calls $3
*** TURN *** [6c 3s 9c] [Ks]
simper11: bets $6
barbeinthjem: calls $6
*** RIVER *** [6c 3s 9c Ks] [5c]
simper11: bets $6
barbeinthjem: calls $6
*** SHOW DOWN ***
simper11: shows [Ac Ad] (a pair of Aces)
barbeinthjem: mucks hand
simper11 collected $47.50 from pot
*** SUMMARY ***
Total pot $48 | Rake $0.50
Board [6c 3s 9c Ks 5c]
Seat 5: simper11 (big blind) showed [Ac Ad] and won ($47.50) with a pair of Aces
Seat 6: barbeinthjem (button) (small blind) mucked


PokerStars Hand #157860310041:  Hold'em Limit ($3/$6 USD) - 2016/08/28 15:44:38 ET
Table 'Bunke' 10-max Seat #5 is the button
Seat 5: simper11 ($120 in chips)
Seat 6: barbeinthjem ($120 in chips)
simper11: posts small blind $1
barbeinthjem: posts big blind $3
*** HOLE CARDS ***
simper11: raises $3 to $6
barbeinthjem: calls $3
*** FLOP *** [6c Ah 8s]
barbeinthjem: checks
simper11: bets $3
barbeinthjem: folds
Uncalled bet ($3) returned to simper11
simper11 collected $11.76 from pot
simper11: doesn't show hand
*** SUMMARY ***
Total pot $12 | Rake $0.24
Board [6c Ah 8s]
Seat 5: simper11 (button) (small blind) collected ($11.76)
Seat 6: barbeinthjem (big blind) folded on the Flop


PokerStars Hand #157860381875:  Hold'em Limit ($3/$6 USD) - 2016/08/28 15:45:58 ET
Table 'Bunke' 10-max Seat #6 is the button
Seat 5: simper11 ($163.52 in chips)
Seat 6: barbeinthjem ($74.50 in chips)
barbeinthjem: posts small blind $1
simper11: posts big blind $3
*** HOLE CARDS ***
barbeinthjem: raises $3 to $6
simper11: calls $3
*** FLOP *** [9h 9d 7c]
simper11: checks
barbeinthjem: bets $3
simper11: calls $3
*** TURN *** [9h 9d 7c] [6s]
simper11: checks
barbeinthjem: bets $6
simper11: calls $6
*** RIVER *** [9h 9d 7c 6s] [Jc]
simper11: checks
barbeinthjem: checks
*** SHOW DOWN ***
simper11: shows [2s Ac] (a pair of Nines)
barbeinthjem: shows [4c 6h] (two pair, Nines and Sixes)
barbeinthjem collected $29.50 from pot
*** SUMMARY ***
Total pot $30 | Rake $0.50
Board [9h 9d 7c 6s Jc]
Seat 5: simper11 (big blind) showed [2s Ac] and lost with a pair of Nines
Seat 6: barbeinthjem (button) (small blind) showed [4c 6h] and won ($29.50) with two pair, Nines and Sixes


PokerStars Hand #157860377425:  Hold'em Limit ($3/$6 USD) - 2016/08/28 15:45:53 ET
Table 'Bunke' 10-max Seat #5 is the button
Seat 5: simper11 ($164.52 in chips)
Seat 6: barbeinthjem ($73.50 in chips)
simper11: posts small blind $1
barbeinthjem: posts big blind $3
*** HOLE CARDS ***
simper11: folds
Uncalled bet ($2) returned to barbeinthjem
barbeinthjem collected $2 from pot
barbeinthjem: doesn't show hand
*** SUMMARY ***
Total pot $2 | Rake $0
Seat 5: simper11 (button) (small blind) folded before Flop
Seat 6: barbeinthjem (big blind) collected ($2)


PokerStars Hand #157860372969:  Hold'em Limit ($3/$6 USD) - 2016/08/28 15:45:48 ET
Table 'Bunke' 10-max Seat #6 is the button
Seat 5: simper11 ($163.52 in chips)
Seat 6: barbeinthjem ($74.50 in chips)
barbeinthjem: posts small blind $1
simper11: posts big blind $3
*** HOLE CARDS ***
barbeinthjem: folds
Uncalled bet ($2) returned to simper11
simper11 collected $2 from pot
simper11: doesn't show hand
*** SUMMARY ***
Total pot $2 | Rake $0
Seat 5: simper11 (big blind) collected ($2)
Seat 6: barbeinthjem (button) (small blind) folded before Flop


PokerStars Hand #157860365131:  Hold'em Limit ($3/$6 USD) - 2016/08/28 15:45:39 ET
Table 'Bunke' 10-max Seat #5 is the button
Seat 5: simper11 ($157.76 in chips)
Seat 6: barbeinthjem ($80.50 in chips)
simper11: posts small blind $1
barbeinthjem: posts big blind $3
*** HOLE CARDS ***
simper11: raises $3 to $6
barbeinthjem: calls $3
*** FLOP *** [4c 2c Td]
barbeinthjem: checks
simper11: bets $3
barbeinthjem: folds
Uncalled bet ($3) returned to simper11
simper11 collected $11.76 from pot
simper11: doesn't show hand
*** SUMMARY ***
Total pot $12 | Rake $0.24
Board [4c 2c Td]
Seat 5: simper11 (button) (small blind) collected ($11.76)
Seat 6: barbeinthjem (big blind) folded on the Flop


PokerStars Hand #157860353063:  Hold'em Limit ($3/$6 USD) - 2016/08/28 15:45:26 ET
Table 'Bunke' 10-max Seat #6 is the button
Seat 5: simper11 ($172.76 in chips)
Seat 6: barbeinthjem ($66 in chips)
barbeinthjem: posts small blind $1
simper11: posts big blind $3
*** HOLE CARDS ***
barbeinthjem: raises $3 to $6
simper11: calls $3
*** FLOP *** [Js 5s Kh]
simper11: checks
barbeinthjem: bets $3
simper11: calls $3
*** TURN *** [Js 5s Kh] [2h]
simper11: checks
barbeinthjem: checks
*** RIVER *** [Js 5s Kh 2h] [Qd]
simper11: checks
barbeinthjem: bets $6
simper11: calls $6
*** SHOW DOWN ***
barbeinthjem: shows [Td Qc] (a pair of Queens)
simper11: mucks hand
barbeinthjem collected $29.50 from pot
*** SUMMARY ***
Total pot $30 | Rake $0.50
Board [Js 5s Kh 2h Qd]
Seat 5: simper11 (big blind) mucked
Seat 6: barbeinthjem (button) (small blind) showed [Td Qc] and won ($29.50) with a pair of Queens


PokerStars Hand #157860339938:  Hold'em Limit ($3/$6 USD) - 2016/08/28 15:45:11 ET
Table 'Bunke' 10-max Seat #5 is the button
Seat 5: simper11 ($149.26 in chips)
Seat 6: barbeinthjem ($90 in chips)
simper11: posts small blind $1
barbeinthjem: posts big blind $3
*** HOLE CARDS ***
simper11: raises $3 to $6
barbeinthjem: raises $3 to $9
simper11: calls $3
*** FLOP *** [Ks 9d 6c]
barbeinthjem: bets $3
simper11: calls $3
*** TURN *** [Ks 9d 6c] [8h]
barbeinthjem: bets $6
simper11: raises $6 to $12
barbeinthjem: calls $6
*** RIVER *** [Ks 9d 6c 8h] [9s]
barbeinthjem: checks
simper11: checks
*** SHOW DOWN ***
barbeinthjem: shows [Ac Js] (a pair of Nines)
simper11: shows [6d 8c] (two pair, Nines and Eights)
simper11 collected $47.50 from pot
*** SUMMARY ***
Total pot $48 | Rake $0.50
Board [Ks 9d 6c 8h 9s]
Seat 5: simper11 (button) (small blind) showed [6d 8c] and won ($47.50) with two pair, Nines and Eights
Seat 6: barbeinthjem (big blind) showed [Ac Js] and lost with a pair of Nines


PokerStars Hand #157860438101:  Hold'em Limit ($3/$6 USD) - 2016/08/28 15:47:00 ET
Table 'Bunke' 10-max Seat #5 is the button
Seat 5: simper11 ($120 in chips)
Seat 6: barbeinthjem ($150.28 in chips)
simper11: posts small blind $1
barbeinthjem: posts big blind $3
*** HOLE CARDS ***
shuggie2 joins the table at seat #7
simper11: raises $3 to $6
barbeinthjem: calls $3
*** FLOP *** [Ah Jd Jc]
barbeinthjem: checks
simper11 said, "lololo"
simper11: bets $3
barbeinthjem: folds
Uncalled bet ($3) returned to simper11
simper11 said, "lololololololol"
simper11 said, "olo"
simper11 collected $11.76 from pot
simper11: doesn't show hand
*** SUMMARY ***
Total pot $12 | Rake $0.24
Board [Ah Jd Jc]
Seat 5: simper11 (button) (small blind) collected ($11.76)
Seat 6: barbeinthjem (big blind) folded on the Flop


PokerStars Hand #157860425563:  Hold'em Limit ($3/$6 USD) - 2016/08/28 15:46:46 ET
Table 'Bunke' 10-max Seat #6 is the button
Seat 5: simper11 ($120 in chips)
Seat 6: barbeinthjem ($120.78 in chips)
barbeinthjem: posts small blind $1
simper11: posts big blind $3
*** HOLE CARDS ***
barbeinthjem: raises $3 to $6
simper11: calls $3
*** FLOP *** [Qd 3c 6h]
simper11: checks
barbeinthjem: bets $3
simper11: raises $3 to $6
barbeinthjem: calls $3
*** TURN *** [Qd 3c 6h] [As]
simper11: bets $6
barbeinthjem: raises $6 to $12
simper11: calls $6
*** RIVER *** [Qd 3c 6h As] [5c]
simper11: checks
barbeinthjem: bets $6
simper11: calls $6
*** SHOW DOWN ***
barbeinthjem: shows [2s Ac] (a pair of Aces)
simper11: mucks hand
barbeinthjem collected $59.50 from pot
*** SUMMARY ***
Total pot $60 | Rake $0.50
Board [Qd 3c 6h As 5c]
Seat 5: simper11 (big blind) mucked
Seat 6: barbeinthjem (button) (small blind) showed [2s Ac] and won ($59.50) with a pair of Aces


PokerStars Hand #157860412759:  Hold'em Limit ($3/$6 USD) - 2016/08/28 15:46:32 ET
Table 'Bunke' 10-max Seat #5 is the button
Seat 5: simper11 ($130.52 in chips)
Seat 6: barbeinthjem ($106.28 in chips)
simper11: posts small blind $1
barbeinthjem: posts big blind $3
*** HOLE CARDS ***
simper11: raises $3 to $6
barbeinthjem: calls $3
*** FLOP *** [9h 8c 7d]
barbeinthjem: checks
simper11: bets $3
barbeinthjem: calls $3
*** TURN *** [9h 8c 7d] [Jh]
barbeinthjem: checks
simper11: bets $6
barbeinthjem: calls $6
*** RIVER *** [9h 8c 7d Jh] [Td]
barbeinthjem: checks
simper11: checks
*** SHOW DOWN ***
barbeinthjem: shows [9d Qc] (a straight, Eight to Queen)
simper11: mucks hand
barbeinthjem collected $29.50 from pot
*** SUMMARY ***
Total pot $30 | Rake $0.50
Board [9h 8c 7d Jh Td]
Seat 5: simper11 (button) (small blind) mucked
Seat 6: barbeinthjem (big blind) showed [9d Qc] and won ($29.50) with a straight, Eight to Queen


PokerStars Hand #157860401925:  Hold'em Limit ($3/$6 USD) - 2016/08/28 15:46:20 ET
Table 'Bunke' 10-max Seat #6 is the button
Seat 5: simper11 ($139.52 in chips)
Seat 6: barbeinthjem ($97.64 in chips)
barbeinthjem: posts small blind $1
simper11: posts big blind $3
*** HOLE CARDS ***
barbeinthjem: raises $3 to $6
simper11: calls $3
*** FLOP *** [Ks 5c 6d]
simper11: checks
barbeinthjem: bets $3
simper11: calls $3
*** TURN *** [Ks 5c 6d] [2c]
simper11: checks
barbeinthjem: checks
*** RIVER *** [Ks 5c 6d 2c] [2h]
simper11: checks
barbeinthjem: checks
*** SHOW DOWN ***
simper11: shows [Qs 7h] (a pair of Deuces)
barbeinthjem: shows [3h Ah] (a pair of Deuces - Ace kicker)
barbeinthjem collected $17.64 from pot
*** SUMMARY ***
Total pot $18 | Rake $0.36
Board [Ks 5c 6d 2c 2h]
Seat 5: simper11 (big blind) showed [Qs 7h] and lost with a pair of Deuces
Seat 6: barbeinthjem (button) (small blind) showed [3h Ah] and won ($17.64) with a pair of Deuces


PokerStars Hand #157860393404:  Hold'em Limit ($3/$6 USD) - 2016/08/28 15:46:11 ET
Table 'Bunke' 10-max Seat #5 is the button
Seat 5: simper11 ($148.52 in chips)
Seat 6: barbeinthjem ($89 in chips)
simper11: posts small blind $1
barbeinthjem: posts big blind $3
*** HOLE CARDS ***
simper11: raises $3 to $6
barbeinthjem: calls $3
*** FLOP *** [6s Th 6c]
barbeinthjem: checks
simper11: bets $3
barbeinthjem: raises $3 to $6
simper11: folds
Uncalled bet ($3) returned to barbeinthjem
barbeinthjem collected $17.64 from pot
barbeinthjem: doesn't show hand
*** SUMMARY ***
Total pot $18 | Rake $0.36
Board [6s Th 6c]
Seat 5: simper11 (button) (small blind) folded on the Flop
Seat 6: barbeinthjem (big blind) collected ($17.64)


PokerStars Hand #157860545368:  Hold'em Limit ($3/$6 USD) - 2016/08/28 15:48:58 ET
Table 'Bunke' 10-max Seat #6 is the button
Seat 5: simper11 ($147.66 in chips)
Seat 6: barbeinthjem ($101.78 in chips)
barbeinthjem: posts small blind $1
simper11: posts big blind $3
*** HOLE CARDS ***
barbeinthjem: folds
Uncalled bet ($2) returned to simper11
simper11 collected $2 from pot
simper11: doesn't show hand
*** SUMMARY ***
Total pot $2 | Rake $0
Seat 5: simper11 (big blind) collected ($2)
Seat 6: barbeinthjem (button) (small blind) folded before Flop


PokerStars Hand #157860537228:  Hold'em Limit ($3/$6 USD) - 2016/08/28 15:48:49 ET
Table 'Bunke' 10-max Seat #5 is the button
Seat 5: simper11 ($141.90 in chips)
Seat 6: barbeinthjem ($107.78 in chips)
simper11: posts small blind $1
barbeinthjem: posts big blind $3
*** HOLE CARDS ***
simper11: raises $3 to $6
barbeinthjem: calls $3
*** FLOP *** [6h 2h Th]
barbeinthjem: checks
simper11: bets $3
barbeinthjem: folds
Uncalled bet ($3) returned to simper11
simper11 collected $11.76 from pot
simper11: doesn't show hand
*** SUMMARY ***
Total pot $12 | Rake $0.24
Board [6h 2h Th]
Seat 5: simper11 (button) (small blind) collected ($11.76)
Seat 6: barbeinthjem (big blind) folded on the Flop


PokerStars Hand #157860528450:  Hold'em Limit ($3/$6 USD) - 2016/08/28 15:48:40 ET
Table 'Bunke' 10-max Seat #6 is the button
Seat 5: simper11 ($133.26 in chips)
Seat 6: barbeinthjem ($116.78 in chips)
barbeinthjem: posts small blind $1
simper11: posts big blind $3
*** HOLE CARDS ***
barbeinthjem: raises $3 to $6
simper11: calls $3
*** FLOP *** [3d 6d 8d]
simper11: checks
barbeinthjem: bets $3
simper11: raises $3 to $6
barbeinthjem: folds
Uncalled bet ($3) returned to simper11
simper11 collected $17.64 from pot
simper11: doesn't show hand
*** SUMMARY ***
Total pot $18 | Rake $0.36
Board [3d 6d 8d]
Seat 5: simper11 (big blind) collected ($17.64)
Seat 6: barbeinthjem (button) (small blind) folded on the Flop


PokerStars Hand #157860515009:  Hold'em Limit ($3/$6 USD) - 2016/08/28 15:48:25 ET
Table 'Bunke' 10-max Seat #5 is the button
Seat 5: simper11 ($127.50 in chips)
Seat 6: barbeinthjem ($122.78 in chips)
simper11: posts small blind $1
barbeinthjem: posts big blind $3
*** HOLE CARDS ***
simper11 said, "llolol"
shuggie2 leaves the table
simper11 said, "ololo"
simper11 said, "lolol"
simper11 said, "olo"
simper11: raises $3 to $6
barbeinthjem: calls $3
*** FLOP *** [2d Ks 3d]
barbeinthjem: checks
simper11: bets $3
barbeinthjem: folds
Uncalled bet ($3) returned to simper11
simper11 collected $11.76 from pot
simper11: doesn't show hand
*** SUMMARY ***
Total pot $12 | Rake $0.24
Board [2d Ks 3d]
Seat 5: simper11 (button) (small blind) collected ($11.76)
Seat 6: barbeinthjem (big blind) folded on the Flop


PokerStars Hand #157860502173:  Hold'em Limit ($3/$6 USD) - 2016/08/28 15:48:10 ET
Table 'Bunke' 10-max Seat #6 is the button
Seat 5: simper11 ($142.50 in chips)
Seat 6: barbeinthjem ($108.28 in chips)
barbeinthjem: posts small blind $1
shuggie2: is sitting out
simper11: posts big blind $3
*** HOLE CARDS ***
barbeinthjem: raises $3 to $6
simper11: calls $3
*** FLOP *** [7s 3h 8d]
simper11: checks
barbeinthjem: bets $3
simper11: calls $3
*** TURN *** [7s 3h 8d] [4s]
simper11: checks
barbeinthjem: bets $6
simper11: calls $6
*** RIVER *** [7s 3h 8d 4s] [As]
simper11: checks
barbeinthjem: checks
*** SHOW DOWN ***
simper11: shows [Jh 3d] (a pair of Threes)
barbeinthjem: shows [4h Js] (a pair of Fours)
barbeinthjem collected $29.50 from pot
*** SUMMARY ***
Total pot $30 | Rake $0.50
Board [7s 3h 8d 4s As]
Seat 5: simper11 (big blind) showed [Jh 3d] and lost with a pair of Threes
Seat 6: barbeinthjem (button) (small blind) showed [4h Js] and won ($29.50) with a pair of Fours


PokerStars Hand #157860606151:  Hold'em Limit ($3/$6 USD) - 2016/08/28 15:50:06 ET
Table 'Bunke' 10-max Seat #5 is the button
Seat 5: simper11 ($210.16 in chips)
Seat 6: barbeinthjem ($37.42 in chips)
simper11: posts small blind $1
barbeinthjem: posts big blind $3
*** HOLE CARDS ***
simper11: raises $3 to $6
barbeinthjem: calls $3
*** FLOP *** [Qc 9c 3d]
barbeinthjem: checks
simper11: bets $3
barbeinthjem: raises $3 to $6
simper11: calls $3
*** TURN *** [Qc 9c 3d] [8h]
barbeinthjem: bets $6
simper11: folds
Uncalled bet ($6) returned to barbeinthjem
barbeinthjem collected $23.52 from pot
barbeinthjem: doesn't show hand
*** SUMMARY ***
Total pot $24 | Rake $0.48
Board [Qc 9c 3d 8h]
Seat 5: simper11 (button) (small blind) folded on the Turn
Seat 6: barbeinthjem (big blind) collected ($23.52)


PokerStars Hand #157860592428:  Hold'em Limit ($3/$6 USD) - 2016/08/28 15:49:51 ET
Table 'Bunke' 10-max Seat #6 is the button
Seat 5: simper11 ($183.66 in chips)
Seat 6: barbeinthjem ($64.42 in chips)
barbeinthjem: posts small blind $1
simper11: posts big blind $3
*** HOLE CARDS ***
barbeinthjem: raises $3 to $6
simper11: raises $3 to $9
barbeinthjem: calls $3
*** FLOP *** [5c Td 3d]
simper11: bets $3
barbeinthjem: raises $3 to $6
simper11: calls $3
*** TURN *** [5c Td 3d] [Qs]
simper11: checks
barbeinthjem: bets $6
simper11: calls $6
*** RIVER *** [5c Td 3d Qs] [6d]
simper11: checks
barbeinthjem: bets $6
simper11: calls $6
*** SHOW DOWN ***
barbeinthjem: shows [8d 6c] (a pair of Sixes)
simper11: shows [7c 7h] (a pair of Sevens)
simper11 collected $53.50 from pot
*** SUMMARY ***
Total pot $54 | Rake $0.50
Board [5c Td 3d Qs 6d]
Seat 5: simper11 (big blind) showed [7c 7h] and won ($53.50) with a pair of Sevens
Seat 6: barbeinthjem (button) (small blind) showed [8d 6c] and lost with a pair of Sixes


PokerStars Hand #157860580116:  Hold'em Limit ($3/$6 USD) - 2016/08/28 15:49:37 ET
Table 'Bunke' 10-max Seat #5 is the button
Seat 5: simper11 ($192.66 in chips)
Seat 6: barbeinthjem ($55.78 in chips)
simper11: posts small blind $1
barbeinthjem: posts big blind $3
*** HOLE CARDS ***
simper11: raises $3 to $6
barbeinthjem: calls $3
*** FLOP *** [9s 8h Qs]
barbeinthjem: checks
simper11: bets $3
barbeinthjem: calls $3
*** TURN *** [9s 8h Qs] [4s]
barbeinthjem: checks
simper11: checks
*** RIVER *** [9s 8h Qs 4s] [8d]
barbeinthjem: bets $6
simper11: folds
Uncalled bet ($6) returned to barbeinthjem
barbeinthjem collected $17.64 from pot
barbeinthjem: doesn't show hand
*** SUMMARY ***
Total pot $18 | Rake $0.36
Board [9s 8h Qs 4s 8d]
Seat 5: simper11 (button) (small blind) folded on the River
Seat 6: barbeinthjem (big blind) collected ($17.64)


PokerStars Hand #157860565433:  Hold'em Limit ($3/$6 USD) - 2016/08/28 15:49:21 ET
Table 'Bunke' 10-max Seat #6 is the button
Seat 5: simper11 ($172.16 in chips)
Seat 6: barbeinthjem ($76.78 in chips)
barbeinthjem: posts small blind $1
simper11: posts big blind $3
*** HOLE CARDS ***
barbeinthjem: raises $3 to $6
simper11: raises $3 to $9
barbeinthjem: calls $3
*** FLOP *** [9c 7c 6h]
simper11: bets $3
barbeinthjem: raises $3 to $6
simper11: calls $3
*** TURN *** [9c 7c 6h] [4c]
simper11: checks
barbeinthjem: bets $6
simper11: calls $6
*** RIVER *** [9c 7c 6h 4c] [Kd]
simper11: checks
barbeinthjem: checks
*** SHOW DOWN ***
simper11: shows [8d 8h] (a pair of Eights)
barbeinthjem: mucks hand
simper11 collected $41.50 from pot
*** SUMMARY ***
Total pot $42 | Rake $0.50
Board [9c 7c 6h 4c Kd]
Seat 5: simper11 (big blind) showed [8d 8h] and won ($41.50) with a pair of Eights
Seat 6: barbeinthjem (button) (small blind) mucked


PokerStars Hand #157860549635:  Hold'em Limit ($3/$6 USD) - 2016/08/28 15:49:03 ET
Table 'Bunke' 10-max Seat #5 is the button
Seat 5: simper11 ($148.66 in chips)
Seat 6: barbeinthjem ($100.78 in chips)
simper11: posts small blind $1
barbeinthjem: posts big blind $3
*** HOLE CARDS ***
simper11: raises $3 to $6
barbeinthjem: raises $3 to $9
simper11: calls $3
*** FLOP *** [8s 8h 9s]
barbeinthjem: bets $3
simper11: calls $3
*** TURN *** [8s 8h 9s] [2c]
barbeinthjem: bets $6
simper11: calls $6
*** RIVER *** [8s 8h 9s 2c] [Js]
barbeinthjem: checks
simper11: bets $6
barbeinthjem: calls $6
*** SHOW DOWN ***
simper11: shows [2h Jh] (two pair, Jacks and Eights)
barbeinthjem: mucks hand
simper11 collected $47.50 from pot
*** SUMMARY ***
Total pot $48 | Rake $0.50
Board [8s 8h 9s 2c Js]
Seat 5: simper11 (button) (small blind) showed [2h Jh] and won ($47.50) with two pair, Jacks and Eights
Seat 6: barbeinthjem (big blind) mucked


PokerStars Hand #157860657971:  Hold'em Limit ($3/$6 USD) - 2016/08/28 15:51:05 ET
Table 'Bunke' 10-max Seat #6 is the button
Seat 5: simper11 ($177.66 in chips)
Seat 6: barbeinthjem ($68.20 in chips)
barbeinthjem: posts small blind $1
simper11: posts big blind $3
*** HOLE CARDS ***
barbeinthjem: folds
Uncalled bet ($2) returned to simper11
simper11 collected $2 from pot
simper11: doesn't show hand
pc5000 joins the table at seat #9
*** SUMMARY ***
Total pot $2 | Rake $0
Seat 5: simper11 (big blind) collected ($2)
Seat 6: barbeinthjem (button) (small blind) folded before Flop


PokerStars Hand #157860643875:  Hold'em Limit ($3/$6 USD) - 2016/08/28 15:50:49 ET
Table 'Bunke' 10-max Seat #5 is the button
Seat 5: simper11 ($163.16 in chips)
Seat 6: barbeinthjem ($83.20 in chips)
simper11: posts small blind $1
barbeinthjem: posts big blind $3
*** HOLE CARDS ***
simper11: raises $3 to $6
barbeinthjem: calls $3
*** FLOP *** [6s 5d 8h]
barbeinthjem: checks
simper11: bets $3
barbeinthjem: calls $3
*** TURN *** [6s 5d 8h] [Kh]
barbeinthjem: checks
simper11: bets $6
barbeinthjem: calls $6
*** RIVER *** [6s 5d 8h Kh] [2c]
barbeinthjem: checks
simper11: bets $6
barbeinthjem: folds
Uncalled bet ($6) returned to simper11
simper11 collected $29.50 from pot
simper11: doesn't show hand
*** SUMMARY ***
Total pot $30 | Rake $0.50
Board [6s 5d 8h Kh 2c]
Seat 5: simper11 (button) (small blind) collected ($29.50)
Seat 6: barbeinthjem (big blind) folded on the River


PokerStars Hand #157860636997:  Hold'em Limit ($3/$6 USD) - 2016/08/28 15:50:41 ET
Table 'Bunke' 10-max Seat #6 is the button
Seat 5: simper11 ($169.16 in chips)
Seat 6: barbeinthjem ($77.44 in chips)
barbeinthjem: posts small blind $1
simper11: posts big blind $3
*** HOLE CARDS ***
barbeinthjem: raises $3 to $6
simper11: calls $3
*** FLOP *** [Qc Ac 7d]
simper11: checks
barbeinthjem: bets $3
simper11: folds
Uncalled bet ($3) returned to barbeinthjem
barbeinthjem collected $11.76 from pot
barbeinthjem: doesn't show hand
*** SUMMARY ***
Total pot $12 | Rake $0.24
Board [Qc Ac 7d]
Seat 5: simper11 (big blind) folded on the Flop
Seat 6: barbeinthjem (button) (small blind) collected ($11.76)


PokerStars Hand #157860621909:  Hold'em Limit ($3/$6 USD) - 2016/08/28 15:50:24 ET
Table 'Bunke' 10-max Seat #5 is the button
Seat 5: simper11 ($199.16 in chips)
Seat 6: barbeinthjem ($47.94 in chips)
simper11: posts small blind $1
barbeinthjem: posts big blind $3
*** HOLE CARDS ***
simper11: raises $3 to $6
barbeinthjem: raises $3 to $9
simper11: calls $3
*** FLOP *** [7s 5h Js]
barbeinthjem: bets $3
simper11: calls $3
*** TURN *** [7s 5h Js] [Ac]
barbeinthjem: bets $6
simper11: raises $6 to $12
barbeinthjem: calls $6
*** RIVER *** [7s 5h Js Ac] [2d]
barbeinthjem: checks
simper11: bets $6
barbeinthjem: raises $6 to $12
simper11: folds
Uncalled bet ($6) returned to barbeinthjem
barbeinthjem collected $59.50 from pot
barbeinthjem: doesn't show hand
*** SUMMARY ***
Total pot $60 | Rake $0.50
Board [7s 5h Js Ac 2d]
Seat 5: simper11 (button) (small blind) folded on the River
Seat 6: barbeinthjem (big blind) collected ($59.50)


PokerStars Hand #157860617817:  Hold'em Limit ($3/$6 USD) - 2016/08/28 15:50:20 ET
Table 'Bunke' 10-max Seat #6 is the button
Seat 5: simper11 ($198.16 in chips)
Seat 6: barbeinthjem ($48.94 in chips)
barbeinthjem: posts small blind $1
simper11: posts big blind $3
*** HOLE CARDS ***
barbeinthjem: folds
Uncalled bet ($2) returned to simper11
simper11 collected $2 from pot
simper11: doesn't show hand
*** SUMMARY ***
Total pot $2 | Rake $0
Seat 5: simper11 (big blind) collected ($2)
Seat 6: barbeinthjem (button) (small blind) folded before Flop


PokerStars Hand #157860663366:  Hold'em Limit ($3/$6 USD) - 2016/08/28 15:51:11 ET
Table 'Bunke' 10-max Seat #5 is the button
Seat 5: simper11 ($178.66 in chips)
Seat 6: barbeinthjem ($67.20 in chips)
simper11: posts small blind $1
barbeinthjem: posts big blind $3
*** HOLE CARDS ***
simper11: raises $3 to $6
barbeinthjem: calls $3
*** FLOP *** [5h 2s 7d]
barbeinthjem: checks
simper11: bets $3
barbeinthjem: calls $3
*** TURN *** [5h 2s 7d] [7h]
barbeinthjem: checks
simper11: bets $6
barbeinthjem: raises $6 to $12
simper11: raises $6 to $18
barbeinthjem: folds
Uncalled bet ($6) returned to simper11
simper11 collected $41.50 from pot
simper11: doesn't show hand
*** SUMMARY ***
Total pot $42 | Rake $0.50
Board [5h 2s 7d 7h]
Seat 5: simper11 (button) (small blind) collected ($41.50)
Seat 6: barbeinthjem (big blind) folded on the Turn


PokerStars Hand #157860905158:  Hold'em Limit ($3/$6 USD) - 2016/08/28 15:56:05 ET
Table 'Bunke' 10-max Seat #6 is the button
Seat 5: simper11 ($166.21 in chips)
Seat 6: barbeinthjem ($173.50 in chips)
barbeinthjem: posts small blind $1
simper11: posts big blind $3
*** HOLE CARDS ***
barbeinthjem: folds
Uncalled bet ($2) returned to simper11
simper11 collected $2 from pot
simper11: doesn't show hand
*** SUMMARY ***
Total pot $2 | Rake $0
Seat 5: simper11 (big blind) collected ($2)
Seat 6: barbeinthjem (button) (small blind) folded before Flop


PokerStars Hand #157860899662:  Hold'em Limit ($3/$6 USD) - 2016/08/28 15:55:56 ET
Table 'Bunke' 10-max Seat #5 is the button
Seat 5: simper11 ($160.45 in chips)
Seat 6: barbeinthjem ($179.50 in chips)
simper11: posts small blind $1
barbeinthjem: posts big blind $3
*** HOLE CARDS ***
simper11: raises $3 to $6
barbeinthjem: calls $3
*** FLOP *** [9d 9s Ts]
barbeinthjem: checks
simper11: bets $3
barbeinthjem: folds
Uncalled bet ($3) returned to simper11
simper11 collected $11.76 from pot
simper11: doesn't show hand
*** SUMMARY ***
Total pot $12 | Rake $0.24
Board [9d 9s Ts]
Seat 5: simper11 (button) (small blind) collected ($11.76)
Seat 6: barbeinthjem (big blind) folded on the Flop


PokerStars Hand #157860896644:  Hold'em Limit ($3/$6 USD) - 2016/08/28 15:55:51 ET
Table 'Bunke' 10-max Seat #6 is the button
Seat 5: simper11 ($163.45 in chips)
Seat 6: barbeinthjem ($176.50 in chips)
barbeinthjem: posts small blind $1
simper11: posts big blind $3
*** HOLE CARDS ***
barbeinthjem: raises $3 to $6
simper11: folds
Uncalled bet ($3) returned to barbeinthjem
barbeinthjem collected $6 from pot
barbeinthjem: doesn't show hand
*** SUMMARY ***
Total pot $6 | Rake $0
Seat 5: simper11 (big blind) folded before Flop
Seat 6: barbeinthjem (button) (small blind) collected ($6)


PokerStars Hand #157860890037:  Hold'em Limit ($3/$6 USD) - 2016/08/28 15:55:40 ET
Table 'Bunke' 10-max Seat #5 is the button
Seat 5: simper11 ($157.69 in chips)
Seat 6: barbeinthjem ($182.50 in chips)
simper11: posts small blind $1
barbeinthjem: posts big blind $3
*** HOLE CARDS ***
simper11: raises $3 to $6
barbeinthjem: calls $3
*** FLOP *** [Kd 6s As]
barbeinthjem: checks
simper11: bets $3
barbeinthjem: folds
Uncalled bet ($3) returned to simper11
simper11 collected $11.76 from pot
simper11: doesn't show hand
*** SUMMARY ***
Total pot $12 | Rake $0.24
Board [Kd 6s As]
Seat 5: simper11 (button) (small blind) collected ($11.76)
Seat 6: barbeinthjem (big blind) folded on the Flop


PokerStars Hand #157860881854:  Hold'em Limit ($3/$6 USD) - 2016/08/28 15:55:26 ET
Table 'Bunke' 10-max Seat #6 is the button
Seat 5: simper11 ($134.19 in chips)
Seat 6: barbeinthjem ($206.50 in chips)
barbeinthjem: posts small blind $1
JSDM8682: is sitting out
simper11: posts big blind $3
*** HOLE CARDS ***
barbeinthjem: raises $3 to $6
simper11: raises $3 to $9
JSDM8682 leaves the table
barbeinthjem: calls $3
*** FLOP *** [7s 9h 2d]
simper11: bets $3
barbeinthjem: calls $3
*** TURN *** [7s 9h 2d] [5c]
simper11: bets $6
barbeinthjem: calls $6
*** RIVER *** [7s 9h 2d 5c] [4h]
simper11: bets $6
barbeinthjem: calls $6
*** SHOW DOWN ***
simper11: shows [Jd Jc] (a pair of Jacks)
barbeinthjem: mucks hand
simper11 collected $47.50 from pot
*** SUMMARY ***
Total pot $48 | Rake $0.50
Board [7s 9h 2d 5c 4h]
Seat 5: simper11 (big blind) showed [Jd Jc] and won ($47.50) with a pair of Jacks
Seat 6: barbeinthjem (button) (small blind) mucked


PokerStars Hand #157860908202:  Hold'em Limit ($3/$6 USD) - 2016/08/28 15:56:10 ET
Table 'Bunke' 10-max Seat #5 is the button
Seat 5: simper11 ($167.21 in chips)
Seat 6: barbeinthjem ($172.50 in chips)
simper11: posts small blind $1
barbeinthjem: posts big blind $3
*** HOLE CARDS ***
xcgxcg2005 joins the table at seat #4
simper11: raises $3 to $6
barbeinthjem: calls $3
*** FLOP *** [Tc 7h 2h]
barbeinthjem: checks
simper11: bets $3
barbeinthjem: raises $3 to $6
simper11: folds
Uncalled bet ($3) returned to barbeinthjem
barbeinthjem collected $17.64 from pot
barbeinthjem: doesn't show hand
*** SUMMARY ***
Total pot $18 | Rake $0.36
Board [Tc 7h 2h]
Seat 5: simper11 (button) (small blind) folded on the Flop
Seat 6: barbeinthjem (big blind) collected ($17.64)


PokerStars Hand #157860982144:  Hold'em Limit ($3/$6 USD) - 2016/08/28 15:58:13 ET
Table 'Bunke' 10-max Seat #5 is the button
Seat 5: simper11 ($193.06 in chips)
Seat 6: barbeinthjem ($116.12 in chips)
simper11: posts small blind $1
barbeinthjem: posts big blind $3
*** HOLE CARDS ***
simper11: folds
Uncalled bet ($2) returned to barbeinthjem
barbeinthjem collected $2 from pot
barbeinthjem: doesn't show hand
*** SUMMARY ***
Total pot $2 | Rake $0
Seat 5: simper11 (button) (small blind) folded before Flop
Seat 6: barbeinthjem (big blind) collected ($2)


PokerStars Hand #157860979183:  Hold'em Limit ($3/$6 USD) - 2016/08/28 15:58:08 ET
Table 'Bunke' 10-max Seat #6 is the button
Seat 5: simper11 ($192.06 in chips)
Seat 6: barbeinthjem ($117.12 in chips)
barbeinthjem: posts small blind $1
simper11: posts big blind $3
*** HOLE CARDS ***
barbeinthjem: folds
Uncalled bet ($2) returned to simper11
simper11 collected $2 from pot
simper11: doesn't show hand
*** SUMMARY ***
Total pot $2 | Rake $0
Seat 5: simper11 (big blind) collected ($2)
Seat 6: barbeinthjem (button) (small blind) folded before Flop


PokerStars Hand #157860975254:  Hold'em Limit ($3/$6 USD) - 2016/08/28 15:58:02 ET
Table 'Bunke' 10-max Seat #5 is the button
Seat 5: simper11 ($193.06 in chips)
Seat 6: barbeinthjem ($116.12 in chips)
simper11: posts small blind $1
barbeinthjem: posts big blind $3
*** HOLE CARDS ***
simper11: folds
Uncalled bet ($2) returned to barbeinthjem
barbeinthjem collected $2 from pot
barbeinthjem: doesn't show hand
*** SUMMARY ***
Total pot $2 | Rake $0
Seat 5: simper11 (button) (small blind) folded before Flop
Seat 6: barbeinthjem (big blind) collected ($2)


PokerStars Hand #157860967313:  Hold'em Limit ($3/$6 USD) - 2016/08/28 15:57:48 ET
Table 'Bunke' 10-max Seat #6 is the button
Seat 5: simper11 ($184.42 in chips)
Seat 6: barbeinthjem ($125.12 in chips)
barbeinthjem: posts small blind $1
simper11: posts big blind $3
*** HOLE CARDS ***
barbeinthjem: raises $3 to $6
xcgxcg2005 leaves the table
simper11: calls $3
*** FLOP *** [Js 5c Ah]
simper11: checks
barbeinthjem: bets $3
simper11: raises $3 to $6
barbeinthjem: folds
Uncalled bet ($3) returned to simper11
simper11 collected $17.64 from pot
simper11: doesn't show hand
*** SUMMARY ***
Total pot $18 | Rake $0.36
Board [Js 5c Ah]
Seat 5: simper11 (big blind) collected ($17.64)
Seat 6: barbeinthjem (button) (small blind) folded on the Flop


PokerStars Hand #157861010505:  Hold'em Limit ($3/$6 USD) - 2016/08/28 15:58:55 ET
Table 'Bunke' 10-max Seat #5 is the button
Seat 5: simper11 ($185.82 in chips)
Seat 6: barbeinthjem ($122.76 in chips)
simper11: posts small blind $1
barbeinthjem: posts big blind $3
*** HOLE CARDS ***
simper11: raises $3 to $6
barbeinthjem: raises $3 to $9
simper11: calls $3
*** FLOP *** [Th 3d Ts]
barbeinthjem: bets $3
simper11: calls $3
*** TURN *** [Th 3d Ts] [2h]
barbeinthjem: bets $6
simper11: calls $6
*** RIVER *** [Th 3d Ts 2h] [Tc]
barbeinthjem: checks
simper11: checks
*** SHOW DOWN ***
barbeinthjem: shows [7h As] (three of a kind, Tens)
simper11: mucks hand
barbeinthjem collected $35.50 from pot
*** SUMMARY ***
Total pot $36 | Rake $0.50
Board [Th 3d Ts 2h Tc]
Seat 5: simper11 (button) (small blind) mucked
Seat 6: barbeinthjem (big blind) showed [7h As] and won ($35.50) with three of a kind, Tens


PokerStars Hand #157861001763:  Hold'em Limit ($3/$6 USD) - 2016/08/28 15:58:45 ET
Table 'Bunke' 10-max Seat #6 is the button
Seat 5: simper11 ($194.82 in chips)
Seat 6: barbeinthjem ($114.12 in chips)
barbeinthjem: posts small blind $1
simper11: posts big blind $3
*** HOLE CARDS ***
barbeinthjem: raises $3 to $6
simper11: calls $3
*** FLOP *** [8d 9h Ks]
simper11: checks
barbeinthjem: bets $3
simper11: calls $3
*** TURN *** [8d 9h Ks] [2s]
simper11: checks
barbeinthjem: bets $6
simper11: folds
Uncalled bet ($6) returned to barbeinthjem
barbeinthjem collected $17.64 from pot
barbeinthjem: doesn't show hand
*** SUMMARY ***
Total pot $18 | Rake $0.36
Board [8d 9h Ks 2s]
Seat 5: simper11 (big blind) folded on the Turn
Seat 6: barbeinthjem (button) (small blind) collected ($17.64)


PokerStars Hand #157860996288:  Hold'em Limit ($3/$6 USD) - 2016/08/28 15:58:36 ET
Table 'Bunke' 10-max Seat #5 is the button
Seat 5: simper11 ($189.06 in chips)
Seat 6: barbeinthjem ($120.12 in chips)
simper11: posts small blind $1
barbeinthjem: posts big blind $3
*** HOLE CARDS ***
simper11: raises $3 to $6
barbeinthjem: calls $3
*** FLOP *** [Qd 7c As]
barbeinthjem: checks
simper11: bets $3
barbeinthjem: folds
Uncalled bet ($3) returned to simper11
simper11 collected $11.76 from pot
simper11: doesn't show hand
*** SUMMARY ***
Total pot $12 | Rake $0.24
Board [Qd 7c As]
Seat 5: simper11 (button) (small blind) collected ($11.76)
Seat 6: barbeinthjem (big blind) folded on the Flop


PokerStars Hand #157860988033:  Hold'em Limit ($3/$6 USD) - 2016/08/28 15:58:22 ET
Table 'Bunke' 10-max Seat #5 is the button
Seat 5: simper11 ($193.06 in chips)
Seat 6: barbeinthjem ($116.12 in chips)
simper11: posts small blind $1
barbeinthjem: posts big blind $3
*** HOLE CARDS ***
simper11: folds
Uncalled bet ($2) returned to barbeinthjem
barbeinthjem collected $2 from pot
*** SUMMARY ***
Total pot $2 | Rake $0
Seat 5: simper11 (button) (small blind) folded before Flop
Seat 6: barbeinthjem (big blind) collected ($2)


PokerStars Hand #157860985073:  Hold'em Limit ($3/$6 USD) - 2016/08/28 15:58:18 ET
Table 'Bunke' 10-max Seat #6 is the button
Seat 5: simper11 ($192.06 in chips)
Seat 6: barbeinthjem ($117.12 in chips)
barbeinthjem: posts small blind $1
simper11: posts big blind $3
*** HOLE CARDS ***
barbeinthjem: folds
Uncalled bet ($2) returned to simper11
simper11 collected $2 from pot
simper11: doesn't show hand
*** SUMMARY ***
Total pot $2 | Rake $0
Seat 5: simper11 (big blind) collected ($2)
Seat 6: barbeinthjem (button) (small blind) folded before Flop


PokerStars Hand #157860990740:  Hold'em Limit ($3/$6 USD) - 2016/08/28 15:58:27 ET
Table 'Bunke' 10-max Seat #6 is the button
Seat 5: simper11 ($192.06 in chips)
Seat 6: barbeinthjem ($117.12 in chips)
barbeinthjem: posts small blind $1
simper11: posts big blind $3
*** HOLE CARDS ***
barbeinthjem: raises $3 to $6
simper11: folds
Uncalled bet ($3) returned to barbeinthjem
barbeinthjem collected $6 from pot
barbeinthjem: doesn't show hand
*** SUMMARY ***
Total pot $6 | Rake $0
Seat 5: simper11 (big blind) folded before Flop
Seat 6: barbeinthjem (button) (small blind) collected ($6)


PokerStars Hand #157861020035:  Hold'em Limit ($3/$6 USD) - 2016/08/28 15:59:11 ET
Table 'Bunke' 10-max Seat #6 is the button
Seat 5: simper11 ($167.82 in chips)
Seat 6: barbeinthjem ($140.26 in chips)
barbeinthjem: posts small blind $1
simper11: posts big blind $3
*** HOLE CARDS ***
barbeinthjem: raises $3 to $6
simper11: raises $3 to $9
barbeinthjem: calls $3
*** FLOP *** [4h 5c Kd]
simper11: bets $3
barbeinthjem: calls $3
*** TURN *** [4h 5c Kd] [3d]
simper11: bets $6
barbeinthjem: calls $6
*** RIVER *** [4h 5c Kd 3d] [4d]
simper11: bets $6
barbeinthjem: calls $6
*** SHOW DOWN ***
simper11: shows [8h 8d] (two pair, Eights and Fours)
barbeinthjem: shows [8c Kc] (two pair, Kings and Fours)
barbeinthjem collected $47.50 from pot
*** SUMMARY ***
Total pot $48 | Rake $0.50
Board [4h 5c Kd 3d 4d]
Seat 5: simper11 (big blind) showed [8h 8d] and lost with two pair, Eights and Fours
Seat 6: barbeinthjem (button) (small blind) showed [8c Kc] and won ($47.50) with two pair, Kings and Fours


PokerStars Hand #157861033515:  Hold'em Limit ($3/$6 USD) - 2016/08/28 15:59:33 ET
Table 'Bunke' 10-max Seat #5 is the button
Seat 5: simper11 ($143.82 in chips)
Seat 6: barbeinthjem ($163.76 in chips)
simper11: posts small blind $1
barbeinthjem: posts big blind $3
*** HOLE CARDS ***
simper11: raises $3 to $6
barbeinthjem: calls $3
*** FLOP *** [6s 2c Ah]
barbeinthjem: checks
simper11: bets $3
barbeinthjem: calls $3
*** TURN *** [6s 2c Ah] [6c]
barbeinthjem: checks
simper11: bets $6
barbeinthjem: folds
Uncalled bet ($6) returned to simper11
simper11 collected $17.64 from pot
simper11: doesn't show hand
*** SUMMARY ***
Total pot $18 | Rake $0.36
Board [6s 2c Ah 6c]
Seat 5: simper11 (button) (small blind) collected ($17.64)
Seat 6: barbeinthjem (big blind) folded on the Turn


PokerStars Hand #157861042386:  Hold'em Limit ($3/$6 USD) - 2016/08/28 15:59:47 ET
Table 'Bunke' 10-max Seat #6 is the button
Seat 5: simper11 ($152.46 in chips)
Seat 6: barbeinthjem ($154.76 in chips)
barbeinthjem: posts small blind $1
simper11: posts big blind $3
*** HOLE CARDS ***
barbeinthjem: raises $3 to $6
simper11: calls $3
*** FLOP *** [Ac Ad 5h]
simper11: checks
barbeinthjem: bets $3
simper11: raises $3 to $6
barbeinthjem: calls $3
*** TURN *** [Ac Ad 5h] [Th]
simper11: bets $6
barbeinthjem: calls $6
*** RIVER *** [Ac Ad 5h Th] [6s]
simper11: bets $6
barbeinthjem: calls $6
*** SHOW DOWN ***
simper11: shows [4h 6h] (two pair, Aces and Sixes)
barbeinthjem: mucks hand
simper11 collected $47.50 from pot
*** SUMMARY ***
Total pot $48 | Rake $0.50
Board [Ac Ad 5h Th 6s]
Seat 5: simper11 (big blind) showed [4h 6h] and won ($47.50) with two pair, Aces and Sixes
Seat 6: barbeinthjem (button) (small blind) mucked


PokerStars Hand #157861052238:  Hold'em Limit ($3/$6 USD) - 2016/08/28 16:00:03 ET
Table 'Bunke' 10-max Seat #5 is the button
Seat 5: simper11 ($175.96 in chips)
Seat 6: barbeinthjem ($130.76 in chips)
simper11: posts small blind $1
barbeinthjem: posts big blind $3
*** HOLE CARDS ***
simper11: raises $3 to $6
barbeinthjem: raises $3 to $9
simper11: calls $3
*** FLOP *** [3s Ts 4s]
barbeinthjem: bets $3
simper11: calls $3
*** TURN *** [3s Ts 4s] [Ad]
barbeinthjem: bets $6
simper11: calls $6
*** RIVER *** [3s Ts 4s Ad] [7c]
barbeinthjem: bets $6
simper11: calls $6
*** SHOW DOWN ***
barbeinthjem: shows [Ks Ah] (a pair of Aces)
simper11: mucks hand
barbeinthjem collected $47.50 from pot
*** SUMMARY ***
Total pot $48 | Rake $0.50
Board [3s Ts 4s Ad 7c]
Seat 5: simper11 (button) (small blind) mucked
Seat 6: barbeinthjem (big blind) showed [Ks Ah] and won ($47.50) with a pair of Aces


PokerStars Hand #157861060567:  Hold'em Limit ($3/$6 USD) - 2016/08/28 16:00:16 ET
Table 'Bunke' 10-max Seat #6 is the button
Seat 5: simper11 ($151.96 in chips)
Seat 6: barbeinthjem ($154.26 in chips)
barbeinthjem: posts small blind $1
simper11: posts big blind $3
*** HOLE CARDS ***
barbeinthjem: raises $3 to $6
simper11: raises $3 to $9
barbeinthjem: calls $3
*** FLOP *** [5c Ad 4h]
simper11: bets $3
barbeinthjem: raises $3 to $6
simper11: calls $3
*** TURN *** [5c Ad 4h] [Qh]
simper11: checks
barbeinthjem: checks
*** RIVER *** [5c Ad 4h Qh] [6s]
simper11: bets $6
barbeinthjem: calls $6
*** SHOW DOWN ***
simper11: shows [9h 9s] (a pair of Nines)
barbeinthjem: mucks hand
simper11 collected $41.50 from pot
*** SUMMARY ***
Total pot $42 | Rake $0.50
Board [5c Ad 4h Qh 6s]
Seat 5: simper11 (big blind) showed [9h 9s] and won ($41.50) with a pair of Nines
Seat 6: barbeinthjem (button) (small blind) mucked


PokerStars Hand #157861071539:  Hold'em Limit ($3/$6 USD) - 2016/08/28 16:00:33 ET
Table 'Bunke' 10-max Seat #5 is the button
Seat 5: simper11 ($172.46 in chips)
Seat 6: barbeinthjem ($133.26 in chips)
simper11: posts small blind $1
barbeinthjem: posts big blind $3
*** HOLE CARDS ***
simper11: raises $3 to $6
barbeinthjem: calls $3
*** FLOP *** [9d Ad Ah]
barbeinthjem: checks
simper11: bets $3
barbeinthjem: raises $3 to $6
simper11: calls $3
*** TURN *** [9d Ad Ah] [Ks]
barbeinthjem: bets $6
simper11: raises $6 to $12
barbeinthjem: calls $6
*** RIVER *** [9d Ad Ah Ks] [2c]
barbeinthjem: checks
simper11: bets $6
barbeinthjem: calls $6
*** SHOW DOWN ***
simper11: shows [8h Kc] (two pair, Aces and Kings)
barbeinthjem: shows [7d Kd] (two pair, Aces and Kings)
barbeinthjem collected $29.75 from pot
simper11 collected $29.75 from pot
*** SUMMARY ***
Total pot $60 | Rake $0.50
Board [9d Ad Ah Ks 2c]
Seat 5: simper11 (button) (small blind) showed [8h Kc] and won ($29.75) with two pair, Aces and Kings
Seat 6: barbeinthjem (big blind) showed [7d Kd] and won ($29.75) with two pair, Aces and Kings


PokerStars Hand #157861088287:  Hold'em Limit ($3/$6 USD) - 2016/08/28 16:00:59 ET
Table 'Bunke' 10-max Seat #6 is the button
Seat 5: simper11 ($172.21 in chips)
Seat 6: barbeinthjem ($133.01 in chips)
barbeinthjem: posts small blind $1
simper11: posts big blind $3
*** HOLE CARDS ***
barbeinthjem: raises $3 to $6
simper11: calls $3
*** FLOP *** [Ts Ac 7d]
simper11: checks
barbeinthjem: bets $3
simper11: folds
Uncalled bet ($3) returned to barbeinthjem
barbeinthjem collected $11.76 from pot
barbeinthjem: doesn't show hand
*** SUMMARY ***
Total pot $12 | Rake $0.24
Board [Ts Ac 7d]
Seat 5: simper11 (big blind) folded on the Flop
Seat 6: barbeinthjem (button) (small blind) collected ($11.76)


PokerStars Hand #157861093875:  Hold'em Limit ($3/$6 USD) - 2016/08/28 16:01:07 ET
Table 'Bunke' 10-max Seat #5 is the button
Seat 5: simper11 ($166.21 in chips)
Seat 6: barbeinthjem ($138.77 in chips)
simper11: posts small blind $1
barbeinthjem: posts big blind $3
*** HOLE CARDS ***
simper11: raises $3 to $6
barbeinthjem: calls $3
*** FLOP *** [5h 3h As]
barbeinthjem: checks
simper11: bets $3
barbeinthjem: folds
Uncalled bet ($3) returned to simper11
simper11 collected $11.76 from pot
simper11: doesn't show hand
*** SUMMARY ***
Total pot $12 | Rake $0.24
Board [5h 3h As]
Seat 5: simper11 (button) (small blind) collected ($11.76)
Seat 6: barbeinthjem (big blind) folded on the Flop


PokerStars Hand #157861099885:  Hold'em Limit ($3/$6 USD) - 2016/08/28 16:01:16 ET
Table 'Bunke' 10-max Seat #6 is the button
Seat 5: simper11 ($171.97 in chips)
Seat 6: barbeinthjem ($132.77 in chips)
barbeinthjem: posts small blind $1
simper11: posts big blind $3
*** HOLE CARDS ***
barbeinthjem: raises $3 to $6
simper11: calls $3
*** FLOP *** [Js 2h 8c]
simper11: checks
barbeinthjem: bets $3
simper11: calls $3
*** TURN *** [Js 2h 8c] [4s]
simper11: checks
barbeinthjem: bets $6
simper11: calls $6
*** RIVER *** [Js 2h 8c 4s] [Qd]
simper11: checks
barbeinthjem: bets $6
simper11: folds
Uncalled bet ($6) returned to barbeinthjem
barbeinthjem collected $29.50 from pot
barbeinthjem: doesn't show hand
*** SUMMARY ***
Total pot $30 | Rake $0.50
Board [Js 2h 8c 4s Qd]
Seat 5: simper11 (big blind) folded on the River
Seat 6: barbeinthjem (button) (small blind) collected ($29.50)


PokerStars Hand #157861113022:  Hold'em Limit ($3/$6 USD) - 2016/08/28 16:01:34 ET
Table 'Bunke' 10-max Seat #5 is the button
Seat 5: simper11 ($156.97 in chips)
Seat 6: barbeinthjem ($147.27 in chips)
simper11: posts small blind $1
barbeinthjem: posts big blind $3
*** HOLE CARDS ***
simper11: raises $3 to $6
barbeinthjem: calls $3
*** FLOP *** [Ah 6h 5c]
barbeinthjem: checks
simper11: bets $3
barbeinthjem: folds
Uncalled bet ($3) returned to simper11
simper11 collected $11.76 from pot
simper11: doesn't show hand
*** SUMMARY ***
Total pot $12 | Rake $0.24
Board [Ah 6h 5c]
Seat 5: simper11 (button) (small blind) collected ($11.76)
Seat 6: barbeinthjem (big blind) folded on the Flop


PokerStars Hand #157861119091:  Hold'em Limit ($3/$6 USD) - 2016/08/28 16:01:43 ET
Table 'Bunke' 10-max Seat #6 is the button
Seat 5: simper11 ($162.73 in chips)
Seat 6: barbeinthjem ($141.27 in chips)
barbeinthjem: posts small blind $1
simper11: posts big blind $3
*** HOLE CARDS ***
barbeinthjem: raises $3 to $6
simper11: calls $3
*** FLOP *** [7s Jd 8c]
simper11: checks
barbeinthjem: bets $3
simper11: calls $3
*** TURN *** [7s Jd 8c] [3d]
simper11: checks
barbeinthjem: checks
*** RIVER *** [7s Jd 8c 3d] [6h]
simper11: checks
barbeinthjem: bets $6
simper11: calls $6
*** SHOW DOWN ***
barbeinthjem: shows [6c 6d] (three of a kind, Sixes)
simper11: mucks hand
barbeinthjem collected $29.50 from pot
*** SUMMARY ***
Total pot $30 | Rake $0.50
Board [7s Jd 8c 3d 6h]
Seat 5: simper11 (big blind) mucked
Seat 6: barbeinthjem (button) (small blind) showed [6c 6d] and won ($29.50) with three of a kind, Sixes


PokerStars Hand #157861134660:  Hold'em Limit ($3/$6 USD) - 2016/08/28 16:02:03 ET
Table 'Bunke' 10-max Seat #5 is the button
Seat 5: simper11 ($147.73 in chips)
Seat 6: barbeinthjem ($155.77 in chips)
simper11: posts small blind $1
barbeinthjem: posts big blind $3
*** HOLE CARDS ***
simper11: raises $3 to $6
barbeinthjem: calls $3
*** FLOP *** [Kh 3c 6d]
barbeinthjem: checks
simper11: bets $3
barbeinthjem: raises $3 to $6
simper11: calls $3
*** TURN *** [Kh 3c 6d] [Ks]
barbeinthjem: bets $6
simper11: folds
Uncalled bet ($6) returned to barbeinthjem
barbeinthjem collected $23.52 from pot
barbeinthjem: doesn't show hand
*** SUMMARY ***
Total pot $24 | Rake $0.48
Board [Kh 3c 6d Ks]
Seat 5: simper11 (button) (small blind) folded on the Turn
Seat 6: barbeinthjem (big blind) collected ($23.52)


PokerStars Hand #157861149585:  Hold'em Limit ($3/$6 USD) - 2016/08/28 16:02:20 ET
Table 'Bunke' 10-max Seat #6 is the button
Seat 5: simper11 ($135.73 in chips)
Seat 6: barbeinthjem ($167.29 in chips)
barbeinthjem: posts small blind $1
simper11: posts big blind $3
*** HOLE CARDS ***
barbeinthjem: raises $3 to $6
simper11: calls $3
*** FLOP *** [5d Tc 3h]
simper11: checks
barbeinthjem: bets $3
simper11: calls $3
*** TURN *** [5d Tc 3h] [Ah]
simper11: checks
barbeinthjem: checks
*** RIVER *** [5d Tc 3h Ah] [7d]
simper11: checks
barbeinthjem: checks
*** SHOW DOWN ***
simper11: shows [Kh 9h] (high card Ace)
barbeinthjem: mucks hand
simper11 collected $17.64 from pot
*** SUMMARY ***
Total pot $18 | Rake $0.36
Board [5d Tc 3h Ah 7d]
Seat 5: simper11 (big blind) showed [Kh 9h] and won ($17.64) with high card Ace
Seat 6: barbeinthjem (button) (small blind) mucked


PokerStars Hand #157861161722:  Hold'em Limit ($3/$6 USD) - 2016/08/28 16:02:34 ET
Table 'Bunke' 10-max Seat #5 is the button
Seat 5: simper11 ($144.37 in chips)
Seat 6: barbeinthjem ($158.29 in chips)
simper11: posts small blind $1
barbeinthjem: posts big blind $3
*** HOLE CARDS ***
simper11: raises $3 to $6
barbeinthjem: calls $3
*** FLOP *** [Ts 6s Ac]
barbeinthjem: checks
simper11: checks
*** TURN *** [Ts 6s Ac] [6c]
barbeinthjem: bets $6
simper11: folds
Uncalled bet ($6) returned to barbeinthjem
barbeinthjem collected $11.76 from pot
barbeinthjem: doesn't show hand
*** SUMMARY ***
Total pot $12 | Rake $0.24
Board [Ts 6s Ac 6c]
Seat 5: simper11 (button) (small blind) folded on the Turn
Seat 6: barbeinthjem (big blind) collected ($11.76)


PokerStars Hand #157861173431:  Hold'em Limit ($3/$6 USD) - 2016/08/28 16:02:49 ET
Table 'Bunke' 10-max Seat #6 is the button
Seat 5: simper11 ($138.37 in chips)
Seat 6: barbeinthjem ($164.05 in chips)
barbeinthjem: posts small blind $1
simper11: posts big blind $3
*** HOLE CARDS ***
barbeinthjem: folds
Uncalled bet ($2) returned to simper11
simper11 collected $2 from pot
simper11: doesn't show hand
*** SUMMARY ***
Total pot $2 | Rake $0
Seat 5: simper11 (big blind) collected ($2)
Seat 6: barbeinthjem (button) (small blind) folded before Flop


PokerStars Hand #157861177348:  Hold'em Limit ($3/$6 USD) - 2016/08/28 16:02:53 ET
Table 'Bunke' 10-max Seat #5 is the button
Seat 5: simper11 ($139.37 in chips)
Seat 6: barbeinthjem ($163.05 in chips)
simper11: posts small blind $1
barbeinthjem: posts big blind $3
*** HOLE CARDS ***
simper11: raises $3 to $6
barbeinthjem: calls $3
*** FLOP *** [8d Th 6s]
barbeinthjem: checks
simper11: bets $3
barbeinthjem: calls $3
*** TURN *** [8d Th 6s] [Ts]
barbeinthjem: checks
simper11: bets $6
barbeinthjem: calls $6
*** RIVER *** [8d Th 6s Ts] [5h]
barbeinthjem: checks
simper11: checks
*** SHOW DOWN ***
barbeinthjem: shows [4s 4h] (two pair, Tens and Fours)
simper11: mucks hand
barbeinthjem collected $29.50 from pot
*** SUMMARY ***
Total pot $30 | Rake $0.50
Board [8d Th 6s Ts 5h]
Seat 5: simper11 (button) (small blind) mucked
Seat 6: barbeinthjem (big blind) showed [4s 4h] and won ($29.50) with two pair, Tens and Fours


PokerStars Hand #157861192540:  Hold'em Limit ($3/$6 USD) - 2016/08/28 16:03:11 ET
Table 'Bunke' 10-max Seat #6 is the button
Seat 5: simper11 ($124.37 in chips)
Seat 6: barbeinthjem ($177.55 in chips)
barbeinthjem: posts small blind $1
simper11: posts big blind $3
*** HOLE CARDS ***
barbeinthjem: folds
Uncalled bet ($2) returned to simper11
simper11 collected $2 from pot
simper11: doesn't show hand
*** SUMMARY ***
Total pot $2 | Rake $0
Seat 5: simper11 (big blind) collected ($2)
Seat 6: barbeinthjem (button) (small blind) folded before Flop


PokerStars Hand #157861196406:  Hold'em Limit ($3/$6 USD) - 2016/08/28 16:03:15 ET
Table 'Bunke' 10-max Seat #5 is the button
Seat 5: simper11 ($125.37 in chips)
Seat 6: barbeinthjem ($176.55 in chips)
simper11: posts small blind $1
barbeinthjem: posts big blind $3
*** HOLE CARDS ***
simper11: raises $3 to $6
barbeinthjem: calls $3
*** FLOP *** [2s 8h 6s]
barbeinthjem: checks
simper11: bets $3
barbeinthjem: calls $3
*** TURN *** [2s 8h 6s] [Jd]
barbeinthjem: checks
simper11: bets $6
barbeinthjem: calls $6
*** RIVER *** [2s 8h 6s Jd] [9h]
barbeinthjem: checks
simper11: bets $6
barbeinthjem: calls $6
*** SHOW DOWN ***
simper11: shows [Jc 9s] (two pair, Jacks and Nines)
barbeinthjem: mucks hand
simper11 collected $41.50 from pot
*** SUMMARY ***
Total pot $42 | Rake $0.50
Board [2s 8h 6s Jd 9h]
Seat 5: simper11 (button) (small blind) showed [Jc 9s] and won ($41.50) with two pair, Jacks and Nines
Seat 6: barbeinthjem (big blind) mucked


PokerStars Hand #157861232675:  Hold'em Limit ($3/$6 USD) - 2016/08/28 16:03:58 ET
Table 'Bunke' 10-max Seat #5 is the button
Seat 5: simper11 ($124.87 in chips)
Seat 6: barbeinthjem ($176.05 in chips)
simper11: posts small blind $1
barbeinthjem: posts big blind $3
*** HOLE CARDS ***
simper11: folds
Uncalled bet ($2) returned to barbeinthjem
barbeinthjem collected $2 from pot
barbeinthjem: doesn't show hand
*** SUMMARY ***
Total pot $2 | Rake $0
Seat 5: simper11 (button) (small blind) folded before Flop
Seat 6: barbeinthjem (big blind) collected ($2)


PokerStars Hand #157861214484:  Hold'em Limit ($3/$6 USD) - 2016/08/28 16:03:37 ET
Table 'Bunke' 10-max Seat #6 is the button
Seat 5: simper11 ($145.87 in chips)
Seat 6: barbeinthjem ($155.55 in chips)
barbeinthjem: posts small blind $1
simper11: posts big blind $3
*** HOLE CARDS ***
barbeinthjem: raises $3 to $6
simper11: raises $3 to $9
barbeinthjem: raises $3 to $12
Betting is capped
simper11: calls $3
*** FLOP *** [5h Th Ad]
simper11: checks
barbeinthjem: bets $3
simper11: calls $3
*** TURN *** [5h Th Ad] [5s]
simper11: checks
barbeinthjem: bets $6
simper11: calls $6
*** RIVER *** [5h Th Ad 5s] [8s]
simper11: checks
barbeinthjem: bets $6
simper11: folds
Uncalled bet ($6) returned to barbeinthjem
barbeinthjem collected $41.50 from pot
barbeinthjem: doesn't show hand
*** SUMMARY ***
Total pot $42 | Rake $0.50
Board [5h Th Ad 5s 8s]
Seat 5: simper11 (big blind) folded on the River
Seat 6: barbeinthjem (button) (small blind) collected ($41.50)


PokerStars Hand #157861236665:  Hold'em Limit ($3/$6 USD) - 2016/08/28 16:04:02 ET
Table 'Bunke' 10-max Seat #6 is the button
Seat 5: simper11 ($123.87 in chips)
Seat 6: barbeinthjem ($177.05 in chips)
barbeinthjem: posts small blind $1
simper11: posts big blind $3
*** HOLE CARDS ***
barbeinthjem: raises $3 to $6
simper11: raises $3 to $9
barbeinthjem: calls $3
*** FLOP *** [2c 5c 5h]
simper11: bets $3
barbeinthjem: raises $3 to $6
simper11: calls $3
*** TURN *** [2c 5c 5h] [6d]
simper11: checks
barbeinthjem: checks
*** RIVER *** [2c 5c 5h 6d] [4s]
simper11: checks
barbeinthjem: bets $6
simper11: calls $6
*** SHOW DOWN ***
barbeinthjem: shows [2d 3d] (a straight, Deuce to Six)
simper11: mucks hand
barbeinthjem collected $41.50 from pot
*** SUMMARY ***
Total pot $42 | Rake $0.50
Board [2c 5c 5h 6d 4s]
Seat 5: simper11 (big blind) mucked
Seat 6: barbeinthjem (button) (small blind) showed [2d 3d] and won ($41.50) with a straight, Deuce to Six


PokerStars Hand #157861251678:  Hold'em Limit ($3/$6 USD) - 2016/08/28 16:04:19 ET
Table 'Bunke' 10-max Seat #5 is the button
Seat 5: simper11 ($120 in chips)
Seat 6: barbeinthjem ($197.55 in chips)
simper11: posts small blind $1
barbeinthjem: posts big blind $3
*** HOLE CARDS ***
simper11: raises $3 to $6
barbeinthjem: calls $3
*** FLOP *** [Kh 2d Tc]
barbeinthjem: checks
simper11: bets $3
barbeinthjem: raises $3 to $6
ruslik1005 joins the table at seat #9
simper11: folds
Uncalled bet ($3) returned to barbeinthjem
barbeinthjem collected $17.64 from pot
barbeinthjem: doesn't show hand
*** SUMMARY ***
Total pot $18 | Rake $0.36
Board [Kh 2d Tc]
Seat 5: simper11 (button) (small blind) folded on the Flop
Seat 6: barbeinthjem (big blind) collected ($17.64)


PokerStars Hand #157861760973:  Hold'em Limit ($3/$6 USD) - 2016/08/28 16:14:07 ET
Table 'Bunke' 10-max Seat #5 is the button
Seat 5: simper11 ($185.47 in chips)
Seat 6: barbeinthjem ($305.56 in chips)
simper11: posts small blind $1
barbeinthjem: posts big blind $3
*** HOLE CARDS ***
simper11: folds
Uncalled bet ($2) returned to barbeinthjem
barbeinthjem collected $2 from pot
barbeinthjem: doesn't show hand
*** SUMMARY ***
Total pot $2 | Rake $0
Seat 5: simper11 (button) (small blind) folded before Flop
Seat 6: barbeinthjem (big blind) collected ($2)


PokerStars Hand #157861744945:  Hold'em Limit ($3/$6 USD) - 2016/08/28 16:13:48 ET
Table 'Bunke' 10-max Seat #6 is the button
Seat 5: simper11 ($200.47 in chips)
Seat 6: barbeinthjem ($291.06 in chips)
barbeinthjem: posts small blind $1
simper11: posts big blind $3
*** HOLE CARDS ***
barbeinthjem: raises $3 to $6
simper11: calls $3
*** FLOP *** [8h 5s Qs]
simper11: checks
wxcvnb leaves the table
barbeinthjem: bets $3
simper11: calls $3
*** TURN *** [8h 5s Qs] [Jc]
simper11: checks
barbeinthjem: bets $6
simper11: calls $6
*** RIVER *** [8h 5s Qs Jc] [7c]
simper11: checks
barbeinthjem: bets $6
simper11: folds
Uncalled bet ($6) returned to barbeinthjem
barbeinthjem collected $29.50 from pot
barbeinthjem: doesn't show hand
*** SUMMARY ***
Total pot $30 | Rake $0.50
Board [8h 5s Qs Jc 7c]
Seat 5: simper11 (big blind) folded on the River
Seat 6: barbeinthjem (button) (small blind) collected ($29.50)


PokerStars Hand #157861812972:  Hold'em Limit ($3/$6 USD) - 2016/08/28 16:15:08 ET
Table 'Bunke' 10-max Seat #6 is the button
Seat 5: simper11 ($157.23 in chips)
Seat 6: barbeinthjem ($332.34 in chips)
barbeinthjem: posts small blind $1
simper11: posts big blind $3
*** HOLE CARDS ***
barbeinthjem: raises $3 to $6
simper11: folds
Uncalled bet ($3) returned to barbeinthjem
barbeinthjem collected $6 from pot
barbeinthjem: doesn't show hand
*** SUMMARY ***
Total pot $6 | Rake $0
Seat 5: simper11 (big blind) folded before Flop
Seat 6: barbeinthjem (button) (small blind) collected ($6)


PokerStars Hand #157861796587:  Hold'em Limit ($3/$6 USD) - 2016/08/28 16:14:49 ET
Table 'Bunke' 10-max Seat #5 is the button
Seat 5: simper11 ($166.23 in chips)
Seat 6: barbeinthjem ($323.70 in chips)
simper11: posts small blind $1
barbeinthjem: posts big blind $3
*** HOLE CARDS ***
simper11: raises $3 to $6
barbeinthjem: calls $3
*** FLOP *** [4s Ks 2d]
barbeinthjem: checks
simper11: bets $3
barbeinthjem: calls $3
*** TURN *** [4s Ks 2d] [6c]
barbeinthjem: checks
simper11: checks
*** RIVER *** [4s Ks 2d 6c] [7c]
barbeinthjem: bets $6
simper11: folds
Uncalled bet ($6) returned to barbeinthjem
barbeinthjem collected $17.64 from pot
barbeinthjem: doesn't show hand
*** SUMMARY ***
Total pot $18 | Rake $0.36
Board [4s Ks 2d 6c 7c]
Seat 5: simper11 (button) (small blind) folded on the River
Seat 6: barbeinthjem (big blind) collected ($17.64)


PokerStars Hand #157861787549:  Hold'em Limit ($3/$6 USD) - 2016/08/28 16:14:38 ET
Table 'Bunke' 10-max Seat #6 is the button
Seat 5: simper11 ($175.23 in chips)
Seat 6: barbeinthjem ($315.06 in chips)
barbeinthjem: posts small blind $1
simper11: posts big blind $3
*** HOLE CARDS ***
barbeinthjem: raises $3 to $6
simper11: calls $3
*** FLOP *** [5c Kh 2s]
simper11: checks
barbeinthjem: bets $3
simper11: calls $3
*** TURN *** [5c Kh 2s] [Jd]
simper11: checks
barbeinthjem: bets $6
simper11: folds
Uncalled bet ($6) returned to barbeinthjem
barbeinthjem collected $17.64 from pot
barbeinthjem: doesn't show hand
*** SUMMARY ***
Total pot $18 | Rake $0.36
Board [5c Kh 2s Jd]
Seat 5: simper11 (big blind) folded on the Turn
Seat 6: barbeinthjem (button) (small blind) collected ($17.64)


PokerStars Hand #157861776482:  Hold'em Limit ($3/$6 USD) - 2016/08/28 16:14:25 ET
Table 'Bunke' 10-max Seat #5 is the button
Seat 5: simper11 ($169.47 in chips)
Seat 6: barbeinthjem ($321.06 in chips)
simper11: posts small blind $1
barbeinthjem: posts big blind $3
*** HOLE CARDS ***
simper11: raises $3 to $6
barbeinthjem: calls $3
*** FLOP *** [9d Ad Jc]
barbeinthjem: checks
simper11: bets $3
barbeinthjem: folds
Uncalled bet ($3) returned to simper11
simper11 collected $11.76 from pot
simper11: doesn't show hand
*** SUMMARY ***
Total pot $12 | Rake $0.24
Board [9d Ad Jc]
Seat 5: simper11 (button) (small blind) collected ($11.76)
Seat 6: barbeinthjem (big blind) folded on the Flop


PokerStars Hand #157861764861:  Hold'em Limit ($3/$6 USD) - 2016/08/28 16:14:12 ET
Table 'Bunke' 10-max Seat #6 is the button
Seat 5: simper11 ($184.47 in chips)
Seat 6: barbeinthjem ($306.56 in chips)
barbeinthjem: posts small blind $1
simper11: posts big blind $3
*** HOLE CARDS ***
barbeinthjem: raises $3 to $6
simper11: calls $3
*** FLOP *** [7s 2c 3h]
simper11: checks
barbeinthjem: bets $3
simper11: calls $3
*** TURN *** [7s 2c 3h] [5c]
simper11: checks
barbeinthjem: bets $6
simper11: calls $6
*** RIVER *** [7s 2c 3h 5c] [8c]
simper11: checks
barbeinthjem: checks
*** SHOW DOWN ***
simper11: shows [5s Qh] (a pair of Fives)
barbeinthjem: shows [6d 6c] (a pair of Sixes)
barbeinthjem collected $29.50 from pot
*** SUMMARY ***
Total pot $30 | Rake $0.50
Board [7s 2c 3h 5c 8c]
Seat 5: simper11 (big blind) showed [5s Qh] and lost with a pair of Fives
Seat 6: barbeinthjem (button) (small blind) showed [6d 6c] and won ($29.50) with a pair of Sixes


PokerStars Hand #157861858630:  Hold'em Limit ($3/$6 USD) - 2016/08/28 16:16:01 ET
Table 'Bunke' 10-max Seat #6 is the button
Seat 5: simper11 ($173.37 in chips)
Seat 6: barbeinthjem ($314.98 in chips)
barbeinthjem: posts small blind $1
simper11: posts big blind $3
*** HOLE CARDS ***
barbeinthjem: raises $3 to $6
simper11: calls $3
*** FLOP *** [Kc 2c Jc]
simper11: checks
barbeinthjem: bets $3
simper11: raises $3 to $6
barbeinthjem: calls $3
*** TURN *** [Kc 2c Jc] [4h]
simper11: bets $6
barbeinthjem: calls $6
*** RIVER *** [Kc 2c Jc 4h] [5h]
simper11: bets $6
barbeinthjem: calls $6
*** SHOW DOWN ***
simper11: shows [Kd Ts] (a pair of Kings)
barbeinthjem: mucks hand
simper11 collected $47.50 from pot
*** SUMMARY ***
Total pot $48 | Rake $0.50
Board [Kc 2c Jc 4h 5h]
Seat 5: simper11 (big blind) showed [Kd Ts] and won ($47.50) with a pair of Kings
Seat 6: barbeinthjem (button) (small blind) mucked


PokerStars Hand #157861850836:  Hold'em Limit ($3/$6 USD) - 2016/08/28 16:15:52 ET
Table 'Bunke' 10-max Seat #5 is the button
Seat 5: simper11 ($182.37 in chips)
Seat 6: barbeinthjem ($306.34 in chips)
simper11: posts small blind $1
barbeinthjem: posts big blind $3
*** HOLE CARDS ***
simper11: raises $3 to $6
barbeinthjem: raises $3 to $9
simper11: calls $3
*** FLOP *** [Kd 3c 3d]
barbeinthjem: bets $3
simper11: folds
Uncalled bet ($3) returned to barbeinthjem
barbeinthjem collected $17.64 from pot
barbeinthjem: doesn't show hand
*** SUMMARY ***
Total pot $18 | Rake $0.36
Board [Kd 3c 3d]
Seat 5: simper11 (button) (small blind) folded on the Flop
Seat 6: barbeinthjem (big blind) collected ($17.64)


PokerStars Hand #157861843851:  Hold'em Limit ($3/$6 USD) - 2016/08/28 16:15:44 ET
Table 'Bunke' 10-max Seat #6 is the button
Seat 5: simper11 ($173.73 in chips)
Seat 6: barbeinthjem ($315.34 in chips)
barbeinthjem: posts small blind $1
simper11: posts big blind $3
*** HOLE CARDS ***
barbeinthjem: raises $3 to $6
simper11: calls $3
*** FLOP *** [3c 9d 8c]
simper11: checks
barbeinthjem: bets $3
simper11: raises $3 to $6
barbeinthjem: folds
Uncalled bet ($3) returned to simper11
simper11 collected $17.64 from pot
simper11: doesn't show hand
*** SUMMARY ***
Total pot $18 | Rake $0.36
Board [3c 9d 8c]
Seat 5: simper11 (big blind) collected ($17.64)
Seat 6: barbeinthjem (button) (small blind) folded on the Flop


PokerStars Hand #157861839307:  Hold'em Limit ($3/$6 USD) - 2016/08/28 16:15:39 ET
Table 'Bunke' 10-max Seat #5 is the button
Seat 5: simper11 ($170.73 in chips)
Seat 6: barbeinthjem ($318.34 in chips)
simper11: posts small blind $1
barbeinthjem: posts big blind $3
*** HOLE CARDS ***
simper11: raises $3 to $6
barbeinthjem: folds
Uncalled bet ($3) returned to simper11
simper11 collected $6 from pot
simper11: doesn't show hand
*** SUMMARY ***
Total pot $6 | Rake $0
Seat 5: simper11 (button) (small blind) collected ($6)
Seat 6: barbeinthjem (big blind) folded before Flop


PokerStars Hand #157861828585:  Hold'em Limit ($3/$6 USD) - 2016/08/28 16:15:26 ET
Table 'Bunke' 10-max Seat #6 is the button
Seat 5: simper11 ($153.23 in chips)
Seat 6: barbeinthjem ($336.34 in chips)
barbeinthjem: posts small blind $1
simper11: posts big blind $3
*** HOLE CARDS ***
barbeinthjem: raises $3 to $6
simper11: raises $3 to $9
barbeinthjem: calls $3
*** FLOP *** [2s 4d Js]
simper11: bets $3
barbeinthjem: calls $3
*** TURN *** [2s 4d Js] [Jd]
simper11: bets $6
barbeinthjem: calls $6
*** RIVER *** [2s 4d Js Jd] [Ac]
simper11: bets $6
barbeinthjem: folds
Uncalled bet ($6) returned to simper11
simper11 collected $35.50 from pot
simper11: doesn't show hand
*** SUMMARY ***
Total pot $36 | Rake $0.50
Board [2s 4d Js Jd Ac]
Seat 5: simper11 (big blind) collected ($35.50)
Seat 6: barbeinthjem (button) (small blind) folded on the River


PokerStars Hand #157861824664:  Hold'em Limit ($3/$6 USD) - 2016/08/28 16:15:22 ET
Table 'Bunke' 10-max Seat #5 is the button
Seat 5: simper11 ($154.23 in chips)
Seat 6: barbeinthjem ($335.34 in chips)
simper11: posts small blind $1
barbeinthjem: posts big blind $3
*** HOLE CARDS ***
simper11: folds
Uncalled bet ($2) returned to barbeinthjem
barbeinthjem collected $2 from pot
barbeinthjem: doesn't show hand
*** SUMMARY ***
Total pot $2 | Rake $0
Seat 5: simper11 (button) (small blind) folded before Flop
Seat 6: barbeinthjem (big blind) collected ($2)


PokerStars Hand #157861920988:  Hold'em Limit ($3/$6 USD) - 2016/08/28 16:17:13 ET
Table 'Bunke' 10-max Seat #6 is the button
Seat 5: simper11 ($196.01 in chips)
Seat 6: barbeinthjem ($289.90 in chips)
barbeinthjem: posts small blind $1
simper11: posts big blind $3
*** HOLE CARDS ***
barbeinthjem: raises $3 to $6
simper11: folds
Uncalled bet ($3) returned to barbeinthjem
barbeinthjem collected $6 from pot
barbeinthjem: doesn't show hand
*** SUMMARY ***
Total pot $6 | Rake $0
Seat 5: simper11 (big blind) folded before Flop
Seat 6: barbeinthjem (button) (small blind) collected ($6)


PokerStars Hand #157861908446:  Hold'em Limit ($3/$6 USD) - 2016/08/28 16:16:58 ET
Table 'Bunke' 10-max Seat #5 is the button
Seat 5: simper11 ($208.01 in chips)
Seat 6: barbeinthjem ($278.38 in chips)
simper11: posts small blind $1
barbeinthjem: posts big blind $3
*** HOLE CARDS ***
simper11: raises $3 to $6
barbeinthjem: raises $3 to $9
simper11: calls $3
*** FLOP *** [7h Jc Qc]
barbeinthjem: bets $3
simper11: calls $3
*** TURN *** [7h Jc Qc] [3h]
barbeinthjem: bets $6
simper11: folds
Uncalled bet ($6) returned to barbeinthjem
barbeinthjem collected $23.52 from pot
barbeinthjem: doesn't show hand
*** SUMMARY ***
Total pot $24 | Rake $0.48
Board [7h Jc Qc 3h]
Seat 5: simper11 (button) (small blind) folded on the Turn
Seat 6: barbeinthjem (big blind) collected ($23.52)


PokerStars Hand #157861900074:  Hold'em Limit ($3/$6 USD) - 2016/08/28 16:16:49 ET
Table 'Bunke' 10-max Seat #6 is the button
Seat 5: simper11 ($214.01 in chips)
Seat 6: barbeinthjem ($272.62 in chips)
barbeinthjem: posts small blind $1
simper11: posts big blind $3
*** HOLE CARDS ***
barbeinthjem: raises $3 to $6
simper11: calls $3
*** FLOP *** [8h Qs 7h]
simper11: checks
barbeinthjem: bets $3
simper11: folds
Uncalled bet ($3) returned to barbeinthjem
barbeinthjem collected $11.76 from pot
*** SUMMARY ***
Total pot $12 | Rake $0.24
Board [8h Qs 7h]
Seat 5: simper11 (big blind) folded on the Flop
Seat 6: barbeinthjem (button) (small blind) collected ($11.76)


PokerStars Hand #157861889919:  Hold'em Limit ($3/$6 USD) - 2016/08/28 16:16:38 ET
Table 'Bunke' 10-max Seat #5 is the button
Seat 5: simper11 ($205.37 in chips)
Seat 6: barbeinthjem ($281.62 in chips)
simper11: posts small blind $1
barbeinthjem: posts big blind $3
*** HOLE CARDS ***
simper11: raises $3 to $6
barbeinthjem: calls $3
*** FLOP *** [6s 8h Qc]
barbeinthjem: checks
simper11: bets $3
barbeinthjem: calls $3
*** TURN *** [6s 8h Qc] [Th]
barbeinthjem: checks
simper11: bets $6
barbeinthjem: folds
Uncalled bet ($6) returned to simper11
simper11 collected $17.64 from pot
simper11: doesn't show hand
*** SUMMARY ***
Total pot $18 | Rake $0.36
Board [6s 8h Qc Th]
Seat 5: simper11 (button) (small blind) collected ($17.64)
Seat 6: barbeinthjem (big blind) folded on the Turn


PokerStars Hand #157861880488:  Hold'em Limit ($3/$6 USD) - 2016/08/28 16:16:27 ET
Table 'Bunke' 10-max Seat #6 is the button
Seat 5: simper11 ($214.37 in chips)
Seat 6: barbeinthjem ($272.98 in chips)
barbeinthjem: posts small blind $1
simper11: posts big blind $3
*** HOLE CARDS ***
barbeinthjem: raises $3 to $6
simper11: calls $3
*** FLOP *** [Qs 9s 4h]
simper11: checks
barbeinthjem: bets $3
simper11: calls $3
*** TURN *** [Qs 9s 4h] [4c]
simper11: checks
barbeinthjem: bets $6
simper11: folds
Uncalled bet ($6) returned to barbeinthjem
barbeinthjem collected $17.64 from pot
barbeinthjem: doesn't show hand
*** SUMMARY ***
Total pot $18 | Rake $0.36
Board [Qs 9s 4h 4c]
Seat 5: simper11 (big blind) folded on the Turn
Seat 6: barbeinthjem (button) (small blind) collected ($17.64)


PokerStars Hand #157861869122:  Hold'em Limit ($3/$6 USD) - 2016/08/28 16:16:14 ET
Table 'Bunke' 10-max Seat #5 is the button
Seat 5: simper11 ($196.87 in chips)
Seat 6: barbeinthjem ($290.98 in chips)
simper11: posts small blind $1
barbeinthjem: posts big blind $3
*** HOLE CARDS ***
simper11: raises $3 to $6
barbeinthjem: raises $3 to $9
simper11: calls $3
*** FLOP *** [Jc Ac 8h]
barbeinthjem: bets $3
simper11: calls $3
*** TURN *** [Jc Ac 8h] [6d]
barbeinthjem: bets $6
simper11: raises $6 to $12
barbeinthjem: folds
Uncalled bet ($6) returned to simper11
simper11 collected $35.50 from pot
simper11: doesn't show hand
*** SUMMARY ***
Total pot $36 | Rake $0.50
Board [Jc Ac 8h 6d]
Seat 5: simper11 (button) (small blind) collected ($35.50)
Seat 6: barbeinthjem (big blind) folded on the Turn


PokerStars Hand #157861968830:  Hold'em Limit ($3/$6 USD) - 2016/08/28 16:18:09 ET
Table 'Bunke' 10-max Seat #5 is the button
Seat 5: simper11 ($204.15 in chips)
Seat 6: barbeinthjem ($280.16 in chips)
simper11: posts small blind $1
barbeinthjem: posts big blind $3
*** HOLE CARDS ***
simper11: raises $3 to $6
barbeinthjem: calls $3
*** FLOP *** [5h 2c 5d]
barbeinthjem: checks
simper11: bets $3
barbeinthjem: calls $3
*** TURN *** [5h 2c 5d] [7c]
barbeinthjem: checks
simper11: checks
*** RIVER *** [5h 2c 5d 7c] [Ad]
barbeinthjem: checks
simper11: checks
*** SHOW DOWN ***
barbeinthjem: shows [3h Kc] (a pair of Fives)
simper11: mucks hand
barbeinthjem collected $17.64 from pot
*** SUMMARY ***
Total pot $18 | Rake $0.36
Board [5h 2c 5d 7c Ad]
Seat 5: simper11 (button) (small blind) mucked
Seat 6: barbeinthjem (big blind) showed [3h Kc] and won ($17.64) with a pair of Fives


PokerStars Hand #157861962042:  Hold'em Limit ($3/$6 USD) - 2016/08/28 16:18:01 ET
Table 'Bunke' 10-max Seat #6 is the button
Seat 5: simper11 ($210.15 in chips)
Seat 6: barbeinthjem ($274.40 in chips)
barbeinthjem: posts small blind $1
simper11: posts big blind $3
*** HOLE CARDS ***
barbeinthjem: raises $3 to $6
simper11: calls $3
*** FLOP *** [4d Kd As]
simper11: checks
barbeinthjem: bets $3
simper11: folds
Uncalled bet ($3) returned to barbeinthjem
barbeinthjem collected $11.76 from pot
barbeinthjem: doesn't show hand
*** SUMMARY ***
Total pot $12 | Rake $0.24
Board [4d Kd As]
Seat 5: simper11 (big blind) folded on the Flop
Seat 6: barbeinthjem (button) (small blind) collected ($11.76)


PokerStars Hand #157861945601:  Hold'em Limit ($3/$6 USD) - 2016/08/28 16:17:42 ET
Table 'Bunke' 10-max Seat #5 is the button
Seat 5: simper11 ($180.65 in chips)
Seat 6: barbeinthjem ($304.40 in chips)
simper11: posts small blind $1
barbeinthjem: posts big blind $3
*** HOLE CARDS ***
simper11: raises $3 to $6
barbeinthjem: raises $3 to $9
simper11: calls $3
*** FLOP *** [Qs Js Kc]
barbeinthjem: bets $3
simper11: calls $3
*** TURN *** [Qs Js Kc] [6c]
barbeinthjem: bets $6
simper11: raises $6 to $12
barbeinthjem: calls $6
*** RIVER *** [Qs Js Kc 6c] [8d]
barbeinthjem: checks
simper11: bets $6
barbeinthjem: calls $6
*** SHOW DOWN ***
simper11: shows [9s Td] (a straight, Nine to King)
barbeinthjem: mucks hand
simper11 collected $59.50 from pot
*** SUMMARY ***
Total pot $60 | Rake $0.50
Board [Qs Js Kc 6c 8d]
Seat 5: simper11 (button) (small blind) showed [9s Td] and won ($59.50) with a straight, Nine to King
Seat 6: barbeinthjem (big blind) mucked


PokerStars Hand #157861934217:  Hold'em Limit ($3/$6 USD) - 2016/08/28 16:17:28 ET
Table 'Bunke' 10-max Seat #6 is the button
Seat 5: simper11 ($201.65 in chips)
Seat 6: barbeinthjem ($283.90 in chips)
barbeinthjem: posts small blind $1
simper11: posts big blind $3
*** HOLE CARDS ***
barbeinthjem: raises $3 to $6
simper11: calls $3
*** FLOP *** [4c Kd 5h]
simper11: checks
barbeinthjem: bets $3
simper11: calls $3
*** TURN *** [4c Kd 5h] [4d]
simper11: checks
barbeinthjem: bets $6
simper11: calls $6
*** RIVER *** [4c Kd 5h 4d] [Qh]
simper11: checks
barbeinthjem: bets $6
simper11: calls $6
*** SHOW DOWN ***
barbeinthjem: shows [Jc 4h] (three of a kind, Fours)
simper11: mucks hand
barbeinthjem collected $41.50 from pot
*** SUMMARY ***
Total pot $42 | Rake $0.50
Board [4c Kd 5h 4d Qh]
Seat 5: simper11 (big blind) mucked
Seat 6: barbeinthjem (button) (small blind) showed [Jc 4h] and won ($41.50) with three of a kind, Fours


PokerStars Hand #157861925260:  Hold'em Limit ($3/$6 USD) - 2016/08/28 16:17:18 ET
Table 'Bunke' 10-max Seat #5 is the button
Seat 5: simper11 ($193.01 in chips)
Seat 6: barbeinthjem ($292.90 in chips)
simper11: posts small blind $1
barbeinthjem: posts big blind $3
*** HOLE CARDS ***
simper11: raises $3 to $6
barbeinthjem: calls $3
*** FLOP *** [5h 5s 3d]
barbeinthjem: checks
simper11: bets $3
barbeinthjem: calls $3
*** TURN *** [5h 5s 3d] [9s]
barbeinthjem: checks
simper11: bets $6
barbeinthjem: folds
Uncalled bet ($6) returned to simper11
simper11 collected $17.64 from pot
simper11: doesn't show hand
*** SUMMARY ***
Total pot $18 | Rake $0.36
Board [5h 5s 3d 9s]
Seat 5: simper11 (button) (small blind) collected ($17.64)
Seat 6: barbeinthjem (big blind) folded on the Turn


PokerStars Hand #157862025854:  Hold'em Limit ($3/$6 USD) - 2016/08/28 16:19:06 ET
Table 'Bunke' 10-max Seat #5 is the button
Seat 5: simper11 ($214.19 in chips)
Seat 6: barbeinthjem ($268.80 in chips)
simper11: posts small blind $1
barbeinthjem: posts big blind $3
*** HOLE CARDS ***
simper11: raises $3 to $6
barbeinthjem: folds
Uncalled bet ($3) returned to simper11
simper11 collected $6 from pot
simper11: doesn't show hand
*** SUMMARY ***
Total pot $6 | Rake $0
Seat 5: simper11 (button) (small blind) collected ($6)
Seat 6: barbeinthjem (big blind) folded before Flop


PokerStars Hand #157862006633:  Hold'em Limit ($3/$6 USD) - 2016/08/28 16:18:53 ET
Table 'Bunke' 10-max Seat #6 is the button
Seat 5: simper11 ($205.55 in chips)
Seat 6: barbeinthjem ($277.80 in chips)
barbeinthjem: posts small blind $1
simper11: posts big blind $3
*** HOLE CARDS ***
barbeinthjem: raises $3 to $6
simper11: calls $3
*** FLOP *** [9s Kc 2d]
simper11: checks
barbeinthjem: bets $3
simper11: calls $3
*** TURN *** [9s Kc 2d] [6c]
simper11: checks
barbeinthjem: checks
*** RIVER *** [9s Kc 2d 6c] [9d]
simper11: checks
barbeinthjem: checks
*** SHOW DOWN ***
simper11: shows [Ad 7c] (a pair of Nines)
barbeinthjem: mucks hand
simper11 collected $17.64 from pot
*** SUMMARY ***
Total pot $18 | Rake $0.36
Board [9s Kc 2d 6c 9d]
Seat 5: simper11 (big blind) showed [Ad 7c] and won ($17.64) with a pair of Nines
Seat 6: barbeinthjem (button) (small blind) mucked


PokerStars Hand #157861999692:  Hold'em Limit ($3/$6 USD) - 2016/08/28 16:18:45 ET
Table 'Bunke' 10-max Seat #5 is the button
Seat 5: simper11 ($199.79 in chips)
Seat 6: barbeinthjem ($283.80 in chips)
simper11: posts small blind $1
barbeinthjem: posts big blind $3
*** HOLE CARDS ***
simper11: raises $3 to $6
barbeinthjem: calls $3
*** FLOP *** [Th 2s Ah]
barbeinthjem: checks
simper11: bets $3
barbeinthjem: folds
Uncalled bet ($3) returned to simper11
simper11 collected $11.76 from pot
simper11: doesn't show hand
*** SUMMARY ***
Total pot $12 | Rake $0.24
Board [Th 2s Ah]
Seat 5: simper11 (button) (small blind) collected ($11.76)
Seat 6: barbeinthjem (big blind) folded on the Flop


PokerStars Hand #157861995113:  Hold'em Limit ($3/$6 USD) - 2016/08/28 16:18:39 ET
Table 'Bunke' 10-max Seat #6 is the button
Seat 5: simper11 ($202.79 in chips)
Seat 6: barbeinthjem ($280.80 in chips)
barbeinthjem: posts small blind $1
simper11: posts big blind $3
*** HOLE CARDS ***
barbeinthjem: raises $3 to $6
simper11: folds
Uncalled bet ($3) returned to barbeinthjem
barbeinthjem collected $6 from pot
barbeinthjem: doesn't show hand
*** SUMMARY ***
Total pot $6 | Rake $0
Seat 5: simper11 (big blind) folded before Flop
Seat 6: barbeinthjem (button) (small blind) collected ($6)


PokerStars Hand #157861991028:  Hold'em Limit ($3/$6 USD) - 2016/08/28 16:18:35 ET
Table 'Bunke' 10-max Seat #5 is the button
Seat 5: simper11 ($203.79 in chips)
Seat 6: barbeinthjem ($279.80 in chips)
simper11: posts small blind $1
barbeinthjem: posts big blind $3
*** HOLE CARDS ***
simper11: folds
Uncalled bet ($2) returned to barbeinthjem
barbeinthjem collected $2 from pot
barbeinthjem: doesn't show hand
*** SUMMARY ***
Total pot $2 | Rake $0
Seat 5: simper11 (button) (small blind) folded before Flop
Seat 6: barbeinthjem (big blind) collected ($2)


PokerStars Hand #157861981619:  Hold'em Limit ($3/$6 USD) - 2016/08/28 16:18:24 ET
Table 'Bunke' 10-max Seat #6 is the button
Seat 5: simper11 ($195.15 in chips)
Seat 6: barbeinthjem ($288.80 in chips)
barbeinthjem: posts small blind $1
simper11: posts big blind $3
*** HOLE CARDS ***
barbeinthjem: raises $3 to $6
simper11: calls $3
*** FLOP *** [5s 3h 3c]
simper11: checks
barbeinthjem: bets $3
simper11: calls $3
*** TURN *** [5s 3h 3c] [6h]
simper11: checks
barbeinthjem: checks
*** RIVER *** [5s 3h 3c 6h] [Ac]
simper11: bets $6
barbeinthjem: folds
Uncalled bet ($6) returned to simper11
simper11 collected $17.64 from pot
simper11: doesn't show hand
*** SUMMARY ***
Total pot $18 | Rake $0.36
Board [5s 3h 3c 6h Ac]
Seat 5: simper11 (big blind) collected ($17.64)
Seat 6: barbeinthjem (button) (small blind) folded on the River


PokerStars Hand #157862079784:  Hold'em Limit ($3/$6 USD) - 2016/08/28 16:20:09 ET
Table 'Bunke' 10-max Seat #6 is the button
Seat 5: simper11 ($172.83 in chips)
Seat 6: barbeinthjem ($308.46 in chips)
barbeinthjem: posts small blind $1
simper11: posts big blind $3
*** HOLE CARDS ***
barbeinthjem: raises $3 to $6
simper11: calls $3
*** FLOP *** [4c Ts 9s]
simper11: checks
barbeinthjem: bets $3
simper11: raises $3 to $6
barbeinthjem: raises $3 to $9
simper11: calls $3
*** TURN *** [4c Ts 9s] [3s]
simper11: checks
barbeinthjem: bets $6
simper11: calls $6
*** RIVER *** [4c Ts 9s 3s] [8d]
simper11: checks
barbeinthjem: bets $6
simper11: calls $6
*** SHOW DOWN ***
barbeinthjem: shows [Ks Kh] (a pair of Kings)
simper11: mucks hand
barbeinthjem collected $53.50 from pot
*** SUMMARY ***
Total pot $54 | Rake $0.50
Board [4c Ts 9s 3s 8d]
Seat 5: simper11 (big blind) mucked
Seat 6: barbeinthjem (button) (small blind) showed [Ks Kh] and won ($53.50) with a pair of Kings


PokerStars Hand #157862075934:  Hold'em Limit ($3/$6 USD) - 2016/08/28 16:20:04 ET
Table 'Bunke' 10-max Seat #5 is the button
Seat 5: simper11 ($173.83 in chips)
Seat 6: barbeinthjem ($307.46 in chips)
simper11: posts small blind $1
barbeinthjem: posts big blind $3
*** HOLE CARDS ***
simper11: folds
Uncalled bet ($2) returned to barbeinthjem
barbeinthjem collected $2 from pot
barbeinthjem: doesn't show hand
*** SUMMARY ***
Total pot $2 | Rake $0
Seat 5: simper11 (button) (small blind) folded before Flop
Seat 6: barbeinthjem (big blind) collected ($2)


PokerStars Hand #157862067939:  Hold'em Limit ($3/$6 USD) - 2016/08/28 16:19:55 ET
Table 'Bunke' 10-max Seat #6 is the button
Seat 5: simper11 ($182.83 in chips)
Seat 6: barbeinthjem ($298.82 in chips)
barbeinthjem: posts small blind $1
simper11: posts big blind $3
*** HOLE CARDS ***
barbeinthjem: raises $3 to $6
simper11: calls $3
*** FLOP *** [2c 8c Qs]
simper11: checks
barbeinthjem: bets $3
simper11: calls $3
*** TURN *** [2c 8c Qs] [Js]
simper11: checks
barbeinthjem: bets $6
simper11: folds
Uncalled bet ($6) returned to barbeinthjem
barbeinthjem collected $17.64 from pot
barbeinthjem: doesn't show hand
*** SUMMARY ***
Total pot $18 | Rake $0.36
Board [2c 8c Qs Js]
Seat 5: simper11 (big blind) folded on the Turn
Seat 6: barbeinthjem (button) (small blind) collected ($17.64)


PokerStars Hand #157862063574:  Hold'em Limit ($3/$6 USD) - 2016/08/28 16:19:50 ET
Table 'Bunke' 10-max Seat #5 is the button
Seat 5: simper11 ($183.83 in chips)
Seat 6: barbeinthjem ($297.82 in chips)
simper11: posts small blind $1
barbeinthjem: posts big blind $3
*** HOLE CARDS ***
simper11: folds
Uncalled bet ($2) returned to barbeinthjem
barbeinthjem collected $2 from pot
barbeinthjem: doesn't show hand
*** SUMMARY ***
Total pot $2 | Rake $0
Seat 5: simper11 (button) (small blind) folded before Flop
Seat 6: barbeinthjem (big blind) collected ($2)


PokerStars Hand #157862056746:  Hold'em Limit ($3/$6 USD) - 2016/08/28 16:19:42 ET
Table 'Bunke' 10-max Seat #6 is the button
Seat 5: simper11 ($175.19 in chips)
Seat 6: barbeinthjem ($306.82 in chips)
barbeinthjem: posts small blind $1
simper11: posts big blind $3
*** HOLE CARDS ***
barbeinthjem: raises $3 to $6
simper11: raises $3 to $9
barbeinthjem: calls $3
*** FLOP *** [6c 9d Qh]
simper11: bets $3
barbeinthjem: folds
Uncalled bet ($3) returned to simper11
simper11 collected $17.64 from pot
simper11: doesn't show hand
*** SUMMARY ***
Total pot $18 | Rake $0.36
Board [6c 9d Qh]
Seat 5: simper11 (big blind) collected ($17.64)
Seat 6: barbeinthjem (button) (small blind) folded on the Flop


PokerStars Hand #157862046066:  Hold'em Limit ($3/$6 USD) - 2016/08/28 16:19:29 ET
Table 'Bunke' 10-max Seat #5 is the button
Seat 5: simper11 ($187.19 in chips)
Seat 6: barbeinthjem ($295.30 in chips)
simper11: posts small blind $1
barbeinthjem: posts big blind $3
*** HOLE CARDS ***
simper11: raises $3 to $6
barbeinthjem: calls $3
*** FLOP *** [Kh 2s Th]
barbeinthjem: checks
simper11: bets $3
barbeinthjem: raises $3 to $6
simper11: calls $3
*** TURN *** [Kh 2s Th] [5s]
barbeinthjem: bets $6
simper11: folds
Uncalled bet ($6) returned to barbeinthjem
barbeinthjem collected $23.52 from pot
barbeinthjem: doesn't show hand
*** SUMMARY ***
Total pot $24 | Rake $0.48
Board [Kh 2s Th 5s]
Seat 5: simper11 (button) (small blind) folded on the Turn
Seat 6: barbeinthjem (big blind) collected ($23.52)


PokerStars Hand #157862030406:  Hold'em Limit ($3/$6 USD) - 2016/08/28 16:19:11 ET
Table 'Bunke' 10-max Seat #6 is the button
Seat 5: simper11 ($217.19 in chips)
Seat 6: barbeinthjem ($265.80 in chips)
barbeinthjem: posts small blind $1
simper11: posts big blind $3
*** HOLE CARDS ***
barbeinthjem: raises $3 to $6
simper11: calls $3
*** FLOP *** [3h Jc 9s]
simper11: checks
barbeinthjem: bets $3
simper11: raises $3 to $6
barbeinthjem: calls $3
*** TURN *** [3h Jc 9s] [Qs]
simper11: bets $6
barbeinthjem: raises $6 to $12
simper11: calls $6
*** RIVER *** [3h Jc 9s Qs] [7h]
simper11: checks
barbeinthjem: bets $6
simper11: calls $6
*** SHOW DOWN ***
barbeinthjem: shows [Tc Jh] (a pair of Jacks)
simper11: mucks hand
barbeinthjem collected $59.50 from pot
*** SUMMARY ***
Total pot $60 | Rake $0.50
Board [3h Jc 9s Qs 7h]
Seat 5: simper11 (big blind) mucked
Seat 6: barbeinthjem (button) (small blind) showed [Tc Jh] and won ($59.50) with a pair of Jacks


PokerStars Hand #157862138217:  Hold'em Limit ($3/$6 USD) - 2016/08/28 16:21:18 ET
Table 'Bunke' 10-max Seat #5 is the button
Seat 5: simper11 ($128.64 in chips)
Seat 6: barbeinthjem ($351.96 in chips)
simper11: posts small blind $1
barbeinthjem: posts big blind $3
*** HOLE CARDS ***
simper11: folds
Uncalled bet ($2) returned to barbeinthjem
barbeinthjem collected $2 from pot
barbeinthjem: doesn't show hand
*** SUMMARY ***
Total pot $2 | Rake $0
Seat 5: simper11 (button) (small blind) folded before Flop
Seat 6: barbeinthjem (big blind) collected ($2)


PokerStars Hand #157862130780:  Hold'em Limit ($3/$6 USD) - 2016/08/28 16:21:09 ET
Table 'Bunke' 10-max Seat #6 is the button
Seat 5: simper11 ($120 in chips)
Seat 6: barbeinthjem ($360.96 in chips)
barbeinthjem: posts small blind $1
simper11: posts big blind $3
*** HOLE CARDS ***
barbeinthjem: raises $3 to $6
simper11: calls $3
*** FLOP *** [5d Kc 5c]
simper11: checks
barbeinthjem: bets $3
simper11: raises $3 to $6
barbeinthjem: folds
Uncalled bet ($3) returned to simper11
simper11 collected $17.64 from pot
simper11: doesn't show hand
*** SUMMARY ***
Total pot $18 | Rake $0.36
Board [5d Kc 5c]
Seat 5: simper11 (big blind) collected ($17.64)
Seat 6: barbeinthjem (button) (small blind) folded on the Flop


PokerStars Hand #157862112601:  Hold'em Limit ($3/$6 USD) - 2016/08/28 16:20:47 ET
Table 'Bunke' 10-max Seat #5 is the button
Seat 5: simper11 ($139.47 in chips)
Seat 6: barbeinthjem ($340.46 in chips)
simper11: posts small blind $1
barbeinthjem: posts big blind $3
*** HOLE CARDS ***
simper11: raises $3 to $6
barbeinthjem: raises $3 to $9
simper11: calls $3
*** FLOP *** [4d 2d 2s]
barbeinthjem: bets $3
simper11: raises $3 to $6
barbeinthjem: calls $3
*** TURN *** [4d 2d 2s] [Ts]
barbeinthjem: checks
simper11: bets $6
barbeinthjem: calls $6
*** RIVER *** [4d 2d 2s Ts] [Qh]
barbeinthjem: bets $6
simper11: folds
Uncalled bet ($6) returned to barbeinthjem
barbeinthjem collected $41.50 from pot
barbeinthjem: doesn't show hand
*** SUMMARY ***
Total pot $42 | Rake $0.50
Board [4d 2d 2s Ts Qh]
Seat 5: simper11 (button) (small blind) folded on the River
Seat 6: barbeinthjem (big blind) collected ($41.50)


PokerStars Hand #157862105883:  Hold'em Limit ($3/$6 USD) - 2016/08/28 16:20:39 ET
Table 'Bunke' 10-max Seat #6 is the button
Seat 5: simper11 ($130.83 in chips)
Seat 6: barbeinthjem ($349.46 in chips)
barbeinthjem: posts small blind $1
simper11: posts big blind $3
*** HOLE CARDS ***
barbeinthjem: raises $3 to $6
simper11: raises $3 to $9
barbeinthjem: calls $3
*** FLOP *** [6c Ac 8s]
simper11: bets $3
barbeinthjem: folds
Uncalled bet ($3) returned to simper11
simper11 collected $17.64 from pot
simper11: doesn't show hand
*** SUMMARY ***
Total pot $18 | Rake $0.36
Board [6c Ac 8s]
Seat 5: simper11 (big blind) collected ($17.64)
Seat 6: barbeinthjem (button) (small blind) folded on the Flop


PokerStars Hand #157862093335:  Hold'em Limit ($3/$6 USD) - 2016/08/28 16:20:25 ET
Table 'Bunke' 10-max Seat #5 is the button
Seat 5: simper11 ($145.83 in chips)
Seat 6: barbeinthjem ($334.96 in chips)
simper11: posts small blind $1
barbeinthjem: posts big blind $3
*** HOLE CARDS ***
simper11: raises $3 to $6
barbeinthjem: calls $3
*** FLOP *** [Jh 2d 4c]
barbeinthjem: checks
simper11: bets $3
barbeinthjem: calls $3
*** TURN *** [Jh 2d 4c] [8s]
barbeinthjem: checks
simper11: bets $6
barbeinthjem: calls $6
*** RIVER *** [Jh 2d 4c 8s] [6h]
barbeinthjem: checks
simper11: checks
*** SHOW DOWN ***
barbeinthjem: shows [6d 8d] (two pair, Eights and Sixes)
simper11: mucks hand
barbeinthjem collected $29.50 from pot
*** SUMMARY ***
Total pot $30 | Rake $0.50
Board [Jh 2d 4c 8s 6h]
Seat 5: simper11 (button) (small blind) mucked
Seat 6: barbeinthjem (big blind) showed [6d 8d] and won ($29.50) with two pair, Eights and Sixes


PokerStars Hand #157862179839:  Hold'em Limit ($3/$6 USD) - 2016/08/28 16:22:06 ET
Table 'Bunke' 10-max Seat #5 is the button
Seat 5: simper11 ($137.50 in chips)
Seat 6: barbeinthjem ($361.22 in chips)
simper11: posts small blind $1
barbeinthjem: posts big blind $3
*** HOLE CARDS ***
simper11: raises $3 to $6
barbeinthjem: calls $3
*** FLOP *** [4h 8c 3s]
barbeinthjem: checks
simper11: bets $3
barbeinthjem: calls $3
*** TURN *** [4h 8c 3s] [2s]
barbeinthjem: checks
simper11: bets $6
barbeinthjem: folds
Uncalled bet ($6) returned to simper11
simper11 collected $17.64 from pot
simper11: doesn't show hand
*** SUMMARY ***
Total pot $18 | Rake $0.36
Board [4h 8c 3s 2s]
Seat 5: simper11 (button) (small blind) collected ($17.64)
Seat 6: barbeinthjem (big blind) folded on the Turn


PokerStars Hand #157862167480:  Hold'em Limit ($3/$6 USD) - 2016/08/28 16:21:52 ET
Table 'Bunke' 10-max Seat #6 is the button
Seat 5: simper11 ($120 in chips)
Seat 6: barbeinthjem ($379.22 in chips)
barbeinthjem: posts small blind $1
simper11: posts big blind $3
*** HOLE CARDS ***
barbeinthjem: raises $3 to $6
simper11: calls $3
*** FLOP *** [8d 4c Ts]
simper11: checks
barbeinthjem: bets $3
simper11: raises $3 to $6
barbeinthjem: calls $3
*** TURN *** [8d 4c Ts] [2c]
simper11: bets $6
barbeinthjem: calls $6
*** RIVER *** [8d 4c Ts 2c] [9s]
simper11: bets $6
barbeinthjem: folds
Uncalled bet ($6) returned to simper11
simper11 collected $35.50 from pot
simper11: doesn't show hand
*** SUMMARY ***
Total pot $36 | Rake $0.50
Board [8d 4c Ts 2c 9s]
Seat 5: simper11 (big blind) collected ($35.50)
Seat 6: barbeinthjem (button) (small blind) folded on the River


PokerStars Hand #157862148306:  Hold'em Limit ($3/$6 USD) - 2016/08/28 16:21:29 ET
Table 'Bunke' 10-max Seat #5 is the button
Seat 5: simper11 ($121.64 in chips)
Seat 6: barbeinthjem ($358.72 in chips)
simper11: posts small blind $1
barbeinthjem: posts big blind $3
*** HOLE CARDS ***
simper11: raises $3 to $6
barbeinthjem: calls $3
*** FLOP *** [7s 9h 5s]
barbeinthjem: checks
simper11: bets $3
barbeinthjem: calls $3
*** TURN *** [7s 9h 5s] [8s]
barbeinthjem: checks
simper11: bets $6
barbeinthjem: calls $6
*** RIVER *** [7s 9h 5s 8s] [6h]
barbeinthjem: bets $6
simper11: calls $6
*** SHOW DOWN ***
barbeinthjem: shows [Qs Td] (a straight, Six to Ten)
simper11: mucks hand
barbeinthjem collected $41.50 from pot
*** SUMMARY ***
Total pot $42 | Rake $0.50
Board [7s 9h 5s 8s 6h]
Seat 5: simper11 (button) (small blind) mucked
Seat 6: barbeinthjem (big blind) showed [Qs Td] and won ($41.50) with a straight, Six to Ten


PokerStars Hand #157862141888:  Hold'em Limit ($3/$6 USD) - 2016/08/28 16:21:22 ET
Table 'Bunke' 10-max Seat #6 is the button
Seat 5: simper11 ($127.64 in chips)
Seat 6: barbeinthjem ($352.96 in chips)
barbeinthjem: posts small blind $1
simper11: posts big blind $3
*** HOLE CARDS ***
barbeinthjem: raises $3 to $6
simper11: calls $3
*** FLOP *** [Ac 6s 8h]
simper11: checks
barbeinthjem: bets $3
simper11: folds
Uncalled bet ($3) returned to barbeinthjem
barbeinthjem collected $11.76 from pot
*** SUMMARY ***
Total pot $12 | Rake $0.24
Board [Ac 6s 8h]
Seat 5: simper11 (big blind) folded on the Flop
Seat 6: barbeinthjem (button) (small blind) collected ($11.76)


PokerStars Hand #157862239748:  Hold'em Limit ($3/$6 USD) - 2016/08/28 16:23:17 ET
Table 'Bunke' 10-max Seat #6 is the button
Seat 5: simper11 ($123.54 in chips)
Seat 6: barbeinthjem ($373.12 in chips)
barbeinthjem: posts small blind $1
simper11: posts big blind $3
*** HOLE CARDS ***
barbeinthjem: raises $3 to $6
simper11: calls $3
*** FLOP *** [Ac 7d 8d]
simper11: checks
barbeinthjem: bets $3
simper11: folds
Uncalled bet ($3) returned to barbeinthjem
barbeinthjem collected $11.76 from pot
barbeinthjem: doesn't show hand
*** SUMMARY ***
Total pot $12 | Rake $0.24
Board [Ac 7d 8d]
Seat 5: simper11 (big blind) folded on the Flop
Seat 6: barbeinthjem (button) (small blind) collected ($11.76)


PokerStars Hand #157862235358:  Hold'em Limit ($3/$6 USD) - 2016/08/28 16:23:12 ET
Table 'Bunke' 10-max Seat #5 is the button
Seat 5: simper11 ($124.54 in chips)
Seat 6: barbeinthjem ($372.12 in chips)
simper11: posts small blind $1
barbeinthjem: posts big blind $3
*** HOLE CARDS ***
simper11: folds
Uncalled bet ($2) returned to barbeinthjem
barbeinthjem collected $2 from pot
barbeinthjem: doesn't show hand
*** SUMMARY ***
Total pot $2 | Rake $0
Seat 5: simper11 (button) (small blind) folded before Flop
Seat 6: barbeinthjem (big blind) collected ($2)


PokerStars Hand #157862229328:  Hold'em Limit ($3/$6 USD) - 2016/08/28 16:23:05 ET
Table 'Bunke' 10-max Seat #6 is the button
Seat 5: simper11 ($130.54 in chips)
Seat 6: barbeinthjem ($366.36 in chips)
barbeinthjem: posts small blind $1
simper11: posts big blind $3
*** HOLE CARDS ***
barbeinthjem: raises $3 to $6
simper11: calls $3
*** FLOP *** [Jd 2c 7d]
simper11: checks
barbeinthjem: bets $3
simper11: folds
Uncalled bet ($3) returned to barbeinthjem
barbeinthjem collected $11.76 from pot
barbeinthjem: doesn't show hand
*** SUMMARY ***
Total pot $12 | Rake $0.24
Board [Jd 2c 7d]
Seat 5: simper11 (big blind) folded on the Flop
Seat 6: barbeinthjem (button) (small blind) collected ($11.76)


PokerStars Hand #157862219544:  Hold'em Limit ($3/$6 USD) - 2016/08/28 16:22:53 ET
Table 'Bunke' 10-max Seat #5 is the button
Seat 5: simper11 ($139.54 in chips)
Seat 6: barbeinthjem ($357.72 in chips)
simper11: posts small blind $1
barbeinthjem: posts big blind $3
*** HOLE CARDS ***
simper11: raises $3 to $6
barbeinthjem: calls $3
*** FLOP *** [3s 3h 2d]
barbeinthjem: checks
simper11: bets $3
barbeinthjem: raises $3 to $6
simper11: folds
Uncalled bet ($3) returned to barbeinthjem
barbeinthjem collected $17.64 from pot
barbeinthjem: doesn't show hand
*** SUMMARY ***
Total pot $18 | Rake $0.36
Board [3s 3h 2d]
Seat 5: simper11 (button) (small blind) folded on the Flop
Seat 6: barbeinthjem (big blind) collected ($17.64)


PokerStars Hand #157862212932:  Hold'em Limit ($3/$6 USD) - 2016/08/28 16:22:45 ET
Table 'Bunke' 10-max Seat #6 is the button
Seat 5: simper11 ($130.90 in chips)
Seat 6: barbeinthjem ($366.72 in chips)
barbeinthjem: posts small blind $1
simper11: posts big blind $3
*** HOLE CARDS ***
barbeinthjem: raises $3 to $6
simper11: raises $3 to $9
barbeinthjem: calls $3
*** FLOP *** [Kd 9d 5h]
simper11: bets $3
barbeinthjem: folds
Uncalled bet ($3) returned to simper11
simper11 collected $17.64 from pot
simper11: doesn't show hand
*** SUMMARY ***
Total pot $18 | Rake $0.36
Board [Kd 9d 5h]
Seat 5: simper11 (big blind) collected ($17.64)
Seat 6: barbeinthjem (button) (small blind) folded on the Flop


PokerStars Hand #157862204725:  Hold'em Limit ($3/$6 USD) - 2016/08/28 16:22:36 ET
Table 'Bunke' 10-max Seat #5 is the button
Seat 5: simper11 ($125.14 in chips)
Seat 6: barbeinthjem ($372.72 in chips)
simper11: posts small blind $1
barbeinthjem: posts big blind $3
*** HOLE CARDS ***
simper11: raises $3 to $6
barbeinthjem: calls $3
*** FLOP *** [3c Jh Qd]
barbeinthjem: checks
simper11: bets $3
barbeinthjem: folds
Uncalled bet ($3) returned to simper11
simper11 collected $11.76 from pot
simper11: doesn't show hand
*** SUMMARY ***
Total pot $12 | Rake $0.24
Board [3c Jh Qd]
Seat 5: simper11 (button) (small blind) collected ($11.76)
Seat 6: barbeinthjem (big blind) folded on the Flop


PokerStars Hand #157862190624:  Hold'em Limit ($3/$6 USD) - 2016/08/28 16:22:19 ET
Table 'Bunke' 10-max Seat #6 is the button
Seat 5: simper11 ($146.14 in chips)
Seat 6: barbeinthjem ($352.22 in chips)
barbeinthjem: posts small blind $1
simper11: posts big blind $3
*** HOLE CARDS ***
barbeinthjem: raises $3 to $6
simper11: calls $3
*** FLOP *** [3h Ad Tc]
simper11: checks
barbeinthjem: bets $3
simper11: calls $3
*** TURN *** [3h Ad Tc] [Kd]
simper11: checks
barbeinthjem: bets $6
simper11: calls $6
*** RIVER *** [3h Ad Tc Kd] [4h]
simper11: checks
barbeinthjem: bets $6
simper11: calls $6
*** SHOW DOWN ***
barbeinthjem: shows [Qc Jc] (a straight, Ten to Ace)
simper11: mucks hand
barbeinthjem collected $41.50 from pot
*** SUMMARY ***
Total pot $42 | Rake $0.50
Board [3h Ad Tc Kd 4h]
Seat 5: simper11 (big blind) mucked
Seat 6: barbeinthjem (button) (small blind) showed [Qc Jc] and won ($41.50) with a straight, Ten to Ace


PokerStars Hand #157862289158:  Hold'em Limit ($3/$6 USD) - 2016/08/28 16:24:16 ET
Table 'Bunke' 10-max Seat #6 is the button
Seat 5: simper11 ($120 in chips)
Seat 6: barbeinthjem ($440.52 in chips)
barbeinthjem: posts small blind $1
simper11: posts big blind $3
*** HOLE CARDS ***
barbeinthjem: folds
Uncalled bet ($2) returned to simper11
simper11 collected $2 from pot
simper11: doesn't show hand
*** SUMMARY ***
Total pot $2 | Rake $0
Seat 5: simper11 (big blind) collected ($2)
Seat 6: barbeinthjem (button) (small blind) folded before Flop


PokerStars Hand #157862281876:  Hold'em Limit ($3/$6 USD) - 2016/08/28 16:24:07 ET
Table 'Bunke' 10-max Seat #5 is the button
Seat 5: simper11 ($120 in chips)
Seat 6: barbeinthjem ($431.88 in chips)
simper11: posts small blind $1
barbeinthjem: posts big blind $3
*** HOLE CARDS ***
simper11: raises $3 to $6
barbeinthjem: calls $3
*** FLOP *** [Kd 6h 9d]
barbeinthjem: checks
simper11: bets $3
barbeinthjem: raises $3 to $6
simper11: folds
Uncalled bet ($3) returned to barbeinthjem
barbeinthjem collected $17.64 from pot
barbeinthjem: doesn't show hand
*** SUMMARY ***
Total pot $18 | Rake $0.36
Board [Kd 6h 9d]
Seat 5: simper11 (button) (small blind) folded on the Flop
Seat 6: barbeinthjem (big blind) collected ($17.64)


PokerStars Hand #157862270442:  Hold'em Limit ($3/$6 USD) - 2016/08/28 16:23:53 ET
Table 'Bunke' 10-max Seat #6 is the button
Seat 5: simper11 ($125.76 in chips)
Seat 6: barbeinthjem ($411.38 in chips)
barbeinthjem: posts small blind $1
simper11: posts big blind $3
*** HOLE CARDS ***
barbeinthjem: raises $3 to $6
simper11: calls $3
*** FLOP *** [3c Ah Tc]
simper11: checks
barbeinthjem: bets $3
simper11: calls $3
*** TURN *** [3c Ah Tc] [Ac]
simper11: checks
barbeinthjem: bets $6
simper11: calls $6
*** RIVER *** [3c Ah Tc Ac] [9s]
simper11: checks
barbeinthjem: bets $6
simper11: calls $6
*** SHOW DOWN ***
barbeinthjem: shows [6c Ad] (three of a kind, Aces)
simper11: mucks hand
barbeinthjem collected $41.50 from pot
*** SUMMARY ***
Total pot $42 | Rake $0.50
Board [3c Ah Tc Ac 9s]
Seat 5: simper11 (big blind) mucked
Seat 6: barbeinthjem (button) (small blind) showed [6c Ad] and won ($41.50) with three of a kind, Aces


PokerStars Hand #157862263539:  Hold'em Limit ($3/$6 USD) - 2016/08/28 16:23:45 ET
Table 'Bunke' 10-max Seat #5 is the button
Seat 5: simper11 ($120 in chips)
Seat 6: barbeinthjem ($417.38 in chips)
simper11: posts small blind $1
barbeinthjem: posts big blind $3
*** HOLE CARDS ***
simper11: raises $3 to $6
barbeinthjem: calls $3
*** FLOP *** [2h 7d 2c]
barbeinthjem: checks
simper11: bets $3
barbeinthjem: folds
Uncalled bet ($3) returned to simper11
simper11 collected $11.76 from pot
simper11: doesn't show hand
*** SUMMARY ***
Total pot $12 | Rake $0.24
Board [2h 7d 2c]
Seat 5: simper11 (button) (small blind) collected ($11.76)
Seat 6: barbeinthjem (big blind) folded on the Flop


PokerStars Hand #157862259783:  Hold'em Limit ($3/$6 USD) - 2016/08/28 16:23:41 ET
Table 'Bunke' 10-max Seat #6 is the button
Seat 5: simper11 ($120 in chips)
Seat 6: barbeinthjem ($414.38 in chips)
barbeinthjem: posts small blind $1
simper11: posts big blind $3
*** HOLE CARDS ***
barbeinthjem: raises $3 to $6
simper11: folds
Uncalled bet ($3) returned to barbeinthjem
barbeinthjem collected $6 from pot
barbeinthjem: doesn't show hand
*** SUMMARY ***
Total pot $6 | Rake $0
Seat 5: simper11 (big blind) folded before Flop
Seat 6: barbeinthjem (button) (small blind) collected ($6)


PokerStars Hand #157862246245:  Hold'em Limit ($3/$6 USD) - 2016/08/28 16:23:25 ET
Table 'Bunke' 10-max Seat #5 is the button
Seat 5: simper11 ($120 in chips)
Seat 6: barbeinthjem ($378.88 in chips)
simper11: posts small blind $1
barbeinthjem: posts big blind $3
*** HOLE CARDS ***
simper11: raises $3 to $6
barbeinthjem: calls $3
*** FLOP *** [Jh 8d 3h]
barbeinthjem: checks
simper11: bets $3
barbeinthjem: raises $3 to $6
simper11: calls $3
*** TURN *** [Jh 8d 3h] [8s]
barbeinthjem: bets $6
simper11: raises $6 to $12
barbeinthjem: raises $6 to $18
simper11: calls $6
*** RIVER *** [Jh 8d 3h 8s] [9c]
barbeinthjem: bets $6
simper11: calls $6
*** SHOW DOWN ***
barbeinthjem: shows [8h 5h] (three of a kind, Eights)
simper11: mucks hand
barbeinthjem collected $71.50 from pot
*** SUMMARY ***
Total pot $72 | Rake $0.50
Board [Jh 8d 3h 8s 9c]
Seat 5: simper11 (button) (small blind) mucked
Seat 6: barbeinthjem (big blind) showed [8h 5h] and won ($71.50) with three of a kind, Eights


PokerStars Hand #157862335811:  Hold'em Limit ($3/$6 USD) - 2016/08/28 16:25:11 ET
Table 'Bunke' 10-max Seat #6 is the button
Seat 5: simper11 ($134.50 in chips)
Seat 6: barbeinthjem ($438.92 in chips)
barbeinthjem: posts small blind $1
simper11: posts big blind $3
*** HOLE CARDS ***
barbeinthjem: raises $3 to $6
simper11: raises $3 to $9
barbeinthjem: calls $3
*** FLOP *** [2s Ac 7d]
simper11: bets $3
barbeinthjem: calls $3
*** TURN *** [2s Ac 7d] [Tc]
simper11: bets $6
barbeinthjem: calls $6
*** RIVER *** [2s Ac 7d Tc] [6s]
simper11: bets $6
barbeinthjem: calls $6
*** SHOW DOWN ***
simper11: shows [Ts Js] (a pair of Tens)
barbeinthjem: mucks hand
simper11 collected $47.50 from pot
*** SUMMARY ***
Total pot $48 | Rake $0.50
Board [2s Ac 7d Tc 6s]
Seat 5: simper11 (big blind) showed [Ts Js] and won ($47.50) with a pair of Tens
Seat 6: barbeinthjem (button) (small blind) mucked


PokerStars Hand #157862322491:  Hold'em Limit ($3/$6 USD) - 2016/08/28 16:24:55 ET
Table 'Bunke' 10-max Seat #5 is the button
Seat 5: simper11 ($120 in chips)
Seat 6: barbeinthjem ($453.92 in chips)
simper11: posts small blind $1
barbeinthjem: posts big blind $3
*** HOLE CARDS ***
simper11: raises $3 to $6
barbeinthjem: calls $3
*** FLOP *** [8d 5s Qd]
barbeinthjem: checks
simper11: bets $3
barbeinthjem: calls $3
*** TURN *** [8d 5s Qd] [5d]
barbeinthjem: checks
simper11: bets $6
barbeinthjem: calls $6
*** RIVER *** [8d 5s Qd 5d] [4c]
barbeinthjem: checks
simper11: bets $6
barbeinthjem: folds
Uncalled bet ($6) returned to simper11
simper11 collected $29.50 from pot
simper11: doesn't show hand
*** SUMMARY ***
Total pot $30 | Rake $0.50
Board [8d 5s Qd 5d 4c]
Seat 5: simper11 (button) (small blind) collected ($29.50)
Seat 6: barbeinthjem (big blind) folded on the River


PokerStars Hand #157862303855:  Hold'em Limit ($3/$6 USD) - 2016/08/28 16:24:33 ET
Table 'Bunke' 10-max Seat #6 is the button
Seat 5: simper11 ($120 in chips)
Seat 6: barbeinthjem ($448.16 in chips)
barbeinthjem: posts small blind $1
simper11: posts big blind $3
*** HOLE CARDS ***
simper11 said, "llolol"
barbeinthjem: raises $3 to $6
simper11 said, "lolololo"
simper11 said, "lololo"
simper11 said, "lolol"
simper11 said, "hope your family dies"
simper11 said, "clown"
simper11: calls $3
*** FLOP *** [9d 8h 8s]
simper11: checks
barbeinthjem: bets $3
simper11: folds
Uncalled bet ($3) returned to barbeinthjem
barbeinthjem collected $11.76 from pot
barbeinthjem: doesn't show hand
*** SUMMARY ***
Total pot $12 | Rake $0.24
Board [9d 8h 8s]
Seat 5: simper11 (big blind) folded on the Flop
Seat 6: barbeinthjem (button) (small blind) collected ($11.76)


PokerStars Hand #157862293071:  Hold'em Limit ($3/$6 USD) - 2016/08/28 16:24:20 ET
Table 'Bunke' 10-max Seat #5 is the button
Seat 5: simper11 ($121 in chips)
Seat 6: barbeinthjem ($439.52 in chips)
simper11: posts small blind $1
barbeinthjem: posts big blind $3
*** HOLE CARDS ***
simper11: raises $3 to $6
barbeinthjem: calls $3
*** FLOP *** [4c 7s Th]
barbeinthjem: checks
simper11: bets $3
barbeinthjem: calls $3
*** TURN *** [4c 7s Th] [8d]
barbeinthjem: checks
simper11: checks
*** RIVER *** [4c 7s Th 8d] [Jc]
barbeinthjem: checks
simper11: checks
*** SHOW DOWN ***
barbeinthjem: shows [8c Qd] (a pair of Eights)
simper11: mucks hand
barbeinthjem collected $17.64 from pot
*** SUMMARY ***
Total pot $18 | Rake $0.36
Board [4c 7s Th 8d Jc]
Seat 5: simper11 (button) (small blind) mucked
Seat 6: barbeinthjem (big blind) showed [8c Qd] and won ($17.64) with a pair of Eights


PokerStars Hand #157862384295:  Hold'em Limit ($3/$6 USD) - 2016/08/28 16:26:09 ET
Table 'Bunke' 10-max Seat #5 is the button
Seat 5: simper11 ($151.40 in chips)
Seat 6: barbeinthjem ($420.18 in chips)
simper11: posts small blind $1
barbeinthjem: posts big blind $3
*** HOLE CARDS ***
simper11: raises $3 to $6
barbeinthjem: raises $3 to $9
simper11: calls $3
*** FLOP *** [9s 5s Qc]
barbeinthjem: bets $3
simper11: calls $3
*** TURN *** [9s 5s Qc] [5h]
barbeinthjem: bets $6
simper11: calls $6
*** RIVER *** [9s 5s Qc 5h] [Qh]
barbeinthjem: bets $6
simper11: calls $6
*** SHOW DOWN ***
barbeinthjem: shows [2c 2d] (two pair, Queens and Fives)
simper11: shows [Tc Kd] (two pair, Queens and Fives - King kicker)
simper11 collected $47.50 from pot
*** SUMMARY ***
Total pot $48 | Rake $0.50
Board [9s 5s Qc 5h Qh]
Seat 5: simper11 (button) (small blind) showed [Tc Kd] and won ($47.50) with two pair, Queens and Fives
Seat 6: barbeinthjem (big blind) showed [2c 2d] and lost with two pair, Queens and Fives


PokerStars Hand #157862373565:  Hold'em Limit ($3/$6 USD) - 2016/08/28 16:25:56 ET
Table 'Bunke' 10-max Seat #6 is the button
Seat 5: simper11 ($166.40 in chips)
Seat 6: barbeinthjem ($405.68 in chips)
barbeinthjem: posts small blind $1
simper11: posts big blind $3
*** HOLE CARDS ***
barbeinthjem: raises $3 to $6
simper11: calls $3
*** FLOP *** [3c 7h 5d]
simper11: checks
barbeinthjem: bets $3
simper11: calls $3
*** TURN *** [3c 7h 5d] [5c]
simper11: checks
barbeinthjem: bets $6
simper11: calls $6
*** RIVER *** [3c 7h 5d 5c] [3h]
simper11: checks
barbeinthjem: bets $6
simper11: folds
Uncalled bet ($6) returned to barbeinthjem
barbeinthjem collected $29.50 from pot
barbeinthjem: doesn't show hand
*** SUMMARY ***
Total pot $30 | Rake $0.50
Board [3c 7h 5d 5c 3h]
Seat 5: simper11 (big blind) folded on the River
Seat 6: barbeinthjem (button) (small blind) collected ($29.50)


PokerStars Hand #157862362011:  Hold'em Limit ($3/$6 USD) - 2016/08/28 16:25:42 ET
Table 'Bunke' 10-max Seat #5 is the button
Seat 5: simper11 ($157.76 in chips)
Seat 6: barbeinthjem ($414.68 in chips)
simper11: posts small blind $1
barbeinthjem: posts big blind $3
*** HOLE CARDS ***
simper11: raises $3 to $6
barbeinthjem: calls $3
*** FLOP *** [3h 6h As]
barbeinthjem: checks
simper11: bets $3
barbeinthjem: calls $3
*** TURN *** [3h 6h As] [Js]
barbeinthjem: checks
simper11: bets $6
barbeinthjem: folds
Uncalled bet ($6) returned to simper11
simper11 collected $17.64 from pot
simper11: doesn't show hand
*** SUMMARY ***
Total pot $18 | Rake $0.36
Board [3h 6h As Js]
Seat 5: simper11 (button) (small blind) collected ($17.64)
Seat 6: barbeinthjem (big blind) folded on the Turn


PokerStars Hand #157862355589:  Hold'em Limit ($3/$6 USD) - 2016/08/28 16:25:35 ET
Table 'Bunke' 10-max Seat #6 is the button
Seat 5: simper11 ($163.76 in chips)
Seat 6: barbeinthjem ($408.92 in chips)
barbeinthjem: posts small blind $1
simper11: posts big blind $3
*** HOLE CARDS ***
barbeinthjem: raises $3 to $6
simper11: calls $3
*** FLOP *** [4c 9s Tc]
simper11: checks
barbeinthjem: bets $3
simper11: folds
Uncalled bet ($3) returned to barbeinthjem
barbeinthjem collected $11.76 from pot
barbeinthjem: doesn't show hand
*** SUMMARY ***
Total pot $12 | Rake $0.24
Board [4c 9s Tc]
Seat 5: simper11 (big blind) folded on the Flop
Seat 6: barbeinthjem (button) (small blind) collected ($11.76)


PokerStars Hand #157862347885:  Hold'em Limit ($3/$6 USD) - 2016/08/28 16:25:26 ET
Table 'Bunke' 10-max Seat #5 is the button
Seat 5: simper11 ($158 in chips)
Seat 6: barbeinthjem ($414.92 in chips)
simper11: posts small blind $1
barbeinthjem: posts big blind $3
*** HOLE CARDS ***
simper11: raises $3 to $6
barbeinthjem: calls $3
*** FLOP *** [9d 5s 2s]
barbeinthjem: checks
simper11: bets $3
barbeinthjem: folds
Uncalled bet ($3) returned to simper11
simper11 collected $11.76 from pot
simper11: doesn't show hand
*** SUMMARY ***
Total pot $12 | Rake $0.24
Board [9d 5s 2s]
Seat 5: simper11 (button) (small blind) collected ($11.76)
Seat 6: barbeinthjem (big blind) folded on the Flop


PokerStars Hand #157862420829:  Hold'em Limit ($3/$6 USD) - 2016/08/28 16:26:53 ET
Table 'Bunke' 10-max Seat #5 is the button
Seat 5: simper11 ($200.92 in chips)
Seat 6: barbeinthjem ($369.18 in chips)
simper11: posts small blind $1
barbeinthjem: posts big blind $3
*** HOLE CARDS ***
simper11: raises $3 to $6
barbeinthjem: calls $3
*** FLOP *** [7c Kh 9d]
barbeinthjem: checks
simper11: bets $3
barbeinthjem: folds
Uncalled bet ($3) returned to simper11
simper11 collected $11.76 from pot
simper11: doesn't show hand
*** SUMMARY ***
Total pot $12 | Rake $0.24
Board [7c Kh 9d]
Seat 5: simper11 (button) (small blind) collected ($11.76)
Seat 6: barbeinthjem (big blind) folded on the Flop


PokerStars Hand #157862412649:  Hold'em Limit ($3/$6 USD) - 2016/08/28 16:26:44 ET
Table 'Bunke' 10-max Seat #6 is the button
Seat 5: simper11 ($195.16 in chips)
Seat 6: barbeinthjem ($375.18 in chips)
barbeinthjem: posts small blind $1
simper11: posts big blind $3
*** HOLE CARDS ***
barbeinthjem: raises $3 to $6
simper11: calls $3
*** FLOP *** [6s Qh Td]
simper11: checks
barbeinthjem: checks
*** TURN *** [6s Qh Td] [7h]
mylifeluvsol joins the table at seat #8
simper11: bets $6
barbeinthjem: folds
Uncalled bet ($6) returned to simper11
simper11 collected $11.76 from pot
simper11: doesn't show hand
*** SUMMARY ***
Total pot $12 | Rake $0.24
Board [6s Qh Td 7h]
Seat 5: simper11 (big blind) collected ($11.76)
Seat 6: barbeinthjem (button) (small blind) folded on the Turn


PokerStars Hand #157862405071:  Hold'em Limit ($3/$6 USD) - 2016/08/28 16:26:34 ET
Table 'Bunke' 10-max Seat #5 is the button
Seat 5: simper11 ($189.40 in chips)
Seat 6: barbeinthjem ($381.18 in chips)
simper11: posts small blind $1
barbeinthjem: posts big blind $3
*** HOLE CARDS ***
simper11: raises $3 to $6
barbeinthjem: calls $3
*** FLOP *** [8s 9c 2h]
barbeinthjem: checks
simper11: bets $3
barbeinthjem: folds
Uncalled bet ($3) returned to simper11
simper11 collected $11.76 from pot
simper11: doesn't show hand
*** SUMMARY ***
Total pot $12 | Rake $0.24
Board [8s 9c 2h]
Seat 5: simper11 (button) (small blind) collected ($11.76)
Seat 6: barbeinthjem (big blind) folded on the Flop


PokerStars Hand #157862395981:  Hold'em Limit ($3/$6 USD) - 2016/08/28 16:26:23 ET
Table 'Bunke' 10-max Seat #6 is the button
Seat 5: simper11 ($174.90 in chips)
Seat 6: barbeinthjem ($396.18 in chips)
barbeinthjem: posts small blind $1
simper11: posts big blind $3
*** HOLE CARDS ***
barbeinthjem: raises $3 to $6
simper11: calls $3
*** FLOP *** [6d 4h 2c]
simper11: checks
barbeinthjem: bets $3
simper11: calls $3
*** TURN *** [6d 4h 2c] [5d]
simper11: checks
barbeinthjem: checks
*** RIVER *** [6d 4h 2c 5d] [9d]
simper11: bets $6
barbeinthjem: calls $6
*** SHOW DOWN ***
simper11: shows [3c 9c] (a straight, Deuce to Six)
barbeinthjem: mucks hand
simper11 collected $29.50 from pot
*** SUMMARY ***
Total pot $30 | Rake $0.50
Board [6d 4h 2c 5d 9d]
Seat 5: simper11 (big blind) showed [3c 9c] and won ($29.50) with a straight, Deuce to Six
Seat 6: barbeinthjem (button) (small blind) mucked


PokerStars Hand #157862595198:  Hold'em Limit ($3/$6 USD) - 2016/08/28 16:30:24 ET
Table 'Bunke' 10-max Seat #6 is the button
Seat 5: simper11 ($156.18 in chips)
Seat 6: barbeinthjem ($436.54 in chips)
barbeinthjem: posts small blind $1
simper11: posts big blind $3
*** HOLE CARDS ***
simper11 said, "lololo"
simper11 said, "lolol"
barbeinthjem: raises $3 to $6
simper11 said, "olol"
simper11 said, "ololo"
simper11 said, "lolo"
simper11 said, "lolol"
simper11 said, "call"
simper11 said, "omg"
simper11: calls $3
*** FLOP *** [9c 4d Jd]
simper11: checks
barbeinthjem: bets $3
simper11: calls $3
*** TURN *** [9c 4d Jd] [2s]
simper11: checks
barbeinthjem: bets $6
simper11: calls $6
*** RIVER *** [9c 4d Jd 2s] [Js]
simper11: checks
barbeinthjem: checks
*** SHOW DOWN ***
simper11: shows [9h 7c] (two pair, Jacks and Nines)
barbeinthjem: mucks hand
simper11 collected $29.50 from pot
*** SUMMARY ***
Total pot $30 | Rake $0.50
Board [9c 4d Jd 2s Js]
Seat 5: simper11 (big blind) showed [9h 7c] and won ($29.50) with two pair, Jacks and Nines
Seat 6: barbeinthjem (button) (small blind) mucked


PokerStars Hand #157862613788:  Hold'em Limit ($3/$6 USD) - 2016/08/28 16:30:46 ET
Table 'Bunke' 10-max Seat #5 is the button
Seat 5: simper11 ($170.68 in chips)
Seat 6: barbeinthjem ($421.54 in chips)
simper11: posts small blind $1
barbeinthjem: posts big blind $3
*** HOLE CARDS ***
simper11: raises $3 to $6
barbeinthjem: calls $3
*** FLOP *** [4c Kh Qh]
barbeinthjem: checks
simper11: bets $3
barbeinthjem: calls $3
*** TURN *** [4c Kh Qh] [Ah]
barbeinthjem: checks
simper11: bets $6
barbeinthjem: folds
Uncalled bet ($6) returned to simper11
simper11 collected $17.64 from pot
simper11: doesn't show hand
*** SUMMARY ***
Total pot $18 | Rake $0.36
Board [4c Kh Qh Ah]
Seat 5: simper11 (button) (small blind) collected ($17.64)
Seat 6: barbeinthjem (big blind) folded on the Turn


PokerStars Hand #157862623828:  Hold'em Limit ($3/$6 USD) - 2016/08/28 16:30:58 ET
Table 'Bunke' 10-max Seat #6 is the button
Seat 5: simper11 ($179.32 in chips)
Seat 6: barbeinthjem ($412.54 in chips)
barbeinthjem: posts small blind $1
simper11: posts big blind $3
*** HOLE CARDS ***
barbeinthjem: raises $3 to $6
simper11: raises $3 to $9
barbeinthjem: calls $3
*** FLOP *** [6c 3s 4d]
simper11: bets $3
mylifeluvsol leaves the table
barbeinthjem: calls $3
*** TURN *** [6c 3s 4d] [Qs]
simper11: bets $6
barbeinthjem: folds
Uncalled bet ($6) returned to simper11
simper11 collected $23.52 from pot
simper11: doesn't show hand
*** SUMMARY ***
Total pot $24 | Rake $0.48
Board [6c 3s 4d Qs]
Seat 5: simper11 (big blind) collected ($23.52)
Seat 6: barbeinthjem (button) (small blind) folded on the Turn


PokerStars Hand #157862632814:  Hold'em Limit ($3/$6 USD) - 2016/08/28 16:31:09 ET
Table 'Bunke' 10-max Seat #5 is the button
Seat 5: simper11 ($190.84 in chips)
Seat 6: barbeinthjem ($400.54 in chips)
simper11: posts small blind $1
barbeinthjem: posts big blind $3
*** HOLE CARDS ***
simper11: raises $3 to $6
barbeinthjem: calls $3
*** FLOP *** [Ks 7s 7c]
barbeinthjem: checks
simper11: bets $3
barbeinthjem: folds
Uncalled bet ($3) returned to simper11
simper11 collected $11.76 from pot
simper11: doesn't show hand
*** SUMMARY ***
Total pot $12 | Rake $0.24
Board [Ks 7s 7c]
Seat 5: simper11 (button) (small blind) collected ($11.76)
Seat 6: barbeinthjem (big blind) folded on the Flop


PokerStars Hand #157862642994:  Hold'em Limit ($3/$6 USD) - 2016/08/28 16:31:21 ET
Table 'Bunke' 10-max Seat #6 is the button
Seat 5: simper11 ($196.60 in chips)
Seat 6: barbeinthjem ($394.54 in chips)
barbeinthjem: posts small blind $1
simper11: posts big blind $3
*** HOLE CARDS ***
barbeinthjem: raises $3 to $6
simper11: calls $3
*** FLOP *** [4h Ac Qc]
simper11: checks
barbeinthjem: bets $3
simper11: calls $3
*** TURN *** [4h Ac Qc] [3s]
simper11: checks
barbeinthjem: bets $6
simper11: raises $6 to $12
barbeinthjem: calls $6
*** RIVER *** [4h Ac Qc 3s] [6c]
simper11: bets $6
barbeinthjem: raises $6 to $12
simper11: calls $6
*** SHOW DOWN ***
barbeinthjem: shows [2c Jc] (a flush, Ace high)
simper11: mucks hand
barbeinthjem collected $65.50 from pot
*** SUMMARY ***
Total pot $66 | Rake $0.50
Board [4h Ac Qc 3s 6c]
Seat 5: simper11 (big blind) mucked
Seat 6: barbeinthjem (button) (small blind) showed [2c Jc] and won ($65.50) with a flush, Ace high


PokerStars Hand #157862656232:  Hold'em Limit ($3/$6 USD) - 2016/08/28 16:31:37 ET
Table 'Bunke' 10-max Seat #5 is the button
Seat 5: simper11 ($163.60 in chips)
Seat 6: barbeinthjem ($427.04 in chips)
simper11: posts small blind $1
barbeinthjem: posts big blind $3
*** HOLE CARDS ***
simper11: raises $3 to $6
barbeinthjem: calls $3
*** FLOP *** [Td 7s Qc]
barbeinthjem: checks
simper11: bets $3
barbeinthjem: folds
Uncalled bet ($3) returned to simper11
simper11 collected $11.76 from pot
simper11: doesn't show hand
*** SUMMARY ***
Total pot $12 | Rake $0.24
Board [Td 7s Qc]
Seat 5: simper11 (button) (small blind) collected ($11.76)
Seat 6: barbeinthjem (big blind) folded on the Flop


