PokerStars Hand #163022189801:  Hold'em Limit ($3/$6 USD) - 2016/12/16 5:30:07 ET
Table 'Burdigala' 6-max Seat #3 is the button
Seat 3: Ahjorth87 ($95.01 in chips)
Seat 4: VolkovDmitri ($120 in chips)
Ahjorth87: posts small blind $1
VolkovDmitri: posts big blind $3
*** HOLE CARDS ***
Ahjorth87: calls $2
VolkovDmitri: raises $3 to $6
Ahjorth87: calls $3
*** FLOP *** [9c Tc 8c]
VolkovDmitri: bets $3
ToDaFelt joins the table at seat #5
Ahjorth87: folds
Uncalled bet ($3) returned to VolkovDmitri
VolkovDmitri collected $11.76 from pot
VolkovDmitri: doesn't show hand
*** SUMMARY ***
Total pot $12 | Rake $0.24
Board [9c Tc 8c]
Seat 3: Ahjorth87 (button) (small blind) folded on the Flop
Seat 4: VolkovDmitri (big blind) collected ($11.76)


PokerStars Hand #163022906759:  Hold'em Limit ($3/$6 USD) - 2016/12/16 5:58:27 ET
Table 'Burdigala' 6-max Seat #6 is the button
Seat 5: ToDaFelt ($113 in chips)
Seat 6: feilinho ($73.32 in chips)
feilinho: posts small blind $1
parnishka11: is sitting out
ToDaFelt: posts big blind $3
*** HOLE CARDS ***
parnishka11 leaves the table
feilinho: raises $3 to $6
ToDaFelt: raises $3 to $9
feilinho: calls $3
*** FLOP *** [7h Js 5c]
ToDaFelt: bets $3
feilinho: calls $3
*** TURN *** [7h Js 5c] [9c]
ToDaFelt: bets $6
feilinho: raises $6 to $12
ToDaFelt: raises $6 to $18
feilinho: calls $6
*** RIVER *** [7h Js 5c 9c] [Ts]
sokol-max-PS joins the table at seat #1
ToDaFelt: bets $6
feilinho: calls $6
*** SHOW DOWN ***
ToDaFelt: shows [Ac Ah] (a pair of Aces)
feilinho: mucks hand
ToDaFelt collected $71.50 from pot
*** SUMMARY ***
Total pot $72 | Rake $0.50
Board [7h Js 5c 9c Ts]
Seat 5: ToDaFelt (big blind) showed [Ac Ah] and won ($71.50) with a pair of Aces
Seat 6: feilinho (button) (small blind) mucked


PokerStars Hand #163022923587:  Hold'em Limit ($3/$6 USD) - 2016/12/16 5:59:11 ET
Table 'Burdigala' 6-max Seat #5 is the button
Seat 1: sokol-max-PS ($120 in chips)
Seat 5: ToDaFelt ($148.50 in chips)
ToDaFelt: posts small blind $1
sokol-max-PS: posts big blind $3
*** HOLE CARDS ***
ToDaFelt: raises $3 to $6
feilinho leaves the table
sokol-max-PS: calls $3
*** FLOP *** [9d As 8h]
sokol-max-PS: checks
ToDaFelt: bets $3
sokol-max-PS: folds
Uncalled bet ($3) returned to ToDaFelt
ToDaFelt collected $11.76 from pot
ToDaFelt: doesn't show hand
*** SUMMARY ***
Total pot $12 | Rake $0.24
Board [9d As 8h]
Seat 1: sokol-max-PS (big blind) folded on the Flop
Seat 5: ToDaFelt (button) (small blind) collected ($11.76)


PokerStars Hand #163022929194:  Hold'em Limit ($3/$6 USD) - 2016/12/16 5:59:25 ET
Table 'Burdigala' 6-max Seat #1 is the button
Seat 1: sokol-max-PS ($114 in chips)
Seat 5: ToDaFelt ($154.26 in chips)
sokol-max-PS: posts small blind $1
ToDaFelt: posts big blind $3
*** HOLE CARDS ***
sokol-max-PS: raises $3 to $6
ToDaFelt said, "sit out"
ToDaFelt: raises $3 to $9
sokol-max-PS: raises $3 to $12
Betting is capped
ToDaFelt: calls $3
*** FLOP *** [5h 8d Ts]
ToDaFelt: checks
sokol-max-PS: bets $3
ToDaFelt: calls $3
*** TURN *** [5h 8d Ts] [Kd]
ToDaFelt: checks
sokol-max-PS: checks
*** RIVER *** [5h 8d Ts Kd] [9h]
ToDaFelt: bets $6
sokol-max-PS: folds
Uncalled bet ($6) returned to ToDaFelt
ToDaFelt collected $29.50 from pot
ToDaFelt: doesn't show hand
*** SUMMARY ***
Total pot $30 | Rake $0.50
Board [5h 8d Ts Kd 9h]
Seat 1: sokol-max-PS (button) (small blind) folded on the River
Seat 5: ToDaFelt (big blind) collected ($29.50)


PokerStars Hand #163022950019:  Hold'em Limit ($3/$6 USD) - 2016/12/16 6:00:19 ET
Table 'Burdigala' 6-max Seat #5 is the button
Seat 1: sokol-max-PS ($99 in chips)
Seat 5: ToDaFelt ($168.76 in chips)
ToDaFelt: posts small blind $1
sokol-max-PS: posts big blind $3
*** HOLE CARDS ***
ToDaFelt: raises $3 to $6
sokol-max-PS: calls $3
*** FLOP *** [Ac 6h 2c]
sokol-max-PS: checks
ToDaFelt: bets $3
sokol-max-PS: calls $3
*** TURN *** [Ac 6h 2c] [Ah]
sokol-max-PS: checks
ToDaFelt: checks
*** RIVER *** [Ac 6h 2c Ah] [Ks]
sokol-max-PS: bets $6
ToDaFelt: folds
Uncalled bet ($6) returned to sokol-max-PS
sokol-max-PS collected $17.64 from pot
sokol-max-PS: doesn't show hand
*** SUMMARY ***
Total pot $18 | Rake $0.36
Board [Ac 6h 2c Ah Ks]
Seat 1: sokol-max-PS (big blind) collected ($17.64)
Seat 5: ToDaFelt (button) (small blind) folded on the River


