PokerStars Hand #144779189225:  Hold'em Limit ($3/$6 USD) - 2015/12/03 17:15:12 ET
Table 'Burdigala II' 2-max Seat #1 is the button
Seat 1: jl45259071 ($52.04 in chips)
Seat 2: Zubasa07 ($512.52 in chips)
jl45259071: posts small blind $1
Zubasa07: posts big blind $3
*** HOLE CARDS ***
jl45259071: calls $2
Zubasa07: raises $3 to $6
jl45259071: calls $3
*** FLOP *** [6c Kc 9s]
Zubasa07: bets $3
jl45259071: calls $3
*** TURN *** [6c Kc 9s] [Kd]
Zubasa07: checks
jl45259071: bets $6
Zubasa07: calls $6
*** RIVER *** [6c Kc 9s Kd] [9d]
Zubasa07: checks
jl45259071: checks
*** SHOW DOWN ***
Zubasa07: shows [Ts Qc] (two pair, Kings and Nines)
jl45259071: shows [7c Qs] (two pair, Kings and Nines)
Zubasa07 collected $14.75 from pot
jl45259071 collected $14.75 from pot
*** SUMMARY ***
Total pot $30 | Rake $0.50
Board [6c Kc 9s Kd 9d]
Seat 1: jl45259071 (button) (small blind) showed [7c Qs] and won ($14.75) with two pair, Kings and Nines
Seat 2: Zubasa07 (big blind) showed [Ts Qc] and won ($14.75) with two pair, Kings and Nines


PokerStars Hand #144779175943:  Hold'em Limit ($3/$6 USD) - 2015/12/03 17:14:58 ET
Table 'Burdigala II' 2-max Seat #2 is the button
Seat 1: jl45259071 ($58.04 in chips)
Seat 2: Zubasa07 ($506.76 in chips)
Zubasa07: posts small blind $1
jl45259071: posts big blind $3
*** HOLE CARDS ***
Zubasa07: raises $3 to $6
jl45259071: calls $3
*** FLOP *** [Kc 5c 5s]
jl45259071: checks
Zubasa07: bets $3
jl45259071: folds
Uncalled bet ($3) returned to Zubasa07
Zubasa07 collected $11.76 from pot
Zubasa07: doesn't show hand
*** SUMMARY ***
Total pot $12 | Rake $0.24
Board [Kc 5c 5s]
Seat 1: jl45259071 (big blind) folded on the Flop
Seat 2: Zubasa07 (button) (small blind) collected ($11.76)


PokerStars Hand #144779263875:  Hold'em Limit ($3/$6 USD) - 2015/12/03 17:16:34 ET
Table 'Burdigala II' 2-max Seat #2 is the button
Seat 1: jl45259071 ($18.79 in chips)
Seat 2: Zubasa07 ($544.53 in chips)
Zubasa07: posts small blind $1
jl45259071: posts big blind $3
*** HOLE CARDS ***
Zubasa07: raises $3 to $6
jl45259071: calls $3
*** FLOP *** [Ac 5c 2c]
jl45259071: checks
Zubasa07: bets $3
jl45259071: folds
Uncalled bet ($3) returned to Zubasa07
Zubasa07 collected $11.76 from pot
Zubasa07: doesn't show hand
*** SUMMARY ***
Total pot $12 | Rake $0.24
Board [Ac 5c 2c]
Seat 1: jl45259071 (big blind) folded on the Flop
Seat 2: Zubasa07 (button) (small blind) collected ($11.76)


PokerStars Hand #144779232862:  Hold'em Limit ($3/$6 USD) - 2015/12/03 17:16:00 ET
Table 'Burdigala II' 2-max Seat #1 is the button
Seat 1: jl45259071 ($45.79 in chips)
Seat 2: Zubasa07 ($518.03 in chips)
jl45259071: posts small blind $1
Zubasa07: posts big blind $3
*** HOLE CARDS ***
jl45259071: calls $2
Zubasa07: raises $3 to $6
jl45259071: calls $3
*** FLOP *** [9d 5c 5h]
Zubasa07: bets $3
jl45259071: raises $3 to $6
Zubasa07: raises $3 to $9
jl45259071: calls $3
*** TURN *** [9d 5c 5h] [7h]
Zubasa07: bets $6
jl45259071: calls $6
*** RIVER *** [9d 5c 5h 7h] [4c]
Zubasa07: bets $6
jl45259071: calls $6
*** SHOW DOWN ***
Zubasa07: shows [Ah 5d] (three of a kind, Fives)
jl45259071: mucks hand
Zubasa07 collected $53.50 from pot
*** SUMMARY ***
Total pot $54 | Rake $0.50
Board [9d 5c 5h 7h 4c]
Seat 1: jl45259071 (button) (small blind) mucked
Seat 2: Zubasa07 (big blind) showed [Ah 5d] and won ($53.50) with three of a kind, Fives


PokerStars Hand #144779218082:  Hold'em Limit ($3/$6 USD) - 2015/12/03 17:15:44 ET
Table 'Burdigala II' 2-max Seat #2 is the button
Seat 1: jl45259071 ($51.79 in chips)
Seat 2: Zubasa07 ($512.27 in chips)
Zubasa07: posts small blind $1
jl45259071: posts big blind $3
*** HOLE CARDS ***
Zubasa07: raises $3 to $6
jl45259071: calls $3
*** FLOP *** [Kc 7c Kd]
jl45259071: checks
Zubasa07: bets $3
jl45259071: folds
Uncalled bet ($3) returned to Zubasa07
Zubasa07 collected $11.76 from pot
Zubasa07: doesn't show hand
*** SUMMARY ***
Total pot $12 | Rake $0.24
Board [Kc 7c Kd]
Seat 1: jl45259071 (big blind) folded on the Flop
Seat 2: Zubasa07 (button) (small blind) collected ($11.76)


