PokerStars Hand #169736235290:  Hold'em Limit ($3/$6 USD) - 2017/04/29 18:15:26 ET
Table 'Burdigala' 6-max Seat #2 is the button
Seat 2: RaisemyNut$ ($61 in chips)
Seat 6: Qvidde ($141.65 in chips)
RaisemyNut$: posts small blind $1
Coldhandnik: is sitting out
Qvidde: posts big blind $3
*** HOLE CARDS ***
RaisemyNut$: raises $3 to $6
Coldhandnik leaves the table
Qvidde: calls $3
*** FLOP *** [Ts 9s Ac]
Qvidde: checks
RaisemyNut$: bets $3
Qvidde: calls $3
*** TURN *** [Ts 9s Ac] [2s]
Qvidde: checks
RaisemyNut$: bets $6
Qvidde: folds
Uncalled bet ($6) returned to RaisemyNut$
RaisemyNut$ collected $17.64 from pot
RaisemyNut$: doesn't show hand
*** SUMMARY ***
Total pot $18 | Rake $0.36
Board [Ts 9s Ac 2s]
Seat 2: RaisemyNut$ (button) (small blind) collected ($17.64)
Seat 6: Qvidde (big blind) folded on the Turn


PokerStars Hand #169737741416:  Hold'em Limit ($3/$6 USD) - 2017/04/29 18:51:25 ET
Table 'Burdigala' 6-max Seat #3 is the button
Seat 3: leungting684 ($111 in chips)
Seat 5: GoliafUa ($128.64 in chips)
leungting684: posts small blind $1
GoliafUa: posts big blind $3
*** HOLE CARDS ***
leungting684: raises $3 to $6
GoliafUa: calls $3
*** FLOP *** [7c 5s 6s]
GoliafUa: checks
leungting684: bets $3
GoliafUa: raises $3 to $6
leungting684: folds
Uncalled bet ($3) returned to GoliafUa
GoliafUa collected $17.64 from pot
GoliafUa: doesn't show hand
*** SUMMARY ***
Total pot $18 | Rake $0.36
Board [7c 5s 6s]
Seat 3: leungting684 (button) (small blind) folded on the Flop
Seat 5: GoliafUa (big blind) collected ($17.64)


PokerStars Hand #169737730422:  Hold'em Limit ($3/$6 USD) - 2017/04/29 18:51:08 ET
Table 'Burdigala' 6-max Seat #5 is the button
Seat 3: leungting684 ($120 in chips)
Seat 5: GoliafUa ($120 in chips)
GoliafUa: posts small blind $1
leungting684: posts big blind $3
*** HOLE CARDS ***
GoliafUa: raises $3 to $6
leungting684: calls $3
*** FLOP *** [8s 8h Tc]
leungting684: checks
GoliafUa: bets $3
leungting684: calls $3
*** TURN *** [8s 8h Tc] [Qd]
leungting684: checks
GoliafUa: bets $6
leungting684: folds
Uncalled bet ($6) returned to GoliafUa
GoliafUa collected $17.64 from pot
GoliafUa: doesn't show hand
*** SUMMARY ***
Total pot $18 | Rake $0.36
Board [8s 8h Tc Qd]
Seat 3: leungting684 (big blind) folded on the Turn
Seat 5: GoliafUa (button) (small blind) collected ($17.64)


PokerStars Hand #169737788156:  Hold'em Limit ($3/$6 USD) - 2017/04/29 18:52:36 ET
Table 'Burdigala' 6-max Seat #5 is the button
Seat 3: leungting684 ($119 in chips)
Seat 5: GoliafUa ($118.78 in chips)
GoliafUa: posts small blind $1
leungting684: posts big blind $3
*** HOLE CARDS ***
GoliafUa: raises $3 to $6
leungting684: folds
Uncalled bet ($3) returned to GoliafUa
GoliafUa collected $6 from pot
GoliafUa: doesn't show hand
*** SUMMARY ***
Total pot $6 | Rake $0
Seat 3: leungting684 (big blind) folded before Flop
Seat 5: GoliafUa (button) (small blind) collected ($6)


PokerStars Hand #169737779025:  Hold'em Limit ($3/$6 USD) - 2017/04/29 18:52:23 ET
Table 'Burdigala' 6-max Seat #3 is the button
Seat 3: leungting684 ($104.50 in chips)
Seat 5: GoliafUa ($133.78 in chips)
leungting684: posts small blind $1
GoliafUa: posts big blind $3
*** HOLE CARDS ***
leungting684: calls $2
GoliafUa: raises $3 to $6
leungting684: calls $3
*** FLOP *** [5c Kc 2c]
Velbor107 joins the table at seat #4
GoliafUa: bets $3
leungting684: calls $3
*** TURN *** [5c Kc 2c] [8d]
GoliafUa: bets $6
leungting684: raises $6 to $12
GoliafUa: folds
Uncalled bet ($6) returned to leungting684
leungting684 collected $29.50 from pot
leungting684: doesn't show hand
*** SUMMARY ***
Total pot $30 | Rake $0.50
Board [5c Kc 2c 8d]
Seat 3: leungting684 (button) (small blind) collected ($29.50)
Seat 5: GoliafUa (big blind) folded on the Turn


PokerStars Hand #169737769304:  Hold'em Limit ($3/$6 USD) - 2017/04/29 18:52:08 ET
Table 'Burdigala' 6-max Seat #5 is the button
Seat 3: leungting684 ($84 in chips)
Seat 5: GoliafUa ($154.78 in chips)
GoliafUa: posts small blind $1
leungting684: posts big blind $3
*** HOLE CARDS ***
GoliafUa: raises $3 to $6
leungting684: calls $3
*** FLOP *** [As 8d Jc]
leungting684: bets $3
GoliafUa: calls $3
*** TURN *** [As 8d Jc] [Ad]
leungting684: bets $6
GoliafUa: raises $6 to $12
leungting684: calls $6
*** RIVER *** [As 8d Jc Ad] [Ks]
leungting684: bets $6
GoliafUa: folds
Uncalled bet ($6) returned to leungting684
leungting684 collected $41.50 from pot
leungting684: doesn't show hand
*** SUMMARY ***
Total pot $42 | Rake $0.50
Board [As 8d Jc Ad Ks]
Seat 3: leungting684 (big blind) collected ($41.50)
Seat 5: GoliafUa (button) (small blind) folded on the River


PokerStars Hand #169737758166:  Hold'em Limit ($3/$6 USD) - 2017/04/29 18:51:50 ET
Table 'Burdigala' 6-max Seat #3 is the button
Seat 3: leungting684 ($81 in chips)
Seat 5: GoliafUa ($157.78 in chips)
leungting684: posts small blind $1
GoliafUa: posts big blind $3
*** HOLE CARDS ***
leungting684: raises $3 to $6
GoliafUa: folds
Uncalled bet ($3) returned to leungting684
leungting684 collected $6 from pot
leungting684: doesn't show hand
*** SUMMARY ***
Total pot $6 | Rake $0
Seat 3: leungting684 (button) (small blind) collected ($6)
Seat 5: GoliafUa (big blind) folded before Flop


PokerStars Hand #169737748605:  Hold'em Limit ($3/$6 USD) - 2017/04/29 18:51:36 ET
Table 'Burdigala' 6-max Seat #5 is the button
Seat 3: leungting684 ($102 in chips)
Seat 5: GoliafUa ($137.28 in chips)
GoliafUa: posts small blind $1
leungting684: posts big blind $3
*** HOLE CARDS ***
GoliafUa: raises $3 to $6
leungting684: calls $3
*** FLOP *** [Tc 7h Ks]
leungting684: bets $3
GoliafUa: calls $3
*** TURN *** [Tc 7h Ks] [9s]
leungting684: bets $6
GoliafUa: calls $6
*** RIVER *** [Tc 7h Ks 9s] [3s]
leungting684: bets $6
GoliafUa: calls $6
*** SHOW DOWN ***
leungting684: shows [5d 2h] (high card King)
GoliafUa: shows [Ad 9d] (a pair of Nines)
GoliafUa collected $41.50 from pot
*** SUMMARY ***
Total pot $42 | Rake $0.50
Board [Tc 7h Ks 9s 3s]
Seat 3: leungting684 (big blind) showed [5d 2h] and lost with high card King
Seat 5: GoliafUa (button) (small blind) showed [Ad 9d] and won ($41.50) with a pair of Nines


