PokerStars Hand #165888867362:  Hold'em Limit ($3/$6 USD) - 2017/02/08 12:32:49 ET
Table 'Burdigala' 6-max Seat #3 is the button
Seat 3: ANIN1337 ($56.80 in chips)
Seat 4: aploshik ($55.16 in chips)
ANIN1337: posts small blind $1
aploshik: posts big blind $3
*** HOLE CARDS ***
kolaz03 joins the table at seat #5
ANIN1337: calls $2
aploshik: checks
*** FLOP *** [Ah 7s 6s]
aploshik: bets $3
ANIN1337: calls $3
*** TURN *** [Ah 7s 6s] [6c]
aploshik: checks
ANIN1337: bets $6
aploshik: calls $6
*** RIVER *** [Ah 7s 6s 6c] [6d]
aploshik: checks
ANIN1337: bets $6
aploshik: calls $6
*** SHOW DOWN ***
ANIN1337: shows [7h 9s] (a full house, Sixes full of Sevens)
aploshik: mucks hand
ANIN1337 collected $35.50 from pot
*** SUMMARY ***
Total pot $36 | Rake $0.50
Board [Ah 7s 6s 6c 6d]
Seat 3: ANIN1337 (button) (small blind) showed [7h 9s] and won ($35.50) with a full house, Sixes full of Sevens
Seat 4: aploshik (big blind) mucked


PokerStars Hand #165888952225:  Hold'em Limit ($3/$6 USD) - 2017/02/08 12:34:27 ET
Table 'Burdigala' 6-max Seat #3 is the button
Seat 3: ANIN1337 ($53.73 in chips)
Seat 5: kolaz03 ($101.50 in chips)
ANIN1337: posts small blind $1
kolaz03: posts big blind $3
*** HOLE CARDS ***
ANIN1337: raises $3 to $6
kolaz03: calls $3
*** FLOP *** [Ad As 9h]
kolaz03: checks
ANIN1337: bets $3
kolaz03: folds
Uncalled bet ($3) returned to ANIN1337
ANIN1337 collected $11.76 from pot
*** SUMMARY ***
Total pot $12 | Rake $0.24
Board [Ad As 9h]
Seat 3: ANIN1337 (button) (small blind) collected ($11.76)
Seat 5: kolaz03 (big blind) folded on the Flop


PokerStars Hand #165888928169:  Hold'em Limit ($3/$6 USD) - 2017/02/08 12:33:59 ET
Table 'Burdigala' 6-max Seat #5 is the button
Seat 3: ANIN1337 ($83.73 in chips)
Seat 5: kolaz03 ($72 in chips)
kolaz03: posts small blind $1
ANIN1337: posts big blind $3
*** HOLE CARDS ***
kolaz03: raises $3 to $6
ANIN1337: calls $3
*** FLOP *** [2c 9d 3c]
ANIN1337: checks
kolaz03: bets $3
ANIN1337: raises $3 to $6
kolaz03: calls $3
*** TURN *** [2c 9d 3c] [As]
ANIN1337: bets $6
kolaz03: calls $6
*** RIVER *** [2c 9d 3c As] [Qc]
ANIN1337: bets $6
kolaz03: raises $6 to $12
ANIN1337: calls $6
*** SHOW DOWN ***
kolaz03: shows [Tc 6c] (a flush, Queen high)
ANIN1337: mucks hand
kolaz03 collected $59.50 from pot
*** SUMMARY ***
Total pot $60 | Rake $0.50
Board [2c 9d 3c As Qc]
Seat 3: ANIN1337 (big blind) mucked
Seat 5: kolaz03 (button) (small blind) showed [Tc 6c] and won ($59.50) with a flush, Queen high


PokerStars Hand #165888961099:  Hold'em Limit ($3/$6 USD) - 2017/02/08 12:34:37 ET
Table 'Burdigala' 6-max Seat #5 is the button
Seat 3: ANIN1337 ($59.49 in chips)
Seat 5: kolaz03 ($95.50 in chips)
kolaz03: posts small blind $1
ANIN1337: posts big blind $3
*** HOLE CARDS ***
pompier40 joins the table at seat #2
kolaz03: raises $3 to $6
ANIN1337: calls $3
*** FLOP *** [6c 4d 9c]
ANIN1337: checks
kolaz03: bets $3
ANIN1337: raises $3 to $6
kolaz03: calls $3
*** TURN *** [6c 4d 9c] [Ac]
ANIN1337: bets $6
kolaz03: calls $6
*** RIVER *** [6c 4d 9c Ac] [As]
ANIN1337: bets $6
kolaz03: calls $6
*** SHOW DOWN ***
ANIN1337: shows [5h Td] (a pair of Aces)
kolaz03: shows [6s Th] (two pair, Aces and Sixes)
kolaz03 collected $47.50 from pot
*** SUMMARY ***
Total pot $48 | Rake $0.50
Board [6c 4d 9c Ac As]
Seat 3: ANIN1337 (big blind) showed [5h Td] and lost with a pair of Aces
Seat 5: kolaz03 (button) (small blind) showed [6s Th] and won ($47.50) with two pair, Aces and Sixes


PokerStars Hand #165900708151:  Hold'em Limit ($3/$6 USD) - 2017/02/08 16:02:51 ET
Table 'Burdigala' 6-max Seat #1 is the button
Seat 1: Chessnok ($217.32 in chips)
Seat 5: killerfurbel ($203.77 in chips)
Chessnok: posts small blind $1
pompier40: is sitting out
killerfurbel: posts big blind $3
*** HOLE CARDS ***
Chessnok: raises $3 to $6
killerfurbel: calls $3
*** FLOP *** [9d Kc Ac]
killerfurbel: checks
pompier40 leaves the table
Chessnok: bets $3
killerfurbel: folds
Uncalled bet ($3) returned to Chessnok
Chessnok collected $11.76 from pot
Chessnok: doesn't show hand
*** SUMMARY ***
Total pot $12 | Rake $0.24
Board [9d Kc Ac]
Seat 1: Chessnok (button) (small blind) collected ($11.76)
Seat 5: killerfurbel (big blind) folded on the Flop


