PokerStars Hand #161581785745:  Hold'em Limit ($3/$6 USD) - 2016/11/18 7:13:15 ET
Table 'Burgundia II' 6-max Seat #2 is the button
Seat 1: ribban4747 ($43.31 in chips)
Seat 2: Agrotait ($72 in chips)
Agrotait: posts small blind $1
LifeisagameX: is sitting out
LifeisagameX leaves the table
ribban4747: posts big blind $3
*** HOLE CARDS ***
Agrotait: raises $3 to $6
Ale4o joins the table at seat #3
ribban4747: calls $3
*** FLOP *** [6d 6c Kh]
ribban4747: bets $3
Agrotait: raises $3 to $6
ribban4747: raises $3 to $9
Agrotait: folds
Uncalled bet ($3) returned to ribban4747
ribban4747 collected $23.52 from pot
ribban4747: doesn't show hand
*** SUMMARY ***
Total pot $24 | Rake $0.48
Board [6d 6c Kh]
Seat 1: ribban4747 (big blind) collected ($23.52)
Seat 2: Agrotait (button) (small blind) folded on the Flop


PokerStars Hand #161581809275:  Hold'em Limit ($3/$6 USD) - 2016/11/18 7:14:02 ET
Table 'Burgundia II' 6-max Seat #1 is the button
Seat 1: ribban4747 ($54.83 in chips)
Seat 2: Agrotait ($60 in chips)
ribban4747: posts small blind $1
Agrotait: posts big blind $3
*** HOLE CARDS ***
ribban4747: raises $3 to $6
Agrotait: calls $3
*** FLOP *** [Qd 4d 2h]
Agrotait: checks
aade1ante joins the table at seat #5
ribban4747: bets $3
Agrotait: calls $3
*** TURN *** [Qd 4d 2h] [Qc]
ToDaFelt joins the table at seat #4
Agrotait: checks
ribban4747: bets $6
Agrotait: calls $6
*** RIVER *** [Qd 4d 2h Qc] [Kc]
Agrotait: checks
ribban4747: checks
*** SHOW DOWN ***
Agrotait: shows [Kd 6d] (two pair, Kings and Queens)
ribban4747: mucks hand
Agrotait collected $29.50 from pot
*** SUMMARY ***
Total pot $30 | Rake $0.50
Board [Qd 4d 2h Qc Kc]
Seat 1: ribban4747 (button) (small blind) mucked
Seat 2: Agrotait (big blind) showed [Kd 6d] and won ($29.50) with two pair, Kings and Queens


PokerStars Hand #161582119617:  Hold'em Limit ($3/$6 USD) - 2016/11/18 7:24:11 ET
Table 'Burgundia II' 6-max Seat #5 is the button
Seat 4: ToDaFelt ($142.71 in chips)
Seat 5: vitamin168 ($10.53 in chips)
vitamin168: posts small blind $1
ToDaFelt: posts big blind $3
*** HOLE CARDS ***
vitamin168: folds
Uncalled bet ($2) returned to ToDaFelt
ToDaFelt collected $2 from pot
ToDaFelt: doesn't show hand
*** SUMMARY ***
Total pot $2 | Rake $0
Seat 4: ToDaFelt (big blind) collected ($2)
Seat 5: vitamin168 (button) (small blind) folded before Flop


PokerStars Hand #161582095169:  Hold'em Limit ($3/$6 USD) - 2016/11/18 7:23:23 ET
Table 'Burgundia II' 6-max Seat #5 is the button
Seat 4: ToDaFelt ($104.71 in chips)
Seat 5: vitamin168 ($49.53 in chips)
vitamin168: posts small blind $1
ToDaFelt: posts big blind $3
*** HOLE CARDS ***
vitamin168: raises $3 to $6
ToDaFelt: calls $3
*** FLOP *** [Tc 7c 2c]
ToDaFelt: checks
vitamin168: bets $3
ToDaFelt: raises $3 to $6
vitamin168: calls $3
*** TURN *** [Tc 7c 2c] [5d]
ToDaFelt: bets $6
vitamin168: calls $6
*** RIVER *** [Tc 7c 2c 5d] [8d]
ToDaFelt: bets $6
vitamin168: folds
Uncalled bet ($6) returned to ToDaFelt
ToDaFelt collected $35.50 from pot
ToDaFelt: doesn't show hand
*** SUMMARY ***
Total pot $36 | Rake $0.50
Board [Tc 7c 2c 5d 8d]
Seat 4: ToDaFelt (big blind) collected ($35.50)
Seat 5: vitamin168 (button) (small blind) folded on the River


PokerStars Hand #161582107632:  Hold'em Limit ($3/$6 USD) - 2016/11/18 7:23:47 ET
Table 'Burgundia II' 6-max Seat #4 is the button
Seat 4: ToDaFelt ($122.21 in chips)
Seat 5: vitamin168 ($31.53 in chips)
ToDaFelt: posts small blind $1
vitamin168: posts big blind $3
*** HOLE CARDS ***
ToDaFelt: raises $3 to $6
vitamin168: calls $3
*** FLOP *** [5d 8c 3d]
vitamin168: checks
ToDaFelt: bets $3
vitamin168: calls $3
*** TURN *** [5d 8c 3d] [6s]
vitamin168: checks
ToDaFelt: bets $6
vitamin168: calls $6
*** RIVER *** [5d 8c 3d 6s] [8h]
vitamin168: checks
ToDaFelt: bets $6
vitamin168: calls $6
*** SHOW DOWN ***
ToDaFelt: shows [7d 7c] (two pair, Eights and Sevens)
vitamin168: mucks hand
ToDaFelt collected $41.50 from pot
*** SUMMARY ***
Total pot $42 | Rake $0.50
Board [5d 8c 3d 6s 8h]
Seat 4: ToDaFelt (button) (small blind) showed [7d 7c] and won ($41.50) with two pair, Eights and Sevens
Seat 5: vitamin168 (big blind) mucked


PokerStars Hand #161582155876:  Hold'em Limit ($3/$6 USD) - 2016/11/18 7:25:21 ET
Table 'Burgundia II' 6-max Seat #5 is the button
Seat 4: ToDaFelt ($140.94 in chips)
Seat 5: vitamin168 ($11.68 in chips)
vitamin168: posts small blind $1
ToDaFelt: posts big blind $3
*** HOLE CARDS ***
vitamin168: folds
Uncalled bet ($2) returned to ToDaFelt
nordschrott joins the table at seat #3
ToDaFelt collected $2 from pot
ToDaFelt: doesn't show hand
*** SUMMARY ***
Total pot $2 | Rake $0
Seat 4: ToDaFelt (big blind) collected ($2)
Seat 5: vitamin168 (button) (small blind) folded before Flop


PokerStars Hand #161582153173:  Hold'em Limit ($3/$6 USD) - 2016/11/18 7:25:16 ET
Table 'Burgundia II' 6-max Seat #4 is the button
Seat 4: ToDaFelt ($141.94 in chips)
Seat 5: vitamin168 ($10.68 in chips)
ToDaFelt: posts small blind $1
vitamin168: posts big blind $3
*** HOLE CARDS ***
ToDaFelt: folds
Uncalled bet ($2) returned to vitamin168
vitamin168 collected $2 from pot
vitamin168: doesn't show hand
*** SUMMARY ***
Total pot $2 | Rake $0
Seat 4: ToDaFelt (button) (small blind) folded before Flop
Seat 5: vitamin168 (big blind) collected ($2)


PokerStars Hand #161582139827:  Hold'em Limit ($3/$6 USD) - 2016/11/18 7:24:50 ET
Table 'Burgundia II' 6-max Seat #5 is the button
Seat 4: ToDaFelt ($134.18 in chips)
Seat 5: vitamin168 ($18.68 in chips)
vitamin168: posts small blind $1
ToDaFelt: posts big blind $3
*** HOLE CARDS ***
vitamin168: folds
Uncalled bet ($2) returned to ToDaFelt
ToDaFelt collected $2 from pot
ToDaFelt: doesn't show hand
*** SUMMARY ***
Total pot $2 | Rake $0
Seat 4: ToDaFelt (big blind) collected ($2)
Seat 5: vitamin168 (button) (small blind) folded before Flop


PokerStars Hand #161582123084:  Hold'em Limit ($3/$6 USD) - 2016/11/18 7:24:18 ET
Table 'Burgundia II' 6-max Seat #4 is the button
Seat 4: ToDaFelt ($143.71 in chips)
Seat 5: vitamin168 ($9.53 in chips)
ToDaFelt: posts small blind $1
vitamin168: posts big blind $3
*** HOLE CARDS ***
Agrotait leaves the table
ToDaFelt: raises $3 to $6
vitamin168: calls $3
*** FLOP *** [6s Kh Ks]
vitamin168: checks
ToDaFelt: bets $3
vitamin168: raises $0.53 to $3.53 and is all-in
ToDaFelt: calls $0.53
*** TURN *** [6s Kh Ks] [8c]
*** RIVER *** [6s Kh Ks 8c] [2d]
*** SHOW DOWN ***
vitamin168: shows [9c 8d] (two pair, Kings and Eights)
ToDaFelt: shows [5c 5s] (two pair, Kings and Fives)
vitamin168 collected $18.68 from pot
*** SUMMARY ***
Total pot $19.06 | Rake $0.38
Board [6s Kh Ks 8c 2d]
Seat 4: ToDaFelt (button) (small blind) showed [5c 5s] and lost with two pair, Kings and Fives
Seat 5: vitamin168 (big blind) showed [9c 8d] and won ($18.68) with two pair, Kings and Eights


PokerStars Hand #161582150561:  Hold'em Limit ($3/$6 USD) - 2016/11/18 7:25:11 ET
Table 'Burgundia II' 6-max Seat #5 is the button
Seat 4: ToDaFelt ($140.94 in chips)
Seat 5: vitamin168 ($11.68 in chips)
vitamin168: posts small blind $1
ToDaFelt: posts big blind $3
*** HOLE CARDS ***
vitamin168: folds
Uncalled bet ($2) returned to ToDaFelt
ToDaFelt collected $2 from pot
ToDaFelt: doesn't show hand
*** SUMMARY ***
Total pot $2 | Rake $0
Seat 4: ToDaFelt (big blind) collected ($2)
Seat 5: vitamin168 (button) (small blind) folded before Flop


PokerStars Hand #161582142755:  Hold'em Limit ($3/$6 USD) - 2016/11/18 7:24:55 ET
Table 'Burgundia II' 6-max Seat #4 is the button
Seat 4: ToDaFelt ($135.18 in chips)
Seat 5: vitamin168 ($17.68 in chips)
ToDaFelt: posts small blind $1
vitamin168: posts big blind $3
*** HOLE CARDS ***
ToDaFelt: raises $3 to $6
vitamin168: calls $3
*** FLOP *** [7h 2d 3d]
vitamin168: checks
ToDaFelt: bets $3
vitamin168: folds
Uncalled bet ($3) returned to ToDaFelt
ToDaFelt collected $11.76 from pot
ToDaFelt: doesn't show hand
*** SUMMARY ***
Total pot $12 | Rake $0.24
Board [7h 2d 3d]
Seat 4: ToDaFelt (button) (small blind) collected ($11.76)
Seat 5: vitamin168 (big blind) folded on the Flop


PokerStars Hand #161582158440:  Hold'em Limit ($3/$6 USD) - 2016/11/18 7:25:26 ET
Table 'Burgundia II' 6-max Seat #4 is the button
Seat 4: ToDaFelt ($141.94 in chips)
Seat 5: vitamin168 ($10.68 in chips)
ToDaFelt: posts small blind $1
vitamin168: posts big blind $3
*** HOLE CARDS ***
ToDaFelt: raises $3 to $6
vitamin168: folds
Uncalled bet ($3) returned to ToDaFelt
ToDaFelt collected $6 from pot
ToDaFelt: doesn't show hand
*** SUMMARY ***
Total pot $6 | Rake $0
Seat 4: ToDaFelt (button) (small blind) collected ($6)
Seat 5: vitamin168 (big blind) folded before Flop


PokerStars Hand #161582209656:  Hold'em Limit ($3/$6 USD) - 2016/11/18 7:27:06 ET
Table 'Burgundia II' 6-max Seat #4 is the button
Seat 4: ToDaFelt ($135.12 in chips)
Seat 5: vitamin168 ($44.44 in chips)
ToDaFelt: posts small blind $1
vitamin168: posts big blind $3
*** HOLE CARDS ***
ToDaFelt: raises $3 to $6
vitamin168: calls $3
*** FLOP *** [Jd 8d 4d]
vitamin168: checks
ToDaFelt: bets $3
vitamin168: calls $3
*** TURN *** [Jd 8d 4d] [Ks]
vitamin168: checks
ToDaFelt: bets $6
vitamin168: folds
Uncalled bet ($6) returned to ToDaFelt
ToDaFelt collected $17.64 from pot
ToDaFelt: doesn't show hand
*** SUMMARY ***
Total pot $18 | Rake $0.36
Board [Jd 8d 4d Ks]
Seat 4: ToDaFelt (button) (small blind) collected ($17.64)
Seat 5: vitamin168 (big blind) folded on the Turn


PokerStars Hand #161582207001:  Hold'em Limit ($3/$6 USD) - 2016/11/18 7:27:01 ET
Table 'Burgundia II' 6-max Seat #5 is the button
Seat 4: ToDaFelt ($134.12 in chips)
Seat 5: vitamin168 ($45.44 in chips)
vitamin168: posts small blind $1
ToDaFelt: posts big blind $3
*** HOLE CARDS ***
vitamin168: folds
Uncalled bet ($2) returned to ToDaFelt
ToDaFelt collected $2 from pot
ToDaFelt: doesn't show hand
*** SUMMARY ***
Total pot $2 | Rake $0
Seat 4: ToDaFelt (big blind) collected ($2)
Seat 5: vitamin168 (button) (small blind) folded before Flop


PokerStars Hand #161582239497:  Hold'em Limit ($3/$6 USD) - 2016/11/18 7:28:04 ET
Table 'Burgundia II' 6-max Seat #4 is the button
Seat 4: ToDaFelt ($147.37 in chips)
Seat 5: vitamin168 ($59.91 in chips)
ToDaFelt: posts small blind $1
vitamin168: posts big blind $3
*** HOLE CARDS ***
ToDaFelt: raises $3 to $6
vitamin168: calls $3
*** FLOP *** [Jc Qh 3s]
vitamin168: checks
ToDaFelt: bets $3
vitamin168: calls $3
*** TURN *** [Jc Qh 3s] [6c]
vitamin168: checks
ToDaFelt: bets $6
vitamin168: calls $6
*** RIVER *** [Jc Qh 3s 6c] [Ks]
vitamin168: checks
ToDaFelt: checks
*** SHOW DOWN ***
vitamin168: shows [4c 4s] (a pair of Fours)
ToDaFelt: mucks hand
vitamin168 collected $29.50 from pot
*** SUMMARY ***
Total pot $30 | Rake $0.50
Board [Jc Qh 3s 6c Ks]
Seat 4: ToDaFelt (button) (small blind) mucked
Seat 5: vitamin168 (big blind) showed [4c 4s] and won ($29.50) with a pair of Fours


PokerStars Hand #161582289158:  Hold'em Limit ($3/$6 USD) - 2016/11/18 7:29:41 ET
Table 'Burgundia II' 6-max Seat #4 is the button
Seat 4: ToDaFelt ($121.26 in chips)
Seat 5: vitamin168 ($111.33 in chips)
ToDaFelt: posts small blind $1
vitamin168: posts big blind $3
*** HOLE CARDS ***
ToDaFelt: raises $3 to $6
vitamin168: calls $3
*** FLOP *** [2s Ad 9h]
vitamin168: checks
ToDaFelt: bets $3
vitamin168: folds
Uncalled bet ($3) returned to ToDaFelt
ToDaFelt collected $11.76 from pot
ToDaFelt: doesn't show hand
*** SUMMARY ***
Total pot $12 | Rake $0.24
Board [2s Ad 9h]
Seat 4: ToDaFelt (button) (small blind) collected ($11.76)
Seat 5: vitamin168 (big blind) folded on the Flop


PokerStars Hand #161582286359:  Hold'em Limit ($3/$6 USD) - 2016/11/18 7:29:36 ET
Table 'Burgundia II' 6-max Seat #5 is the button
Seat 4: ToDaFelt ($120.26 in chips)
Seat 5: vitamin168 ($112.33 in chips)
vitamin168: posts small blind $1
ToDaFelt: posts big blind $3
*** HOLE CARDS ***
vitamin168: folds
Uncalled bet ($2) returned to ToDaFelt
ToDaFelt collected $2 from pot
ToDaFelt: doesn't show hand
*** SUMMARY ***
Total pot $2 | Rake $0
Seat 4: ToDaFelt (big blind) collected ($2)
Seat 5: vitamin168 (button) (small blind) folded before Flop


PokerStars Hand #161582326210:  Hold'em Limit ($3/$6 USD) - 2016/11/18 7:30:54 ET
Table 'Burgundia II' 6-max Seat #5 is the button
Seat 4: ToDaFelt ($151.13 in chips)
Seat 5: vitamin168 ($108.80 in chips)
vitamin168: posts small blind $1
ToDaFelt: posts big blind $3
*** HOLE CARDS ***
vitamin168: raises $3 to $6
ToDaFelt: raises $3 to $9
vitamin168: calls $3
*** FLOP *** [5h 6d Js]
ToDaFelt: bets $3
vitamin168: folds
Uncalled bet ($3) returned to ToDaFelt
ToDaFelt collected $17.64 from pot
ToDaFelt: doesn't show hand
*** SUMMARY ***
Total pot $18 | Rake $0.36
Board [5h 6d Js]
Seat 4: ToDaFelt (big blind) collected ($17.64)
Seat 5: vitamin168 (button) (small blind) folded on the Flop


PokerStars Hand #161582313692:  Hold'em Limit ($3/$6 USD) - 2016/11/18 7:30:30 ET
Table 'Burgundia II' 6-max Seat #4 is the button
Seat 4: ToDaFelt ($130.63 in chips)
Seat 5: vitamin168 ($129.80 in chips)
ToDaFelt: posts small blind $1
vitamin168: posts big blind $3
*** HOLE CARDS ***
ToDaFelt: raises $3 to $6
nordschrott leaves the table
vitamin168: calls $3
*** FLOP *** [Qd 7d 2d]
vitamin168: checks
ToDaFelt: bets $3
vitamin168: calls $3
*** TURN *** [Qd 7d 2d] [Ad]
vitamin168: checks
ToDaFelt: bets $6
vitamin168: calls $6
*** RIVER *** [Qd 7d 2d Ad] [8c]
vitamin168: checks
ToDaFelt: bets $6
vitamin168: calls $6
*** SHOW DOWN ***
ToDaFelt: shows [Jd Kd] (a flush, Ace high)
vitamin168: mucks hand
ToDaFelt collected $41.50 from pot
*** SUMMARY ***
Total pot $42 | Rake $0.50
Board [Qd 7d 2d Ad 8c]
Seat 4: ToDaFelt (button) (small blind) showed [Jd Kd] and won ($41.50) with a flush, Ace high
Seat 5: vitamin168 (big blind) mucked


PokerStars Hand #161582349482:  Hold'em Limit ($3/$6 USD) - 2016/11/18 7:31:39 ET
Table 'Burgundia II' 6-max Seat #5 is the button
Seat 4: ToDaFelt ($168.41 in chips)
Seat 5: vitamin168 ($90.80 in chips)
vitamin168: posts small blind $1
ToDaFelt: posts big blind $3
*** HOLE CARDS ***
vitamin168: folds
Uncalled bet ($2) returned to ToDaFelt
ToDaFelt collected $2 from pot
ToDaFelt: doesn't show hand
*** SUMMARY ***
Total pot $2 | Rake $0
Seat 4: ToDaFelt (big blind) collected ($2)
Seat 5: vitamin168 (button) (small blind) folded before Flop


PokerStars Hand #161582346932:  Hold'em Limit ($3/$6 USD) - 2016/11/18 7:31:34 ET
Table 'Burgundia II' 6-max Seat #4 is the button
Seat 4: ToDaFelt ($169.41 in chips)
Seat 5: vitamin168 ($89.80 in chips)
ToDaFelt: posts small blind $1
vitamin168: posts big blind $3
*** HOLE CARDS ***
ToDaFelt: folds
Uncalled bet ($2) returned to vitamin168
vitamin168 collected $2 from pot
vitamin168: doesn't show hand
*** SUMMARY ***
Total pot $2 | Rake $0
Seat 4: ToDaFelt (button) (small blind) folded before Flop
Seat 5: vitamin168 (big blind) collected ($2)


PokerStars Hand #161582365798:  Hold'em Limit ($3/$6 USD) - 2016/11/18 7:32:11 ET
Table 'Burgundia II' 6-max Seat #5 is the button
Seat 4: ToDaFelt ($148.41 in chips)
Seat 5: vitamin168 ($110.30 in chips)
vitamin168: posts small blind $1
ToDaFelt: posts big blind $3
*** HOLE CARDS ***
vitamin168: folds
Uncalled bet ($2) returned to ToDaFelt
ToDaFelt collected $2 from pot
ToDaFelt: doesn't show hand
*** SUMMARY ***
Total pot $2 | Rake $0
Seat 4: ToDaFelt (big blind) collected ($2)
Seat 5: vitamin168 (button) (small blind) folded before Flop


PokerStars Hand #161582352236:  Hold'em Limit ($3/$6 USD) - 2016/11/18 7:31:44 ET
Table 'Burgundia II' 6-max Seat #4 is the button
Seat 4: ToDaFelt ($169.41 in chips)
Seat 5: vitamin168 ($89.80 in chips)
ToDaFelt: posts small blind $1
vitamin168: posts big blind $3
*** HOLE CARDS ***
ToDaFelt: raises $3 to $6
vitamin168: calls $3
*** FLOP *** [7h Jc 3c]
vitamin168: checks
ToDaFelt: bets $3
vitamin168: calls $3
*** TURN *** [7h Jc 3c] [3s]
vitamin168: checks
ToDaFelt: bets $6
vitamin168: calls $6
*** RIVER *** [7h Jc 3c 3s] [2d]
vitamin168: checks
ToDaFelt: bets $6
vitamin168: calls $6
*** SHOW DOWN ***
ToDaFelt: shows [9d 8h] (a pair of Threes)
vitamin168: shows [Ac 2c] (two pair, Threes and Deuces)
vitamin168 collected $41.50 from pot
*** SUMMARY ***
Total pot $42 | Rake $0.50
Board [7h Jc 3c 3s 2d]
Seat 4: ToDaFelt (button) (small blind) showed [9d 8h] and lost with a pair of Threes
Seat 5: vitamin168 (big blind) showed [Ac 2c] and won ($41.50) with two pair, Threes and Deuces


PokerStars Hand #161582344206:  Hold'em Limit ($3/$6 USD) - 2016/11/18 7:31:29 ET
Table 'Burgundia II' 6-max Seat #5 is the button
Seat 4: ToDaFelt ($168.41 in chips)
Seat 5: vitamin168 ($90.80 in chips)
vitamin168: posts small blind $1
ToDaFelt: posts big blind $3
*** HOLE CARDS ***
vitamin168: folds
Uncalled bet ($2) returned to ToDaFelt
ToDaFelt collected $2 from pot
ToDaFelt: doesn't show hand
*** SUMMARY ***
Total pot $2 | Rake $0
Seat 4: ToDaFelt (big blind) collected ($2)
Seat 5: vitamin168 (button) (small blind) folded before Flop


PokerStars Hand #161582333194:  Hold'em Limit ($3/$6 USD) - 2016/11/18 7:31:08 ET
Table 'Burgundia II' 6-max Seat #4 is the button
Seat 4: ToDaFelt ($159.77 in chips)
Seat 5: vitamin168 ($99.80 in chips)
ToDaFelt: posts small blind $1
vitamin168: posts big blind $3
*** HOLE CARDS ***
ToDaFelt: raises $3 to $6
vitamin168: calls $3
*** FLOP *** [5h 8d 7h]
vitamin168: checks
ToDaFelt: bets $3
vitamin168: calls $3
*** TURN *** [5h 8d 7h] [9d]
vitamin168: checks
ToDaFelt: checks
*** RIVER *** [5h 8d 7h 9d] [Qc]
vitamin168: checks
ToDaFelt: checks
*** SHOW DOWN ***
vitamin168: shows [Ah Jh] (high card Ace)
ToDaFelt: shows [3c 7c] (a pair of Sevens)
ToDaFelt collected $17.64 from pot
*** SUMMARY ***
Total pot $18 | Rake $0.36
Board [5h 8d 7h 9d Qc]
Seat 4: ToDaFelt (button) (small blind) showed [3c 7c] and won ($17.64) with a pair of Sevens
Seat 5: vitamin168 (big blind) showed [Ah Jh] and lost with high card Ace


PokerStars Hand #161582393954:  Hold'em Limit ($3/$6 USD) - 2016/11/18 7:33:05 ET
Table 'Burgundia II' 6-max Seat #4 is the button
Seat 4: ToDaFelt ($154.93 in chips)
Seat 5: vitamin168 ($103.06 in chips)
ToDaFelt: posts small blind $1
vitamin168: posts big blind $3
*** HOLE CARDS ***
ToDaFelt: raises $3 to $6
vitamin168: calls $3
*** FLOP *** [Tc 3c 5d]
vitamin168: checks
ToDaFelt: bets $3
vitamin168: raises $3 to $6
ToDaFelt: folds
Uncalled bet ($3) returned to vitamin168
vitamin168 collected $17.64 from pot
vitamin168: doesn't show hand
*** SUMMARY ***
Total pot $18 | Rake $0.36
Board [Tc 3c 5d]
Seat 4: ToDaFelt (button) (small blind) folded on the Flop
Seat 5: vitamin168 (big blind) collected ($17.64)


PokerStars Hand #161582368548:  Hold'em Limit ($3/$6 USD) - 2016/11/18 7:32:16 ET
Table 'Burgundia II' 6-max Seat #4 is the button
Seat 4: ToDaFelt ($149.41 in chips)
Seat 5: vitamin168 ($109.30 in chips)
ToDaFelt: posts small blind $1
vitamin168: posts big blind $3
*** HOLE CARDS ***
ToDaFelt: raises $3 to $6
vitamin168: calls $3
*** FLOP *** [4c Kd 9d]
vitamin168: checks
ToDaFelt: bets $3
vitamin168: folds
Uncalled bet ($3) returned to ToDaFelt
ToDaFelt collected $11.76 from pot
ToDaFelt: doesn't show hand
*** SUMMARY ***
Total pot $12 | Rake $0.24
Board [4c Kd 9d]
Seat 4: ToDaFelt (button) (small blind) collected ($11.76)
Seat 5: vitamin168 (big blind) folded on the Flop


PokerStars Hand #161582380404:  Hold'em Limit ($3/$6 USD) - 2016/11/18 7:32:39 ET
Table 'Burgundia II' 6-max Seat #5 is the button
Seat 4: ToDaFelt ($155.17 in chips)
Seat 5: vitamin168 ($103.30 in chips)
vitamin168: posts small blind $1
ToDaFelt: posts big blind $3
*** HOLE CARDS ***
vitamin168: raises $3 to $6
ToDaFelt: calls $3
*** FLOP *** [Qc 9c Ts]
ToDaFelt: checks
vitamin168: checks
*** TURN *** [Qc 9c Ts] [Qs]
ToDaFelt: bets $6
vitamin168: calls $6
*** RIVER *** [Qc 9c Ts Qs] [9d]
ToDaFelt: checks
vitamin168: checks
*** SHOW DOWN ***
ToDaFelt: shows [Kc 6s] (two pair, Queens and Nines)
vitamin168: shows [Kd 8h] (two pair, Queens and Nines)
ToDaFelt collected $11.76 from pot
vitamin168 collected $11.76 from pot
*** SUMMARY ***
Total pot $24 | Rake $0.48
Board [Qc 9c Ts Qs 9d]
Seat 4: ToDaFelt (big blind) showed [Kc 6s] and won ($11.76) with two pair, Queens and Nines
Seat 5: vitamin168 (button) (small blind) showed [Kd 8h] and won ($11.76) with two pair, Queens and Nines


PokerStars Hand #161582404369:  Hold'em Limit ($3/$6 USD) - 2016/11/18 7:33:26 ET
Table 'Burgundia II' 6-max Seat #5 is the button
Seat 4: ToDaFelt ($145.93 in chips)
Seat 5: vitamin168 ($111.70 in chips)
vitamin168: posts small blind $1
ToDaFelt: posts big blind $3
*** HOLE CARDS ***
vitamin168: raises $3 to $6
ToDaFelt: raises $3 to $9
vitamin168: calls $3
*** FLOP *** [4h Qs Td]
ToDaFelt: bets $3
vitamin168: calls $3
*** TURN *** [4h Qs Td] [3c]
ToDaFelt: bets $6
vitamin168: calls $6
*** RIVER *** [4h Qs Td 3c] [3d]
ToDaFelt: bets $6
vitamin168: calls $6
*** SHOW DOWN ***
ToDaFelt: shows [9d As] (a pair of Threes)
vitamin168: shows [Jd Ac] (a pair of Threes - Ace+Queen+Jack kicker)
vitamin168 collected $47.50 from pot
*** SUMMARY ***
Total pot $48 | Rake $0.50
Board [4h Qs Td 3c 3d]
Seat 4: ToDaFelt (big blind) showed [9d As] and lost with a pair of Threes
Seat 5: vitamin168 (button) (small blind) showed [Jd Ac] and won ($47.50) with a pair of Threes


PokerStars Hand #161582438076:  Hold'em Limit ($3/$6 USD) - 2016/11/18 7:34:31 ET
Table 'Burgundia II' 6-max Seat #5 is the button
Seat 4: ToDaFelt ($142.43 in chips)
Seat 5: vitamin168 ($114.20 in chips)
vitamin168: posts small blind $1
ToDaFelt: posts big blind $3
*** HOLE CARDS ***
vitamin168: raises $3 to $6
ToDaFelt: calls $3
*** FLOP *** [8d 8s 7h]
ToDaFelt: checks
vitamin168: checks
*** TURN *** [8d 8s 7h] [3d]
ToDaFelt: bets $6
vitamin168: calls $6
*** RIVER *** [8d 8s 7h 3d] [6h]
ToDaFelt: bets $6
vitamin168: calls $6
*** SHOW DOWN ***
ToDaFelt: shows [Ac 2c] (a pair of Eights)
vitamin168: mucks hand
ToDaFelt collected $35.50 from pot
*** SUMMARY ***
Total pot $36 | Rake $0.50
Board [8d 8s 7h 3d 6h]
Seat 4: ToDaFelt (big blind) showed [Ac 2c] and won ($35.50) with a pair of Eights
Seat 5: vitamin168 (button) (small blind) mucked


PokerStars Hand #161582418801:  Hold'em Limit ($3/$6 USD) - 2016/11/18 7:33:53 ET
Table 'Burgundia II' 6-max Seat #4 is the button
Seat 4: ToDaFelt ($121.93 in chips)
Seat 5: vitamin168 ($135.20 in chips)
ToDaFelt: posts small blind $1
vitamin168: posts big blind $3
*** HOLE CARDS ***
ToDaFelt: raises $3 to $6
vitamin168: calls $3
*** FLOP *** [4c Kh 6s]
vitamin168: checks
ToDaFelt: bets $3
vitamin168: calls $3
*** TURN *** [4c Kh 6s] [4d]
vitamin168: checks
ToDaFelt: bets $6
vitamin168: calls $6
*** RIVER *** [4c Kh 6s 4d] [7s]
vitamin168: bets $6
ToDaFelt: calls $6
*** SHOW DOWN ***
vitamin168: shows [9s Ks] (two pair, Kings and Fours)
ToDaFelt: shows [Js Kd] (two pair, Kings and Fours - Jack kicker)
ToDaFelt collected $41.50 from pot
*** SUMMARY ***
Total pot $42 | Rake $0.50
Board [4c Kh 6s 4d 7s]
Seat 4: ToDaFelt (button) (small blind) showed [Js Kd] and won ($41.50) with two pair, Kings and Fours
Seat 5: vitamin168 (big blind) showed [9s Ks] and lost with two pair, Kings and Fours


PokerStars Hand #161582457787:  Hold'em Limit ($3/$6 USD) - 2016/11/18 7:35:09 ET
Table 'Burgundia II' 6-max Seat #4 is the button
Seat 4: ToDaFelt ($159.93 in chips)
Seat 5: vitamin168 ($96.20 in chips)
ToDaFelt: posts small blind $1
vitamin168: posts big blind $3
*** HOLE CARDS ***
ToDaFelt: raises $3 to $6
vitamin168: calls $3
*** FLOP *** [8h Kh Ad]
vitamin168: checks
ToDaFelt: bets $3
vitamin168: folds
Uncalled bet ($3) returned to ToDaFelt
ToDaFelt collected $11.76 from pot
ToDaFelt: doesn't show hand
*** SUMMARY ***
Total pot $12 | Rake $0.24
Board [8h Kh Ad]
Seat 4: ToDaFelt (button) (small blind) collected ($11.76)
Seat 5: vitamin168 (big blind) folded on the Flop


PokerStars Hand #161582490005:  Hold'em Limit ($3/$6 USD) - 2016/11/18 7:36:11 ET
Table 'Burgundia II' 6-max Seat #4 is the button
Seat 4: ToDaFelt ($149.69 in chips)
Seat 5: vitamin168 ($105.70 in chips)
ToDaFelt: posts small blind $1
vitamin168: posts big blind $3
*** HOLE CARDS ***
ToDaFelt: folds
Uncalled bet ($2) returned to vitamin168
vitamin168 collected $2 from pot
vitamin168: doesn't show hand
*** SUMMARY ***
Total pot $2 | Rake $0
Seat 4: ToDaFelt (button) (small blind) folded before Flop
Seat 5: vitamin168 (big blind) collected ($2)


PokerStars Hand #161582467664:  Hold'em Limit ($3/$6 USD) - 2016/11/18 7:35:28 ET
Table 'Burgundia II' 6-max Seat #5 is the button
Seat 4: ToDaFelt ($165.69 in chips)
Seat 5: vitamin168 ($90.20 in chips)
vitamin168: posts small blind $1
ToDaFelt: posts big blind $3
*** HOLE CARDS ***
vitamin168: folds
Uncalled bet ($2) returned to ToDaFelt
ToDaFelt collected $2 from pot
ToDaFelt: doesn't show hand
*** SUMMARY ***
Total pot $2 | Rake $0
Seat 4: ToDaFelt (big blind) collected ($2)
Seat 5: vitamin168 (button) (small blind) folded before Flop


PokerStars Hand #161582487069:  Hold'em Limit ($3/$6 USD) - 2016/11/18 7:36:06 ET
Table 'Burgundia II' 6-max Seat #5 is the button
Seat 4: ToDaFelt ($148.69 in chips)
Seat 5: vitamin168 ($106.70 in chips)
vitamin168: posts small blind $1
ToDaFelt: posts big blind $3
*** HOLE CARDS ***
vitamin168: folds
Uncalled bet ($2) returned to ToDaFelt
ToDaFelt collected $2 from pot
ToDaFelt: doesn't show hand
*** SUMMARY ***
Total pot $2 | Rake $0
Seat 4: ToDaFelt (big blind) collected ($2)
Seat 5: vitamin168 (button) (small blind) folded before Flop


PokerStars Hand #161582494543:  Hold'em Limit ($3/$6 USD) - 2016/11/18 7:36:20 ET
Table 'Burgundia II' 6-max Seat #5 is the button
Seat 4: ToDaFelt ($148.69 in chips)
Seat 5: vitamin168 ($106.70 in chips)
vitamin168: posts small blind $1
ToDaFelt: posts big blind $3
*** HOLE CARDS ***
vitamin168: raises $3 to $6
ToDaFelt: raises $3 to $9
vitamin168: calls $3
*** FLOP *** [As Kh 6h]
ToDaFelt: bets $3
vitamin168: raises $3 to $6
ToDaFelt: calls $3
*** TURN *** [As Kh 6h] [Qh]
ToDaFelt: bets $6
vitamin168: calls $6
*** RIVER *** [As Kh 6h Qh] [9d]
ToDaFelt: bets $6
vitamin168: calls $6
*** SHOW DOWN ***
ToDaFelt: shows [Ks Tc] (a pair of Kings)
vitamin168: mucks hand
ToDaFelt collected $53.50 from pot
*** SUMMARY ***
Total pot $54 | Rake $0.50
Board [As Kh 6h Qh 9d]
Seat 4: ToDaFelt (big blind) showed [Ks Tc] and won ($53.50) with a pair of Kings
Seat 5: vitamin168 (button) (small blind) mucked


PokerStars Hand #161582521419:  Hold'em Limit ($3/$6 USD) - 2016/11/18 7:37:12 ET
Table 'Burgundia II' 6-max Seat #4 is the button
Seat 4: ToDaFelt ($175.19 in chips)
Seat 5: vitamin168 ($79.70 in chips)
ToDaFelt: posts small blind $1
vitamin168: posts big blind $3
*** HOLE CARDS ***
ToDaFelt: raises $3 to $6
vitamin168: calls $3
*** FLOP *** [5c Ks Td]
vitamin168: checks
ToDaFelt: checks
*** TURN *** [5c Ks Td] [6h]
vitamin168: checks
ToDaFelt: bets $6
vitamin168: folds
Uncalled bet ($6) returned to ToDaFelt
ToDaFelt collected $11.76 from pot
ToDaFelt: doesn't show hand
*** SUMMARY ***
Total pot $12 | Rake $0.24
Board [5c Ks Td 6h]
Seat 4: ToDaFelt (button) (small blind) collected ($11.76)
Seat 5: vitamin168 (big blind) folded on the Turn


PokerStars Hand #161582533455:  Hold'em Limit ($3/$6 USD) - 2016/11/18 7:37:35 ET
Table 'Burgundia II' 6-max Seat #5 is the button
Seat 4: ToDaFelt ($180.95 in chips)
Seat 5: vitamin168 ($73.70 in chips)
vitamin168: posts small blind $1
ToDaFelt: posts big blind $3
*** HOLE CARDS ***
vitamin168: raises $3 to $6
ToDaFelt: raises $3 to $9
vitamin168: calls $3
*** FLOP *** [3d 3s 7d]
ToDaFelt: bets $3
vitamin168: calls $3
*** TURN *** [3d 3s 7d] [Ts]
ToDaFelt: bets $6
vitamin168: folds
Uncalled bet ($6) returned to ToDaFelt
ToDaFelt collected $23.52 from pot
ToDaFelt: doesn't show hand
*** SUMMARY ***
Total pot $24 | Rake $0.48
Board [3d 3s 7d Ts]
Seat 4: ToDaFelt (big blind) collected ($23.52)
Seat 5: vitamin168 (button) (small blind) folded on the Turn


PokerStars Hand #161582542677:  Hold'em Limit ($3/$6 USD) - 2016/11/18 7:37:53 ET
Table 'Burgundia II' 6-max Seat #4 is the button
Seat 4: ToDaFelt ($192.47 in chips)
Seat 5: vitamin168 ($61.70 in chips)
ToDaFelt: posts small blind $1
vitamin168: posts big blind $3
*** HOLE CARDS ***
ToDaFelt: raises $3 to $6
vitamin168: calls $3
*** FLOP *** [Ad 2s Qs]
vitamin168: checks
ToDaFelt: bets $3
vitamin168: raises $3 to $6
ToDaFelt: calls $3
*** TURN *** [Ad 2s Qs] [5s]
vitamin168: checks
ToDaFelt: bets $6
vitamin168: calls $6
*** RIVER *** [Ad 2s Qs 5s] [6d]
vitamin168: checks
ToDaFelt: bets $6
vitamin168: calls $6
*** SHOW DOWN ***
ToDaFelt: shows [Ah Jc] (a pair of Aces)
vitamin168: mucks hand
ToDaFelt collected $47.50 from pot
*** SUMMARY ***
Total pot $48 | Rake $0.50
Board [Ad 2s Qs 5s 6d]
Seat 4: ToDaFelt (button) (small blind) showed [Ah Jc] and won ($47.50) with a pair of Aces
Seat 5: vitamin168 (big blind) mucked


PokerStars Hand #161582585100:  Hold'em Limit ($3/$6 USD) - 2016/11/18 7:39:15 ET
Table 'Burgundia II' 6-max Seat #5 is the button
Seat 4: ToDaFelt ($242.11 in chips)
Seat 5: vitamin168 ($10.70 in chips)
vitamin168: posts small blind $1
ToDaFelt: posts big blind $3
*** HOLE CARDS ***
vitamin168: folds
Uncalled bet ($2) returned to ToDaFelt
ToDaFelt collected $2 from pot
ToDaFelt: doesn't show hand
*** SUMMARY ***
Total pot $2 | Rake $0
Seat 4: ToDaFelt (big blind) collected ($2)
Seat 5: vitamin168 (button) (small blind) folded before Flop


PokerStars Hand #161582571966:  Hold'em Limit ($3/$6 USD) - 2016/11/18 7:38:50 ET
Table 'Burgundia II' 6-max Seat #4 is the button
Seat 4: ToDaFelt ($233.47 in chips)
Seat 5: vitamin168 ($19.70 in chips)
ToDaFelt: posts small blind $1
vitamin168: posts big blind $3
*** HOLE CARDS ***
ToDaFelt: raises $3 to $6
vitamin168: calls $3
*** FLOP *** [7d Th 5h]
vitamin168: checks
ToDaFelt: bets $3
vitamin168: calls $3
*** TURN *** [7d Th 5h] [Ts]
vitamin168: checks
ToDaFelt: bets $6
vitamin168: folds
Uncalled bet ($6) returned to ToDaFelt
ToDaFelt collected $17.64 from pot
ToDaFelt: doesn't show hand
*** SUMMARY ***
Total pot $18 | Rake $0.36
Board [7d Th 5h Ts]
Seat 4: ToDaFelt (button) (small blind) collected ($17.64)
Seat 5: vitamin168 (big blind) folded on the Turn


PokerStars Hand #161582557381:  Hold'em Limit ($3/$6 USD) - 2016/11/18 7:38:22 ET
Table 'Burgundia II' 6-max Seat #5 is the button
Seat 4: ToDaFelt ($215.97 in chips)
Seat 5: vitamin168 ($37.70 in chips)
vitamin168: posts small blind $1
ToDaFelt: posts big blind $3
*** HOLE CARDS ***
vitamin168: raises $3 to $6
ToDaFelt: calls $3
*** FLOP *** [Ad 7d 9s]
ToDaFelt: checks
vitamin168: checks
*** TURN *** [Ad 7d 9s] [Ac]
ToDaFelt: bets $6
vitamin168: calls $6
*** RIVER *** [Ad 7d 9s Ac] [Kc]
ToDaFelt: bets $6
vitamin168: calls $6
*** SHOW DOWN ***
ToDaFelt: shows [Kh 8s] (two pair, Aces and Kings)
vitamin168: mucks hand
ToDaFelt collected $35.50 from pot
*** SUMMARY ***
Total pot $36 | Rake $0.50
Board [Ad 7d 9s Ac Kc]
Seat 4: ToDaFelt (big blind) showed [Kh 8s] and won ($35.50) with two pair, Aces and Kings
Seat 5: vitamin168 (button) (small blind) mucked


PokerStars Hand #161582587995:  Hold'em Limit ($3/$6 USD) - 2016/11/18 7:39:20 ET
Table 'Burgundia II' 6-max Seat #4 is the button
Seat 4: ToDaFelt ($243.11 in chips)
Seat 5: vitamin168 ($9.70 in chips)
ToDaFelt: posts small blind $1
vitamin168: posts big blind $3
*** HOLE CARDS ***
ToDaFelt: raises $3 to $6
vitamin168: raises $3 to $9
ToDaFelt: calls $3
*** FLOP *** [3s As Td]
vitamin168: bets $0.70 and is all-in
ToDaFelt: calls $0.70
*** TURN *** [3s As Td] [4h]
*** RIVER *** [3s As Td 4h] [5d]
*** SHOW DOWN ***
vitamin168: shows [2s 2c] (a straight, Ace to Five)
ToDaFelt: shows [3h Jd] (a pair of Threes)
vitamin168 collected $19.01 from pot
*** SUMMARY ***
Total pot $19.40 | Rake $0.39
Board [3s As Td 4h 5d]
Seat 4: ToDaFelt (button) (small blind) showed [3h Jd] and lost with a pair of Threes
Seat 5: vitamin168 (big blind) showed [2s 2c] and won ($19.01) with a straight, Ace to Five


PokerStars Hand #161582614452:  Hold'em Limit ($3/$6 USD) - 2016/11/18 7:40:11 ET
Table 'Burgundia II' 6-max Seat #4 is the button
Seat 4: ToDaFelt ($217.40 in chips)
Seat 5: vitamin168 ($34.52 in chips)
ToDaFelt: posts small blind $1
vitamin168: posts big blind $3
*** HOLE CARDS ***
ToDaFelt: raises $3 to $6
vitamin168: folds
Uncalled bet ($3) returned to ToDaFelt
ToDaFelt collected $6 from pot
ToDaFelt: doesn't show hand
*** SUMMARY ***
Total pot $6 | Rake $0
Seat 4: ToDaFelt (button) (small blind) collected ($6)
Seat 5: vitamin168 (big blind) folded before Flop


PokerStars Hand #161582611841:  Hold'em Limit ($3/$6 USD) - 2016/11/18 7:40:06 ET
Table 'Burgundia II' 6-max Seat #5 is the button
Seat 4: ToDaFelt ($216.40 in chips)
Seat 5: vitamin168 ($35.52 in chips)
vitamin168: posts small blind $1
ToDaFelt: posts big blind $3
*** HOLE CARDS ***
vitamin168: folds
Uncalled bet ($2) returned to ToDaFelt
ToDaFelt collected $2 from pot
ToDaFelt: doesn't show hand
*** SUMMARY ***
Total pot $2 | Rake $0
Seat 4: ToDaFelt (big blind) collected ($2)
Seat 5: vitamin168 (button) (small blind) folded before Flop


PokerStars Hand #161582618129:  Hold'em Limit ($3/$6 USD) - 2016/11/18 7:40:18 ET
Table 'Burgundia II' 6-max Seat #5 is the button
Seat 4: ToDaFelt ($220.40 in chips)
Seat 5: vitamin168 ($31.52 in chips)
vitamin168: posts small blind $1
ToDaFelt: posts big blind $3
*** HOLE CARDS ***
vitamin168: folds
Uncalled bet ($2) returned to ToDaFelt
ToDaFelt collected $2 from pot
ToDaFelt: doesn't show hand
*** SUMMARY ***
Total pot $2 | Rake $0
Seat 4: ToDaFelt (big blind) collected ($2)
Seat 5: vitamin168 (button) (small blind) folded before Flop


PokerStars Hand #161582597686:  Hold'em Limit ($3/$6 USD) - 2016/11/18 7:39:39 ET
Table 'Burgundia II' 6-max Seat #5 is the button
Seat 4: ToDaFelt ($233.41 in chips)
Seat 5: vitamin168 ($19.01 in chips)
vitamin168: posts small blind $1
ToDaFelt: posts big blind $3
*** HOLE CARDS ***
vitamin168: folds
Uncalled bet ($2) returned to ToDaFelt
ToDaFelt collected $2 from pot
ToDaFelt: doesn't show hand
*** SUMMARY ***
Total pot $2 | Rake $0
Seat 4: ToDaFelt (big blind) collected ($2)
Seat 5: vitamin168 (button) (small blind) folded before Flop


PokerStars Hand #161582645100:  Hold'em Limit ($3/$6 USD) - 2016/11/18 7:41:10 ET
Table 'Burgundia II' 6-max Seat #4 is the button
Seat 4: ToDaFelt ($210.40 in chips)
Seat 5: vitamin168 ($41.04 in chips)
ToDaFelt: posts small blind $1
vitamin168: posts big blind $3
*** HOLE CARDS ***
ToDaFelt: raises $3 to $6
vitamin168: calls $3
*** FLOP *** [As Ad Ks]
vitamin168: checks
ToDaFelt: bets $3
vitamin168: folds
Uncalled bet ($3) returned to ToDaFelt
ToDaFelt collected $11.76 from pot
ToDaFelt: doesn't show hand
*** SUMMARY ***
Total pot $12 | Rake $0.24
Board [As Ad Ks]
Seat 4: ToDaFelt (button) (small blind) collected ($11.76)
Seat 5: vitamin168 (big blind) folded on the Flop


PokerStars Hand #161582641900:  Hold'em Limit ($3/$6 USD) - 2016/11/18 7:41:04 ET
Table 'Burgundia II' 6-max Seat #5 is the button
Seat 4: ToDaFelt ($209.40 in chips)
Seat 5: vitamin168 ($42.04 in chips)
vitamin168: posts small blind $1
ToDaFelt: posts big blind $3
*** HOLE CARDS ***
vitamin168: folds
Uncalled bet ($2) returned to ToDaFelt
ToDaFelt collected $2 from pot
ToDaFelt: doesn't show hand
*** SUMMARY ***
Total pot $2 | Rake $0
Seat 4: ToDaFelt (big blind) collected ($2)
Seat 5: vitamin168 (button) (small blind) folded before Flop


PokerStars Hand #161582620803:  Hold'em Limit ($3/$6 USD) - 2016/11/18 7:40:23 ET
Table 'Burgundia II' 6-max Seat #4 is the button
Seat 4: ToDaFelt ($221.40 in chips)
Seat 5: vitamin168 ($30.52 in chips)
ToDaFelt: posts small blind $1
vitamin168: posts big blind $3
*** HOLE CARDS ***
ToDaFelt: raises $3 to $6
vitamin168: raises $3 to $9
ToDaFelt: calls $3
*** FLOP *** [3h 7c 6c]
vitamin168: bets $3
ToDaFelt: calls $3
*** TURN *** [3h 7c 6c] [2c]
vitamin168: checks
ToDaFelt: checks
*** RIVER *** [3h 7c 6c 2c] [Jc]
vitamin168: checks
ToDaFelt: checks
*** SHOW DOWN ***
vitamin168: shows [Jd Js] (three of a kind, Jacks)
ToDaFelt: mucks hand
vitamin168 collected $23.52 from pot
*** SUMMARY ***
Total pot $24 | Rake $0.48
Board [3h 7c 6c 2c Jc]
Seat 4: ToDaFelt (button) (small blind) mucked
Seat 5: vitamin168 (big blind) showed [Jd Js] and won ($23.52) with three of a kind, Jacks


PokerStars Hand #161582660303:  Hold'em Limit ($3/$6 USD) - 2016/11/18 7:41:39 ET
Table 'Burgundia II' 6-max Seat #4 is the button
Seat 4: ToDaFelt ($213.16 in chips)
Seat 5: vitamin168 ($38.04 in chips)
ToDaFelt: posts small blind $1
vitamin168: posts big blind $3
*** HOLE CARDS ***
ToDaFelt: raises $3 to $6
vitamin168: folds
Uncalled bet ($3) returned to ToDaFelt
ToDaFelt collected $6 from pot
ToDaFelt: doesn't show hand
*** SUMMARY ***
Total pot $6 | Rake $0
Seat 4: ToDaFelt (button) (small blind) collected ($6)
Seat 5: vitamin168 (big blind) folded before Flop


PokerStars Hand #161582654521:  Hold'em Limit ($3/$6 USD) - 2016/11/18 7:41:28 ET
Table 'Burgundia II' 6-max Seat #5 is the button
Seat 4: ToDaFelt ($216.16 in chips)
Seat 5: vitamin168 ($35.04 in chips)
vitamin168: posts small blind $1
ToDaFelt: posts big blind $3
*** HOLE CARDS ***
vitamin168: raises $3 to $6
ToDaFelt: folds
Uncalled bet ($3) returned to vitamin168
vitamin168 collected $6 from pot
vitamin168: doesn't show hand
*** SUMMARY ***
Total pot $6 | Rake $0
Seat 4: ToDaFelt (big blind) folded before Flop
Seat 5: vitamin168 (button) (small blind) collected ($6)


PokerStars Hand #161582665570:  Hold'em Limit ($3/$6 USD) - 2016/11/18 7:41:49 ET
Table 'Burgundia II' 6-max Seat #5 is the button
Seat 4: ToDaFelt ($216.16 in chips)
Seat 5: vitamin168 ($35.04 in chips)
vitamin168: posts small blind $1
ToDaFelt: posts big blind $3
*** HOLE CARDS ***
vitamin168: folds
Uncalled bet ($2) returned to ToDaFelt
ToDaFelt collected $2 from pot
ToDaFelt: doesn't show hand
*** SUMMARY ***
Total pot $2 | Rake $0
Seat 4: ToDaFelt (big blind) collected ($2)
Seat 5: vitamin168 (button) (small blind) folded before Flop


PokerStars Hand #161582675880:  Hold'em Limit ($3/$6 USD) - 2016/11/18 7:42:09 ET
Table 'Burgundia II' 6-max Seat #5 is the button
Seat 4: ToDaFelt ($208.16 in chips)
Seat 5: vitamin168 ($42.68 in chips)
vitamin168: posts small blind $1
ToDaFelt: posts big blind $3
*** HOLE CARDS ***
vitamin168: raises $3 to $6
ToDaFelt: folds
Uncalled bet ($3) returned to vitamin168
vitamin168 collected $6 from pot
vitamin168: doesn't show hand
*** SUMMARY ***
Total pot $6 | Rake $0
Seat 4: ToDaFelt (big blind) folded before Flop
Seat 5: vitamin168 (button) (small blind) collected ($6)


PokerStars Hand #161582705256:  Hold'em Limit ($3/$6 USD) - 2016/11/18 7:43:05 ET
Table 'Burgundia II' 6-max Seat #4 is the button
Seat 4: ToDaFelt ($178.16 in chips)
Seat 5: vitamin168 ($72.18 in chips)
ToDaFelt: posts small blind $1
vitamin168: posts big blind $3
*** HOLE CARDS ***
ToDaFelt: raises $3 to $6
vitamin168: calls $3
*** FLOP *** [3d Ts 5h]
vitamin168: checks
ToDaFelt: bets $3
vitamin168: calls $3
*** TURN *** [3d Ts 5h] [7s]
vitamin168: checks
ToDaFelt: bets $6
vitamin168: calls $6
*** RIVER *** [3d Ts 5h 7s] [Qs]
vitamin168: checks
ToDaFelt: bets $6
vitamin168: calls $6
*** SHOW DOWN ***
ToDaFelt: shows [Qh Js] (a pair of Queens)
vitamin168: mucks hand
ToDaFelt collected $41.50 from pot
*** SUMMARY ***
Total pot $42 | Rake $0.50
Board [3d Ts 5h 7s Qs]
Seat 4: ToDaFelt (button) (small blind) showed [Qh Js] and won ($41.50) with a pair of Queens
Seat 5: vitamin168 (big blind) mucked


PokerStars Hand #161582701105:  Hold'em Limit ($3/$6 USD) - 2016/11/18 7:42:57 ET
Table 'Burgundia II' 6-max Seat #5 is the button
Seat 4: ToDaFelt ($181.16 in chips)
Seat 5: vitamin168 ($69.18 in chips)
vitamin168: posts small blind $1
ToDaFelt: posts big blind $3
*** HOLE CARDS ***
vitamin168: raises $3 to $6
ToDaFelt: folds
Uncalled bet ($3) returned to vitamin168
vitamin168 collected $6 from pot
vitamin168: doesn't show hand
*** SUMMARY ***
Total pot $6 | Rake $0
Seat 4: ToDaFelt (big blind) folded before Flop
Seat 5: vitamin168 (button) (small blind) collected ($6)


PokerStars Hand #161582680945:  Hold'em Limit ($3/$6 USD) - 2016/11/18 7:42:19 ET
Table 'Burgundia II' 6-max Seat #4 is the button
Seat 4: ToDaFelt ($205.16 in chips)
Seat 5: vitamin168 ($45.68 in chips)
ToDaFelt: posts small blind $1
vitamin168: posts big blind $3
*** HOLE CARDS ***
ToDaFelt: raises $3 to $6
vitamin168: calls $3
*** FLOP *** [Qs Td Jh]
vitamin168: checks
ToDaFelt: bets $3
vitamin168: raises $3 to $6
ToDaFelt: calls $3
*** TURN *** [Qs Td Jh] [Js]
vitamin168: bets $6
ToDaFelt: calls $6
*** RIVER *** [Qs Td Jh Js] [3h]
vitamin168: bets $6
ToDaFelt: calls $6
*** SHOW DOWN ***
vitamin168: shows [Kd 9h] (a straight, Nine to King)
ToDaFelt: mucks hand
vitamin168 collected $47.50 from pot
*** SUMMARY ***
Total pot $48 | Rake $0.50
Board [Qs Td Jh Js 3h]
Seat 4: ToDaFelt (button) (small blind) mucked
Seat 5: vitamin168 (big blind) showed [Kd 9h] and won ($47.50) with a straight, Nine to King


PokerStars Hand #161582734733:  Hold'em Limit ($3/$6 USD) - 2016/11/18 7:44:01 ET
Table 'Burgundia II' 6-max Seat #4 is the button
Seat 4: ToDaFelt ($219.16 in chips)
Seat 5: vitamin168 ($30.18 in chips)
ToDaFelt: posts small blind $1
vitamin168: posts big blind $3
*** HOLE CARDS ***
ToDaFelt: raises $3 to $6
vitamin168: calls $3
*** FLOP *** [Jc 4c Kd]
vitamin168: checks
ToDaFelt: bets $3
vitamin168: raises $3 to $6
ToDaFelt: calls $3
*** TURN *** [Jc 4c Kd] [Ks]
vitamin168: bets $6
ToDaFelt: calls $6
*** RIVER *** [Jc 4c Kd Ks] [4h]
vitamin168: bets $6
ToDaFelt: calls $6
Ilham7715 joins the table at seat #1
*** SHOW DOWN ***
vitamin168: shows [2c Tc] (two pair, Kings and Fours)
ToDaFelt: shows [Qc 2h] (two pair, Kings and Fours - Queen kicker)
ToDaFelt collected $47.50 from pot
*** SUMMARY ***
Total pot $48 | Rake $0.50
Board [Jc 4c Kd Ks 4h]
Seat 4: ToDaFelt (button) (small blind) showed [Qc 2h] and won ($47.50) with two pair, Kings and Fours
Seat 5: vitamin168 (big blind) showed [2c Tc] and lost with two pair, Kings and Fours


PokerStars Hand #161582718434:  Hold'em Limit ($3/$6 USD) - 2016/11/18 7:43:30 ET
Table 'Burgundia II' 6-max Seat #5 is the button
Seat 4: ToDaFelt ($198.66 in chips)
Seat 5: vitamin168 ($51.18 in chips)
vitamin168: posts small blind $1
ToDaFelt: posts big blind $3
*** HOLE CARDS ***
vitamin168: raises $3 to $6
ToDaFelt: raises $3 to $9
vitamin168: calls $3
*** FLOP *** [Kh 3h 6s]
ToDaFelt: bets $3
vitamin168: raises $3 to $6
ToDaFelt: calls $3
*** TURN *** [Kh 3h 6s] [3c]
ToDaFelt: checks
vitamin168: bets $6
ToDaFelt: calls $6
*** RIVER *** [Kh 3h 6s 3c] [2d]
ToDaFelt: checks
vitamin168: checks
*** SHOW DOWN ***
ToDaFelt: shows [Qd As] (a pair of Threes)
vitamin168: mucks hand
ToDaFelt collected $41.50 from pot
*** SUMMARY ***
Total pot $42 | Rake $0.50
Board [Kh 3h 6s 3c 2d]
Seat 4: ToDaFelt (big blind) showed [Qd As] and won ($41.50) with a pair of Threes
Seat 5: vitamin168 (button) (small blind) mucked


PokerStars Hand #161582767667:  Hold'em Limit ($3/$6 USD) - 2016/11/18 7:45:03 ET
Table 'Burgundia II' 6-max Seat #4 is the button
Seat 1: Ilham7715 ($22.65 in chips)
Seat 4: ToDaFelt ($263.83 in chips)
ToDaFelt: posts small blind $1
Ilham7715: posts big blind $3
*** HOLE CARDS ***
ToDaFelt: raises $3 to $6
Ilham7715: calls $3
*** FLOP *** [4d Tc 9d]
Ilham7715: checks
ToDaFelt: bets $3
Ilham7715: folds
Uncalled bet ($3) returned to ToDaFelt
ToDaFelt collected $11.76 from pot
ToDaFelt: doesn't show hand
*** SUMMARY ***
Total pot $12 | Rake $0.24
Board [4d Tc 9d]
Seat 1: Ilham7715 (big blind) folded on the Flop
Seat 4: ToDaFelt (button) (small blind) collected ($11.76)


PokerStars Hand #161582776616:  Hold'em Limit ($3/$6 USD) - 2016/11/18 7:45:21 ET
Table 'Burgundia II' 6-max Seat #1 is the button
Seat 1: Ilham7715 ($16.65 in chips)
Seat 4: ToDaFelt ($269.59 in chips)
Ilham7715: posts small blind $1
ToDaFelt: posts big blind $3
*** HOLE CARDS ***
Ilham7715: raises $3 to $6
ToDaFelt: folds
Uncalled bet ($3) returned to Ilham7715
Ilham7715 collected $6 from pot
*** SUMMARY ***
Total pot $6 | Rake $0
Seat 1: Ilham7715 (button) (small blind) collected ($6)
Seat 4: ToDaFelt (big blind) folded before Flop


PokerStars Hand #161582788400:  Hold'em Limit ($3/$6 USD) - 2016/11/18 7:45:43 ET
Table 'Burgundia II' 6-max Seat #1 is the button
Seat 1: Ilham7715 ($28.29 in chips)
Seat 4: ToDaFelt ($257.59 in chips)
Ilham7715: posts small blind $1
ToDaFelt: posts big blind $3
*** HOLE CARDS ***
Ilham7715: folds
Uncalled bet ($2) returned to ToDaFelt
ToDaFelt collected $2 from pot
ToDaFelt: doesn't show hand
*** SUMMARY ***
Total pot $2 | Rake $0
Seat 1: Ilham7715 (button) (small blind) folded before Flop
Seat 4: ToDaFelt (big blind) collected ($2)


PokerStars Hand #161582780441:  Hold'em Limit ($3/$6 USD) - 2016/11/18 7:45:28 ET
Table 'Burgundia II' 6-max Seat #4 is the button
Seat 1: Ilham7715 ($19.65 in chips)
Seat 4: ToDaFelt ($266.59 in chips)
ToDaFelt: posts small blind $1
Ilham7715: posts big blind $3
*** HOLE CARDS ***
ToDaFelt: raises $3 to $6
Ilham7715: calls $3
*** FLOP *** [9c Jc As]
Ilham7715: checks
ToDaFelt: bets $3
Ilham7715: raises $3 to $6
ToDaFelt: folds
Uncalled bet ($3) returned to Ilham7715
Ilham7715 collected $17.64 from pot
*** SUMMARY ***
Total pot $18 | Rake $0.36
Board [9c Jc As]
Seat 1: Ilham7715 (big blind) collected ($17.64)
Seat 4: ToDaFelt (button) (small blind) folded on the Flop


PokerStars Hand #161582802012:  Hold'em Limit ($3/$6 USD) - 2016/11/18 7:46:09 ET
Table 'Burgundia II' 6-max Seat #1 is the button
Seat 1: Ilham7715 ($21.29 in chips)
Seat 4: ToDaFelt ($264.35 in chips)
Ilham7715: posts small blind $1
ToDaFelt: posts big blind $3
*** HOLE CARDS ***
Ilham7715: folds
Uncalled bet ($2) returned to ToDaFelt
ToDaFelt collected $2 from pot
ToDaFelt: doesn't show hand
*** SUMMARY ***
Total pot $2 | Rake $0
Seat 1: Ilham7715 (button) (small blind) folded before Flop
Seat 4: ToDaFelt (big blind) collected ($2)


PokerStars Hand #161582791331:  Hold'em Limit ($3/$6 USD) - 2016/11/18 7:45:49 ET
Table 'Burgundia II' 6-max Seat #4 is the button
Seat 1: Ilham7715 ($27.29 in chips)
Seat 4: ToDaFelt ($258.59 in chips)
ToDaFelt: posts small blind $1
Ilham7715: posts big blind $3
*** HOLE CARDS ***
ToDaFelt: raises $3 to $6
Ilham7715: calls $3
*** FLOP *** [6s Tc Td]
Ilham7715: checks
ToDaFelt: bets $3
Ilham7715: folds
Uncalled bet ($3) returned to ToDaFelt
ToDaFelt collected $11.76 from pot
ToDaFelt: doesn't show hand
*** SUMMARY ***
Total pot $12 | Rake $0.24
Board [6s Tc Td]
Seat 1: Ilham7715 (big blind) folded on the Flop
Seat 4: ToDaFelt (button) (small blind) collected ($11.76)


PokerStars Hand #161582804786:  Hold'em Limit ($3/$6 USD) - 2016/11/18 7:46:14 ET
Table 'Burgundia II' 6-max Seat #4 is the button
Seat 1: Ilham7715 ($20.29 in chips)
Seat 4: ToDaFelt ($265.35 in chips)
ToDaFelt: posts small blind $1
Ilham7715: posts big blind $3
*** HOLE CARDS ***
ToDaFelt: raises $3 to $6
Ilham7715: calls $3
*** FLOP *** [2s 8c Td]
Ilham7715: checks
ToDaFelt: bets $3
Ilham7715: calls $3
*** TURN *** [2s 8c Td] [6c]
Ilham7715: bets $6
ToDaFelt: calls $6
*** RIVER *** [2s 8c Td 6c] [9s]
Ilham7715: bets $5.29 and is all-in
ToDaFelt: calls $5.29
*** SHOW DOWN ***
Ilham7715: shows [9d 6s] (two pair, Nines and Sixes)
ToDaFelt: shows [Ad 8d] (a pair of Eights)
Ilham7715 collected $40.08 from pot
*** SUMMARY ***
Total pot $40.58 | Rake $0.50
Board [2s 8c Td 6c 9s]
Seat 1: Ilham7715 (big blind) showed [9d 6s] and won ($40.08) with two pair, Nines and Sixes
Seat 4: ToDaFelt (button) (small blind) showed [Ad 8d] and lost with a pair of Eights


PokerStars Hand #161582819757:  Hold'em Limit ($3/$6 USD) - 2016/11/18 7:46:43 ET
Table 'Burgundia II' 6-max Seat #1 is the button
Seat 1: Ilham7715 ($40.08 in chips)
Seat 4: ToDaFelt ($245.06 in chips)
Ilham7715: posts small blind $1
ToDaFelt: posts big blind $3
*** HOLE CARDS ***
Ilham7715: calls $2
ToDaFelt: raises $3 to $6
Ilham7715: calls $3
*** FLOP *** [4c 2c 5d]
ToDaFelt: bets $3
Ilham7715: folds
Uncalled bet ($3) returned to ToDaFelt
ToDaFelt collected $11.76 from pot
ToDaFelt: doesn't show hand
*** SUMMARY ***
Total pot $12 | Rake $0.24
Board [4c 2c 5d]
Seat 1: Ilham7715 (button) (small blind) folded on the Flop
Seat 4: ToDaFelt (big blind) collected ($11.76)


PokerStars Hand #161582862900:  Hold'em Limit ($3/$6 USD) - 2016/11/18 7:48:04 ET
Table 'Burgundia II' 6-max Seat #4 is the button
Seat 1: Ilham7715 ($24.84 in chips)
Seat 4: ToDaFelt ($259.32 in chips)
ToDaFelt: posts small blind $1
Ilham7715: posts big blind $3
*** HOLE CARDS ***
ToDaFelt: raises $3 to $6
Ilham7715: calls $3
*** FLOP *** [Ks 4d 9s]
Ilham7715: checks
ToDaFelt: bets $3
Ilham7715: raises $3 to $6
ToDaFelt: folds
Uncalled bet ($3) returned to Ilham7715
Ilham7715 collected $17.64 from pot
*** SUMMARY ***
Total pot $18 | Rake $0.36
Board [Ks 4d 9s]
Seat 1: Ilham7715 (big blind) collected ($17.64)
Seat 4: ToDaFelt (button) (small blind) folded on the Flop


PokerStars Hand #161582856171:  Hold'em Limit ($3/$6 USD) - 2016/11/18 7:47:52 ET
Table 'Burgundia II' 6-max Seat #1 is the button
Seat 1: Ilham7715 ($19.08 in chips)
Seat 4: ToDaFelt ($265.32 in chips)
Ilham7715: posts small blind $1
ToDaFelt: posts big blind $3
*** HOLE CARDS ***
Ilham7715: raises $3 to $6
ToDaFelt: calls $3
*** FLOP *** [Kd Ac 8c]
ToDaFelt: checks
Ilham7715: bets $3
ToDaFelt: folds
Uncalled bet ($3) returned to Ilham7715
Ilham7715 collected $11.76 from pot
Ilham7715: doesn't show hand
*** SUMMARY ***
Total pot $12 | Rake $0.24
Board [Kd Ac 8c]
Seat 1: Ilham7715 (button) (small blind) collected ($11.76)
Seat 4: ToDaFelt (big blind) folded on the Flop


PokerStars Hand #161582830065:  Hold'em Limit ($3/$6 USD) - 2016/11/18 7:47:02 ET
Table 'Burgundia II' 6-max Seat #4 is the button
Seat 1: Ilham7715 ($34.08 in chips)
Seat 4: ToDaFelt ($250.82 in chips)
ToDaFelt: posts small blind $1
Ilham7715: posts big blind $3
*** HOLE CARDS ***
ToDaFelt: raises $3 to $6
Ilham7715: calls $3
*** FLOP *** [Kd 5c 3d]
Ilham7715: checks
ToDaFelt: bets $3
Ilham7715: calls $3
*** TURN *** [Kd 5c 3d] [2h]
Ilham7715: checks
ToDaFelt: checks
*** RIVER *** [Kd 5c 3d 2h] [8d]
Ilham7715: checks
ToDaFelt: bets $6
Ilham7715: calls $6
*** SHOW DOWN ***
ToDaFelt: shows [3s 8s] (two pair, Eights and Threes)
Ilham7715: mucks hand
ToDaFelt collected $29.50 from pot
*** SUMMARY ***
Total pot $30 | Rake $0.50
Board [Kd 5c 3d 2h 8d]
Seat 1: Ilham7715 (big blind) mucked
Seat 4: ToDaFelt (button) (small blind) showed [3s 8s] and won ($29.50) with two pair, Eights and Threes


PokerStars Hand #161582899693:  Hold'em Limit ($3/$6 USD) - 2016/11/18 7:49:14 ET
Table 'Burgundia II' 6-max Seat #1 is the button
Seat 1: Ilham7715 ($24.46 in chips)
Seat 4: ToDaFelt ($258.34 in chips)
Ilham7715: posts small blind $1
ToDaFelt: posts big blind $3
*** HOLE CARDS ***
Ilham7715: folds
Uncalled bet ($2) returned to ToDaFelt
ToDaFelt collected $2 from pot
ToDaFelt: doesn't show hand
*** SUMMARY ***
Total pot $2 | Rake $0
Seat 1: Ilham7715 (button) (small blind) folded before Flop
Seat 4: ToDaFelt (big blind) collected ($2)


PokerStars Hand #161582890326:  Hold'em Limit ($3/$6 USD) - 2016/11/18 7:48:56 ET
Table 'Burgundia II' 6-max Seat #4 is the button
Seat 1: Ilham7715 ($12.48 in chips)
Seat 4: ToDaFelt ($270.82 in chips)
ToDaFelt: posts small blind $1
Ilham7715: posts big blind $3
*** HOLE CARDS ***
ToDaFelt: raises $3 to $6
Ilham7715: raises $3 to $9
ToDaFelt: calls $3
*** FLOP *** [Qh 7c Th]
Ilham7715: bets $3
ToDaFelt: raises $3 to $6
Ilham7715: calls $0.48 and is all-in
Uncalled bet ($2.52) returned to ToDaFelt
*** TURN *** [Qh 7c Th] [5c]
*** RIVER *** [Qh 7c Th 5c] [Jd]
*** SHOW DOWN ***
Ilham7715: shows [Kd Qs] (a pair of Queens)
ToDaFelt: shows [Qd 3d] (a pair of Queens - lower kicker)
Ilham7715 collected $24.46 from pot
*** SUMMARY ***
Total pot $24.96 | Rake $0.50
Board [Qh 7c Th 5c Jd]
Seat 1: Ilham7715 (big blind) showed [Kd Qs] and won ($24.46) with a pair of Queens
Seat 4: ToDaFelt (button) (small blind) showed [Qd 3d] and lost with a pair of Queens


PokerStars Hand #161582875355:  Hold'em Limit ($3/$6 USD) - 2016/11/18 7:48:28 ET
Table 'Burgundia II' 6-max Seat #1 is the button
Seat 1: Ilham7715 ($33.48 in chips)
Seat 4: ToDaFelt ($250.32 in chips)
Ilham7715: posts small blind $1
ToDaFelt: posts big blind $3
*** HOLE CARDS ***
Ilham7715: calls $2
ToDaFelt: raises $3 to $6
Ilham7715: calls $3
*** FLOP *** [3d 6c 2c]
ToDaFelt: bets $3
Ilham7715: calls $3
*** TURN *** [3d 6c 2c] [Qs]
ToDaFelt: bets $6
Ilham7715: calls $6
*** RIVER *** [3d 6c 2c Qs] [7s]
ToDaFelt: bets $6
Ilham7715: calls $6
*** SHOW DOWN ***
ToDaFelt: shows [8c 7c] (a pair of Sevens)
Ilham7715: mucks hand
ToDaFelt collected $41.50 from pot
*** SUMMARY ***
Total pot $42 | Rake $0.50
Board [3d 6c 2c Qs 7s]
Seat 1: Ilham7715 (button) (small blind) mucked
Seat 4: ToDaFelt (big blind) showed [8c 7c] and won ($41.50) with a pair of Sevens


PokerStars Hand #161582924760:  Hold'em Limit ($3/$6 USD) - 2016/11/18 7:50:01 ET
Table 'Burgundia II' 6-max Seat #1 is the button
Seat 1: Ilham7715 ($11.46 in chips)
Seat 4: ToDaFelt ($270.86 in chips)
Ilham7715: posts small blind $1
ToDaFelt: posts big blind $3
*** HOLE CARDS ***
Ilham7715: calls $2
ToDaFelt: raises $3 to $6
Ilham7715: calls $3
*** FLOP *** [6c 7s 5d]
ToDaFelt: bets $3
Ilham7715: raises $2.46 to $5.46 and is all-in
ToDaFelt: calls $2.46
*** TURN *** [6c 7s 5d] [Ts]
*** RIVER *** [6c 7s 5d Ts] [5c]
*** SHOW DOWN ***
ToDaFelt: shows [Ad Qc] (a pair of Fives)
Ilham7715: shows [Ks 5h] (three of a kind, Fives)
Ilham7715 collected $22.46 from pot
*** SUMMARY ***
Total pot $22.92 | Rake $0.46
Board [6c 7s 5d Ts 5c]
Seat 1: Ilham7715 (button) (small blind) showed [Ks 5h] and won ($22.46) with three of a kind, Fives
Seat 4: ToDaFelt (big blind) showed [Ad Qc] and lost with a pair of Fives


PokerStars Hand #161582902857:  Hold'em Limit ($3/$6 USD) - 2016/11/18 7:49:19 ET
Table 'Burgundia II' 6-max Seat #4 is the button
Seat 1: Ilham7715 ($23.46 in chips)
Seat 4: ToDaFelt ($259.34 in chips)
ToDaFelt: posts small blind $1
Ilham7715: posts big blind $3
*** HOLE CARDS ***
ToDaFelt: raises $3 to $6
Ilham7715: calls $3
*** FLOP *** [Js 5d Ac]
Ilham7715: checks
ToDaFelt: bets $3
Ilham7715: raises $3 to $6
ToDaFelt: calls $3
*** TURN *** [Js 5d Ac] [9s]
Ilham7715: checks
ToDaFelt: bets $6
Ilham7715: folds
Uncalled bet ($6) returned to ToDaFelt
ToDaFelt collected $23.52 from pot
ToDaFelt: doesn't show hand
*** SUMMARY ***
Total pot $24 | Rake $0.48
Board [Js 5d Ac 9s]
Seat 1: Ilham7715 (big blind) folded on the Turn
Seat 4: ToDaFelt (button) (small blind) collected ($23.52)


PokerStars Hand #161582937643:  Hold'em Limit ($3/$6 USD) - 2016/11/18 7:50:25 ET
Table 'Burgundia II' 6-max Seat #4 is the button
Seat 1: Ilham7715 ($22.46 in chips)
Seat 4: ToDaFelt ($259.40 in chips)
ToDaFelt: posts small blind $1
Ilham7715: posts big blind $3
*** HOLE CARDS ***
ToDaFelt: raises $3 to $6
Ilham7715: calls $3
*** FLOP *** [7s 4h 8s]
Ilham7715: checks
ToDaFelt: checks
*** TURN *** [7s 4h 8s] [4c]
Ilham7715: checks
ToDaFelt: bets $6
Ilham7715: folds
Uncalled bet ($6) returned to ToDaFelt
ToDaFelt collected $11.76 from pot
ToDaFelt: doesn't show hand
*** SUMMARY ***
Total pot $12 | Rake $0.24
Board [7s 4h 8s 4c]
Seat 1: Ilham7715 (big blind) folded on the Turn
Seat 4: ToDaFelt (button) (small blind) collected ($11.76)


PokerStars Hand #161582959063:  Hold'em Limit ($3/$6 USD) - 2016/11/18 7:51:06 ET
Table 'Burgundia II' 6-max Seat #1 is the button
Seat 1: Ilham7715 ($16.46 in chips)
Seat 4: ToDaFelt ($265.16 in chips)
Ilham7715: posts small blind $1
ToDaFelt: posts big blind $3
*** HOLE CARDS ***
Ilham7715: calls $2
ToDaFelt: raises $3 to $6
Ilham7715: calls $3
*** FLOP *** [9s 6h Jh]
ToDaFelt: bets $3
Ilham7715: raises $3 to $6
ToDaFelt: calls $3
*** TURN *** [9s 6h Jh] [3c]
ToDaFelt: bets $6
Ilham7715: calls $4.46 and is all-in
Uncalled bet ($1.54) returned to ToDaFelt
*** RIVER *** [9s 6h Jh 3c] [Qc]
*** SHOW DOWN ***
ToDaFelt: shows [2d Ac] (high card Ace)
Ilham7715: shows [6c 7s] (a pair of Sixes)
Ilham7715 collected $32.42 from pot
*** SUMMARY ***
Total pot $32.92 | Rake $0.50
Board [9s 6h Jh 3c Qc]
Seat 1: Ilham7715 (button) (small blind) showed [6c 7s] and won ($32.42) with a pair of Sixes
Seat 4: ToDaFelt (big blind) showed [2d Ac] and lost with high card Ace


PokerStars Hand #161582980144:  Hold'em Limit ($3/$6 USD) - 2016/11/18 7:51:45 ET
Table 'Burgundia II' 6-max Seat #4 is the button
Seat 1: Ilham7715 ($32.42 in chips)
Seat 4: ToDaFelt ($248.70 in chips)
ToDaFelt: posts small blind $1
Ilham7715: posts big blind $3
*** HOLE CARDS ***
ToDaFelt: raises $3 to $6
Ilham7715: raises $3 to $9
ToDaFelt: calls $3
*** FLOP *** [Ks Qh 7s]
Ilham7715: bets $3
ToDaFelt: calls $3
*** TURN *** [Ks Qh 7s] [9s]
Ilham7715: bets $6
ToDaFelt: raises $6 to $12
Ilham7715: calls $6
*** RIVER *** [Ks Qh 7s 9s] [5h]
Ilham7715: checks
ToDaFelt: bets $6
Ilham7715: calls $6
*** SHOW DOWN ***
ToDaFelt: shows [Qd Kh] (two pair, Kings and Queens)
Ilham7715: mucks hand
ToDaFelt collected $59.50 from pot
*** SUMMARY ***
Total pot $60 | Rake $0.50
Board [Ks Qh 7s 9s 5h]
Seat 1: Ilham7715 (big blind) mucked
Seat 4: ToDaFelt (button) (small blind) showed [Qd Kh] and won ($59.50) with two pair, Kings and Queens


