PokerStars Hand #163354274759:  Hold'em Limit ($3/$6 USD) - 2016/12/22 14:34:39 ET
Table 'Burgundia II' 6-max Seat #5 is the button
Seat 5: GoliafUa ($116.75 in chips)
Seat 6: sabrina2420 ($116.33 in chips)
GoliafUa: posts small blind $1
sabrina2420: posts big blind $3
*** HOLE CARDS ***
GoliafUa: raises $3 to $6
sabrina2420: calls $3
*** FLOP *** [Ac 4d 9h]
sabrina2420: checks
GoliafUa: bets $3
sabrina2420: raises $3 to $6
GoliafUa: folds
Uncalled bet ($3) returned to sabrina2420
sabrina2420 collected $17.64 from pot
sabrina2420: doesn't show hand
*** SUMMARY ***
Total pot $18 | Rake $0.36
Board [Ac 4d 9h]
Seat 5: GoliafUa (button) (small blind) folded on the Flop
Seat 6: sabrina2420 (big blind) collected ($17.64)


PokerStars Hand #163354301216:  Hold'em Limit ($3/$6 USD) - 2016/12/22 14:35:07 ET
Table 'Burgundia II' 6-max Seat #5 is the button
Seat 5: GoliafUa ($108.75 in chips)
Seat 6: sabrina2420 ($123.97 in chips)
GoliafUa: posts small blind $1
sabrina2420: posts big blind $3
*** HOLE CARDS ***
GoliafUa: raises $3 to $6
sabrina2420: calls $3
*** FLOP *** [3c 5s Kh]
sabrina2420: checks
Eklund_1891 joins the table at seat #3
GoliafUa: bets $3
sabrina2420: raises $3 to $6
GoliafUa: calls $3
*** TURN *** [3c 5s Kh] [Tc]
sabrina2420: checks
GoliafUa: bets $6
sabrina2420: calls $6
*** RIVER *** [3c 5s Kh Tc] [2s]
sabrina2420: checks
GoliafUa: checks
*** SHOW DOWN ***
sabrina2420: shows [5c 6h] (a pair of Fives)
GoliafUa: mucks hand
sabrina2420 collected $35.50 from pot
*** SUMMARY ***
Total pot $36 | Rake $0.50
Board [3c 5s Kh Tc 2s]
Seat 5: GoliafUa (button) (small blind) mucked
Seat 6: sabrina2420 (big blind) showed [5c 6h] and won ($35.50) with a pair of Fives


PokerStars Hand #163354292835:  Hold'em Limit ($3/$6 USD) - 2016/12/22 14:34:57 ET
Table 'Burgundia II' 6-max Seat #6 is the button
Seat 5: GoliafUa ($107.75 in chips)
Seat 6: sabrina2420 ($124.97 in chips)
sabrina2420: posts small blind $1
GoliafUa: posts big blind $3
*** HOLE CARDS ***
sabrina2420: folds
Uncalled bet ($2) returned to GoliafUa
GoliafUa collected $2 from pot
GoliafUa: doesn't show hand
*** SUMMARY ***
Total pot $2 | Rake $0
Seat 5: GoliafUa (big blind) collected ($2)
Seat 6: sabrina2420 (button) (small blind) folded before Flop


PokerStars Hand #163356492411:  Hold'em Limit ($3/$6 USD) - 2016/12/22 15:14:21 ET
Table 'Burgundia II' 6-max Seat #4 is the button
Seat 3: krytalex ($159.40 in chips)
Seat 4: vestimokrec ($192.27 in chips)
vestimokrec: posts small blind $1
wobetting: is sitting out
krytalex: posts big blind $3
*** HOLE CARDS ***
vestimokrec: raises $3 to $6
krytalex: calls $3
*** FLOP *** [Ts Jh 2h]
krytalex: checks
allexso joins the table at seat #5
vestimokrec: checks
*** TURN *** [Ts Jh 2h] [3h]
krytalex: checks
vestimokrec: checks
*** RIVER *** [Ts Jh 2h 3h] [8d]
krytalex: checks
vestimokrec: checks
*** SHOW DOWN ***
krytalex: shows [Kc 6c] (high card King)
vestimokrec: shows [Ac 4c] (high card Ace)
vestimokrec collected $11.76 from pot
*** SUMMARY ***
Total pot $12 | Rake $0.24
Board [Ts Jh 2h 3h 8d]
Seat 3: krytalex (big blind) showed [Kc 6c] and lost with high card King
Seat 4: vestimokrec (button) (small blind) showed [Ac 4c] and won ($11.76) with high card Ace


