PokerStars Hand #157512786488:  Hold'em Limit ($3/$6 USD) - 2016/08/20 10:39:20 ET
Table 'Burgundia' 6-max Seat #4 is the button
Seat 3: frans72 ($92.48 in chips)
Seat 4: VolkovDmitri ($121 in chips)
VolkovDmitri: posts small blind $1
frans72: posts big blind $3
*** HOLE CARDS ***
VolkovDmitri: raises $3 to $6
frans72: calls $3
*** FLOP *** [Ad Qs 6c]
frans72: checks
chengong joins the table at seat #5
VolkovDmitri: bets $3
frans72: folds
Uncalled bet ($3) returned to VolkovDmitri
VolkovDmitri collected $11.76 from pot
VolkovDmitri: doesn't show hand
*** SUMMARY ***
Total pot $12 | Rake $0.24
Board [Ad Qs 6c]
Seat 3: frans72 (big blind) folded on the Flop
Seat 4: VolkovDmitri (button) (small blind) collected ($11.76)


PokerStars Hand #157512780097:  Hold'em Limit ($3/$6 USD) - 2016/08/20 10:39:09 ET
Table 'Burgundia' 6-max Seat #3 is the button
Seat 3: frans72 ($93.48 in chips)
Seat 4: VolkovDmitri ($120 in chips)
frans72: posts small blind $1
VolkovDmitri: posts big blind $3
*** HOLE CARDS ***
frans72: folds
Uncalled bet ($2) returned to VolkovDmitri
VolkovDmitri collected $2 from pot
VolkovDmitri: doesn't show hand
*** SUMMARY ***
Total pot $2 | Rake $0
Seat 3: frans72 (button) (small blind) folded before Flop
Seat 4: VolkovDmitri (big blind) collected ($2)


PokerStars Hand #157512801962:  Hold'em Limit ($3/$6 USD) - 2016/08/20 10:39:47 ET
Table 'Burgundia' 6-max Seat #3 is the button
Seat 3: frans72 ($86.48 in chips)
Seat 4: VolkovDmitri ($126.76 in chips)
frans72: posts small blind $1
VolkovDmitri: posts big blind $3
*** HOLE CARDS ***
frans72: raises $3 to $6
VolkovDmitri: calls $3
*** FLOP *** [6c Kd 2s]
VolkovDmitri: checks
frans72: bets $3
VolkovDmitri: folds
Uncalled bet ($3) returned to frans72
frans72 collected $11.76 from pot
frans72: doesn't show hand
*** SUMMARY ***
Total pot $12 | Rake $0.24
Board [6c Kd 2s]
Seat 3: frans72 (button) (small blind) collected ($11.76)
Seat 4: VolkovDmitri (big blind) folded on the Flop


PokerStars Hand #157513463004:  Hold'em Limit ($3/$6 USD) - 2016/08/20 10:59:24 ET
Table 'Burgundia' 6-max Seat #4 is the button
Seat 1: veterankwu ($36 in chips)
Seat 4: Kajind ($140.12 in chips)
Kajind: posts small blind $1
Chessnok: is sitting out
veterankwu: posts big blind $3
*** HOLE CARDS ***
Chessnok leaves the table
Kajind: raises $3 to $6
chengong leaves the table
veterankwu: calls $3
*** FLOP *** [7s 6h 5s]
veterankwu: checks
Kaukadiginte leaves the table
Kajind: bets $3
veterankwu: calls $3
*** TURN *** [7s 6h 5s] [9s]
veterankwu: bets $6
Kajind: calls $6
*** RIVER *** [7s 6h 5s 9s] [4c]
veterankwu: bets $6
Kajind: calls $6
*** SHOW DOWN ***
veterankwu: shows [Qs 3s] (a flush, Queen high)
Kajind: mucks hand
veterankwu collected $41.50 from pot
*** SUMMARY ***
Total pot $42 | Rake $0.50
Board [7s 6h 5s 9s 4c]
Seat 1: veterankwu (big blind) showed [Qs 3s] and won ($41.50) with a flush, Queen high
Seat 4: Kajind (button) (small blind) mucked


