PokerStars Hand #153328210634:  Hold'em Limit ($3/$6 USD) - 2016/05/14 21:39:28 ET
Table 'Burgi' 6-max Seat #3 is the button
Seat 3: crazy910 ($120 in chips)
Seat 4: anetkaapro ($120 in chips)
crazy910: posts small blind $1
anetkaapro: posts big blind $3
*** HOLE CARDS ***
crazy910: raises $3 to $6
anetkaapro: folds
Uncalled bet ($3) returned to crazy910
crazy910 collected $6 from pot
*** SUMMARY ***
Total pot $6 | Rake $0
Seat 3: crazy910 (button) (small blind) collected ($6)
Seat 4: anetkaapro (big blind) folded before Flop


PokerStars Hand #153328236048:  Hold'em Limit ($3/$6 USD) - 2016/05/14 21:40:29 ET
Table 'Burgi' 6-max Seat #3 is the button
Seat 3: crazy910 ($115 in chips)
Seat 4: anetkaapro ($124.76 in chips)
crazy910: posts small blind $1
anetkaapro: posts big blind $3
*** HOLE CARDS ***
crazy910: raises $3 to $6
anetkaapro: calls $3
*** FLOP *** [Ts Jh Kd]
anetkaapro: checks
crazy910: bets $3
anetkaapro: folds
Uncalled bet ($3) returned to crazy910
crazy910 collected $11.76 from pot
crazy910: doesn't show hand
*** SUMMARY ***
Total pot $12 | Rake $0.24
Board [Ts Jh Kd]
Seat 3: crazy910 (button) (small blind) collected ($11.76)
Seat 4: anetkaapro (big blind) folded on the Flop


PokerStars Hand #153328234226:  Hold'em Limit ($3/$6 USD) - 2016/05/14 21:40:25 ET
Table 'Burgi' 6-max Seat #4 is the button
Seat 3: crazy910 ($114 in chips)
Seat 4: anetkaapro ($125.76 in chips)
anetkaapro: posts small blind $1
crazy910: posts big blind $3
*** HOLE CARDS ***
anetkaapro: folds
Uncalled bet ($2) returned to crazy910
crazy910 collected $2 from pot
crazy910: doesn't show hand
*** SUMMARY ***
Total pot $2 | Rake $0
Seat 3: crazy910 (big blind) collected ($2)
Seat 4: anetkaapro (button) (small blind) folded before Flop


PokerStars Hand #153328220052:  Hold'em Limit ($3/$6 USD) - 2016/05/14 21:39:50 ET
Table 'Burgi' 6-max Seat #3 is the button
Seat 3: crazy910 ($120 in chips)
Seat 4: anetkaapro ($120 in chips)
crazy910: posts small blind $1
anetkaapro: posts big blind $3
*** HOLE CARDS ***
crazy910: raises $3 to $6
anetkaapro: calls $3
*** FLOP *** [Qh Td 5s]
anetkaapro: checks
crazy910: checks
*** TURN *** [Qh Td 5s] [Tc]
anetkaapro: checks
crazy910: checks
*** RIVER *** [Qh Td 5s Tc] [Kc]
anetkaapro: bets $6
crazy910: folds
Uncalled bet ($6) returned to anetkaapro
anetkaapro collected $11.76 from pot
anetkaapro: doesn't show hand
*** SUMMARY ***
Total pot $12 | Rake $0.24
Board [Qh Td 5s Tc Kc]
Seat 3: crazy910 (button) (small blind) folded on the River
Seat 4: anetkaapro (big blind) collected ($11.76)


PokerStars Hand #153328215486:  Hold'em Limit ($3/$6 USD) - 2016/05/14 21:39:39 ET
Table 'Burgi' 6-max Seat #4 is the button
Seat 3: crazy910 ($123 in chips)
Seat 4: anetkaapro ($117 in chips)
anetkaapro: posts small blind $1
crazy910: posts big blind $3
*** HOLE CARDS ***
anetkaapro: raises $3 to $6
crazy910: folds
Uncalled bet ($3) returned to anetkaapro
anetkaapro collected $6 from pot
anetkaapro: doesn't show hand
*** SUMMARY ***
Total pot $6 | Rake $0
Seat 3: crazy910 (big blind) folded before Flop
Seat 4: anetkaapro (button) (small blind) collected ($6)


PokerStars Hand #153328245358:  Hold'em Limit ($3/$6 USD) - 2016/05/14 21:40:52 ET
Table 'Burgi' 6-max Seat #3 is the button
Seat 3: crazy910 ($121.76 in chips)
Seat 4: anetkaapro ($117.76 in chips)
crazy910: posts small blind $1
anetkaapro: posts big blind $3
*** HOLE CARDS ***
crazy910: folds
Uncalled bet ($2) returned to anetkaapro
SALZHERZ joins the table at seat #6
anetkaapro collected $2 from pot
anetkaapro: doesn't show hand
*** SUMMARY ***
Total pot $2 | Rake $0
Seat 3: crazy910 (button) (small blind) folded before Flop
Seat 4: anetkaapro (big blind) collected ($2)


PokerStars Hand #153328243499:  Hold'em Limit ($3/$6 USD) - 2016/05/14 21:40:47 ET
Table 'Burgi' 6-max Seat #4 is the button
Seat 3: crazy910 ($120.76 in chips)
Seat 4: anetkaapro ($118.76 in chips)
anetkaapro: posts small blind $1
crazy910: posts big blind $3
*** HOLE CARDS ***
anetkaapro: folds
Uncalled bet ($2) returned to crazy910
crazy910 collected $2 from pot
crazy910: doesn't show hand
*** SUMMARY ***
Total pot $2 | Rake $0
Seat 3: crazy910 (big blind) collected ($2)
Seat 4: anetkaapro (button) (small blind) folded before Flop


PokerStars Hand #153328943361:  Hold'em Limit ($3/$6 USD) - 2016/05/14 22:11:22 ET
Table 'Burgi' 6-max Seat #1 is the button
Seat 1: lin1rabbit ($108 in chips)
Seat 6: SALZHERZ ($302.16 in chips)
lin1rabbit: posts small blind $1
SALZHERZ: posts big blind $3
*** HOLE CARDS ***
lin1rabbit: raises $3 to $6
SALZHERZ: calls $3
*** FLOP *** [Ad 5h 8h]
SALZHERZ: checks
lin1rabbit: bets $3
SALZHERZ: calls $3
*** TURN *** [Ad 5h 8h] [4s]
SALZHERZ: checks
lin1rabbit: bets $6
SALZHERZ: calls $6
*** RIVER *** [Ad 5h 8h 4s] [5c]
SALZHERZ: checks
lin1rabbit: bets $6
SALZHERZ: calls $6
*** SHOW DOWN ***
lin1rabbit: shows [9s Ah] (two pair, Aces and Fives)
SALZHERZ: mucks hand
lin1rabbit collected $41.50 from pot
*** SUMMARY ***
Total pot $42 | Rake $0.50
Board [Ad 5h 8h 4s 5c]
Seat 1: lin1rabbit (button) (small blind) showed [9s Ah] and won ($41.50) with two pair, Aces and Fives
Seat 6: SALZHERZ (big blind) mucked


PokerStars Hand #153328916477:  Hold'em Limit ($3/$6 USD) - 2016/05/14 22:10:14 ET
Table 'Burgi' 6-max Seat #1 is the button
Seat 1: lin1rabbit ($102.50 in chips)
Seat 6: SALZHERZ ($308.66 in chips)
lin1rabbit: posts small blind $1
anetkaapro: is sitting out
SALZHERZ: posts big blind $3
*** HOLE CARDS ***
lin1rabbit: raises $3 to $6
SALZHERZ: raises $3 to $9
lin1rabbit: calls $3
*** FLOP *** [Jd Kd Ad]
SALZHERZ: bets $3
lin1rabbit: calls $3
*** TURN *** [Jd Kd Ad] [Ks]
SALZHERZ: bets $6
lin1rabbit: calls $6
*** RIVER *** [Jd Kd Ad Ks] [4c]
SALZHERZ: bets $6
lin1rabbit: raises $6 to $12
SALZHERZ: raises $6 to $18
lin1rabbit: folds
Uncalled bet ($6) returned to SALZHERZ
SALZHERZ collected $59.50 from pot
SALZHERZ: doesn't show hand
*** SUMMARY ***
Total pot $60 | Rake $0.50
Board [Jd Kd Ad Ks 4c]
Seat 1: lin1rabbit (button) (small blind) folded on the River
Seat 6: SALZHERZ (big blind) collected ($59.50)


PokerStars Hand #153329432276:  Hold'em Limit ($3/$6 USD) - 2016/05/14 22:33:33 ET
Table 'Burgi' 6-max Seat #3 is the button
Seat 3: ArashCash ($120 in chips)
Seat 4: anetkaapro ($135.44 in chips)
ArashCash: posts small blind $1
anetkaapro: posts big blind $3
*** HOLE CARDS ***
ArashCash: calls $2
anetkaapro: raises $3 to $6
ArashCash: calls $3
*** FLOP *** [Qc 2s 7d]
anetkaapro: bets $3
ArashCash: calls $3
*** TURN *** [Qc 2s 7d] [5h]
anetkaapro: bets $6
ArashCash: raises $6 to $12
anetkaapro: raises $6 to $18
ArashCash: calls $6
*** RIVER *** [Qc 2s 7d 5h] [As]
anetkaapro: bets $6
ArashCash: calls $6
*** SHOW DOWN ***
anetkaapro: shows [3s Qs] (a pair of Queens)
ArashCash: shows [Qd 9s] (a pair of Queens - Ace+Nine kicker)
ArashCash collected $65.50 from pot
*** SUMMARY ***
Total pot $66 | Rake $0.50
Board [Qc 2s 7d 5h As]
Seat 3: ArashCash (button) (small blind) showed [Qd 9s] and won ($65.50) with a pair of Queens
Seat 4: anetkaapro (big blind) showed [3s Qs] and lost with a pair of Queens


PokerStars Hand #153329440878:  Hold'em Limit ($3/$6 USD) - 2016/05/14 22:33:58 ET
Table 'Burgi' 6-max Seat #4 is the button
Seat 3: ArashCash ($152.50 in chips)
Seat 4: anetkaapro ($102.44 in chips)
anetkaapro: posts small blind $1
ArashCash: posts big blind $3
*** HOLE CARDS ***
anetkaapro: raises $3 to $6
ArashCash: raises $3 to $9
anetkaapro: calls $3
*** FLOP *** [3c Ts 2h]
ArashCash: bets $3
anetkaapro: calls $3
*** TURN *** [3c Ts 2h] [9s]
ArashCash: bets $6
anetkaapro: calls $6
*** RIVER *** [3c Ts 2h 9s] [Jd]
ArashCash: bets $6
anetkaapro: folds
Uncalled bet ($6) returned to ArashCash
ArashCash collected $35.50 from pot
ArashCash: doesn't show hand
*** SUMMARY ***
Total pot $36 | Rake $0.50
Board [3c Ts 2h 9s Jd]
Seat 3: ArashCash (big blind) collected ($35.50)
Seat 4: anetkaapro (button) (small blind) folded on the River


PokerStars Hand #153329451999:  Hold'em Limit ($3/$6 USD) - 2016/05/14 22:34:11 ET
Table 'Burgi' 6-max Seat #3 is the button
Seat 3: ArashCash ($170 in chips)
Seat 4: anetkaapro ($84.44 in chips)
ArashCash: posts small blind $1
anetkaapro: posts big blind $3
*** HOLE CARDS ***
ArashCash: raises $3 to $6
anetkaapro: calls $3
*** FLOP *** [8d 9s 8c]
anetkaapro: checks
ArashCash: bets $3
anetkaapro: calls $3
*** TURN *** [8d 9s 8c] [4h]
anetkaapro: checks
ArashCash: checks
*** RIVER *** [8d 9s 8c 4h] [Ts]
anetkaapro: checks
ArashCash: checks
*** SHOW DOWN ***
anetkaapro: shows [As 5h] (a pair of Eights)
ArashCash: mucks hand
anetkaapro collected $17.64 from pot
*** SUMMARY ***
Total pot $18 | Rake $0.36
Board [8d 9s 8c 4h Ts]
Seat 3: ArashCash (button) (small blind) mucked
Seat 4: anetkaapro (big blind) showed [As 5h] and won ($17.64) with a pair of Eights


PokerStars Hand #153329459110:  Hold'em Limit ($3/$6 USD) - 2016/05/14 22:34:32 ET
Table 'Burgi' 6-max Seat #4 is the button
Seat 3: ArashCash ($161 in chips)
Seat 4: anetkaapro ($93.08 in chips)
anetkaapro: posts small blind $1
ArashCash: posts big blind $3
*** HOLE CARDS ***
anetkaapro: raises $3 to $6
ArashCash: calls $3
*** FLOP *** [Js 6c 2c]
ArashCash: checks
anetkaapro: bets $3
ArashCash: folds
Uncalled bet ($3) returned to anetkaapro
anetkaapro collected $11.76 from pot
anetkaapro: doesn't show hand
*** SUMMARY ***
Total pot $12 | Rake $0.24
Board [Js 6c 2c]
Seat 3: ArashCash (big blind) folded on the Flop
Seat 4: anetkaapro (button) (small blind) collected ($11.76)


PokerStars Hand #153329461777:  Hold'em Limit ($3/$6 USD) - 2016/05/14 22:34:40 ET
Table 'Burgi' 6-max Seat #3 is the button
Seat 3: ArashCash ($155 in chips)
Seat 4: anetkaapro ($98.84 in chips)
ArashCash: posts small blind $1
anetkaapro: posts big blind $3
*** HOLE CARDS ***
ArashCash: calls $2
anetkaapro: checks
*** FLOP *** [7d Kh 5h]
anetkaapro: bets $3
ArashCash: calls $3
*** TURN *** [7d Kh 5h] [6h]
anetkaapro: checks
ArashCash: bets $6
anetkaapro: calls $6
*** RIVER *** [7d Kh 5h 6h] [Ac]
anetkaapro: checks
ArashCash: bets $6
anetkaapro: calls $6
*** SHOW DOWN ***
ArashCash: shows [Kc 2d] (a pair of Kings)
anetkaapro: mucks hand
ArashCash collected $35.50 from pot
*** SUMMARY ***
Total pot $36 | Rake $0.50
Board [7d Kh 5h 6h Ac]
Seat 3: ArashCash (button) (small blind) showed [Kc 2d] and won ($35.50) with a pair of Kings
Seat 4: anetkaapro (big blind) mucked


PokerStars Hand #153329468185:  Hold'em Limit ($3/$6 USD) - 2016/05/14 22:34:58 ET
Table 'Burgi' 6-max Seat #4 is the button
Seat 3: ArashCash ($172.50 in chips)
Seat 4: anetkaapro ($80.84 in chips)
anetkaapro: posts small blind $1
ArashCash: posts big blind $3
*** HOLE CARDS ***
anetkaapro: raises $3 to $6
ArashCash: calls $3
*** FLOP *** [7h 9d 6s]
ArashCash: checks
anetkaapro: bets $3
ArashCash: folds
Uncalled bet ($3) returned to anetkaapro
anetkaapro collected $11.76 from pot
anetkaapro: doesn't show hand
*** SUMMARY ***
Total pot $12 | Rake $0.24
Board [7h 9d 6s]
Seat 3: ArashCash (big blind) folded on the Flop
Seat 4: anetkaapro (button) (small blind) collected ($11.76)


PokerStars Hand #153329474166:  Hold'em Limit ($3/$6 USD) - 2016/05/14 22:35:16 ET
Table 'Burgi' 6-max Seat #3 is the button
Seat 3: ArashCash ($166.50 in chips)
Seat 4: anetkaapro ($86.60 in chips)
ArashCash: posts small blind $1
anetkaapro: posts big blind $3
*** HOLE CARDS ***
ArashCash: calls $2
anetkaapro: checks
*** FLOP *** [Jd 7c Ts]
anetkaapro: bets $3
ArashCash: calls $3
*** TURN *** [Jd 7c Ts] [Ks]
anetkaapro: bets $6
ArashCash: calls $6
*** RIVER *** [Jd 7c Ts Ks] [Jc]
anetkaapro: bets $6
ArashCash: folds
Uncalled bet ($6) returned to anetkaapro
anetkaapro collected $23.52 from pot
anetkaapro: doesn't show hand
*** SUMMARY ***
Total pot $24 | Rake $0.48
Board [Jd 7c Ts Ks Jc]
Seat 3: ArashCash (button) (small blind) folded on the River
Seat 4: anetkaapro (big blind) collected ($23.52)


PokerStars Hand #153329480746:  Hold'em Limit ($3/$6 USD) - 2016/05/14 22:35:35 ET
Table 'Burgi' 6-max Seat #4 is the button
Seat 3: ArashCash ($154.50 in chips)
Seat 4: anetkaapro ($98.12 in chips)
anetkaapro: posts small blind $1
ArashCash: posts big blind $3
*** HOLE CARDS ***
anetkaapro: raises $3 to $6
ArashCash: calls $3
*** FLOP *** [Tc 3h 9d]
ArashCash: bets $3
anetkaapro: calls $3
*** TURN *** [Tc 3h 9d] [2c]
ArashCash: bets $6
anetkaapro: calls $6
*** RIVER *** [Tc 3h 9d 2c] [5s]
ArashCash: bets $6
anetkaapro: calls $6
*** SHOW DOWN ***
ArashCash: shows [9h 5h] (two pair, Nines and Fives)
anetkaapro: mucks hand
ArashCash collected $41.50 from pot
*** SUMMARY ***
Total pot $42 | Rake $0.50
Board [Tc 3h 9d 2c 5s]
Seat 3: ArashCash (big blind) showed [9h 5h] and won ($41.50) with two pair, Nines and Fives
Seat 4: anetkaapro (button) (small blind) mucked


PokerStars Hand #153329489119:  Hold'em Limit ($3/$6 USD) - 2016/05/14 22:35:59 ET
Table 'Burgi' 6-max Seat #3 is the button
Seat 3: ArashCash ($175 in chips)
Seat 4: anetkaapro ($77.12 in chips)
ArashCash: posts small blind $1
anetkaapro: posts big blind $3
*** HOLE CARDS ***
ArashCash: calls $2
anetkaapro: checks
*** FLOP *** [Tc 9h Jc]
anetkaapro: checks
ArashCash: bets $3
anetkaapro: folds
Uncalled bet ($3) returned to ArashCash
ArashCash collected $5.88 from pot
*** SUMMARY ***
Total pot $6 | Rake $0.12
Board [Tc 9h Jc]
Seat 3: ArashCash (button) (small blind) collected ($5.88)
Seat 4: anetkaapro (big blind) folded on the Flop


PokerStars Hand #153329492074:  Hold'em Limit ($3/$6 USD) - 2016/05/14 22:36:08 ET
Table 'Burgi' 6-max Seat #4 is the button
Seat 3: ArashCash ($177.88 in chips)
Seat 4: anetkaapro ($74.12 in chips)
anetkaapro: posts small blind $1
ArashCash: posts big blind $3
*** HOLE CARDS ***
anetkaapro: raises $3 to $6
ArashCash: calls $3
*** FLOP *** [4s Td 4c]
ArashCash: checks
anetkaapro: bets $3
ArashCash: folds
Uncalled bet ($3) returned to anetkaapro
anetkaapro collected $11.76 from pot
anetkaapro: doesn't show hand
*** SUMMARY ***
Total pot $12 | Rake $0.24
Board [4s Td 4c]
Seat 3: ArashCash (big blind) folded on the Flop
Seat 4: anetkaapro (button) (small blind) collected ($11.76)


PokerStars Hand #153329496994:  Hold'em Limit ($3/$6 USD) - 2016/05/14 22:36:23 ET
Table 'Burgi' 6-max Seat #3 is the button
Seat 3: ArashCash ($171.88 in chips)
Seat 4: anetkaapro ($79.88 in chips)
ArashCash: posts small blind $1
anetkaapro: posts big blind $3
*** HOLE CARDS ***
ArashCash: calls $2
anetkaapro: raises $3 to $6
ArashCash: calls $3
*** FLOP *** [3d 4d Kd]
anetkaapro: bets $3
ArashCash: folds
Uncalled bet ($3) returned to anetkaapro
anetkaapro collected $11.76 from pot
anetkaapro: doesn't show hand
*** SUMMARY ***
Total pot $12 | Rake $0.24
Board [3d 4d Kd]
Seat 3: ArashCash (button) (small blind) folded on the Flop
Seat 4: anetkaapro (big blind) collected ($11.76)


PokerStars Hand #153329502415:  Hold'em Limit ($3/$6 USD) - 2016/05/14 22:36:38 ET
Table 'Burgi' 6-max Seat #4 is the button
Seat 3: ArashCash ($165.88 in chips)
Seat 4: anetkaapro ($85.64 in chips)
anetkaapro: posts small blind $1
ArashCash: posts big blind $3
*** HOLE CARDS ***
anetkaapro: raises $3 to $6
ArashCash: calls $3
*** FLOP *** [Qd 9c 4d]
ArashCash: checks
anetkaapro: bets $3
ArashCash: calls $3
*** TURN *** [Qd 9c 4d] [2h]
ArashCash: checks
anetkaapro: bets $6
ArashCash: calls $6
*** RIVER *** [Qd 9c 4d 2h] [6h]
ArashCash: checks
anetkaapro: bets $6
ArashCash: folds
Uncalled bet ($6) returned to anetkaapro
anetkaapro collected $29.50 from pot
anetkaapro: doesn't show hand
*** SUMMARY ***
Total pot $30 | Rake $0.50
Board [Qd 9c 4d 2h 6h]
Seat 3: ArashCash (big blind) folded on the River
Seat 4: anetkaapro (button) (small blind) collected ($29.50)


PokerStars Hand #153329513384:  Hold'em Limit ($3/$6 USD) - 2016/05/14 22:37:10 ET
Table 'Burgi' 6-max Seat #3 is the button
Seat 3: ArashCash ($150.88 in chips)
Seat 4: anetkaapro ($100.14 in chips)
ArashCash: posts small blind $1
anetkaapro: posts big blind $3
*** HOLE CARDS ***
ArashCash: calls $2
anetkaapro: raises $3 to $6
ArashCash: calls $3
*** FLOP *** [Qh 6h 7d]
anetkaapro: bets $3
ArashCash: calls $3
*** TURN *** [Qh 6h 7d] [4h]
anetkaapro: bets $6
ArashCash: raises $6 to $12
anetkaapro: calls $6
*** RIVER *** [Qh 6h 7d 4h] [3d]
anetkaapro: checks
ArashCash: bets $6
anetkaapro: calls $6
*** SHOW DOWN ***
ArashCash: shows [5c 8c] (a straight, Four to Eight)
anetkaapro: mucks hand
ArashCash collected $53.50 from pot
*** SUMMARY ***
Total pot $54 | Rake $0.50
Board [Qh 6h 7d 4h 3d]
Seat 3: ArashCash (button) (small blind) showed [5c 8c] and won ($53.50) with a straight, Four to Eight
Seat 4: anetkaapro (big blind) mucked


PokerStars Hand #153329520322:  Hold'em Limit ($3/$6 USD) - 2016/05/14 22:37:30 ET
Table 'Burgi' 6-max Seat #4 is the button
Seat 3: ArashCash ($177.38 in chips)
Seat 4: anetkaapro ($73.14 in chips)
anetkaapro: posts small blind $1
ArashCash: posts big blind $3
*** HOLE CARDS ***
anetkaapro: raises $3 to $6
ArashCash: calls $3
*** FLOP *** [2s Td Ah]
ArashCash: checks
anetkaapro: bets $3
ArashCash: raises $3 to $6
anetkaapro: folds
Uncalled bet ($3) returned to ArashCash
ArashCash collected $17.64 from pot
ArashCash: doesn't show hand
*** SUMMARY ***
Total pot $18 | Rake $0.36
Board [2s Td Ah]
Seat 3: ArashCash (big blind) collected ($17.64)
Seat 4: anetkaapro (button) (small blind) folded on the Flop


