PokerStars Hand #159362715764:  Hold'em Limit ($3/$6 USD) - 2016/10/02 3:55:50 ET
Table 'Byblis II' 6-max Seat #3 is the button
Seat 3: Ingmar Ross ($96.50 in chips)
Seat 6: Dennis410 ($45 in chips)
Ingmar Ross: posts small blind $1
Dennis410: posts big blind $3
*** HOLE CARDS ***
Ingmar Ross: raises $3 to $6
Dennis410: calls $3
*** FLOP *** [Qh Jc As]
Dennis410: checks
Ingmar Ross: bets $3
Dennis410: folds
Uncalled bet ($3) returned to Ingmar Ross
Fantomet joins the table at seat #2
Ingmar Ross collected $11.76 from pot
Ingmar Ross: doesn't show hand
*** SUMMARY ***
Total pot $12 | Rake $0.24
Board [Qh Jc As]
Seat 3: Ingmar Ross (button) (small blind) collected ($11.76)
Seat 6: Dennis410 (big blind) folded on the Flop


PokerStars Hand #159362707915:  Hold'em Limit ($3/$6 USD) - 2016/10/02 3:55:22 ET
Table 'Byblis II' 6-max Seat #6 is the button
Seat 3: Ingmar Ross ($82 in chips)
Seat 6: Dennis410 ($60 in chips)
Dennis410: posts small blind $1
Ingmar Ross: posts big blind $3
*** HOLE CARDS ***
Dennis410: raises $3 to $6
Ingmar Ross: calls $3
*** FLOP *** [7c 6d Jd]
Ingmar Ross: checks
Dennis410: bets $3
Ingmar Ross: calls $3
*** TURN *** [7c 6d Jd] [Kc]
Ingmar Ross: checks
Agrotait leaves the table
Dennis410: bets $6
Ingmar Ross: calls $6
*** RIVER *** [7c 6d Jd Kc] [8s]
Ingmar Ross: checks
Dennis410: checks
*** SHOW DOWN ***
Ingmar Ross: shows [4c 7s] (a pair of Sevens)
Dennis410: mucks hand
Ingmar Ross collected $29.50 from pot
*** SUMMARY ***
Total pot $30 | Rake $0.50
Board [7c 6d Jd Kc 8s]
Seat 3: Ingmar Ross (big blind) showed [4c 7s] and won ($29.50) with a pair of Sevens
Seat 6: Dennis410 (button) (small blind) mucked


