PokerStars Hand #164658096844:  Hold'em Limit ($3/$6 USD) - 2017/01/16 4:17:22 ET
Table 'Byblis II' 6-max Seat #3 is the button
Seat 3: RSA53 ($118 in chips)
Seat 4: TbIP-TbIP 88 ($72 in chips)
RSA53: posts small blind $1
TbIP-TbIP 88: posts big blind $3
*** HOLE CARDS ***
RSA53: raises $3 to $6
TbIP-TbIP 88: calls $3
*** FLOP *** [Ah Qs 7d]
TbIP-TbIP 88: checks
RSA53: bets $3
TbIP-TbIP 88: calls $3
*** TURN *** [Ah Qs 7d] [2s]
TbIP-TbIP 88: checks
RSA53: bets $6
TbIP-TbIP 88: calls $6
*** RIVER *** [Ah Qs 7d 2s] [3h]
TbIP-TbIP 88: checks
RSA53: bets $6
TbIP-TbIP 88: calls $6
*** SHOW DOWN ***
RSA53: shows [8s 9c] (high card Ace)
TbIP-TbIP 88: shows [7s Ks] (a pair of Sevens)
TbIP-TbIP 88 collected $41.50 from pot
*** SUMMARY ***
Total pot $42 | Rake $0.50
Board [Ah Qs 7d 2s 3h]
Seat 3: RSA53 (button) (small blind) showed [8s 9c] and lost with high card Ace
Seat 4: TbIP-TbIP 88 (big blind) showed [7s Ks] and won ($41.50) with a pair of Sevens


PokerStars Hand #164658105895:  Hold'em Limit ($3/$6 USD) - 2017/01/16 4:17:48 ET
Table 'Byblis II' 6-max Seat #4 is the button
Seat 3: RSA53 ($97 in chips)
Seat 4: TbIP-TbIP 88 ($92.50 in chips)
TbIP-TbIP 88: posts small blind $1
RSA53: posts big blind $3
*** HOLE CARDS ***
TbIP-TbIP 88: folds
Uncalled bet ($2) returned to RSA53
RSA53 collected $2 from pot
*** SUMMARY ***
Total pot $2 | Rake $0
Seat 3: RSA53 (big blind) collected ($2)
Seat 4: TbIP-TbIP 88 (button) (small blind) folded before Flop


PokerStars Hand #164658110099:  Hold'em Limit ($3/$6 USD) - 2017/01/16 4:18:00 ET
Table 'Byblis II' 6-max Seat #3 is the button
Seat 3: RSA53 ($98 in chips)
Seat 4: TbIP-TbIP 88 ($91.50 in chips)
RSA53: posts small blind $1
TbIP-TbIP 88: posts big blind $3
*** HOLE CARDS ***
RSA53: raises $3 to $6
TbIP-TbIP 88: calls $3
*** FLOP *** [8h 7h 3c]
TbIP-TbIP 88: checks
RSA53: checks
*** TURN *** [8h 7h 3c] [2s]
TbIP-TbIP 88: bets $6
RSA53: calls $6
*** RIVER *** [8h 7h 3c 2s] [8d]
TbIP-TbIP 88: bets $6
RSA53: calls $6
*** SHOW DOWN ***
TbIP-TbIP 88: shows [7s 6h] (two pair, Eights and Sevens)
RSA53: mucks hand
TbIP-TbIP 88 collected $35.50 from pot
*** SUMMARY ***
Total pot $36 | Rake $0.50
Board [8h 7h 3c 2s 8d]
Seat 3: RSA53 (button) (small blind) mucked
Seat 4: TbIP-TbIP 88 (big blind) showed [7s 6h] and won ($35.50) with two pair, Eights and Sevens


PokerStars Hand #164658123760:  Hold'em Limit ($3/$6 USD) - 2017/01/16 4:18:41 ET
Table 'Byblis II' 6-max Seat #3 is the button
Seat 3: RSA53 ($91.52 in chips)
Seat 4: TbIP-TbIP 88 ($97 in chips)
RSA53: posts small blind $1
TbIP-TbIP 88: posts big blind $3
*** HOLE CARDS ***
RSA53: raises $3 to $6
TbIP-TbIP 88: raises $3 to $9
RSA53: raises $3 to $12
Betting is capped
TbIP-TbIP 88: calls $3
*** FLOP *** [2s 4h 3h]
TbIP-TbIP 88: checks
RSA53: bets $3
TbIP-TbIP 88: calls $3
*** TURN *** [2s 4h 3h] [Ks]
TbIP-TbIP 88: checks
RSA53: checks
*** RIVER *** [2s 4h 3h Ks] [Qc]
TbIP-TbIP 88: checks
RSA53: bets $6
TbIP-TbIP 88: calls $6
*** SHOW DOWN ***
RSA53: shows [Ts Qh] (a pair of Queens)
TbIP-TbIP 88: mucks hand
RSA53 collected $41.50 from pot
*** SUMMARY ***
Total pot $42 | Rake $0.50
Board [2s 4h 3h Ks Qc]
Seat 3: RSA53 (button) (small blind) showed [Ts Qh] and won ($41.50) with a pair of Queens
Seat 4: TbIP-TbIP 88 (big blind) mucked


PokerStars Hand #164658161384:  Hold'em Limit ($3/$6 USD) - 2017/01/16 4:20:31 ET
Table 'Byblis II' 6-max Seat #4 is the button
Seat 3: RSA53 ($78.66 in chips)
Seat 4: TbIP-TbIP 88 ($113.50 in chips)
TbIP-TbIP 88: posts small blind $1
RSA53: posts big blind $3
*** HOLE CARDS ***
TbIP-TbIP 88: folds
Uncalled bet ($2) returned to RSA53
RSA53 collected $2 from pot
*** SUMMARY ***
Total pot $2 | Rake $0
Seat 3: RSA53 (big blind) collected ($2)
Seat 4: TbIP-TbIP 88 (button) (small blind) folded before Flop


PokerStars Hand #164658146269:  Hold'em Limit ($3/$6 USD) - 2017/01/16 4:19:47 ET
Table 'Byblis II' 6-max Seat #3 is the button
Seat 3: RSA53 ($120.66 in chips)
Seat 4: TbIP-TbIP 88 ($72 in chips)
RSA53: posts small blind $1
TbIP-TbIP 88: posts big blind $3
*** HOLE CARDS ***
RSA53: raises $3 to $6
TbIP-TbIP 88: raises $3 to $9
RSA53: raises $3 to $12
Betting is capped
TbIP-TbIP 88: calls $3
*** FLOP *** [Ac Tc 8h]
TbIP-TbIP 88: checks
RSA53: bets $3
TbIP-TbIP 88: raises $3 to $6
RSA53: calls $3
*** TURN *** [Ac Tc 8h] [Ks]
TbIP-TbIP 88: bets $6
RSA53: calls $6
*** RIVER *** [Ac Tc 8h Ks] [7d]
TbIP-TbIP 88: bets $6
RSA53: raises $6 to $12
TbIP-TbIP 88: raises $6 to $18
RSA53: calls $6
*** SHOW DOWN ***
TbIP-TbIP 88: shows [8c 8s] (three of a kind, Eights)
RSA53: mucks hand
TbIP-TbIP 88 collected $83.50 from pot
*** SUMMARY ***
Total pot $84 | Rake $0.50
Board [Ac Tc 8h Ks 7d]
Seat 3: RSA53 (button) (small blind) mucked
Seat 4: TbIP-TbIP 88 (big blind) showed [8c 8s] and won ($83.50) with three of a kind, Eights


PokerStars Hand #164658173447:  Hold'em Limit ($3/$6 USD) - 2017/01/16 4:21:05 ET
Table 'Byblis II' 6-max Seat #3 is the button
Seat 3: RSA53 ($82.42 in chips)
Seat 4: TbIP-TbIP 88 ($109.50 in chips)
RSA53: posts small blind $1
TbIP-TbIP 88: posts big blind $3
*** HOLE CARDS ***
RSA53: raises $3 to $6
TbIP-TbIP 88: calls $3
*** FLOP *** [6s 4d Qs]
TbIP-TbIP 88: checks
RSA53: checks
*** TURN *** [6s 4d Qs] [3h]
TbIP-TbIP 88: bets $6
RSA53: calls $6
*** RIVER *** [6s 4d Qs 3h] [Qc]
TbIP-TbIP 88: bets $6
RSA53: calls $6
*** SHOW DOWN ***
TbIP-TbIP 88: shows [Qd Jd] (three of a kind, Queens)
RSA53: mucks hand
TbIP-TbIP 88 collected $35.50 from pot
*** SUMMARY ***
Total pot $36 | Rake $0.50
Board [6s 4d Qs 3h Qc]
Seat 3: RSA53 (button) (small blind) mucked
Seat 4: TbIP-TbIP 88 (big blind) showed [Qd Jd] and won ($35.50) with three of a kind, Queens


PokerStars Hand #164658171106:  Hold'em Limit ($3/$6 USD) - 2017/01/16 4:20:58 ET
Table 'Byblis II' 6-max Seat #4 is the button
Seat 3: RSA53 ($85.42 in chips)
Seat 4: TbIP-TbIP 88 ($106.50 in chips)
TbIP-TbIP 88: posts small blind $1
RSA53: posts big blind $3
*** HOLE CARDS ***
TbIP-TbIP 88: raises $3 to $6
RSA53: folds
Uncalled bet ($3) returned to TbIP-TbIP 88
TbIP-TbIP 88 collected $6 from pot
TbIP-TbIP 88: doesn't show hand
*** SUMMARY ***
Total pot $6 | Rake $0
Seat 3: RSA53 (big blind) folded before Flop
Seat 4: TbIP-TbIP 88 (button) (small blind) collected ($6)


PokerStars Hand #164658163232:  Hold'em Limit ($3/$6 USD) - 2017/01/16 4:20:36 ET
Table 'Byblis II' 6-max Seat #3 is the button
Seat 3: RSA53 ($79.66 in chips)
Seat 4: TbIP-TbIP 88 ($112.50 in chips)
RSA53: posts small blind $1
TbIP-TbIP 88: posts big blind $3
*** HOLE CARDS ***
RSA53: raises $3 to $6
TbIP-TbIP 88: calls $3
*** FLOP *** [3d Qs 5c]
TbIP-TbIP 88: checks
RSA53: bets $3
TbIP-TbIP 88: folds
Uncalled bet ($3) returned to RSA53
RSA53 collected $11.76 from pot
*** SUMMARY ***
Total pot $12 | Rake $0.24
Board [3d Qs 5c]
Seat 3: RSA53 (button) (small blind) collected ($11.76)
Seat 4: TbIP-TbIP 88 (big blind) folded on the Flop


PokerStars Hand #164658182663:  Hold'em Limit ($3/$6 USD) - 2017/01/16 4:21:32 ET
Table 'Byblis II' 6-max Seat #4 is the button
Seat 3: RSA53 ($64.42 in chips)
Seat 4: TbIP-TbIP 88 ($127 in chips)
TbIP-TbIP 88: posts small blind $1
RSA53: posts big blind $3
*** HOLE CARDS ***
TbIP-TbIP 88: folds
Uncalled bet ($2) returned to RSA53
RSA53 collected $2 from pot
*** SUMMARY ***
Total pot $2 | Rake $0
Seat 3: RSA53 (big blind) collected ($2)
Seat 4: TbIP-TbIP 88 (button) (small blind) folded before Flop


PokerStars Hand #164658185155:  Hold'em Limit ($3/$6 USD) - 2017/01/16 4:21:39 ET
Table 'Byblis II' 6-max Seat #3 is the button
Seat 3: RSA53 ($65.42 in chips)
Seat 4: TbIP-TbIP 88 ($126 in chips)
RSA53: posts small blind $1
TbIP-TbIP 88: posts big blind $3
*** HOLE CARDS ***
RSA53: raises $3 to $6
TbIP-TbIP 88: calls $3
*** FLOP *** [Ac 2s Qh]
TbIP-TbIP 88: checks
RSA53: bets $3
TbIP-TbIP 88: folds
Uncalled bet ($3) returned to RSA53
RSA53 collected $11.76 from pot
*** SUMMARY ***
Total pot $12 | Rake $0.24
Board [Ac 2s Qh]
Seat 3: RSA53 (button) (small blind) collected ($11.76)
Seat 4: TbIP-TbIP 88 (big blind) folded on the Flop


PokerStars Hand #164658213907:  Hold'em Limit ($3/$6 USD) - 2017/01/16 4:23:04 ET
Table 'Byblis II' 6-max Seat #4 is the button
Seat 3: RSA53 ($91.44 in chips)
Seat 4: TbIP-TbIP 88 ($99 in chips)
TbIP-TbIP 88: posts small blind $1
RSA53: posts big blind $3
*** HOLE CARDS ***
TbIP-TbIP 88: raises $3 to $6
RSA53: calls $3
*** FLOP *** [9c 6s 3d]
RSA53: checks
TbIP-TbIP 88: checks
*** TURN *** [9c 6s 3d] [Qd]
RSA53: bets $6
TbIP-TbIP 88: calls $6
*** RIVER *** [9c 6s 3d Qd] [2h]
RSA53: checks
TbIP-TbIP 88: checks
*** SHOW DOWN ***
RSA53: shows [Qs 2c] (two pair, Queens and Deuces)
TbIP-TbIP 88: mucks hand
RSA53 collected $23.52 from pot
*** SUMMARY ***
Total pot $24 | Rake $0.48
Board [9c 6s 3d Qd 2h]
Seat 3: RSA53 (big blind) showed [Qs 2c] and won ($23.52) with two pair, Queens and Deuces
Seat 4: TbIP-TbIP 88 (button) (small blind) mucked


PokerStars Hand #164658209002:  Hold'em Limit ($3/$6 USD) - 2017/01/16 4:22:49 ET
Table 'Byblis II' 6-max Seat #3 is the button
Seat 3: RSA53 ($85.68 in chips)
Seat 4: TbIP-TbIP 88 ($105 in chips)
RSA53: posts small blind $1
TbIP-TbIP 88: posts big blind $3
*** HOLE CARDS ***
RSA53: raises $3 to $6
TbIP-TbIP 88: calls $3
*** FLOP *** [Kd 6s Jh]
TbIP-TbIP 88: checks
RSA53: bets $3
TbIP-TbIP 88: folds
Uncalled bet ($3) returned to RSA53
RSA53 collected $11.76 from pot
*** SUMMARY ***
Total pot $12 | Rake $0.24
Board [Kd 6s Jh]
Seat 3: RSA53 (button) (small blind) collected ($11.76)
Seat 4: TbIP-TbIP 88 (big blind) folded on the Flop


PokerStars Hand #164658197364:  Hold'em Limit ($3/$6 USD) - 2017/01/16 4:22:15 ET
Table 'Byblis II' 6-max Seat #4 is the button
Seat 3: RSA53 ($71.18 in chips)
Seat 4: TbIP-TbIP 88 ($120 in chips)
TbIP-TbIP 88: posts small blind $1
RSA53: posts big blind $3
*** HOLE CARDS ***
TbIP-TbIP 88: raises $3 to $6
RSA53: calls $3
*** FLOP *** [8h Qc 8c]
RSA53: checks
TbIP-TbIP 88: bets $3
RSA53: calls $3
*** TURN *** [8h Qc 8c] [7d]
RSA53: checks
TbIP-TbIP 88: checks
*** RIVER *** [8h Qc 8c 7d] [5c]
RSA53: bets $6
TbIP-TbIP 88: calls $6
*** SHOW DOWN ***
RSA53: shows [5s Qs] (two pair, Queens and Eights)
TbIP-TbIP 88: mucks hand
RSA53 collected $29.50 from pot
*** SUMMARY ***
Total pot $30 | Rake $0.50
Board [8h Qc 8c 7d 5c]
Seat 3: RSA53 (big blind) showed [5s Qs] and won ($29.50) with two pair, Queens and Eights
Seat 4: TbIP-TbIP 88 (button) (small blind) mucked


PokerStars Hand #164658226886:  Hold'em Limit ($3/$6 USD) - 2017/01/16 4:23:42 ET
Table 'Byblis II' 6-max Seat #4 is the button
Seat 3: RSA53 ($114.48 in chips)
Seat 4: TbIP-TbIP 88 ($75 in chips)
TbIP-TbIP 88: posts small blind $1
RSA53: posts big blind $3
*** HOLE CARDS ***
TbIP-TbIP 88: folds
Uncalled bet ($2) returned to RSA53
RSA53 collected $2 from pot
*** SUMMARY ***
Total pot $2 | Rake $0
Seat 3: RSA53 (big blind) collected ($2)
Seat 4: TbIP-TbIP 88 (button) (small blind) folded before Flop


PokerStars Hand #164658220193:  Hold'em Limit ($3/$6 USD) - 2017/01/16 4:23:22 ET
Table 'Byblis II' 6-max Seat #3 is the button
Seat 3: RSA53 ($102.96 in chips)
Seat 4: TbIP-TbIP 88 ($87 in chips)
RSA53: posts small blind $1
TbIP-TbIP 88: posts big blind $3
*** HOLE CARDS ***
RSA53: calls $2
TbIP-TbIP 88: checks
*** FLOP *** [Kd 6d 2d]
TbIP-TbIP 88: bets $3
RSA53: calls $3
*** TURN *** [Kd 6d 2d] [Ks]
TbIP-TbIP 88: checks
RSA53: bets $6
TbIP-TbIP 88: calls $6
*** RIVER *** [Kd 6d 2d Ks] [9c]
TbIP-TbIP 88: checks
RSA53: bets $6
TbIP-TbIP 88: folds
Uncalled bet ($6) returned to RSA53
RSA53 collected $23.52 from pot
*** SUMMARY ***
Total pot $24 | Rake $0.48
Board [Kd 6d 2d Ks 9c]
Seat 3: RSA53 (button) (small blind) collected ($23.52)
Seat 4: TbIP-TbIP 88 (big blind) folded on the River


PokerStars Hand #164658237973:  Hold'em Limit ($3/$6 USD) - 2017/01/16 4:24:14 ET
Table 'Byblis II' 6-max Seat #4 is the button
Seat 3: RSA53 ($118.36 in chips)
Seat 4: TbIP-TbIP 88 ($72 in chips)
TbIP-TbIP 88: posts small blind $1
RSA53: posts big blind $3
*** HOLE CARDS ***
TbIP-TbIP 88: folds
Uncalled bet ($2) returned to RSA53
RSA53 collected $2 from pot
*** SUMMARY ***
Total pot $2 | Rake $0
Seat 3: RSA53 (big blind) collected ($2)
Seat 4: TbIP-TbIP 88 (button) (small blind) folded before Flop


PokerStars Hand #164658240233:  Hold'em Limit ($3/$6 USD) - 2017/01/16 4:24:21 ET
Table 'Byblis II' 6-max Seat #3 is the button
Seat 3: RSA53 ($119.36 in chips)
Seat 4: TbIP-TbIP 88 ($72 in chips)
RSA53: posts small blind $1
TbIP-TbIP 88: posts big blind $3
*** HOLE CARDS ***
RSA53: raises $3 to $6
Chessnok joins the table at seat #5
TbIP-TbIP 88: calls $3
*** FLOP *** [3s Ks 5s]
TbIP-TbIP 88: checks
RSA53: checks
*** TURN *** [3s Ks 5s] [Th]
TbIP-TbIP 88: checks
RSA53: bets $6
TbIP-TbIP 88: calls $6
*** RIVER *** [3s Ks 5s Th] [2h]
TbIP-TbIP 88: checks
RSA53: bets $6
TbIP-TbIP 88: calls $6
*** SHOW DOWN ***
RSA53: shows [Td 8d] (a pair of Tens)
TbIP-TbIP 88: mucks hand
RSA53 collected $35.50 from pot
*** SUMMARY ***
Total pot $36 | Rake $0.50
Board [3s Ks 5s Th 2h]
Seat 3: RSA53 (button) (small blind) showed [Td 8d] and won ($35.50) with a pair of Tens
Seat 4: TbIP-TbIP 88 (big blind) mucked


PokerStars Hand #164658230059:  Hold'em Limit ($3/$6 USD) - 2017/01/16 4:23:51 ET
Table 'Byblis II' 6-max Seat #4 is the button
Seat 3: RSA53 ($114.48 in chips)
Seat 4: TbIP-TbIP 88 ($75 in chips)
TbIP-TbIP 88: posts small blind $1
RSA53: posts big blind $3
*** HOLE CARDS ***
TbIP-TbIP 88: folds
Uncalled bet ($2) returned to RSA53
RSA53 collected $2 from pot
*** SUMMARY ***
Total pot $2 | Rake $0
Seat 3: RSA53 (big blind) collected ($2)
Seat 4: TbIP-TbIP 88 (button) (small blind) folded before Flop


PokerStars Hand #164658228372:  Hold'em Limit ($3/$6 USD) - 2017/01/16 4:23:46 ET
Table 'Byblis II' 6-max Seat #3 is the button
Seat 3: RSA53 ($115.48 in chips)
Seat 4: TbIP-TbIP 88 ($74 in chips)
RSA53: posts small blind $1
TbIP-TbIP 88: posts big blind $3
*** HOLE CARDS ***
RSA53: folds
Uncalled bet ($2) returned to TbIP-TbIP 88
TbIP-TbIP 88 collected $2 from pot
TbIP-TbIP 88: doesn't show hand
*** SUMMARY ***
Total pot $2 | Rake $0
Seat 3: RSA53 (button) (small blind) folded before Flop
Seat 4: TbIP-TbIP 88 (big blind) collected ($2)


PokerStars Hand #164658232998:  Hold'em Limit ($3/$6 USD) - 2017/01/16 4:23:59 ET
Table 'Byblis II' 6-max Seat #3 is the button
Seat 3: RSA53 ($115.48 in chips)
Seat 4: TbIP-TbIP 88 ($74 in chips)
RSA53: posts small blind $1
TbIP-TbIP 88: posts big blind $3
*** HOLE CARDS ***
RSA53: calls $2
TbIP-TbIP 88: checks
*** FLOP *** [6s Kd 4s]
TbIP-TbIP 88: checks
RSA53: bets $3
TbIP-TbIP 88: folds
Uncalled bet ($3) returned to RSA53
RSA53 collected $5.88 from pot
*** SUMMARY ***
Total pot $6 | Rake $0.12
Board [6s Kd 4s]
Seat 3: RSA53 (button) (small blind) collected ($5.88)
Seat 4: TbIP-TbIP 88 (big blind) folded on the Flop


PokerStars Hand #164659348563:  Hold'em Limit ($3/$6 USD) - 2017/01/16 5:14:32 ET
Table 'Byblis II' 6-max Seat #1 is the button
Seat 1: eatyermoney ($206.85 in chips)
Seat 2: Chessnok ($142.91 in chips)
eatyermoney: posts small blind $1
Chessnok: posts big blind $3
*** HOLE CARDS ***
eatyermoney: folds
Uncalled bet ($2) returned to Chessnok
Chessnok collected $2 from pot
Chessnok: doesn't show hand
*** SUMMARY ***
Total pot $2 | Rake $0
Seat 1: eatyermoney (button) (small blind) folded before Flop
Seat 2: Chessnok (big blind) collected ($2)


PokerStars Hand #164659346671:  Hold'em Limit ($3/$6 USD) - 2017/01/16 5:14:28 ET
Table 'Byblis II' 6-max Seat #2 is the button
Seat 1: eatyermoney ($205.85 in chips)
Seat 2: Chessnok ($143.91 in chips)
Chessnok: posts small blind $1
ragz2riche5: is sitting out
eatyermoney: posts big blind $3
*** HOLE CARDS ***
Chessnok: folds
Uncalled bet ($2) returned to eatyermoney
eatyermoney collected $2 from pot
eatyermoney: doesn't show hand
*** SUMMARY ***
Total pot $2 | Rake $0
Seat 1: eatyermoney (big blind) collected ($2)
Seat 2: Chessnok (button) (small blind) folded before Flop


PokerStars Hand #164659366739:  Hold'em Limit ($3/$6 USD) - 2017/01/16 5:15:17 ET
Table 'Byblis II' 6-max Seat #2 is the button
Seat 1: eatyermoney ($186.85 in chips)
Seat 2: Chessnok ($162.41 in chips)
Chessnok: posts small blind $1
eatyermoney: posts big blind $3
*** HOLE CARDS ***
Chessnok: raises $3 to $6
eatyermoney: calls $3
*** FLOP *** [7h 5h Kh]
eatyermoney: checks
Chessnok: bets $3
eatyermoney: calls $3
*** TURN *** [7h 5h Kh] [6c]
eatyermoney: checks
Chessnok: bets $6
eatyermoney: calls $6
*** RIVER *** [7h 5h Kh 6c] [Td]
eatyermoney: checks
Chessnok: bets $6
eatyermoney: calls $6
*** SHOW DOWN ***
Chessnok: shows [Ah 2h] (a flush, Ace high)
eatyermoney: mucks hand
Chessnok collected $41.50 from pot
*** SUMMARY ***
Total pot $42 | Rake $0.50
Board [7h 5h Kh 6c Td]
Seat 1: eatyermoney (big blind) mucked
Seat 2: Chessnok (button) (small blind) showed [Ah 2h] and won ($41.50) with a flush, Ace high


PokerStars Hand #164659363857:  Hold'em Limit ($3/$6 USD) - 2017/01/16 5:15:10 ET
Table 'Byblis II' 6-max Seat #1 is the button
Seat 1: eatyermoney ($187.85 in chips)
Seat 2: Chessnok ($161.41 in chips)
eatyermoney: posts small blind $1
Chessnok: posts big blind $3
*** HOLE CARDS ***
eatyermoney: folds
Uncalled bet ($2) returned to Chessnok
Chessnok collected $2 from pot
Chessnok: doesn't show hand
*** SUMMARY ***
Total pot $2 | Rake $0
Seat 1: eatyermoney (button) (small blind) folded before Flop
Seat 2: Chessnok (big blind) collected ($2)


PokerStars Hand #164659350953:  Hold'em Limit ($3/$6 USD) - 2017/01/16 5:14:38 ET
Table 'Byblis II' 6-max Seat #2 is the button
Seat 1: eatyermoney ($205.85 in chips)
Seat 2: Chessnok ($143.91 in chips)
Chessnok: posts small blind $1
eatyermoney: posts big blind $3
*** HOLE CARDS ***
Chessnok: raises $3 to $6
eatyermoney: calls $3
*** FLOP *** [Jc 9d Qs]
eatyermoney: checks
Chessnok: bets $3
ragz2riche5 leaves the table
eatyermoney: raises $3 to $6
Chessnok: calls $3
*** TURN *** [Jc 9d Qs] [2c]
eatyermoney: bets $6
Chessnok: calls $6
*** RIVER *** [Jc 9d Qs 2c] [6c]
eatyermoney: checks
Chessnok: bets $6
eatyermoney: folds
Uncalled bet ($6) returned to Chessnok
Chessnok collected $35.50 from pot
Chessnok: doesn't show hand
*** SUMMARY ***
Total pot $36 | Rake $0.50
Board [Jc 9d Qs 2c 6c]
Seat 1: eatyermoney (big blind) folded on the River
Seat 2: Chessnok (button) (small blind) collected ($35.50)


PokerStars Hand #164659383985:  Hold'em Limit ($3/$6 USD) - 2017/01/16 5:15:59 ET
Table 'Byblis II' 6-max Seat #1 is the button
Seat 1: eatyermoney ($165.85 in chips)
Seat 2: Chessnok ($182.91 in chips)
eatyermoney: posts small blind $1
Chessnok: posts big blind $3
*** HOLE CARDS ***
eatyermoney: raises $3 to $6
Chessnok: raises $3 to $9
eatyermoney: calls $3
*** FLOP *** [Ac Jc 8d]
Chessnok: bets $3
eatyermoney: calls $3
*** TURN *** [Ac Jc 8d] [3d]
Chessnok: checks
eatyermoney: bets $6
Chessnok: calls $6
*** RIVER *** [Ac Jc 8d 3d] [6d]
Chessnok: checks
eatyermoney: bets $6
Chessnok: calls $6
*** SHOW DOWN ***
eatyermoney: shows [As 5d] (a pair of Aces)
Chessnok: mucks hand
eatyermoney collected $47.50 from pot
*** SUMMARY ***
Total pot $48 | Rake $0.50
Board [Ac Jc 8d 3d 6d]
Seat 1: eatyermoney (button) (small blind) showed [As 5d] and won ($47.50) with a pair of Aces
Seat 2: Chessnok (big blind) mucked


PokerStars Hand #164659380597:  Hold'em Limit ($3/$6 USD) - 2017/01/16 5:15:50 ET
Table 'Byblis II' 6-max Seat #2 is the button
Seat 1: eatyermoney ($168.85 in chips)
Seat 2: Chessnok ($179.91 in chips)
Chessnok: posts small blind $1
eatyermoney: posts big blind $3
*** HOLE CARDS ***
Chessnok: raises $3 to $6
eatyermoney: folds
Uncalled bet ($3) returned to Chessnok
Chessnok collected $6 from pot
Chessnok: doesn't show hand
*** SUMMARY ***
Total pot $6 | Rake $0
Seat 1: eatyermoney (big blind) folded before Flop
Seat 2: Chessnok (button) (small blind) collected ($6)


PokerStars Hand #164659377394:  Hold'em Limit ($3/$6 USD) - 2017/01/16 5:15:43 ET
Table 'Byblis II' 6-max Seat #1 is the button
Seat 1: eatyermoney ($165.85 in chips)
Seat 2: Chessnok ($182.91 in chips)
eatyermoney: posts small blind $1
Chessnok: posts big blind $3
*** HOLE CARDS ***
eatyermoney: raises $3 to $6
Chessnok: folds
Uncalled bet ($3) returned to eatyermoney
eatyermoney collected $6 from pot
eatyermoney: doesn't show hand
*** SUMMARY ***
Total pot $6 | Rake $0
Seat 1: eatyermoney (button) (small blind) collected ($6)
Seat 2: Chessnok (big blind) folded before Flop


PokerStars Hand #164659407366:  Hold'em Limit ($3/$6 USD) - 2017/01/16 5:16:55 ET
Table 'Byblis II' 6-max Seat #1 is the button
Seat 1: eatyermoney ($197.99 in chips)
Seat 2: Chessnok ($149.91 in chips)
eatyermoney: posts small blind $1
Chessnok: posts big blind $3
*** HOLE CARDS ***
eatyermoney: raises $3 to $6
Chessnok: calls $3
*** FLOP *** [9d 5h 3c]
Chessnok: checks
SilaSoNi joins the table at seat #6
eatyermoney: bets $3
Chessnok: raises $3 to $6
eatyermoney: calls $3
*** TURN *** [9d 5h 3c] [8s]
Chessnok: bets $6
eatyermoney: calls $6
*** RIVER *** [9d 5h 3c 8s] [5s]
Chessnok: bets $6
eatyermoney: folds
Uncalled bet ($6) returned to Chessnok
Chessnok collected $35.50 from pot
Chessnok: doesn't show hand
*** SUMMARY ***
Total pot $36 | Rake $0.50
Board [9d 5h 3c 8s 5s]
Seat 1: eatyermoney (button) (small blind) folded on the River
Seat 2: Chessnok (big blind) collected ($35.50)


PokerStars Hand #164659393402:  Hold'em Limit ($3/$6 USD) - 2017/01/16 5:16:22 ET
Table 'Byblis II' 6-max Seat #2 is the button
Seat 1: eatyermoney ($189.35 in chips)
Seat 2: Chessnok ($158.91 in chips)
Chessnok: posts small blind $1
eatyermoney: posts big blind $3
*** HOLE CARDS ***
Chessnok: raises $3 to $6
eatyermoney: calls $3
*** FLOP *** [Tc Kc 3s]
eatyermoney: checks
Chessnok: bets $3
eatyermoney: calls $3
*** TURN *** [Tc Kc 3s] [4h]
eatyermoney: checks
Chessnok: checks
*** RIVER *** [Tc Kc 3s 4h] [2d]
eatyermoney: bets $6
Chessnok: folds
Uncalled bet ($6) returned to eatyermoney
eatyermoney collected $17.64 from pot
eatyermoney: doesn't show hand
*** SUMMARY ***
Total pot $18 | Rake $0.36
Board [Tc Kc 3s 4h 2d]
Seat 1: eatyermoney (big blind) collected ($17.64)
Seat 2: Chessnok (button) (small blind) folded on the River


PokerStars Hand #164660856981:  Hold'em Limit ($3/$6 USD) - 2017/01/16 6:14:12 ET
Table 'Byblis II' 6-max Seat #2 is the button
Seat 1: eatyermoney ($147.34 in chips)
Seat 2: supersjakie ($148.17 in chips)
supersjakie: posts small blind $1
eatyermoney: posts big blind $3
*** HOLE CARDS ***
supersjakie: raises $3 to $6
eatyermoney: folds
Uncalled bet ($3) returned to supersjakie
supersjakie collected $6 from pot
supersjakie: doesn't show hand
*** SUMMARY ***
Total pot $6 | Rake $0
Seat 1: eatyermoney (big blind) folded before Flop
Seat 2: supersjakie (button) (small blind) collected ($6)


PokerStars Hand #164660862354:  Hold'em Limit ($3/$6 USD) - 2017/01/16 6:14:23 ET
Table 'Byblis II' 6-max Seat #1 is the button
Seat 1: eatyermoney ($144.34 in chips)
Seat 2: supersjakie ($151.17 in chips)
eatyermoney: posts small blind $1
supersjakie: posts big blind $3
*** HOLE CARDS ***
eatyermoney: calls $2
supersjakie: checks
*** FLOP *** [Tc 4d 3d]
supersjakie: bets $3
eatyermoney: calls $3
*** TURN *** [Tc 4d 3d] [9h]
supersjakie: bets $6
eatyermoney: folds
Uncalled bet ($6) returned to supersjakie
supersjakie collected $11.76 from pot
supersjakie: doesn't show hand
*** SUMMARY ***
Total pot $12 | Rake $0.24
Board [Tc 4d 3d 9h]
Seat 1: eatyermoney (button) (small blind) folded on the Turn
Seat 2: supersjakie (big blind) collected ($11.76)


PokerStars Hand #164660877403:  Hold'em Limit ($3/$6 USD) - 2017/01/16 6:14:57 ET
Table 'Byblis II' 6-max Seat #2 is the button
Seat 1: eatyermoney ($138.34 in chips)
Seat 2: supersjakie ($156.93 in chips)
supersjakie: posts small blind $1
eatyermoney: posts big blind $3
*** HOLE CARDS ***
supersjakie: raises $3 to $6
eatyermoney: folds
Uncalled bet ($3) returned to supersjakie
supersjakie collected $6 from pot
supersjakie: doesn't show hand
*** SUMMARY ***
Total pot $6 | Rake $0
Seat 1: eatyermoney (big blind) folded before Flop
Seat 2: supersjakie (button) (small blind) collected ($6)


