PokerStars Hand #164765340364:  Hold'em Limit ($3/$6 USD) - 2017/01/18 5:02:48 ET
Table 'Byblis II' 6-max Seat #6 is the button
Seat 1: krytalex ($169.33 in chips)
Seat 6: play4uron ($116.37 in chips)
play4uron: posts small blind $1
krytalex: posts big blind $3
*** HOLE CARDS ***
DePokeraap leaves the table
play4uron: raises $3 to $6
krytalex: calls $3
*** FLOP *** [5h Kh 9s]
krytalex: checks
play4uron: checks
*** TURN *** [5h Kh 9s] [Qc]
krytalex: bets $6
play4uron: calls $6
*** RIVER *** [5h Kh 9s Qc] [9h]
krytalex: bets $6
play4uron: folds
Uncalled bet ($6) returned to krytalex
krytalex collected $23.52 from pot
*** SUMMARY ***
Total pot $24 | Rake $0.48
Board [5h Kh 9s Qc 9h]
Seat 1: krytalex (big blind) collected ($23.52)
Seat 6: play4uron (button) (small blind) folded on the River


PokerStars Hand #164765334469:  Hold'em Limit ($3/$6 USD) - 2017/01/18 5:02:33 ET
Table 'Byblis II' 6-max Seat #1 is the button
Seat 1: krytalex ($170.33 in chips)
Seat 6: play4uron ($115.37 in chips)
krytalex: posts small blind $1
play4uron: posts big blind $3
*** HOLE CARDS ***
B_loJkl leaves the table
aade1ante leaves the table
B_loJkl joins the table at seat #2
krytalex: folds
Uncalled bet ($2) returned to play4uron
play4uron collected $2 from pot
play4uron: doesn't show hand
*** SUMMARY ***
Total pot $2 | Rake $0
Seat 1: krytalex (button) (small blind) folded before Flop
Seat 6: play4uron (big blind) collected ($2)


PokerStars Hand #164765371270:  Hold'em Limit ($3/$6 USD) - 2017/01/18 5:04:03 ET
Table 'Byblis II' 6-max Seat #2 is the button
Seat 2: B_loJkl ($153.64 in chips)
Seat 6: play4uron ($73.37 in chips)
B_loJkl: posts small blind $1
play4uron: posts big blind $3
*** HOLE CARDS ***
B_loJkl: raises $3 to $6
play4uron: calls $3
*** FLOP *** [7h 4s 2c]
play4uron: checks
B_loJkl: bets $3
play4uron: calls $3
*** TURN *** [7h 4s 2c] [Js]
play4uron: checks
B_loJkl: bets $6
play4uron: folds
Uncalled bet ($6) returned to B_loJkl
B_loJkl collected $17.64 from pot
B_loJkl: doesn't show hand
*** SUMMARY ***
Total pot $18 | Rake $0.36
Board [7h 4s 2c Js]
Seat 2: B_loJkl (button) (small blind) collected ($17.64)
Seat 6: play4uron (big blind) folded on the Turn


PokerStars Hand #164765368697:  Hold'em Limit ($3/$6 USD) - 2017/01/18 5:03:57 ET
Table 'Byblis II' 6-max Seat #6 is the button
Seat 2: B_loJkl ($152.64 in chips)
Seat 6: play4uron ($74.37 in chips)
play4uron: posts small blind $1
krytalex: is sitting out
B_loJkl: posts big blind $3
*** HOLE CARDS ***
play4uron: folds
Uncalled bet ($2) returned to B_loJkl
B_loJkl collected $2 from pot
B_loJkl: doesn't show hand
*** SUMMARY ***
Total pot $2 | Rake $0
Seat 2: B_loJkl (big blind) collected ($2)
Seat 6: play4uron (button) (small blind) folded before Flop


PokerStars Hand #164765410379:  Hold'em Limit ($3/$6 USD) - 2017/01/18 5:05:25 ET
Table 'Byblis II' 6-max Seat #2 is the button
Seat 2: B_loJkl ($137.28 in chips)
Seat 6: play4uron ($88.87 in chips)
B_loJkl: posts small blind $1
play4uron: posts big blind $3
*** HOLE CARDS ***
B_loJkl: raises $3 to $6
play4uron: calls $3
*** FLOP *** [Kc 4c Qd]
play4uron: checks
B_loJkl: bets $3
play4uron: folds
Uncalled bet ($3) returned to B_loJkl
B_loJkl collected $11.76 from pot
B_loJkl: doesn't show hand
*** SUMMARY ***
Total pot $12 | Rake $0.24
Board [Kc 4c Qd]
Seat 2: B_loJkl (button) (small blind) collected ($11.76)
Seat 6: play4uron (big blind) folded on the Flop


PokerStars Hand #164765384361:  Hold'em Limit ($3/$6 USD) - 2017/01/18 5:04:35 ET
Table 'Byblis II' 6-max Seat #6 is the button
Seat 2: B_loJkl ($162.28 in chips)
Seat 6: play4uron ($64.37 in chips)
play4uron: posts small blind $1
B_loJkl: posts big blind $3
*** HOLE CARDS ***
play4uron: raises $3 to $6
B_loJkl: calls $3
*** FLOP *** [Jd 7s 2s]
B_loJkl: checks
play4uron: bets $3
B_loJkl: calls $3
*** TURN *** [Jd 7s 2s] [5h]
B_loJkl: checks
play4uron: bets $6
B_loJkl: calls $6
*** RIVER *** [Jd 7s 2s 5h] [6h]
B_loJkl: checks
play4uron: bets $6
B_loJkl: calls $6
*** SHOW DOWN ***
play4uron: shows [Jh Td] (a pair of Jacks)
B_loJkl: mucks hand
play4uron collected $41.50 from pot
*** SUMMARY ***
Total pot $42 | Rake $0.50
Board [Jd 7s 2s 5h 6h]
Seat 2: B_loJkl (big blind) mucked
Seat 6: play4uron (button) (small blind) showed [Jh Td] and won ($41.50) with a pair of Jacks


PokerStars Hand #164765407340:  Hold'em Limit ($3/$6 USD) - 2017/01/18 5:05:17 ET
Table 'Byblis II' 6-max Seat #6 is the button
Seat 2: B_loJkl ($140.28 in chips)
Seat 6: play4uron ($85.87 in chips)
play4uron: posts small blind $1
B_loJkl: posts big blind $3
*** HOLE CARDS ***
play4uron: raises $3 to $6
B_loJkl: folds
Uncalled bet ($3) returned to play4uron
play4uron collected $6 from pot
play4uron: doesn't show hand
*** SUMMARY ***
Total pot $6 | Rake $0
Seat 2: B_loJkl (big blind) folded before Flop
Seat 6: play4uron (button) (small blind) collected ($6)


PokerStars Hand #164765404389:  Hold'em Limit ($3/$6 USD) - 2017/01/18 5:05:10 ET
Table 'Byblis II' 6-max Seat #2 is the button
Seat 2: B_loJkl ($141.28 in chips)
Seat 6: play4uron ($84.87 in chips)
B_loJkl: posts small blind $1
play4uron: posts big blind $3
*** HOLE CARDS ***
B_loJkl: folds
Uncalled bet ($2) returned to play4uron
play4uron collected $2 from pot
play4uron: doesn't show hand
*** SUMMARY ***
Total pot $2 | Rake $0
Seat 2: B_loJkl (button) (small blind) folded before Flop
Seat 6: play4uron (big blind) collected ($2)


PokerStars Hand #164765437147:  Hold'em Limit ($3/$6 USD) - 2017/01/18 5:06:28 ET
Table 'Byblis II' 6-max Seat #2 is the button
Seat 2: B_loJkl ($134.04 in chips)
Seat 6: play4uron ($91.51 in chips)
B_loJkl: posts small blind $1
play4uron: posts big blind $3
*** HOLE CARDS ***
B_loJkl: raises $3 to $6
play4uron: calls $3
*** FLOP *** [9h Tc Ad]
play4uron: bets $3
B_loJkl: folds
Uncalled bet ($3) returned to play4uron
play4uron collected $11.76 from pot
play4uron: doesn't show hand
*** SUMMARY ***
Total pot $12 | Rake $0.24
Board [9h Tc Ad]
Seat 2: B_loJkl (button) (small blind) folded on the Flop
Seat 6: play4uron (big blind) collected ($11.76)


PokerStars Hand #164765416105:  Hold'em Limit ($3/$6 USD) - 2017/01/18 5:05:38 ET
Table 'Byblis II' 6-max Seat #6 is the button
Seat 2: B_loJkl ($143.04 in chips)
Seat 6: play4uron ($82.87 in chips)
play4uron: posts small blind $1
B_loJkl: posts big blind $3
*** HOLE CARDS ***
play4uron: raises $3 to $6
B_loJkl: calls $3
*** FLOP *** [4c Ks 7d]
B_loJkl: checks
play4uron: bets $3
B_loJkl: calls $3
*** TURN *** [4c Ks 7d] [3d]
B_loJkl: checks
play4uron: checks
*** RIVER *** [4c Ks 7d 3d] [8c]
B_loJkl: checks
play4uron: bets $6
B_loJkl: folds
Uncalled bet ($6) returned to play4uron
play4uron collected $17.64 from pot
play4uron: doesn't show hand
*** SUMMARY ***
Total pot $18 | Rake $0.36
Board [4c Ks 7d 3d 8c]
Seat 2: B_loJkl (big blind) folded on the River
Seat 6: play4uron (button) (small blind) collected ($17.64)


PokerStars Hand #164765444312:  Hold'em Limit ($3/$6 USD) - 2017/01/18 5:06:44 ET
Table 'Byblis II' 6-max Seat #6 is the button
Seat 2: B_loJkl ($128.04 in chips)
Seat 6: play4uron ($97.27 in chips)
play4uron: posts small blind $1
B_loJkl: posts big blind $3
*** HOLE CARDS ***
play4uron: raises $3 to $6
B_loJkl: calls $3
*** FLOP *** [6c Ad 6h]
B_loJkl: checks
play4uron: bets $3
B_loJkl: calls $3
*** TURN *** [6c Ad 6h] [3h]
B_loJkl: checks
play4uron: bets $6
B_loJkl: calls $6
*** RIVER *** [6c Ad 6h 3h] [Qc]
B_loJkl: checks
play4uron: bets $6
B_loJkl: folds
Uncalled bet ($6) returned to play4uron
play4uron collected $29.50 from pot
play4uron: doesn't show hand
*** SUMMARY ***
Total pot $30 | Rake $0.50
Board [6c Ad 6h 3h Qc]
Seat 2: B_loJkl (big blind) folded on the River
Seat 6: play4uron (button) (small blind) collected ($29.50)


PokerStars Hand #164765456913:  Hold'em Limit ($3/$6 USD) - 2017/01/18 5:07:14 ET
Table 'Byblis II' 6-max Seat #2 is the button
Seat 2: B_loJkl ($113.04 in chips)
Seat 6: play4uron ($111.77 in chips)
B_loJkl: posts small blind $1
play4uron: posts big blind $3
*** HOLE CARDS ***
B_loJkl: raises $3 to $6
play4uron: calls $3
*** FLOP *** [Th Jc Jh]
play4uron: checks
B_loJkl: checks
*** TURN *** [Th Jc Jh] [5s]
play4uron: checks
B_loJkl: bets $6
play4uron: folds
Uncalled bet ($6) returned to B_loJkl
B_loJkl collected $11.76 from pot
B_loJkl: doesn't show hand
*** SUMMARY ***
Total pot $12 | Rake $0.24
Board [Th Jc Jh 5s]
Seat 2: B_loJkl (button) (small blind) collected ($11.76)
Seat 6: play4uron (big blind) folded on the Turn


PokerStars Hand #164765468044:  Hold'em Limit ($3/$6 USD) - 2017/01/18 5:07:40 ET
Table 'Byblis II' 6-max Seat #6 is the button
Seat 2: B_loJkl ($118.80 in chips)
Seat 6: play4uron ($105.77 in chips)
play4uron: posts small blind $1
B_loJkl: posts big blind $3
*** HOLE CARDS ***
play4uron: raises $3 to $6
krytalex leaves the table
B_loJkl: calls $3
*** FLOP *** [5c 4c Ks]
B_loJkl: checks
play4uron: bets $3
B_loJkl: calls $3
*** TURN *** [5c 4c Ks] [9s]
B_loJkl: checks
play4uron: bets $6
B_loJkl: calls $6
*** RIVER *** [5c 4c Ks 9s] [6h]
B_loJkl: checks
play4uron: checks
*** SHOW DOWN ***
B_loJkl: shows [4s Qd] (a pair of Fours)
play4uron: mucks hand
B_loJkl collected $29.50 from pot
*** SUMMARY ***
Total pot $30 | Rake $0.50
Board [5c 4c Ks 9s 6h]
Seat 2: B_loJkl (big blind) showed [4s Qd] and won ($29.50) with a pair of Fours
Seat 6: play4uron (button) (small blind) mucked


PokerStars Hand #164765483687:  Hold'em Limit ($3/$6 USD) - 2017/01/18 5:08:17 ET
Table 'Byblis II' 6-max Seat #2 is the button
Seat 2: B_loJkl ($133.30 in chips)
Seat 6: play4uron ($90.77 in chips)
B_loJkl: posts small blind $1
play4uron: posts big blind $3
*** HOLE CARDS ***
B_loJkl: raises $3 to $6
play4uron: calls $3
*** FLOP *** [Ac 4c 5s]
play4uron: bets $3
B_loJkl: folds
Uncalled bet ($3) returned to play4uron
play4uron collected $11.76 from pot
play4uron: doesn't show hand
*** SUMMARY ***
Total pot $12 | Rake $0.24
Board [Ac 4c 5s]
Seat 2: B_loJkl (button) (small blind) folded on the Flop
Seat 6: play4uron (big blind) collected ($11.76)


PokerStars Hand #164765497509:  Hold'em Limit ($3/$6 USD) - 2017/01/18 5:08:48 ET
Table 'Byblis II' 6-max Seat #6 is the button
Seat 1: B_loJkl ($150 in chips)
Seat 6: play4uron ($96.53 in chips)
play4uron: posts small blind $1
B_loJkl: posts big blind $3
*** HOLE CARDS ***
play4uron: raises $3 to $6
B_loJkl: calls $3
*** FLOP *** [Kh 6c 5s]
B_loJkl: checks
play4uron: bets $3
B_loJkl: raises $3 to $6
play4uron: calls $3
*** TURN *** [Kh 6c 5s] [2c]
B_loJkl: bets $6
play4uron: calls $6
*** RIVER *** [Kh 6c 5s 2c] [Qh]
B_loJkl: bets $6
play4uron: calls $6
*** SHOW DOWN ***
B_loJkl: shows [4h 8c] (high card King)
play4uron: shows [Ad 6s] (a pair of Sixes)
play4uron collected $47.50 from pot
*** SUMMARY ***
Total pot $48 | Rake $0.50
Board [Kh 6c 5s 2c Qh]
Seat 1: B_loJkl (big blind) showed [4h 8c] and lost with high card King
Seat 6: play4uron (button) (small blind) showed [Ad 6s] and won ($47.50) with a pair of Sixes


PokerStars Hand #164765511465:  Hold'em Limit ($3/$6 USD) - 2017/01/18 5:09:21 ET
Table 'Byblis II' 6-max Seat #1 is the button
Seat 1: B_loJkl ($126 in chips)
Seat 6: play4uron ($120.03 in chips)
B_loJkl: posts small blind $1
play4uron: posts big blind $3
*** HOLE CARDS ***
B_loJkl: raises $3 to $6
play4uron: calls $3
*** FLOP *** [4c Jd 7s]
play4uron: bets $3
B_loJkl: calls $3
*** TURN *** [4c Jd 7s] [Kd]
play4uron: checks
B_loJkl: bets $6
play4uron: folds
Uncalled bet ($6) returned to B_loJkl
B_loJkl collected $17.64 from pot
B_loJkl: doesn't show hand
*** SUMMARY ***
Total pot $18 | Rake $0.36
Board [4c Jd 7s Kd]
Seat 1: B_loJkl (button) (small blind) collected ($17.64)
Seat 6: play4uron (big blind) folded on the Turn


PokerStars Hand #164765528952:  Hold'em Limit ($3/$6 USD) - 2017/01/18 5:10:02 ET
Table 'Byblis II' 6-max Seat #6 is the button
Seat 1: B_loJkl ($134.64 in chips)
Seat 6: play4uron ($111.03 in chips)
play4uron: posts small blind $1
B_loJkl: posts big blind $3
*** HOLE CARDS ***
play4uron: folds
Uncalled bet ($2) returned to B_loJkl
B_loJkl collected $2 from pot
B_loJkl: doesn't show hand
*** SUMMARY ***
Total pot $2 | Rake $0
Seat 1: B_loJkl (big blind) collected ($2)
Seat 6: play4uron (button) (small blind) folded before Flop


PokerStars Hand #164765551943:  Hold'em Limit ($3/$6 USD) - 2017/01/18 5:10:55 ET
Table 'Byblis II' 6-max Seat #6 is the button
Seat 1: B_loJkl ($135.39 in chips)
Seat 6: play4uron ($109.78 in chips)
play4uron: posts small blind $1
B_loJkl: posts big blind $3
*** HOLE CARDS ***
play4uron: raises $3 to $6
B_loJkl: calls $3
*** FLOP *** [7d As 6h]
B_loJkl: checks
play4uron: bets $3
B_loJkl: folds
Uncalled bet ($3) returned to play4uron
play4uron collected $11.76 from pot
play4uron: doesn't show hand
*** SUMMARY ***
Total pot $12 | Rake $0.24
Board [7d As 6h]
Seat 1: B_loJkl (big blind) folded on the Flop
Seat 6: play4uron (button) (small blind) collected ($11.76)


PokerStars Hand #164765531771:  Hold'em Limit ($3/$6 USD) - 2017/01/18 5:10:08 ET
Table 'Byblis II' 6-max Seat #1 is the button
Seat 1: B_loJkl ($135.64 in chips)
Seat 6: play4uron ($110.03 in chips)
B_loJkl: posts small blind $1
play4uron: posts big blind $3
*** HOLE CARDS ***
B_loJkl: raises $3 to $6
play4uron: calls $3
*** FLOP *** [8h 6h 2d]
play4uron: bets $3
B_loJkl: calls $3
*** TURN *** [8h 6h 2d] [As]
play4uron: bets $6
B_loJkl: raises $6 to $12
play4uron: calls $6
*** RIVER *** [8h 6h 2d As] [6s]
play4uron: bets $6
B_loJkl: calls $6
*** SHOW DOWN ***
play4uron: shows [Ad Jh] (two pair, Aces and Sixes)
B_loJkl: shows [Ah Js] (two pair, Aces and Sixes)
play4uron collected $26.75 from pot
B_loJkl collected $26.75 from pot
*** SUMMARY ***
Total pot $54 | Rake $0.50
Board [8h 6h 2d As 6s]
Seat 1: B_loJkl (button) (small blind) showed [Ah Js] and won ($26.75) with two pair, Aces and Sixes
Seat 6: play4uron (big blind) showed [Ad Jh] and won ($26.75) with two pair, Aces and Sixes


PokerStars Hand #164765557510:  Hold'em Limit ($3/$6 USD) - 2017/01/18 5:11:08 ET
Table 'Byblis II' 6-max Seat #1 is the button
Seat 1: B_loJkl ($129.39 in chips)
Seat 6: play4uron ($115.54 in chips)
B_loJkl: posts small blind $1
play4uron: posts big blind $3
*** HOLE CARDS ***
B_loJkl: raises $3 to $6
play4uron: raises $3 to $9
B_loJkl: calls $3
*** FLOP *** [4c Qs 8c]
play4uron: bets $3
B_loJkl: calls $3
*** TURN *** [4c Qs 8c] [2s]
play4uron: bets $6
B_loJkl: folds
Uncalled bet ($6) returned to play4uron
play4uron collected $23.52 from pot
play4uron: doesn't show hand
*** SUMMARY ***
Total pot $24 | Rake $0.48
Board [4c Qs 8c 2s]
Seat 1: B_loJkl (button) (small blind) folded on the Turn
Seat 6: play4uron (big blind) collected ($23.52)


PokerStars Hand #164765575674:  Hold'em Limit ($3/$6 USD) - 2017/01/18 5:11:50 ET
Table 'Byblis II' 6-max Seat #1 is the button
Seat 1: B_loJkl ($123.15 in chips)
Seat 6: play4uron ($121.06 in chips)
B_loJkl: posts small blind $1
play4uron: posts big blind $3
*** HOLE CARDS ***
B_loJkl: raises $3 to $6
play4uron: calls $3
*** FLOP *** [Qc 3c 2d]
play4uron: checks
B_loJkl: bets $3
play4uron: folds
Uncalled bet ($3) returned to B_loJkl
B_loJkl collected $11.76 from pot
B_loJkl: doesn't show hand
*** SUMMARY ***
Total pot $12 | Rake $0.24
Board [Qc 3c 2d]
Seat 1: B_loJkl (button) (small blind) collected ($11.76)
Seat 6: play4uron (big blind) folded on the Flop


PokerStars Hand #164765581502:  Hold'em Limit ($3/$6 USD) - 2017/01/18 5:12:03 ET
Table 'Byblis II' 6-max Seat #6 is the button
Seat 1: B_loJkl ($128.91 in chips)
Seat 6: play4uron ($115.06 in chips)
play4uron: posts small blind $1
B_loJkl: posts big blind $3
*** HOLE CARDS ***
play4uron: raises $3 to $6
B_loJkl: calls $3
*** FLOP *** [2d Jh 5s]
B_loJkl: checks
play4uron: checks
*** TURN *** [2d Jh 5s] [Qc]
B_loJkl: checks
play4uron: checks
*** RIVER *** [2d Jh 5s Qc] [2c]
B_loJkl: bets $6
play4uron: folds
Uncalled bet ($6) returned to B_loJkl
B_loJkl collected $11.76 from pot
B_loJkl: doesn't show hand
*** SUMMARY ***
Total pot $12 | Rake $0.24
Board [2d Jh 5s Qc 2c]
Seat 1: B_loJkl (big blind) collected ($11.76)
Seat 6: play4uron (button) (small blind) folded on the River


PokerStars Hand #164765568656:  Hold'em Limit ($3/$6 USD) - 2017/01/18 5:11:34 ET
Table 'Byblis II' 6-max Seat #6 is the button
Seat 1: B_loJkl ($117.39 in chips)
Seat 6: play4uron ($127.06 in chips)
play4uron: posts small blind $1
B_loJkl: posts big blind $3
*** HOLE CARDS ***
play4uron: raises $3 to $6
B_loJkl: calls $3
*** FLOP *** [7d Js 4c]
B_loJkl: checks
play4uron: checks
*** TURN *** [7d Js 4c] [Td]
B_loJkl: bets $6
play4uron: folds
Uncalled bet ($6) returned to B_loJkl
B_loJkl collected $11.76 from pot
B_loJkl: doesn't show hand
*** SUMMARY ***
Total pot $12 | Rake $0.24
Board [7d Js 4c Td]
Seat 1: B_loJkl (big blind) collected ($11.76)
Seat 6: play4uron (button) (small blind) folded on the Turn


PokerStars Hand #164765598764:  Hold'em Limit ($3/$6 USD) - 2017/01/18 5:12:43 ET
Table 'Byblis II' 6-max Seat #1 is the button
Seat 1: B_loJkl ($134.67 in chips)
Seat 6: play4uron ($109.06 in chips)
B_loJkl: posts small blind $1
play4uron: posts big blind $3
*** HOLE CARDS ***
B_loJkl: raises $3 to $6
play4uron: calls $3
*** FLOP *** [6d 3h 3d]
play4uron: checks
B_loJkl: bets $3
play4uron: calls $3
*** TURN *** [6d 3h 3d] [Kd]
play4uron: checks
B_loJkl: checks
*** RIVER *** [6d 3h 3d Kd] [7c]
play4uron: checks
B_loJkl: checks
*** SHOW DOWN ***
play4uron: shows [5c Qs] (a pair of Threes)
B_loJkl: mucks hand
play4uron collected $17.64 from pot
*** SUMMARY ***
Total pot $18 | Rake $0.36
Board [6d 3h 3d Kd 7c]
Seat 1: B_loJkl (button) (small blind) mucked
Seat 6: play4uron (big blind) showed [5c Qs] and won ($17.64) with a pair of Threes


PokerStars Hand #164765616040:  Hold'em Limit ($3/$6 USD) - 2017/01/18 5:13:23 ET
Table 'Byblis II' 6-max Seat #6 is the button
Seat 1: B_loJkl ($125.67 in chips)
Seat 6: play4uron ($117.70 in chips)
play4uron: posts small blind $1
B_loJkl: posts big blind $3
*** HOLE CARDS ***
play4uron: raises $3 to $6
B_loJkl: calls $3
*** FLOP *** [Qc Qh Kh]
B_loJkl: checks
play4uron: bets $3
B_loJkl: folds
Uncalled bet ($3) returned to play4uron
play4uron collected $11.76 from pot
play4uron: doesn't show hand
*** SUMMARY ***
Total pot $12 | Rake $0.24
Board [Qc Qh Kh]
Seat 1: B_loJkl (big blind) folded on the Flop
Seat 6: play4uron (button) (small blind) collected ($11.76)


PokerStars Hand #164765623584:  Hold'em Limit ($3/$6 USD) - 2017/01/18 5:13:41 ET
Table 'Byblis II' 6-max Seat #1 is the button
Seat 1: B_loJkl ($119.67 in chips)
Seat 6: play4uron ($123.46 in chips)
B_loJkl: posts small blind $1
play4uron: posts big blind $3
*** HOLE CARDS ***
B_loJkl: raises $3 to $6
play4uron: calls $3
*** FLOP *** [8d 4c Th]
play4uron: checks
B_loJkl: bets $3
play4uron: calls $3
*** TURN *** [8d 4c Th] [9h]
play4uron: checks
B_loJkl: bets $6
play4uron: folds
Uncalled bet ($6) returned to B_loJkl
B_loJkl collected $17.64 from pot
B_loJkl: doesn't show hand
*** SUMMARY ***
Total pot $18 | Rake $0.36
Board [8d 4c Th 9h]
Seat 1: B_loJkl (button) (small blind) collected ($17.64)
Seat 6: play4uron (big blind) folded on the Turn


PokerStars Hand #164765634246:  Hold'em Limit ($3/$6 USD) - 2017/01/18 5:14:06 ET
Table 'Byblis II' 6-max Seat #6 is the button
Seat 1: B_loJkl ($128.31 in chips)
Seat 6: play4uron ($114.46 in chips)
play4uron: posts small blind $1
B_loJkl: posts big blind $3
*** HOLE CARDS ***
play4uron: raises $3 to $6
B_loJkl: calls $3
*** FLOP *** [6s Tc 9d]
B_loJkl: checks
play4uron: bets $3
B_loJkl: calls $3
*** TURN *** [6s Tc 9d] [Js]
B_loJkl: checks
play4uron: bets $6
B_loJkl: folds
Uncalled bet ($6) returned to play4uron
play4uron collected $17.64 from pot
play4uron: doesn't show hand
*** SUMMARY ***
Total pot $18 | Rake $0.36
Board [6s Tc 9d Js]
Seat 1: B_loJkl (big blind) folded on the Turn
Seat 6: play4uron (button) (small blind) collected ($17.64)


PokerStars Hand #164765651663:  Hold'em Limit ($3/$6 USD) - 2017/01/18 5:14:46 ET
Table 'Byblis II' 6-max Seat #1 is the button
Seat 1: B_loJkl ($119.31 in chips)
Seat 6: play4uron ($123.10 in chips)
B_loJkl: posts small blind $1
play4uron: posts big blind $3
*** HOLE CARDS ***
B_loJkl: raises $3 to $6
play4uron: calls $3
*** FLOP *** [3h 3c 3d]
play4uron: checks
B_loJkl: bets $3
play4uron: calls $3
*** TURN *** [3h 3c 3d] [7s]
play4uron: bets $6
B_loJkl: calls $6
*** RIVER *** [3h 3c 3d 7s] [Tc]
play4uron: bets $6
B_loJkl: calls $6
*** SHOW DOWN ***
play4uron: shows [Qc 4s] (three of a kind, Threes)
B_loJkl: shows [5h As] (three of a kind, Threes - Ace kicker)
B_loJkl collected $41.50 from pot
*** SUMMARY ***
Total pot $42 | Rake $0.50
Board [3h 3c 3d 7s Tc]
Seat 1: B_loJkl (button) (small blind) showed [5h As] and won ($41.50) with three of a kind, Threes
Seat 6: play4uron (big blind) showed [Qc 4s] and lost with three of a kind, Threes


PokerStars Hand #164765662797:  Hold'em Limit ($3/$6 USD) - 2017/01/18 5:15:12 ET
Table 'Byblis II' 6-max Seat #6 is the button
Seat 1: B_loJkl ($139.81 in chips)
Seat 6: play4uron ($102.10 in chips)
play4uron: posts small blind $1
B_loJkl: posts big blind $3
*** HOLE CARDS ***
play4uron: folds
Uncalled bet ($2) returned to B_loJkl
B_loJkl collected $2 from pot
B_loJkl: doesn't show hand
*** SUMMARY ***
Total pot $2 | Rake $0
Seat 1: B_loJkl (big blind) collected ($2)
Seat 6: play4uron (button) (small blind) folded before Flop


PokerStars Hand #164765665825:  Hold'em Limit ($3/$6 USD) - 2017/01/18 5:15:19 ET
Table 'Byblis II' 6-max Seat #1 is the button
Seat 1: B_loJkl ($140.81 in chips)
Seat 6: play4uron ($101.10 in chips)
B_loJkl: posts small blind $1
play4uron: posts big blind $3
*** HOLE CARDS ***
B_loJkl: raises $3 to $6
play4uron: calls $3
*** FLOP *** [5d 8d 4s]
play4uron: checks
B_loJkl: checks
*** TURN *** [5d 8d 4s] [Ts]
play4uron: bets $6
B_loJkl: folds
Uncalled bet ($6) returned to play4uron
play4uron collected $11.76 from pot
play4uron: doesn't show hand
*** SUMMARY ***
Total pot $12 | Rake $0.24
Board [5d 8d 4s Ts]
Seat 1: B_loJkl (button) (small blind) folded on the Turn
Seat 6: play4uron (big blind) collected ($11.76)


PokerStars Hand #164765681156:  Hold'em Limit ($3/$6 USD) - 2017/01/18 5:15:55 ET
Table 'Byblis II' 6-max Seat #6 is the button
Seat 1: B_loJkl ($134.81 in chips)
Seat 6: play4uron ($106.86 in chips)
play4uron: posts small blind $1
B_loJkl: posts big blind $3
*** HOLE CARDS ***
play4uron: raises $3 to $6
B_loJkl: calls $3
*** FLOP *** [5h 8s Qc]
B_loJkl: checks
play4uron: bets $3
B_loJkl: folds
Uncalled bet ($3) returned to play4uron
play4uron collected $11.76 from pot
play4uron: doesn't show hand
*** SUMMARY ***
Total pot $12 | Rake $0.24
Board [5h 8s Qc]
Seat 1: B_loJkl (big blind) folded on the Flop
Seat 6: play4uron (button) (small blind) collected ($11.76)


PokerStars Hand #164765689681:  Hold'em Limit ($3/$6 USD) - 2017/01/18 5:16:15 ET
Table 'Byblis II' 6-max Seat #1 is the button
Seat 1: B_loJkl ($128.81 in chips)
Seat 6: play4uron ($112.62 in chips)
B_loJkl: posts small blind $1
play4uron: posts big blind $3
*** HOLE CARDS ***
B_loJkl: raises $3 to $6
play4uron: calls $3
*** FLOP *** [Kd 9d 8d]
play4uron: bets $3
B_loJkl: calls $3
*** TURN *** [Kd 9d 8d] [7d]
play4uron: bets $6
B_loJkl: folds
Uncalled bet ($6) returned to play4uron
play4uron collected $17.64 from pot
play4uron: doesn't show hand
*** SUMMARY ***
Total pot $18 | Rake $0.36
Board [Kd 9d 8d 7d]
Seat 1: B_loJkl (button) (small blind) folded on the Turn
Seat 6: play4uron (big blind) collected ($17.64)


PokerStars Hand #164765697614:  Hold'em Limit ($3/$6 USD) - 2017/01/18 5:16:33 ET
Table 'Byblis II' 6-max Seat #6 is the button
Seat 1: B_loJkl ($119.81 in chips)
Seat 6: play4uron ($121.26 in chips)
play4uron: posts small blind $1
B_loJkl: posts big blind $3
*** HOLE CARDS ***
play4uron: raises $3 to $6
B_loJkl: calls $3
*** FLOP *** [5s Js Ah]
B_loJkl: checks
play4uron: bets $3
B_loJkl: folds
Uncalled bet ($3) returned to play4uron
play4uron collected $11.76 from pot
play4uron: doesn't show hand
*** SUMMARY ***
Total pot $12 | Rake $0.24
Board [5s Js Ah]
Seat 1: B_loJkl (big blind) folded on the Flop
Seat 6: play4uron (button) (small blind) collected ($11.76)


PokerStars Hand #164765703175:  Hold'em Limit ($3/$6 USD) - 2017/01/18 5:16:46 ET
Table 'Byblis II' 6-max Seat #1 is the button
Seat 1: B_loJkl ($113.81 in chips)
Seat 6: play4uron ($127.02 in chips)
B_loJkl: posts small blind $1
play4uron: posts big blind $3
*** HOLE CARDS ***
B_loJkl: raises $3 to $6
play4uron: calls $3
*** FLOP *** [Td 9d 7s]
play4uron: bets $3
B_loJkl: calls $3
*** TURN *** [Td 9d 7s] [Qs]
play4uron: checks
B_loJkl: bets $6
play4uron: folds
Uncalled bet ($6) returned to B_loJkl
B_loJkl collected $17.64 from pot
B_loJkl: doesn't show hand
*** SUMMARY ***
Total pot $18 | Rake $0.36
Board [Td 9d 7s Qs]
Seat 1: B_loJkl (button) (small blind) collected ($17.64)
Seat 6: play4uron (big blind) folded on the Turn


PokerStars Hand #164765712125:  Hold'em Limit ($3/$6 USD) - 2017/01/18 5:17:07 ET
Table 'Byblis II' 6-max Seat #6 is the button
Seat 1: B_loJkl ($122.45 in chips)
Seat 6: play4uron ($118.02 in chips)
play4uron: posts small blind $1
B_loJkl: posts big blind $3
*** HOLE CARDS ***
play4uron: calls $2
B_loJkl: checks
*** FLOP *** [Jh 2d 4s]
B_loJkl: bets $3
play4uron: calls $3
*** TURN *** [Jh 2d 4s] [8d]
B_loJkl: bets $6
play4uron: calls $6
*** RIVER *** [Jh 2d 4s 8d] [7h]
B_loJkl: bets $6
play4uron: raises $6 to $12
B_loJkl: calls $6
*** SHOW DOWN ***
play4uron: shows [7c 5d] (a pair of Sevens)
B_loJkl: shows [2c 8h] (two pair, Eights and Deuces)
B_loJkl collected $47.50 from pot
*** SUMMARY ***
Total pot $48 | Rake $0.50
Board [Jh 2d 4s 8d 7h]
Seat 1: B_loJkl (big blind) showed [2c 8h] and won ($47.50) with two pair, Eights and Deuces
Seat 6: play4uron (button) (small blind) showed [7c 5d] and lost with a pair of Sevens


PokerStars Hand #164765732034:  Hold'em Limit ($3/$6 USD) - 2017/01/18 5:17:53 ET
Table 'Byblis II' 6-max Seat #6 is the button
Seat 1: B_loJkl ($124.95 in chips)
Seat 6: play4uron ($114.52 in chips)
play4uron: posts small blind $1
B_loJkl: posts big blind $3
*** HOLE CARDS ***
play4uron: raises $3 to $6
B_loJkl: calls $3
*** FLOP *** [Jc 6c Ts]
B_loJkl: checks
play4uron: bets $3
B_loJkl: calls $3
*** TURN *** [Jc 6c Ts] [Ks]
B_loJkl: checks
play4uron: bets $6
B_loJkl: calls $6
*** RIVER *** [Jc 6c Ts Ks] [9h]
B_loJkl: checks
play4uron: bets $6
B_loJkl: folds
Uncalled bet ($6) returned to play4uron
play4uron collected $29.50 from pot
play4uron: doesn't show hand
*** SUMMARY ***
Total pot $30 | Rake $0.50
Board [Jc 6c Ts Ks 9h]
Seat 1: B_loJkl (big blind) folded on the River
Seat 6: play4uron (button) (small blind) collected ($29.50)


PokerStars Hand #164765742677:  Hold'em Limit ($3/$6 USD) - 2017/01/18 5:18:17 ET
Table 'Byblis II' 6-max Seat #1 is the button
Seat 1: B_loJkl ($109.95 in chips)
Seat 6: play4uron ($129.02 in chips)
B_loJkl: posts small blind $1
play4uron: posts big blind $3
*** HOLE CARDS ***
B_loJkl: folds
Uncalled bet ($2) returned to play4uron
play4uron collected $2 from pot
play4uron: doesn't show hand
*** SUMMARY ***
Total pot $2 | Rake $0
Seat 1: B_loJkl (button) (small blind) folded before Flop
Seat 6: play4uron (big blind) collected ($2)


PokerStars Hand #164765744804:  Hold'em Limit ($3/$6 USD) - 2017/01/18 5:18:22 ET
Table 'Byblis II' 6-max Seat #6 is the button
Seat 1: B_loJkl ($108.95 in chips)
Seat 6: play4uron ($130.02 in chips)
play4uron: posts small blind $1
B_loJkl: posts big blind $3
*** HOLE CARDS ***
play4uron: folds
Uncalled bet ($2) returned to B_loJkl
B_loJkl collected $2 from pot
B_loJkl: doesn't show hand
*** SUMMARY ***
Total pot $2 | Rake $0
Seat 1: B_loJkl (big blind) collected ($2)
Seat 6: play4uron (button) (small blind) folded before Flop


PokerStars Hand #164765720995:  Hold'em Limit ($3/$6 USD) - 2017/01/18 5:17:27 ET
Table 'Byblis II' 6-max Seat #1 is the button
Seat 1: B_loJkl ($145.95 in chips)
Seat 6: play4uron ($94.02 in chips)
B_loJkl: posts small blind $1
play4uron: posts big blind $3
*** HOLE CARDS ***
B_loJkl: raises $3 to $6
play4uron: calls $3
*** FLOP *** [2d 2s 3h]
play4uron: checks
B_loJkl: bets $3
play4uron: calls $3
*** TURN *** [2d 2s 3h] [Jc]
play4uron: bets $6
B_loJkl: calls $6
*** RIVER *** [2d 2s 3h Jc] [4c]
play4uron: bets $6
B_loJkl: calls $6
*** SHOW DOWN ***
play4uron: shows [2c 5c] (three of a kind, Deuces)
B_loJkl: mucks hand
play4uron collected $41.50 from pot
*** SUMMARY ***
Total pot $42 | Rake $0.50
Board [2d 2s 3h Jc 4c]
Seat 1: B_loJkl (button) (small blind) mucked
Seat 6: play4uron (big blind) showed [2c 5c] and won ($41.50) with three of a kind, Deuces


