PokerStars Hand #166525603590:  Hold'em Limit ($3/$6 USD) - 2017/02/20 17:49:43 ET
Table 'Caecilia' 6-max Seat #6 is the button
Seat 1: Zubasa07 ($300 in chips)
Seat 6: HAOYUN88888 ($60 in chips)
HAOYUN88888: posts small blind $1
Zubasa07: posts big blind $3
*** HOLE CARDS ***
HAOYUN88888: folds
Uncalled bet ($2) returned to Zubasa07
Zubasa07 collected $2 from pot
Zubasa07: doesn't show hand
*** SUMMARY ***
Total pot $2 | Rake $0
Seat 1: Zubasa07 (big blind) collected ($2)
Seat 6: HAOYUN88888 (button) (small blind) folded before Flop


PokerStars Hand #166525593564:  Hold'em Limit ($3/$6 USD) - 2017/02/20 17:49:31 ET
Table 'Caecilia' 6-max Seat #1 is the button
Seat 1: Zubasa07 ($301 in chips)
Seat 6: HAOYUN88888 ($59 in chips)
Zubasa07: posts small blind $1
HAOYUN88888: posts big blind $3
*** HOLE CARDS ***
Zubasa07: folds
Uncalled bet ($2) returned to HAOYUN88888
HAOYUN88888 collected $2 from pot
HAOYUN88888: doesn't show hand
*** SUMMARY ***
Total pot $2 | Rake $0
Seat 1: Zubasa07 (button) (small blind) folded before Flop
Seat 6: HAOYUN88888 (big blind) collected ($2)


PokerStars Hand #166525589184:  Hold'em Limit ($3/$6 USD) - 2017/02/20 17:49:25 ET
Table 'Caecilia' 6-max Seat #6 is the button
Seat 1: Zubasa07 ($300 in chips)
Seat 6: HAOYUN88888 ($60 in chips)
HAOYUN88888: posts small blind $1
Zubasa07: posts big blind $3
*** HOLE CARDS ***
HAOYUN88888: folds
Uncalled bet ($2) returned to Zubasa07
Zubasa07 collected $2 from pot
Zubasa07: doesn't show hand
*** SUMMARY ***
Total pot $2 | Rake $0
Seat 1: Zubasa07 (big blind) collected ($2)
Seat 6: HAOYUN88888 (button) (small blind) folded before Flop


PokerStars Hand #166525584490:  Hold'em Limit ($3/$6 USD) - 2017/02/20 17:49:20 ET
Table 'Caecilia' 6-max Seat #1 is the button
Seat 1: Zubasa07 ($301 in chips)
Seat 6: HAOYUN88888 ($59 in chips)
Zubasa07: posts small blind $1
HAOYUN88888: posts big blind $3
*** HOLE CARDS ***
Zubasa07: folds
Uncalled bet ($2) returned to HAOYUN88888
HAOYUN88888 collected $2 from pot
HAOYUN88888: doesn't show hand
*** SUMMARY ***
Total pot $2 | Rake $0
Seat 1: Zubasa07 (button) (small blind) folded before Flop
Seat 6: HAOYUN88888 (big blind) collected ($2)


PokerStars Hand #166525607579:  Hold'em Limit ($3/$6 USD) - 2017/02/20 17:49:47 ET
Table 'Caecilia' 6-max Seat #1 is the button
Seat 1: Zubasa07 ($301 in chips)
Seat 6: HAOYUN88888 ($59 in chips)
Zubasa07: posts small blind $1
HAOYUN88888: posts big blind $3
*** HOLE CARDS ***
Zubasa07: raises $3 to $6
HAOYUN88888: calls $3
*** FLOP *** [9d 6c 6s]
HAOYUN88888: checks
Zubasa07: bets $3
HAOYUN88888: raises $3 to $6
Zubasa07: calls $3
*** TURN *** [9d 6c 6s] [5s]
HAOYUN88888: bets $6
Zubasa07: calls $6
*** RIVER *** [9d 6c 6s 5s] [Ks]
HAOYUN88888: checks
Chessnok joins the table at seat #2
HAOYUN88888 said, "zzzzzzzz"
Zubasa07: bets $6
HAOYUN88888: calls $6
*** SHOW DOWN ***
Zubasa07: shows [8d 9s] (two pair, Nines and Sixes)
HAOYUN88888: mucks hand
Zubasa07 collected $47.50 from pot
*** SUMMARY ***
Total pot $48 | Rake $0.50
Board [9d 6c 6s 5s Ks]
Seat 1: Zubasa07 (button) (small blind) showed [8d 9s] and won ($47.50) with two pair, Nines and Sixes
Seat 6: HAOYUN88888 (big blind) mucked


PokerStars Hand #166525668845:  Hold'em Limit ($3/$6 USD) - 2017/02/20 17:51:01 ET
Table 'Caecilia' 6-max Seat #6 is the button
Seat 1: Zubasa07 ($324.50 in chips)
Seat 6: HAOYUN88888 ($35 in chips)
HAOYUN88888: posts small blind $1
Zubasa07: posts big blind $3
*** HOLE CARDS ***
HAOYUN88888: raises $3 to $6
Zubasa07: raises $3 to $9
HAOYUN88888: raises $3 to $12
Betting is capped
Zubasa07: calls $3
*** FLOP *** [8d 3h Qh]
Zubasa07: checks
HAOYUN88888: bets $3
Zubasa07: calls $3
*** TURN *** [8d 3h Qh] [Jh]
Zubasa07: checks
HAOYUN88888: bets $6
Zubasa07: calls $6
*** RIVER *** [8d 3h Qh Jh] [Js]
Zubasa07: checks
HAOYUN88888: bets $6
Zubasa07: calls $6
*** SHOW DOWN ***
HAOYUN88888: shows [Kc Td] (a pair of Jacks)
Zubasa07: shows [2h 2c] (two pair, Jacks and Deuces)
Zubasa07 collected $53.50 from pot
*** SUMMARY ***
Total pot $54 | Rake $0.50
Board [8d 3h Qh Jh Js]
Seat 1: Zubasa07 (big blind) showed [2h 2c] and won ($53.50) with two pair, Jacks and Deuces
Seat 6: HAOYUN88888 (button) (small blind) showed [Kc Td] and lost with a pair of Jacks


