PokerStars Hand #170614071248:  Hold'em Limit ($3/$6 USD) - 2017/05/19 1:40:34 ET
Table 'Caecilia' 6-max Seat #4 is the button
Seat 4: MTails ($143.25 in chips)
Seat 5: hairy1961 ($25.75 in chips)
MTails: posts small blind $1
hairy1961: posts big blind $3
*** HOLE CARDS ***
MTails: folds
Uncalled bet ($2) returned to hairy1961
hairy1961 collected $2 from pot
*** SUMMARY ***
Total pot $2 | Rake $0
Seat 4: MTails (button) (small blind) folded before Flop
Seat 5: hairy1961 (big blind) collected ($2)


PokerStars Hand #170614064825:  Hold'em Limit ($3/$6 USD) - 2017/05/19 1:40:09 ET
Table 'Caecilia' 6-max Seat #5 is the button
Seat 4: MTails ($143.50 in chips)
Seat 5: hairy1961 ($26 in chips)
hairy1961: posts small blind $1
MTails: posts big blind $3
*** HOLE CARDS ***
hairy1961: raises $3 to $6
MTails: raises $3 to $9
hairy1961: calls $3
*** FLOP *** [5h 9h 9d]
MTails: bets $3
hairy1961: calls $3
*** TURN *** [5h 9h 9d] [8d]
artecris joins the table at seat #2
MTails: checks
hairy1961: checks
*** RIVER *** [5h 9h 9d 8d] [7h]
MTails: bets $6
hairy1961: raises $6 to $12
MTails: calls $6
*** SHOW DOWN ***
hairy1961: shows [6c Qs] (a straight, Five to Nine)
MTails: shows [Ah 6s] (a straight, Five to Nine)
MTails collected $23.75 from pot
hairy1961 collected $23.75 from pot
*** SUMMARY ***
Total pot $48 | Rake $0.50
Board [5h 9h 9d 8d 7h]
Seat 4: MTails (big blind) showed [Ah 6s] and won ($23.75) with a straight, Five to Nine
Seat 5: hairy1961 (button) (small blind) showed [6c Qs] and won ($23.75) with a straight, Five to Nine


PokerStars Hand #170614057732:  Hold'em Limit ($3/$6 USD) - 2017/05/19 1:39:43 ET
Table 'Caecilia' 6-max Seat #4 is the button
Seat 4: MTails ($120 in chips)
Seat 5: hairy1961 ($50 in chips)
MTails: posts small blind $1
hairy1961: posts big blind $3
*** HOLE CARDS ***
MTails: raises $3 to $6
hairy1961: raises $3 to $9
MTails: calls $3
*** FLOP *** [8s 3h Th]
hairy1961: bets $3
MTails: calls $3
*** TURN *** [8s 3h Th] [7c]
hairy1961: bets $6
MTails: calls $6
*** RIVER *** [8s 3h Th 7c] [4h]
hairy1961: bets $6
MTails: calls $6
*** SHOW DOWN ***
hairy1961: shows [Qc Ac] (high card Ace)
MTails: shows [Ah 3c] (a pair of Threes)
MTails collected $47.50 from pot
*** SUMMARY ***
Total pot $48 | Rake $0.50
Board [8s 3h Th 7c 4h]
Seat 4: MTails (button) (small blind) showed [Ah 3c] and won ($47.50) with a pair of Threes
Seat 5: hairy1961 (big blind) showed [Qc Ac] and lost with high card Ace


PokerStars Hand #170615957884:  Hold'em Limit ($3/$6 USD) - 2017/05/19 3:37:53 ET
Table 'Caecilia' 6-max Seat #6 is the button
Seat 3: Rus29APX ($118.79 in chips)
Seat 6: carlitostwo ($229.70 in chips)
carlitostwo: posts small blind $1
Bonkman05: is sitting out
Rus29APX: posts big blind $3
*** HOLE CARDS ***
carlitostwo: calls $2
Rus29APX: checks
*** FLOP *** [7s 9c 4s]
Rus29APX: bets $3
carlitostwo: folds
Uncalled bet ($3) returned to Rus29APX
Rus29APX collected $5.88 from pot
Rus29APX: doesn't show hand
*** SUMMARY ***
Total pot $6 | Rake $0.12
Board [7s 9c 4s]
Seat 3: Rus29APX (big blind) collected ($5.88)
Seat 6: carlitostwo (button) (small blind) folded on the Flop


PokerStars Hand #170615961623:  Hold'em Limit ($3/$6 USD) - 2017/05/19 3:38:06 ET
Table 'Caecilia' 6-max Seat #3 is the button
Seat 3: Rus29APX ($121.67 in chips)
Seat 6: carlitostwo ($226.70 in chips)
Rus29APX: posts small blind $1
carlitostwo: posts big blind $3
*** HOLE CARDS ***
Rus29APX: raises $3 to $6
carlitostwo: calls $3
*** FLOP *** [Ah 5c As]
carlitostwo: checks
Rus29APX: bets $3
carlitostwo: calls $3
*** TURN *** [Ah 5c As] [Kc]
Bonkman05 leaves the table
carlitostwo: checks
Rus29APX: bets $6
carlitostwo: calls $6
*** RIVER *** [Ah 5c As Kc] [Qd]
carlitostwo: bets $6
Rus29APX: calls $6
*** SHOW DOWN ***
carlitostwo: shows [4d Ks] (two pair, Aces and Kings)
Rus29APX: mucks hand
carlitostwo collected $41.50 from pot
*** SUMMARY ***
Total pot $42 | Rake $0.50
Board [Ah 5c As Kc Qd]
Seat 3: Rus29APX (button) (small blind) mucked
Seat 6: carlitostwo (big blind) showed [4d Ks] and won ($41.50) with two pair, Aces and Kings


PokerStars Hand #170615969019:  Hold'em Limit ($3/$6 USD) - 2017/05/19 3:38:31 ET
Table 'Caecilia' 6-max Seat #6 is the button
Seat 3: Rus29APX ($100.67 in chips)
Seat 6: carlitostwo ($247.20 in chips)
carlitostwo: posts small blind $1
Rus29APX: posts big blind $3
*** HOLE CARDS ***
carlitostwo: calls $2
Rus29APX: checks
*** FLOP *** [3d 2s 2d]
Rus29APX: checks
carlitostwo: checks
*** TURN *** [3d 2s 2d] [3s]
Rus29APX: checks
carlitostwo: bets $6
Rus29APX: folds
Uncalled bet ($6) returned to carlitostwo
carlitostwo collected $5.88 from pot
carlitostwo: doesn't show hand
*** SUMMARY ***
Total pot $6 | Rake $0.12
Board [3d 2s 2d 3s]
Seat 3: Rus29APX (big blind) folded on the Turn
Seat 6: carlitostwo (button) (small blind) collected ($5.88)


PokerStars Hand #170615977538:  Hold'em Limit ($3/$6 USD) - 2017/05/19 3:39:00 ET
Table 'Caecilia' 6-max Seat #6 is the button
Seat 3: Rus29APX ($100.67 in chips)
Seat 6: carlitostwo ($247.08 in chips)
carlitostwo: posts small blind $1
Rus29APX: posts big blind $3
*** HOLE CARDS ***
carlitostwo: folds
Uncalled bet ($2) returned to Rus29APX
Rus29APX collected $2 from pot
Rus29APX: doesn't show hand
*** SUMMARY ***
Total pot $2 | Rake $0
Seat 3: Rus29APX (big blind) collected ($2)
Seat 6: carlitostwo (button) (small blind) folded before Flop


PokerStars Hand #170615975214:  Hold'em Limit ($3/$6 USD) - 2017/05/19 3:38:52 ET
Table 'Caecilia' 6-max Seat #3 is the button
Seat 3: Rus29APX ($97.67 in chips)
Seat 6: carlitostwo ($250.08 in chips)
Rus29APX: posts small blind $1
carlitostwo: posts big blind $3
*** HOLE CARDS ***
Rus29APX: raises $3 to $6
carlitostwo: folds
Uncalled bet ($3) returned to Rus29APX
Rus29APX collected $6 from pot
Rus29APX: doesn't show hand
*** SUMMARY ***
Total pot $6 | Rake $0
Seat 3: Rus29APX (button) (small blind) collected ($6)
Seat 6: carlitostwo (big blind) folded before Flop


PokerStars Hand #170615986473:  Hold'em Limit ($3/$6 USD) - 2017/05/19 3:39:30 ET
Table 'Caecilia' 6-max Seat #3 is the button
Seat 3: Rus29APX ($121 in chips)
Seat 6: carlitostwo ($250.84 in chips)
Rus29APX: posts small blind $1
carlitostwo: posts big blind $3
*** HOLE CARDS ***
Rus29APX: raises $3 to $6
carlitostwo: folds
Uncalled bet ($3) returned to Rus29APX
Rus29APX collected $6 from pot
Rus29APX: doesn't show hand
*** SUMMARY ***
Total pot $6 | Rake $0
Seat 3: Rus29APX (button) (small blind) collected ($6)
Seat 6: carlitostwo (big blind) folded before Flop


PokerStars Hand #170615984819:  Hold'em Limit ($3/$6 USD) - 2017/05/19 3:39:25 ET
Table 'Caecilia' 6-max Seat #6 is the button
Seat 3: Rus29APX ($120 in chips)
Seat 6: carlitostwo ($251.84 in chips)
carlitostwo: posts small blind $1
Rus29APX: posts big blind $3
*** HOLE CARDS ***
carlitostwo: folds
Uncalled bet ($2) returned to Rus29APX
Rus29APX collected $2 from pot
Rus29APX: doesn't show hand
*** SUMMARY ***
Total pot $2 | Rake $0
Seat 3: Rus29APX (big blind) collected ($2)
Seat 6: carlitostwo (button) (small blind) folded before Flop


PokerStars Hand #170615988205:  Hold'em Limit ($3/$6 USD) - 2017/05/19 3:39:36 ET
Table 'Caecilia' 6-max Seat #6 is the button
Seat 3: Rus29APX ($124 in chips)
Seat 6: carlitostwo ($247.84 in chips)
carlitostwo: posts small blind $1
Rus29APX: posts big blind $3
*** HOLE CARDS ***
carlitostwo: calls $2
Rus29APX: raises $3 to $6
carlitostwo: calls $3
*** FLOP *** [2s Kd 5h]
Rus29APX: bets $3
carlitostwo: calls $3
*** TURN *** [2s Kd 5h] [Th]
Rus29APX: bets $6
carlitostwo: calls $6
*** RIVER *** [2s Kd 5h Th] [Td]
Rus29APX: bets $6
carlitostwo: calls $6
*** SHOW DOWN ***
Rus29APX: shows [Tc 6c] (three of a kind, Tens)
carlitostwo: mucks hand
Rus29APX collected $41.50 from pot
*** SUMMARY ***
Total pot $42 | Rake $0.50
Board [2s Kd 5h Th Td]
Seat 3: Rus29APX (big blind) showed [Tc 6c] and won ($41.50) with three of a kind, Tens
Seat 6: carlitostwo (button) (small blind) mucked


PokerStars Hand #170615978965:  Hold'em Limit ($3/$6 USD) - 2017/05/19 3:39:05 ET
Table 'Caecilia' 6-max Seat #3 is the button
Seat 3: Rus29APX ($101.67 in chips)
Seat 6: carlitostwo ($246.08 in chips)
Rus29APX: posts small blind $1
carlitostwo: posts big blind $3
*** HOLE CARDS ***
Rus29APX: raises $3 to $6
carlitostwo: calls $3
*** FLOP *** [Td 2c 5c]
carlitostwo: checks
Rus29APX: checks
*** TURN *** [Td 2c 5c] [Qh]
carlitostwo: bets $6
Rus29APX: folds
Uncalled bet ($6) returned to carlitostwo
carlitostwo collected $11.76 from pot
carlitostwo: doesn't show hand
*** SUMMARY ***
Total pot $12 | Rake $0.24
Board [Td 2c 5c Qh]
Seat 3: Rus29APX (button) (small blind) folded on the Turn
Seat 6: carlitostwo (big blind) collected ($11.76)


PokerStars Hand #170616004165:  Hold'em Limit ($3/$6 USD) - 2017/05/19 3:40:30 ET
Table 'Caecilia' 6-max Seat #6 is the button
Seat 3: Rus29APX ($108.50 in chips)
Seat 6: carlitostwo ($262.34 in chips)
carlitostwo: posts small blind $1
Rus29APX: posts big blind $3
*** HOLE CARDS ***
carlitostwo: raises $3 to $6
Rus29APX: calls $3
*** FLOP *** [Kd 8c 5c]
Rus29APX: checks
carlitostwo: bets $3
Rus29APX: folds
Uncalled bet ($3) returned to carlitostwo
carlitostwo collected $11.76 from pot
carlitostwo: doesn't show hand
*** SUMMARY ***
Total pot $12 | Rake $0.24
Board [Kd 8c 5c]
Seat 3: Rus29APX (big blind) folded on the Flop
Seat 6: carlitostwo (button) (small blind) collected ($11.76)


PokerStars Hand #170615995675:  Hold'em Limit ($3/$6 USD) - 2017/05/19 3:40:02 ET
Table 'Caecilia' 6-max Seat #3 is the button
Seat 3: Rus29APX ($144.50 in chips)
Seat 6: carlitostwo ($226.84 in chips)
Rus29APX: posts small blind $1
carlitostwo: posts big blind $3
*** HOLE CARDS ***
Rus29APX: raises $3 to $6
carlitostwo: raises $3 to $9
Rus29APX: calls $3
*** FLOP *** [6d Kh Ah]
carlitostwo: bets $3
Rus29APX: calls $3
*** TURN *** [6d Kh Ah] [5s]
carlitostwo: bets $6
Rus29APX: calls $6
*** RIVER *** [6d Kh Ah 5s] [Ac]
carlitostwo: bets $6
Rus29APX: raises $6 to $12
carlitostwo: raises $6 to $18
Rus29APX: calls $6
*** SHOW DOWN ***
carlitostwo: shows [5d 5c] (a full house, Fives full of Aces)
Rus29APX: mucks hand
carlitostwo collected $71.50 from pot
*** SUMMARY ***
Total pot $72 | Rake $0.50
Board [6d Kh Ah 5s Ac]
Seat 3: Rus29APX (button) (small blind) mucked
Seat 6: carlitostwo (big blind) showed [5d 5c] and won ($71.50) with a full house, Fives full of Aces


PokerStars Hand #170616017481:  Hold'em Limit ($3/$6 USD) - 2017/05/19 3:41:15 ET
Table 'Caecilia' 6-max Seat #6 is the button
Seat 3: Rus29APX ($101.50 in chips)
Seat 6: carlitostwo ($269.10 in chips)
carlitostwo: posts small blind $1
Rus29APX: posts big blind $3
*** HOLE CARDS ***
carlitostwo: folds
Uncalled bet ($2) returned to Rus29APX
Rus29APX collected $2 from pot
Rus29APX: doesn't show hand
*** SUMMARY ***
Total pot $2 | Rake $0
Seat 3: Rus29APX (big blind) collected ($2)
Seat 6: carlitostwo (button) (small blind) folded before Flop


