PokerStars Hand #170100317613:  Hold'em Limit ($3/$6 USD) - 2017/05/07 17:10:00 ET
Table 'Caecilia II' 6-max Seat #6 is the button
Seat 1: Zubasa07 ($300 in chips)
Seat 6: hairy1961 ($50 in chips)
hairy1961: posts small blind $1
Zubasa07: posts big blind $3
*** HOLE CARDS ***
hairy1961: folds
Uncalled bet ($2) returned to Zubasa07
Zubasa07 collected $2 from pot
Zubasa07: doesn't show hand
*** SUMMARY ***
Total pot $2 | Rake $0
Seat 1: Zubasa07 (big blind) collected ($2)
Seat 6: hairy1961 (button) (small blind) folded before Flop


PokerStars Hand #170100325484:  Hold'em Limit ($3/$6 USD) - 2017/05/07 17:10:08 ET
Table 'Caecilia II' 6-max Seat #1 is the button
Seat 1: Zubasa07 ($301 in chips)
Seat 6: hairy1961 ($49 in chips)
Zubasa07: posts small blind $1
hairy1961: posts big blind $3
*** HOLE CARDS ***
Zubasa07: raises $3 to $6
hairy1961: calls $3
*** FLOP *** [Qd 2c 2d]
hairy1961: checks
Zubasa07: bets $3
hairy1961: raises $3 to $6
Zubasa07: calls $3
*** TURN *** [Qd 2c 2d] [Tc]
hairy1961: bets $6
Zubasa07: calls $6
*** RIVER *** [Qd 2c 2d Tc] [4s]
hairy1961: bets $6
MehulAjax21 joins the table at seat #2
Zubasa07: calls $6
*** SHOW DOWN ***
hairy1961: shows [6s Qh] (two pair, Queens and Deuces)
Zubasa07: mucks hand
hairy1961 collected $47.50 from pot
*** SUMMARY ***
Total pot $48 | Rake $0.50
Board [Qd 2c 2d Tc 4s]
Seat 1: Zubasa07 (button) (small blind) mucked
Seat 6: hairy1961 (big blind) showed [6s Qh] and won ($47.50) with two pair, Queens and Deuces


PokerStars Hand #170100363347:  Hold'em Limit ($3/$6 USD) - 2017/05/07 17:10:48 ET
Table 'Caecilia II' 6-max Seat #6 is the button
Seat 1: Zubasa07 ($277 in chips)
Seat 6: hairy1961 ($72.50 in chips)
hairy1961: posts small blind $1
Zubasa07: posts big blind $3
*** HOLE CARDS ***
hairy1961: raises $3 to $6
Zubasa07: calls $3
*** FLOP *** [Ad 5c 6c]
Zubasa07: checks
hairy1961: bets $3
Zubasa07: raises $3 to $6
TinaTurner72 joins the table at seat #4
hairy1961: calls $3
*** TURN *** [Ad 5c 6c] [Qs]
Zubasa07: bets $6
hairy1961: calls $6
*** RIVER *** [Ad 5c 6c Qs] [6s]
Zubasa07: checks
hairy1961: checks
*** SHOW DOWN ***
Zubasa07: shows [8s 7c] (a pair of Sixes)
hairy1961: shows [Jh Jd] (two pair, Jacks and Sixes)
hairy1961 collected $35.50 from pot
GoliafUa leaves the table
*** SUMMARY ***
Total pot $36 | Rake $0.50
Board [Ad 5c 6c Qs 6s]
Seat 1: Zubasa07 (big blind) showed [8s 7c] and lost with a pair of Sixes
Seat 6: hairy1961 (button) (small blind) showed [Jh Jd] and won ($35.50) with two pair, Jacks and Sixes


PokerStars Hand #170102835590:  Hold'em Limit ($3/$6 USD) - 2017/05/07 17:56:49 ET
Table 'Caecilia II' 6-max Seat #4 is the button
Seat 2: Dok2920 ($177.57 in chips)
Seat 4: Bedard ($25.96 in chips)
Bedard: posts small blind $1
Homasapien: is sitting out
Dok2920: posts big blind $3
*** HOLE CARDS ***
Bedard: raises $3 to $6
Dok2920: raises $3 to $9
Bedard: calls $3
*** FLOP *** [Kh Jc Ts]
Dok2920: bets $3
Bedard: folds
Uncalled bet ($3) returned to Dok2920
Dok2920 collected $17.64 from pot
Bedard leaves the table
*** SUMMARY ***
Total pot $18 | Rake $0.36
Board [Kh Jc Ts]
Seat 2: Dok2920 (big blind) collected ($17.64)
Seat 4: Bedard (button) (small blind) folded on the Flop


