PokerStars Hand #144894585110:  Hold'em Limit ($3/$6 USD) - 2015/12/06 0:19:38 ET
Table 'Caelium II' 10-max Seat #6 is the button
Seat 2: mdif ($120 in chips)
Seat 6: godmoves ($109.78 in chips)
godmoves: posts small blind $1
mdif: posts big blind $3
*** HOLE CARDS ***
scorpio04 joins the table at seat #7
godmoves: raises $3 to $6
mdif: raises $3 to $9
godmoves: raises $3 to $12
Betting is capped
mdif: calls $3
*** FLOP *** [Ks 4s 4h]
mdif: checks
godmoves: bets $3
mdif: raises $3 to $6
godmoves: calls $3
*** TURN *** [Ks 4s 4h] [Qs]
mdif: bets $6
godmoves: calls $6
*** RIVER *** [Ks 4s 4h Qs] [Qc]
mdif: checks
godmoves: checks
*** SHOW DOWN ***
mdif: shows [Jh Kh] (two pair, Kings and Queens)
godmoves: mucks hand
mdif collected $47.50 from pot
*** SUMMARY ***
Total pot $48 | Rake $0.50
Board [Ks 4s 4h Qs Qc]
Seat 2: mdif (big blind) showed [Jh Kh] and won ($47.50) with two pair, Kings and Queens
Seat 6: godmoves (button) (small blind) mucked


PokerStars Hand #144894581850:  Hold'em Limit ($3/$6 USD) - 2015/12/06 0:19:26 ET
Table 'Caelium II' 10-max Seat #2 is the button
Seat 2: mdif ($120 in chips)
Seat 6: godmoves ($108.78 in chips)
mdif: posts small blind $1
godmoves: posts big blind $3
*** HOLE CARDS ***
mdif: folds
Uncalled bet ($2) returned to godmoves
godmoves collected $2 from pot
godmoves: doesn't show hand
*** SUMMARY ***
Total pot $2 | Rake $0
Seat 2: mdif (button) (small blind) folded before Flop
Seat 6: godmoves (big blind) collected ($2)


PokerStars Hand #144894591698:  Hold'em Limit ($3/$6 USD) - 2015/12/06 0:20:01 ET
Table 'Caelium II' 10-max Seat #2 is the button
Seat 2: mdif ($143.50 in chips)
Seat 6: godmoves ($85.78 in chips)
mdif: posts small blind $1
godmoves: posts big blind $3
*** HOLE CARDS ***
mdif: raises $3 to $6
godmoves: calls $3
*** FLOP *** [2s 3d Td]
godmoves: checks
mdif: bets $3
godmoves: calls $3
*** TURN *** [2s 3d Td] [2d]
godmoves: checks
mdif: checks
*** RIVER *** [2s 3d Td 2d] [4h]
godmoves: bets $6
mdif: calls $6
*** SHOW DOWN ***
godmoves: shows [4c Ks] (two pair, Fours and Deuces)
mdif: mucks hand
godmoves collected $29.50 from pot
*** SUMMARY ***
Total pot $30 | Rake $0.50
Board [2s 3d Td 2d 4h]
Seat 2: mdif (button) (small blind) mucked
Seat 6: godmoves (big blind) showed [4c Ks] and won ($29.50) with two pair, Fours and Deuces


PokerStars Hand #144894737177:  Hold'em Limit ($3/$6 USD) - 2015/12/06 0:28:39 ET
Table 'Caelium II' 10-max Seat #7 is the button
Seat 4: ChawkDee ($64.34 in chips)
Seat 7: scorpio04 ($199.57 in chips)
wingskid666 will be allowed to play after the button
benyeiantal will be allowed to play after the button
scorpio04: posts small blind $1
oj_pimpson: is sitting out
ChawkDee: posts big blind $3
*** HOLE CARDS ***
scorpio04: raises $3 to $6
ChawkDee: folds
Uncalled bet ($3) returned to scorpio04
scorpio04 collected $6 from pot
scorpio04: doesn't show hand
*** SUMMARY ***
Total pot $6 | Rake $0
Seat 4: ChawkDee (big blind) folded before Flop
Seat 7: scorpio04 (button) (small blind) collected ($6)


PokerStars Hand #144895601196:  Hold'em Limit ($3/$6 USD) - 2015/12/06 1:20:33 ET
Table 'Caelium II' 10-max Seat #8 is the button
Seat 7: scorpio04 ($359.45 in chips)
Seat 8: oj_pimpson ($133.13 in chips)
oj_pimpson: posts small blind $1
scorpio04: posts big blind $3
*** HOLE CARDS ***
oj_pimpson: raises $3 to $6
scorpio04: raises $3 to $9
oj_pimpson: raises $3 to $12
Betting is capped
scorpio04: calls $3
*** FLOP *** [Ah 3s Qs]
scorpio04: checks
oj_pimpson: bets $3
scorpio04: calls $3
*** TURN *** [Ah 3s Qs] [5c]
scorpio04: checks
oj_pimpson: bets $6
scorpio04: calls $6
*** RIVER *** [Ah 3s Qs 5c] [Ks]
scorpio04: checks
oj_pimpson: bets $6
scorpio04: folds
Uncalled bet ($6) returned to oj_pimpson
oj_pimpson collected $41.50 from pot
*** SUMMARY ***
Total pot $42 | Rake $0.50
Board [Ah 3s Qs 5c Ks]
Seat 7: scorpio04 (big blind) folded on the River
Seat 8: oj_pimpson (button) (small blind) collected ($41.50)


