PokerStars Hand #162864949871:  Hold'em Limit ($3/$6 USD) - 2016/12/13 2:08:44 ET
Table 'Caelium II' 6-max Seat #1 is the button
Seat 1: LifeisagameX ($84 in chips)
Seat 2: agentbond007 ($120 in chips)
LifeisagameX: posts small blind $1
agentbond007: posts big blind $3
*** HOLE CARDS ***
Agrotait joins the table at seat #3
LifeisagameX: raises $3 to $6
agentbond007: calls $3
*** FLOP *** [2d 3h Js]
agentbond007: checks
LifeisagameX: checks
*** TURN *** [2d 3h Js] [9c]
agentbond007: checks
LifeisagameX: bets $6
agentbond007: folds
Uncalled bet ($6) returned to LifeisagameX
LifeisagameX collected $11.76 from pot
LifeisagameX: doesn't show hand
*** SUMMARY ***
Total pot $12 | Rake $0.24
Board [2d 3h Js 9c]
Seat 1: LifeisagameX (button) (small blind) collected ($11.76)
Seat 2: agentbond007 (big blind) folded on the Turn


PokerStars Hand #162864981087:  Hold'em Limit ($3/$6 USD) - 2016/12/13 2:10:34 ET
Table 'Caelium II' 6-max Seat #2 is the button
Seat 2: agentbond007 ($110 in chips)
Seat 3: Agrotait ($94.53 in chips)
agentbond007: posts small blind $1
Agrotait: posts big blind $3
*** HOLE CARDS ***
agentbond007: calls $2
Agrotait: checks
*** FLOP *** [Tc 7s 2c]
Agrotait: bets $3
agentbond007: folds
Uncalled bet ($3) returned to Agrotait
Agrotait collected $5.88 from pot
Agrotait: doesn't show hand
*** SUMMARY ***
Total pot $6 | Rake $0.12
Board [Tc 7s 2c]
Seat 2: agentbond007 (button) (small blind) folded on the Flop
Seat 3: Agrotait (big blind) collected ($5.88)


PokerStars Hand #162864986725:  Hold'em Limit ($3/$6 USD) - 2016/12/13 2:10:55 ET
Table 'Caelium II' 6-max Seat #3 is the button
Seat 2: agentbond007 ($107 in chips)
Seat 3: Agrotait ($97.41 in chips)
Agrotait: posts small blind $1
agentbond007: posts big blind $3
*** HOLE CARDS ***
LifeisagameX leaves the table
Agrotait: folds
Uncalled bet ($2) returned to agentbond007
agentbond007 collected $2 from pot
agentbond007: doesn't show hand
*** SUMMARY ***
Total pot $2 | Rake $0
Seat 2: agentbond007 (big blind) collected ($2)
Seat 3: Agrotait (button) (small blind) folded before Flop


PokerStars Hand #162864996508:  Hold'em Limit ($3/$6 USD) - 2016/12/13 2:11:29 ET
Table 'Caelium II' 6-max Seat #3 is the button
Seat 2: agentbond007 ($113.76 in chips)
Seat 3: Agrotait ($90.41 in chips)
Agrotait: posts small blind $1
agentbond007: posts big blind $3
*** HOLE CARDS ***
Agrotait: raises $3 to $6
agentbond007: calls $3
*** FLOP *** [3c Qc 6s]
agentbond007: checks
Agrotait: bets $3
agentbond007: folds
Uncalled bet ($3) returned to Agrotait
Agrotait collected $11.76 from pot
Agrotait: doesn't show hand
*** SUMMARY ***
Total pot $12 | Rake $0.24
Board [3c Qc 6s]
Seat 2: agentbond007 (big blind) folded on the Flop
Seat 3: Agrotait (button) (small blind) collected ($11.76)


PokerStars Hand #162865000121:  Hold'em Limit ($3/$6 USD) - 2016/12/13 2:11:42 ET
Table 'Caelium II' 6-max Seat #2 is the button
Seat 2: agentbond007 ($107.76 in chips)
Seat 3: Agrotait ($96.17 in chips)
agentbond007: posts small blind $1
Agrotait: posts big blind $3
*** HOLE CARDS ***
agentbond007: calls $2
Agrotait: raises $3 to $6
agentbond007: calls $3
*** FLOP *** [9d 6d 8h]
Agrotait: bets $3
agentbond007: calls $3
*** TURN *** [9d 6d 8h] [9c]
Agrotait: bets $6
agentbond007: calls $6
*** RIVER *** [9d 6d 8h 9c] [Tc]
Agrotait: checks
agentbond007: checks
*** SHOW DOWN ***
Agrotait: shows [Jh Ac] (a pair of Nines)
agentbond007: shows [3c 3h] (two pair, Nines and Threes)
agentbond007 collected $29.50 from pot
*** SUMMARY ***
Total pot $30 | Rake $0.50
Board [9d 6d 8h 9c Tc]
Seat 2: agentbond007 (button) (small blind) showed [3c 3h] and won ($29.50) with two pair, Nines and Threes
Seat 3: Agrotait (big blind) showed [Jh Ac] and lost with a pair of Nines


PokerStars Hand #162865011747:  Hold'em Limit ($3/$6 USD) - 2016/12/13 2:12:23 ET
Table 'Caelium II' 6-max Seat #3 is the button
Seat 2: agentbond007 ($122.26 in chips)
Seat 3: Agrotait ($81.17 in chips)
Agrotait: posts small blind $1
agentbond007: posts big blind $3
*** HOLE CARDS ***
Agrotait: raises $3 to $6
agentbond007: folds
Uncalled bet ($3) returned to Agrotait
Agrotait collected $6 from pot
Agrotait: doesn't show hand
*** SUMMARY ***
Total pot $6 | Rake $0
Seat 2: agentbond007 (big blind) folded before Flop
Seat 3: Agrotait (button) (small blind) collected ($6)


PokerStars Hand #162865014646:  Hold'em Limit ($3/$6 USD) - 2016/12/13 2:12:33 ET
Table 'Caelium II' 6-max Seat #2 is the button
Seat 2: agentbond007 ($119.26 in chips)
Seat 3: Agrotait ($84.17 in chips)
agentbond007: posts small blind $1
Agrotait: posts big blind $3
*** HOLE CARDS ***
agentbond007: raises $3 to $6
Agrotait: calls $3
*** FLOP *** [Kd 6h 7h]
Agrotait: bets $3
agentbond007: calls $3
*** TURN *** [Kd 6h 7h] [Ah]
Agrotait: bets $6
agentbond007: folds
Uncalled bet ($6) returned to Agrotait
Agrotait collected $17.64 from pot
Agrotait: doesn't show hand
*** SUMMARY ***
Total pot $18 | Rake $0.36
Board [Kd 6h 7h Ah]
Seat 2: agentbond007 (button) (small blind) folded on the Turn
Seat 3: Agrotait (big blind) collected ($17.64)


PokerStars Hand #162865025954:  Hold'em Limit ($3/$6 USD) - 2016/12/13 2:13:13 ET
Table 'Caelium II' 6-max Seat #3 is the button
Seat 2: agentbond007 ($110.26 in chips)
Seat 3: Agrotait ($92.81 in chips)
Agrotait: posts small blind $1
agentbond007: posts big blind $3
*** HOLE CARDS ***
karambakilla joins the table at seat #4
Agrotait: raises $3 to $6
agentbond007: calls $3
*** FLOP *** [4c 2c Jc]
agentbond007: checks
Agrotait: bets $3
agentbond007: folds
Uncalled bet ($3) returned to Agrotait
Agrotait collected $11.76 from pot
Agrotait: doesn't show hand
*** SUMMARY ***
Total pot $12 | Rake $0.24
Board [4c 2c Jc]
Seat 2: agentbond007 (big blind) folded on the Flop
Seat 3: Agrotait (button) (small blind) collected ($11.76)


PokerStars Hand #162865182953:  Hold'em Limit ($3/$6 USD) - 2016/12/13 2:22:29 ET
Table 'Caelium II' 6-max Seat #4 is the button
Seat 4: karambakilla ($121.30 in chips)
Seat 6: s s h ($211.57 in chips)
karambakilla: posts small blind $1
s s h: posts big blind $3
*** HOLE CARDS ***
karambakilla: raises $3 to $6
s s h: raises $3 to $9
karambakilla: calls $3
*** FLOP *** [Qd 5s 8c]
s s h: bets $3
karambakilla: calls $3
*** TURN *** [Qd 5s 8c] [2c]
s s h: bets $6
karambakilla: calls $6
*** RIVER *** [Qd 5s 8c 2c] [9h]
s s h: checks
karambakilla: bets $6
s s h: calls $6
*** SHOW DOWN ***
karambakilla: shows [9c 9s] (three of a kind, Nines)
s s h: mucks hand
karambakilla collected $47.50 from pot
*** SUMMARY ***
Total pot $48 | Rake $0.50
Board [Qd 5s 8c 2c 9h]
Seat 4: karambakilla (button) (small blind) showed [9c 9s] and won ($47.50) with three of a kind, Nines
Seat 6: s s h (big blind) mucked


PokerStars Hand #162865180148:  Hold'em Limit ($3/$6 USD) - 2016/12/13 2:22:19 ET
Table 'Caelium II' 6-max Seat #6 is the button
Seat 4: karambakilla ($127.30 in chips)
Seat 6: s s h ($205.81 in chips)
s s h: posts small blind $1
karambakilla: posts big blind $3
*** HOLE CARDS ***
s s h: raises $3 to $6
karambakilla: calls $3
*** FLOP *** [8c Qc 6c]
karambakilla: checks
s s h: bets $3
karambakilla: folds
Uncalled bet ($3) returned to s s h
s s h collected $11.76 from pot
s s h: doesn't show hand
*** SUMMARY ***
Total pot $12 | Rake $0.24
Board [8c Qc 6c]
Seat 4: karambakilla (big blind) folded on the Flop
Seat 6: s s h (button) (small blind) collected ($11.76)


PokerStars Hand #162865177390:  Hold'em Limit ($3/$6 USD) - 2016/12/13 2:22:10 ET
Table 'Caelium II' 6-max Seat #4 is the button
Seat 4: karambakilla ($128.30 in chips)
Seat 6: s s h ($204.81 in chips)
karambakilla: posts small blind $1
Bonkman05: is sitting out
s s h: posts big blind $3
*** HOLE CARDS ***
Bonkman05 leaves the table
karambakilla: folds
Uncalled bet ($2) returned to s s h
s s h collected $2 from pot
s s h: doesn't show hand
*** SUMMARY ***
Total pot $2 | Rake $0
Seat 4: karambakilla (button) (small blind) folded before Flop
Seat 6: s s h (big blind) collected ($2)


PokerStars Hand #162865207434:  Hold'em Limit ($3/$6 USD) - 2016/12/13 2:23:56 ET
Table 'Caelium II' 6-max Seat #4 is the button
Seat 4: karambakilla ($173.82 in chips)
Seat 6: s s h ($157.07 in chips)
karambakilla: posts small blind $1
s s h: posts big blind $3
*** HOLE CARDS ***
karambakilla: raises $3 to $6
s s h: folds
Uncalled bet ($3) returned to karambakilla
karambakilla collected $6 from pot
karambakilla: doesn't show hand
*** SUMMARY ***
Total pot $6 | Rake $0
Seat 4: karambakilla (button) (small blind) collected ($6)
Seat 6: s s h (big blind) folded before Flop


PokerStars Hand #162865203007:  Hold'em Limit ($3/$6 USD) - 2016/12/13 2:23:40 ET
Table 'Caelium II' 6-max Seat #6 is the button
Seat 4: karambakilla ($162.30 in chips)
Seat 6: s s h ($169.07 in chips)
s s h: posts small blind $1
karambakilla: posts big blind $3
*** HOLE CARDS ***
s s h: raises $3 to $6
karambakilla: calls $3
*** FLOP *** [7h 4d 3c]
karambakilla: checks
s s h: bets $3
karambakilla: raises $3 to $6
s s h: calls $3
*** TURN *** [7h 4d 3c] [7c]
karambakilla: bets $6
s s h: folds
Uncalled bet ($6) returned to karambakilla
karambakilla collected $23.52 from pot
karambakilla: doesn't show hand
*** SUMMARY ***
Total pot $24 | Rake $0.48
Board [7h 4d 3c 7c]
Seat 4: karambakilla (big blind) collected ($23.52)
Seat 6: s s h (button) (small blind) folded on the Turn


PokerStars Hand #162865188253:  Hold'em Limit ($3/$6 USD) - 2016/12/13 2:22:48 ET
Table 'Caelium II' 6-max Seat #6 is the button
Seat 4: karambakilla ($144.80 in chips)
Seat 6: s s h ($187.57 in chips)
s s h: posts small blind $1
karambakilla: posts big blind $3
*** HOLE CARDS ***
s s h: raises $3 to $6
karambakilla: calls $3
*** FLOP *** [6c 8s Kc]
karambakilla: checks
s s h: bets $3
karambakilla: raises $3 to $6
s s h: calls $3
*** TURN *** [6c 8s Kc] [Ah]
karambakilla: checks
s s h: bets $6
karambakilla: calls $6
*** RIVER *** [6c 8s Kc Ah] [7h]
karambakilla: checks
s s h: bets $6
karambakilla: raises $6 to $12
s s h: raises $6 to $18
karambakilla: raises $6 to $24
Betting is capped
s s h: calls $6
*** SHOW DOWN ***
karambakilla: shows [Tc 9c] (a straight, Six to Ten)
s s h: mucks hand
karambakilla collected $83.50 from pot
*** SUMMARY ***
Total pot $84 | Rake $0.50
Board [6c 8s Kc Ah 7h]
Seat 4: karambakilla (big blind) showed [Tc 9c] and won ($83.50) with a straight, Six to Ten
Seat 6: s s h (button) (small blind) mucked


PokerStars Hand #162865218978:  Hold'em Limit ($3/$6 USD) - 2016/12/13 2:24:37 ET
Table 'Caelium II' 6-max Seat #4 is the button
Seat 4: karambakilla ($173.58 in chips)
Seat 6: s s h ($156.83 in chips)
karambakilla: posts small blind $1
s s h: posts big blind $3
*** HOLE CARDS ***
karambakilla: folds
Uncalled bet ($2) returned to s s h
s s h collected $2 from pot
s s h: doesn't show hand
*** SUMMARY ***
Total pot $2 | Rake $0
Seat 4: karambakilla (button) (small blind) folded before Flop
Seat 6: s s h (big blind) collected ($2)


PokerStars Hand #162865215978:  Hold'em Limit ($3/$6 USD) - 2016/12/13 2:24:27 ET
Table 'Caelium II' 6-max Seat #6 is the button
Seat 4: karambakilla ($179.58 in chips)
Seat 6: s s h ($151.07 in chips)
s s h: posts small blind $1
karambakilla: posts big blind $3
*** HOLE CARDS ***
s s h: raises $3 to $6
karambakilla: calls $3
*** FLOP *** [Qh 9s Jc]
karambakilla: checks
s s h: bets $3
karambakilla: folds
Uncalled bet ($3) returned to s s h
s s h collected $11.76 from pot
s s h: doesn't show hand
*** SUMMARY ***
Total pot $12 | Rake $0.24
Board [Qh 9s Jc]
Seat 4: karambakilla (big blind) folded on the Flop
Seat 6: s s h (button) (small blind) collected ($11.76)


PokerStars Hand #162865212901:  Hold'em Limit ($3/$6 USD) - 2016/12/13 2:24:16 ET
Table 'Caelium II' 6-max Seat #4 is the button
Seat 4: karambakilla ($173.82 in chips)
Seat 6: s s h ($157.07 in chips)
karambakilla: posts small blind $1
s s h: posts big blind $3
*** HOLE CARDS ***
karambakilla: raises $3 to $6
s s h: calls $3
*** FLOP *** [Jc Td 6h]
s s h: checks
karambakilla: bets $3
s s h: folds
Uncalled bet ($3) returned to karambakilla
karambakilla collected $11.76 from pot
karambakilla: doesn't show hand
*** SUMMARY ***
Total pot $12 | Rake $0.24
Board [Jc Td 6h]
Seat 4: karambakilla (button) (small blind) collected ($11.76)
Seat 6: s s h (big blind) folded on the Flop


PokerStars Hand #162865211132:  Hold'em Limit ($3/$6 USD) - 2016/12/13 2:24:09 ET
Table 'Caelium II' 6-max Seat #6 is the button
Seat 4: karambakilla ($176.82 in chips)
Seat 6: s s h ($154.07 in chips)
s s h: posts small blind $1
karambakilla: posts big blind $3
*** HOLE CARDS ***
s s h: raises $3 to $6
karambakilla: folds
Uncalled bet ($3) returned to s s h
s s h collected $6 from pot
s s h: doesn't show hand
*** SUMMARY ***
Total pot $6 | Rake $0
Seat 4: karambakilla (big blind) folded before Flop
Seat 6: s s h (button) (small blind) collected ($6)


