PokerStars Hand #148460339282:  Hold'em Limit ($3/$6 USD) - 2016/02/08 14:03:20 ET
Table 'Caelium' 6-max Seat #6 is the button
Seat 2: coolkurt666 ($23.96 in chips)
Seat 6: Paulllchen ($125.78 in chips)
chipmover360 will be allowed to play after the button
Paulllchen: posts small blind $1
coolkurt666: posts big blind $3
*** HOLE CARDS ***
Paulllchen: raises $3 to $6
coolkurt666: calls $3
*** FLOP *** [Qd Ad 7s]
coolkurt666: checks
Paulllchen: bets $3
coolkurt666: folds
Uncalled bet ($3) returned to Paulllchen
Paulllchen collected $11.76 from pot
Paulllchen: doesn't show hand
*** SUMMARY ***
Total pot $12 | Rake $0.24
Board [Qd Ad 7s]
Seat 2: coolkurt666 (big blind) folded on the Flop
Seat 6: Paulllchen (button) (small blind) collected ($11.76)


PokerStars Hand #148463715022:  Hold'em Limit ($3/$6 USD) - 2016/02/08 14:55:15 ET
Table 'Caelium' 6-max Seat #5 is the button
Seat 3: Pokali ($98.24 in chips)
Seat 5: Chessnok ($117 in chips)
Chessnok: posts small blind $1
BelSv: is sitting out
samurai.ru: is sitting out
Pokali: posts big blind $3
*** HOLE CARDS ***
Chessnok: raises $3 to $6
Pokali: folds
Uncalled bet ($3) returned to Chessnok
Chessnok collected $6 from pot
BelSv leaves the table
Chessnok: doesn't show hand
*** SUMMARY ***
Total pot $6 | Rake $0
Seat 3: Pokali (big blind) folded before Flop
Seat 5: Chessnok (button) (small blind) collected ($6)


