PokerStars Hand #156669121221:  Hold'em Limit ($3/$6 USD) - 2016/07/31 6:05:49 ET
Table 'Caelium II' 6-max Seat #1 is the button
Seat 1: Ag3r0n ($173.68 in chips)
Seat 4: Ky3He4uKKK ($70.95 in chips)
Ag3r0n: posts small blind $1
Ky3He4uKKK: posts big blind $3
*** HOLE CARDS ***
Ag3r0n: raises $3 to $6
Ky3He4uKKK: calls $3
*** FLOP *** [2h 7s Tc]
Ky3He4uKKK: checks
Ag3r0n: bets $3
Ky3He4uKKK: calls $3
*** TURN *** [2h 7s Tc] [Qh]
Ky3He4uKKK: checks
Ag3r0n: bets $6
Ky3He4uKKK: raises $6 to $12
Ag3r0n: folds
Uncalled bet ($6) returned to Ky3He4uKKK
Ky3He4uKKK collected $29.50 from pot
Ky3He4uKKK: doesn't show hand
*** SUMMARY ***
Total pot $30 | Rake $0.50
Board [2h 7s Tc Qh]
Seat 1: Ag3r0n (button) (small blind) folded on the Turn
Seat 4: Ky3He4uKKK (big blind) collected ($29.50)


PokerStars Hand #156669129968:  Hold'em Limit ($3/$6 USD) - 2016/07/31 6:06:09 ET
Table 'Caelium II' 6-max Seat #4 is the button
Seat 1: Ag3r0n ($158.68 in chips)
Seat 4: Ky3He4uKKK ($85.45 in chips)
Ky3He4uKKK: posts small blind $1
Ag3r0n: posts big blind $3
*** HOLE CARDS ***
Ky3He4uKKK: raises $3 to $6
Ag3r0n: raises $3 to $9
Ky3He4uKKK: calls $3
*** FLOP *** [Tc Jd 5c]
Ag3r0n: bets $3
Ky3He4uKKK: folds
Uncalled bet ($3) returned to Ag3r0n
Ag3r0n collected $17.64 from pot
*** SUMMARY ***
Total pot $18 | Rake $0.36
Board [Tc Jd 5c]
Seat 1: Ag3r0n (big blind) collected ($17.64)
Seat 4: Ky3He4uKKK (button) (small blind) folded on the Flop


PokerStars Hand #156669134867:  Hold'em Limit ($3/$6 USD) - 2016/07/31 6:06:20 ET
Table 'Caelium II' 6-max Seat #1 is the button
Seat 1: Ag3r0n ($167.32 in chips)
Seat 4: Ky3He4uKKK ($76.45 in chips)
Ag3r0n: posts small blind $1
Ky3He4uKKK: posts big blind $3
*** HOLE CARDS ***
Ag3r0n: folds
Uncalled bet ($2) returned to Ky3He4uKKK
Ky3He4uKKK collected $2 from pot
Ky3He4uKKK: doesn't show hand
*** SUMMARY ***
Total pot $2 | Rake $0
Seat 1: Ag3r0n (button) (small blind) folded before Flop
Seat 4: Ky3He4uKKK (big blind) collected ($2)


PokerStars Hand #156669139068:  Hold'em Limit ($3/$6 USD) - 2016/07/31 6:06:30 ET
Table 'Caelium II' 6-max Seat #1 is the button
Seat 1: Ag3r0n ($167.32 in chips)
Seat 4: Ky3He4uKKK ($76.45 in chips)
Ag3r0n: posts small blind $1
Ky3He4uKKK: posts big blind $3
*** HOLE CARDS ***
Ag3r0n: raises $3 to $6
Ky3He4uKKK: raises $3 to $9
Ag3r0n: calls $3
*** FLOP *** [Ks Js 6d]
Ky3He4uKKK: bets $3
Ag3r0n: folds
Uncalled bet ($3) returned to Ky3He4uKKK
Ky3He4uKKK collected $17.64 from pot
Ky3He4uKKK: doesn't show hand
*** SUMMARY ***
Total pot $18 | Rake $0.36
Board [Ks Js 6d]
Seat 1: Ag3r0n (button) (small blind) folded on the Flop
Seat 4: Ky3He4uKKK (big blind) collected ($17.64)


PokerStars Hand #156669147980:  Hold'em Limit ($3/$6 USD) - 2016/07/31 6:06:51 ET
Table 'Caelium II' 6-max Seat #1 is the button
Seat 1: Ag3r0n ($159.32 in chips)
Seat 4: Ky3He4uKKK ($84.09 in chips)
Ag3r0n: posts small blind $1
Ky3He4uKKK: posts big blind $3
*** HOLE CARDS ***
Ag3r0n: folds
Uncalled bet ($2) returned to Ky3He4uKKK
Ky3He4uKKK collected $2 from pot
Ky3He4uKKK: doesn't show hand
*** SUMMARY ***
Total pot $2 | Rake $0
Seat 1: Ag3r0n (button) (small blind) folded before Flop
Seat 4: Ky3He4uKKK (big blind) collected ($2)


PokerStars Hand #156669158928:  Hold'em Limit ($3/$6 USD) - 2016/07/31 6:07:16 ET
Table 'Caelium II' 6-max Seat #4 is the button
Seat 1: Ag3r0n ($165.96 in chips)
Seat 4: Ky3He4uKKK ($77.09 in chips)
Ky3He4uKKK: posts small blind $1
Ag3r0n: posts big blind $3
*** HOLE CARDS ***
Ky3He4uKKK: folds
Uncalled bet ($2) returned to Ag3r0n
Ag3r0n collected $2 from pot
*** SUMMARY ***
Total pot $2 | Rake $0
Seat 1: Ag3r0n (big blind) collected ($2)
Seat 4: Ky3He4uKKK (button) (small blind) folded before Flop


PokerStars Hand #156669157105:  Hold'em Limit ($3/$6 USD) - 2016/07/31 6:07:12 ET
Table 'Caelium II' 6-max Seat #1 is the button
Seat 1: Ag3r0n ($166.96 in chips)
Seat 4: Ky3He4uKKK ($76.09 in chips)
Ag3r0n: posts small blind $1
Ky3He4uKKK: posts big blind $3
*** HOLE CARDS ***
Ag3r0n: folds
Uncalled bet ($2) returned to Ky3He4uKKK
Ky3He4uKKK collected $2 from pot
Ky3He4uKKK: doesn't show hand
*** SUMMARY ***
Total pot $2 | Rake $0
Seat 1: Ag3r0n (button) (small blind) folded before Flop
Seat 4: Ky3He4uKKK (big blind) collected ($2)


PokerStars Hand #156669150264:  Hold'em Limit ($3/$6 USD) - 2016/07/31 6:06:56 ET
Table 'Caelium II' 6-max Seat #4 is the button
Seat 1: Ag3r0n ($158.32 in chips)
Seat 4: Ky3He4uKKK ($85.09 in chips)
Ky3He4uKKK: posts small blind $1
Ag3r0n: posts big blind $3
*** HOLE CARDS ***
Ky3He4uKKK: raises $3 to $6
Ag3r0n: raises $3 to $9
Ky3He4uKKK: calls $3
*** FLOP *** [Kd Js Jc]
Ag3r0n: bets $3
Ky3He4uKKK: folds
Uncalled bet ($3) returned to Ag3r0n
Ag3r0n collected $17.64 from pot
*** SUMMARY ***
Total pot $18 | Rake $0.36
Board [Kd Js Jc]
Seat 1: Ag3r0n (big blind) collected ($17.64)
Seat 4: Ky3He4uKKK (button) (small blind) folded on the Flop


