PokerStars Hand #145972341140:  Hold'em Limit ($3/$6 USD) - 2015/12/26 18:15:22 ET
Table 'Caia' 6-max Seat #1 is the button
Seat 1: JOGO_DIFICIL ($119.76 in chips)
Seat 3: SmellyToes4u ($122.76 in chips)
JOGO_DIFICIL: posts small blind $1
SmellyToes4u: posts big blind $3
*** HOLE CARDS ***
JOGO_DIFICIL: folds
Uncalled bet ($2) returned to SmellyToes4u
SmellyToes4u collected $2 from pot
SmellyToes4u: doesn't show hand
*** SUMMARY ***
Total pot $2 | Rake $0
Seat 1: JOGO_DIFICIL (button) (small blind) folded before Flop
Seat 3: SmellyToes4u (big blind) collected ($2)


PokerStars Hand #145972332691:  Hold'em Limit ($3/$6 USD) - 2015/12/26 18:15:12 ET
Table 'Caia' 6-max Seat #3 is the button
Seat 1: JOGO_DIFICIL ($125.76 in chips)
Seat 3: SmellyToes4u ($117 in chips)
SmellyToes4u: posts small blind $1
JOGO_DIFICIL: posts big blind $3
*** HOLE CARDS ***
SmellyToes4u: raises $3 to $6
JOGO_DIFICIL: calls $3
*** FLOP *** [9h 9d 9c]
JOGO_DIFICIL: checks
SmellyToes4u: bets $3
JOGO_DIFICIL: folds
Uncalled bet ($3) returned to SmellyToes4u
SmellyToes4u collected $11.76 from pot
SmellyToes4u: doesn't show hand
*** SUMMARY ***
Total pot $12 | Rake $0.24
Board [9h 9d 9c]
Seat 1: JOGO_DIFICIL (big blind) folded on the Flop
Seat 3: SmellyToes4u (button) (small blind) collected ($11.76)


PokerStars Hand #145972328437:  Hold'em Limit ($3/$6 USD) - 2015/12/26 18:15:07 ET
Table 'Caia' 6-max Seat #1 is the button
Seat 1: JOGO_DIFICIL ($126.76 in chips)
Seat 3: SmellyToes4u ($116 in chips)
JOGO_DIFICIL: posts small blind $1
SmellyToes4u: posts big blind $3
*** HOLE CARDS ***
JOGO_DIFICIL: folds
Uncalled bet ($2) returned to SmellyToes4u
SmellyToes4u collected $2 from pot
SmellyToes4u: doesn't show hand
*** SUMMARY ***
Total pot $2 | Rake $0
Seat 1: JOGO_DIFICIL (button) (small blind) folded before Flop
Seat 3: SmellyToes4u (big blind) collected ($2)


PokerStars Hand #145972322755:  Hold'em Limit ($3/$6 USD) - 2015/12/26 18:15:01 ET
Table 'Caia' 6-max Seat #3 is the button
Seat 1: JOGO_DIFICIL ($125.76 in chips)
Seat 3: SmellyToes4u ($117 in chips)
SmellyToes4u: posts small blind $1
JOGO_DIFICIL: posts big blind $3
*** HOLE CARDS ***
SmellyToes4u: folds
Uncalled bet ($2) returned to JOGO_DIFICIL
JOGO_DIFICIL collected $2 from pot
JOGO_DIFICIL: doesn't show hand
*** SUMMARY ***
Total pot $2 | Rake $0
Seat 1: JOGO_DIFICIL (big blind) collected ($2)
Seat 3: SmellyToes4u (button) (small blind) folded before Flop


PokerStars Hand #145972306549:  Hold'em Limit ($3/$6 USD) - 2015/12/26 18:14:41 ET
Table 'Caia' 6-max Seat #1 is the button
Seat 1: JOGO_DIFICIL ($120 in chips)
Seat 3: SmellyToes4u ($123 in chips)
JOGO_DIFICIL: posts small blind $1
SmellyToes4u: posts big blind $3
*** HOLE CARDS ***
JOGO_DIFICIL: raises $3 to $6
SmellyToes4u: calls $3
*** FLOP *** [2d Th 4h]
SmellyToes4u: checks
JOGO_DIFICIL: bets $3
SmellyToes4u: folds
Uncalled bet ($3) returned to JOGO_DIFICIL
JOGO_DIFICIL collected $11.76 from pot
*** SUMMARY ***
Total pot $12 | Rake $0.24
Board [2d Th 4h]
Seat 1: JOGO_DIFICIL (button) (small blind) collected ($11.76)
Seat 3: SmellyToes4u (big blind) folded on the Flop


PokerStars Hand #145972345165:  Hold'em Limit ($3/$6 USD) - 2015/12/26 18:15:27 ET
Table 'Caia' 6-max Seat #3 is the button
Seat 1: JOGO_DIFICIL ($118.76 in chips)
Seat 3: SmellyToes4u ($123.76 in chips)
SmellyToes4u: posts small blind $1
JOGO_DIFICIL: posts big blind $3
*** HOLE CARDS ***
SmellyToes4u: raises $3 to $6
JOGO_DIFICIL: folds
Uncalled bet ($3) returned to SmellyToes4u
SmellyToes4u collected $6 from pot
SmellyToes4u: doesn't show hand
*** SUMMARY ***
Total pot $6 | Rake $0
Seat 1: JOGO_DIFICIL (big blind) folded before Flop
Seat 3: SmellyToes4u (button) (small blind) collected ($6)


PokerStars Hand #145972364963:  Hold'em Limit ($3/$6 USD) - 2015/12/26 18:15:51 ET
Table 'Caia' 6-max Seat #3 is the button
Seat 1: JOGO_DIFICIL ($109.76 in chips)
Seat 3: SmellyToes4u ($132.52 in chips)
SmellyToes4u: posts small blind $1
JOGO_DIFICIL: posts big blind $3
*** HOLE CARDS ***
SmellyToes4u: raises $3 to $6
JOGO_DIFICIL: folds
Uncalled bet ($3) returned to SmellyToes4u
SmellyToes4u collected $6 from pot
SmellyToes4u: doesn't show hand
*** SUMMARY ***
Total pot $6 | Rake $0
Seat 1: JOGO_DIFICIL (big blind) folded before Flop
Seat 3: SmellyToes4u (button) (small blind) collected ($6)


PokerStars Hand #145972372930:  Hold'em Limit ($3/$6 USD) - 2015/12/26 18:16:00 ET
Table 'Caia' 6-max Seat #1 is the button
Seat 1: JOGO_DIFICIL ($106.76 in chips)
Seat 3: SmellyToes4u ($135.52 in chips)
JOGO_DIFICIL: posts small blind $1
SmellyToes4u: posts big blind $3
*** HOLE CARDS ***
JOGO_DIFICIL: calls $2
SmellyToes4u: raises $3 to $6
JOGO_DIFICIL: calls $3
*** FLOP *** [7s Kh 5d]
GoliafUa joins the table at seat #2
SmellyToes4u: bets $3
JOGO_DIFICIL: raises $3 to $6
SmellyToes4u: calls $3
*** TURN *** [7s Kh 5d] [4h]
SmellyToes4u: checks
JOGO_DIFICIL: bets $6
SmellyToes4u: calls $6
*** RIVER *** [7s Kh 5d 4h] [6h]
SmellyToes4u: bets $6
JOGO_DIFICIL: raises $6 to $12
SmellyToes4u: raises $6 to $18
JOGO_DIFICIL: calls $6
*** SHOW DOWN ***
SmellyToes4u: shows [8h 9h] (a flush, King high)
JOGO_DIFICIL: mucks hand
SmellyToes4u collected $71.50 from pot
*** SUMMARY ***
Total pot $72 | Rake $0.50
Board [7s Kh 5d 4h 6h]
Seat 1: JOGO_DIFICIL (button) (small blind) mucked
Seat 3: SmellyToes4u (big blind) showed [8h 9h] and won ($71.50) with a flush, King high


PokerStars Hand #145972402798:  Hold'em Limit ($3/$6 USD) - 2015/12/26 18:16:35 ET
Table 'Caia' 6-max Seat #3 is the button
Seat 1: JOGO_DIFICIL ($70.76 in chips)
Seat 3: SmellyToes4u ($171.02 in chips)
SmellyToes4u: posts small blind $1
JOGO_DIFICIL: posts big blind $3
*** HOLE CARDS ***
SmellyToes4u: folds
Uncalled bet ($2) returned to JOGO_DIFICIL
JOGO_DIFICIL collected $2 from pot
JOGO_DIFICIL: doesn't show hand
*** SUMMARY ***
Total pot $2 | Rake $0
Seat 1: JOGO_DIFICIL (big blind) collected ($2)
Seat 3: SmellyToes4u (button) (small blind) folded before Flop


PokerStars Hand #145972407783:  Hold'em Limit ($3/$6 USD) - 2015/12/26 18:16:41 ET
Table 'Caia' 6-max Seat #1 is the button
Seat 1: JOGO_DIFICIL ($71.76 in chips)
Seat 3: SmellyToes4u ($170.02 in chips)
JOGO_DIFICIL: posts small blind $1
SmellyToes4u: posts big blind $3
*** HOLE CARDS ***
JOGO_DIFICIL: calls $2
SmellyToes4u: checks
*** FLOP *** [5d 8s 8c]
SmellyToes4u: bets $3
JOGO_DIFICIL: calls $3
*** TURN *** [5d 8s 8c] [6c]
SmellyToes4u: bets $6
JOGO_DIFICIL: calls $6
*** RIVER *** [5d 8s 8c 6c] [2s]
SmellyToes4u: bets $6
JOGO_DIFICIL: calls $6
*** SHOW DOWN ***
SmellyToes4u: shows [5c 6s] (two pair, Eights and Sixes)
JOGO_DIFICIL: mucks hand
SmellyToes4u collected $35.50 from pot
*** SUMMARY ***
Total pot $36 | Rake $0.50
Board [5d 8s 8c 6c 2s]
Seat 1: JOGO_DIFICIL (button) (small blind) mucked
Seat 3: SmellyToes4u (big blind) showed [5c 6s] and won ($35.50) with two pair, Eights and Sixes


PokerStars Hand #145972424265:  Hold'em Limit ($3/$6 USD) - 2015/12/26 18:17:01 ET
Table 'Caia' 6-max Seat #3 is the button
Seat 1: JOGO_DIFICIL ($53.76 in chips)
Seat 3: SmellyToes4u ($187.52 in chips)
SmellyToes4u: posts small blind $1
JOGO_DIFICIL: posts big blind $3
*** HOLE CARDS ***
SmellyToes4u: raises $3 to $6
JOGO_DIFICIL: calls $3
*** FLOP *** [4h Jh Ks]
JOGO_DIFICIL: checks
SmellyToes4u: bets $3
JOGO_DIFICIL: folds
Uncalled bet ($3) returned to SmellyToes4u
SmellyToes4u collected $11.76 from pot
SmellyToes4u: doesn't show hand
*** SUMMARY ***
Total pot $12 | Rake $0.24
Board [4h Jh Ks]
Seat 1: JOGO_DIFICIL (big blind) folded on the Flop
Seat 3: SmellyToes4u (button) (small blind) collected ($11.76)


PokerStars Hand #145972436431:  Hold'em Limit ($3/$6 USD) - 2015/12/26 18:17:16 ET
Table 'Caia' 6-max Seat #1 is the button
Seat 1: JOGO_DIFICIL ($47.76 in chips)
Seat 3: SmellyToes4u ($193.28 in chips)
JOGO_DIFICIL: posts small blind $1
SmellyToes4u: posts big blind $3
*** HOLE CARDS ***
JOGO_DIFICIL: calls $2
SmellyToes4u: checks
*** FLOP *** [Tc Kc 5c]
SmellyToes4u: bets $3
JOGO_DIFICIL: raises $3 to $6
SmellyToes4u: folds
Uncalled bet ($3) returned to JOGO_DIFICIL
JOGO_DIFICIL collected $11.76 from pot
JOGO_DIFICIL: doesn't show hand
*** SUMMARY ***
Total pot $12 | Rake $0.24
Board [Tc Kc 5c]
Seat 1: JOGO_DIFICIL (button) (small blind) collected ($11.76)
Seat 3: SmellyToes4u (big blind) folded on the Flop


PokerStars Hand #145972447875:  Hold'em Limit ($3/$6 USD) - 2015/12/26 18:17:29 ET
Table 'Caia' 6-max Seat #3 is the button
Seat 1: JOGO_DIFICIL ($53.52 in chips)
Seat 3: SmellyToes4u ($187.28 in chips)
SmellyToes4u: posts small blind $1
JOGO_DIFICIL: posts big blind $3
*** HOLE CARDS ***
SmellyToes4u: raises $3 to $6
JOGO_DIFICIL: raises $3 to $9
SmellyToes4u: calls $3
*** FLOP *** [4d 4h 7c]
JOGO_DIFICIL: bets $3
SmellyToes4u: calls $3
*** TURN *** [4d 4h 7c] [3h]
JOGO_DIFICIL: bets $6
SmellyToes4u: calls $6
*** RIVER *** [4d 4h 7c 3h] [Js]
JOGO_DIFICIL: bets $6
SmellyToes4u: calls $6
*** SHOW DOWN ***
JOGO_DIFICIL: shows [Qd Qc] (two pair, Queens and Fours)
SmellyToes4u: mucks hand
JOGO_DIFICIL collected $47.50 from pot
*** SUMMARY ***
Total pot $48 | Rake $0.50
Board [4d 4h 7c 3h Js]
Seat 1: JOGO_DIFICIL (big blind) showed [Qd Qc] and won ($47.50) with two pair, Queens and Fours
Seat 3: SmellyToes4u (button) (small blind) mucked


PokerStars Hand #145972499972:  Hold'em Limit ($3/$6 USD) - 2015/12/26 18:18:31 ET
Table 'Caia' 6-max Seat #1 is the button
Seat 1: JOGO_DIFICIL ($80.81 in chips)
Seat 3: SmellyToes4u ($168.71 in chips)
JOGO_DIFICIL: posts small blind $1
GoliafUa: is sitting out
SmellyToes4u: posts big blind $3
*** HOLE CARDS ***
JOGO_DIFICIL: folds
Uncalled bet ($2) returned to SmellyToes4u
SmellyToes4u collected $2 from pot
SmellyToes4u: doesn't show hand
*** SUMMARY ***
Total pot $2 | Rake $0
Seat 1: JOGO_DIFICIL (button) (small blind) folded before Flop
Seat 3: SmellyToes4u (big blind) collected ($2)


PokerStars Hand #145972505015:  Hold'em Limit ($3/$6 USD) - 2015/12/26 18:18:37 ET
Table 'Caia' 6-max Seat #3 is the button
Seat 1: JOGO_DIFICIL ($79.81 in chips)
Seat 3: SmellyToes4u ($169.71 in chips)
SmellyToes4u: posts small blind $1
JOGO_DIFICIL: posts big blind $3
*** HOLE CARDS ***
GoliafUa leaves the table
SmellyToes4u: raises $3 to $6
JOGO_DIFICIL: calls $3
*** FLOP *** [4c 6h Th]
JOGO_DIFICIL: checks
SmellyToes4u: bets $3
JOGO_DIFICIL: folds
Uncalled bet ($3) returned to SmellyToes4u
SmellyToes4u collected $11.76 from pot
SmellyToes4u: doesn't show hand
*** SUMMARY ***
Total pot $12 | Rake $0.24
Board [4c 6h Th]
Seat 1: JOGO_DIFICIL (big blind) folded on the Flop
Seat 3: SmellyToes4u (button) (small blind) collected ($11.76)


PokerStars Hand #145972525949:  Hold'em Limit ($3/$6 USD) - 2015/12/26 18:19:03 ET
Table 'Caia' 6-max Seat #3 is the button
Seat 1: JOGO_DIFICIL ($72.81 in chips)
Seat 3: SmellyToes4u ($176.47 in chips)
SmellyToes4u: posts small blind $1
JOGO_DIFICIL: posts big blind $3
*** HOLE CARDS ***
SmellyToes4u: folds
Uncalled bet ($2) returned to JOGO_DIFICIL
JOGO_DIFICIL collected $2 from pot
JOGO_DIFICIL: doesn't show hand
*** SUMMARY ***
Total pot $2 | Rake $0
Seat 1: JOGO_DIFICIL (big blind) collected ($2)
Seat 3: SmellyToes4u (button) (small blind) folded before Flop


PokerStars Hand #145972521171:  Hold'em Limit ($3/$6 USD) - 2015/12/26 18:18:57 ET
Table 'Caia' 6-max Seat #1 is the button
Seat 1: JOGO_DIFICIL ($73.81 in chips)
Seat 3: SmellyToes4u ($175.47 in chips)
JOGO_DIFICIL: posts small blind $1
SmellyToes4u: posts big blind $3
*** HOLE CARDS ***
JOGO_DIFICIL: folds
Uncalled bet ($2) returned to SmellyToes4u
SmellyToes4u collected $2 from pot
SmellyToes4u: doesn't show hand
*** SUMMARY ***
Total pot $2 | Rake $0
Seat 1: JOGO_DIFICIL (button) (small blind) folded before Flop
Seat 3: SmellyToes4u (big blind) collected ($2)


PokerStars Hand #145972532452:  Hold'em Limit ($3/$6 USD) - 2015/12/26 18:19:10 ET
Table 'Caia' 6-max Seat #1 is the button
Seat 1: JOGO_DIFICIL ($73.81 in chips)
Seat 3: SmellyToes4u ($175.47 in chips)
JOGO_DIFICIL: posts small blind $1
SmellyToes4u: posts big blind $3
*** HOLE CARDS ***
ex-cali999 joins the table at seat #2
JOGO_DIFICIL: folds
Uncalled bet ($2) returned to SmellyToes4u
SmellyToes4u collected $2 from pot
SmellyToes4u: doesn't show hand
*** SUMMARY ***
Total pot $2 | Rake $0
Seat 1: JOGO_DIFICIL (button) (small blind) folded before Flop
Seat 3: SmellyToes4u (big blind) collected ($2)


PokerStars Hand #145972536875:  Hold'em Limit ($3/$6 USD) - 2015/12/26 18:19:15 ET
Table 'Caia' 6-max Seat #3 is the button
Seat 1: JOGO_DIFICIL ($72.81 in chips)
Seat 3: SmellyToes4u ($176.47 in chips)
SmellyToes4u: posts small blind $1
JOGO_DIFICIL: posts big blind $3
*** HOLE CARDS ***
SmellyToes4u: raises $3 to $6
JOGO_DIFICIL is disconnected
vestimokrec joins the table at seat #6
JOGO_DIFICIL is connected
JOGO_DIFICIL: folds
Uncalled bet ($3) returned to SmellyToes4u
SmellyToes4u collected $6 from pot
SmellyToes4u: doesn't show hand
*** SUMMARY ***
Total pot $6 | Rake $0
Seat 1: JOGO_DIFICIL (big blind) folded before Flop
Seat 3: SmellyToes4u (button) (small blind) collected ($6)


