PokerStars Hand #173912919994:  Hold'em Limit ($3/$6 USD) - 2017/08/04 12:27:54 ET
Table 'Caia' 6-max Seat #1 is the button
Seat 1: 19woody58 ($83.71 in chips)
Seat 2: AzureCaper ($75 in chips)
19woody58: posts small blind $1
AzureCaper: posts big blind $3
*** HOLE CARDS ***
19woody58: raises $3 to $6
AzureCaper: calls $3
*** FLOP *** [7c Th 9h]
AzureCaper: checks
19woody58: bets $3
AzureCaper: folds
Uncalled bet ($3) returned to 19woody58
19woody58 collected $11.76 from pot
*** SUMMARY ***
Total pot $12 | Rake $0.24
Board [7c Th 9h]
Seat 1: 19woody58 (button) (small blind) collected ($11.76)
Seat 2: AzureCaper (big blind) folded on the Flop


PokerStars Hand #173912905033:  Hold'em Limit ($3/$6 USD) - 2017/08/04 12:27:28 ET
Table 'Caia' 6-max Seat #2 is the button
Seat 1: 19woody58 ($86.71 in chips)
Seat 2: AzureCaper ($72 in chips)
AzureCaper: posts small blind $1
TbIP-TbIP 88: is sitting out
TbIP-TbIP 88 leaves the table
19woody58: posts big blind $3
*** HOLE CARDS ***
AzureCaper: raises $3 to $6
19woody58: folds
Uncalled bet ($3) returned to AzureCaper
AzureCaper collected $6 from pot
AzureCaper: doesn't show hand
*** SUMMARY ***
Total pot $6 | Rake $0
Seat 1: 19woody58 (big blind) folded before Flop
Seat 2: AzureCaper (button) (small blind) collected ($6)


PokerStars Hand #173912933886:  Hold'em Limit ($3/$6 USD) - 2017/08/04 12:28:18 ET
Table 'Caia' 6-max Seat #2 is the button
Seat 1: 19woody58 ($89.47 in chips)
Seat 2: AzureCaper ($72 in chips)
AzureCaper: posts small blind $1
19woody58: posts big blind $3
*** HOLE CARDS ***
AzureCaper: folds
Uncalled bet ($2) returned to 19woody58
19woody58 collected $2 from pot
*** SUMMARY ***
Total pot $2 | Rake $0
Seat 1: 19woody58 (big blind) collected ($2)
Seat 2: AzureCaper (button) (small blind) folded before Flop


PokerStars Hand #173912940773:  Hold'em Limit ($3/$6 USD) - 2017/08/04 12:28:30 ET
Table 'Caia' 6-max Seat #2 is the button
Seat 1: 19woody58 ($93.47 in chips)
Seat 2: AzureCaper ($72 in chips)
AzureCaper: posts small blind $1
19woody58: posts big blind $3
*** HOLE CARDS ***
AzureCaper: folds
Uncalled bet ($2) returned to 19woody58
19woody58 collected $2 from pot
*** SUMMARY ***
Total pot $2 | Rake $0
Seat 1: 19woody58 (big blind) collected ($2)
Seat 2: AzureCaper (button) (small blind) folded before Flop


PokerStars Hand #173912936552:  Hold'em Limit ($3/$6 USD) - 2017/08/04 12:28:22 ET
Table 'Caia' 6-max Seat #1 is the button
Seat 1: 19woody58 ($90.47 in chips)
Seat 2: AzureCaper ($72 in chips)
19woody58: posts small blind $1
AzureCaper: posts big blind $3
*** HOLE CARDS ***
19woody58: raises $3 to $6
AzureCaper: folds
Uncalled bet ($3) returned to 19woody58
19woody58 collected $6 from pot
*** SUMMARY ***
Total pot $6 | Rake $0
Seat 1: 19woody58 (button) (small blind) collected ($6)
Seat 2: AzureCaper (big blind) folded before Flop


PokerStars Hand #173912954980:  Hold'em Limit ($3/$6 USD) - 2017/08/04 12:28:54 ET
Table 'Caia' 6-max Seat #1 is the button
Seat 1: 19woody58 ($85.47 in chips)
Seat 2: AzureCaper ($80.76 in chips)
19woody58: posts small blind $1
AzureCaper: posts big blind $3
*** HOLE CARDS ***
19woody58: folds
Uncalled bet ($2) returned to AzureCaper
AzureCaper collected $2 from pot
AzureCaper: doesn't show hand
*** SUMMARY ***
Total pot $2 | Rake $0
Seat 1: 19woody58 (button) (small blind) folded before Flop
Seat 2: AzureCaper (big blind) collected ($2)


PokerStars Hand #173912951538:  Hold'em Limit ($3/$6 USD) - 2017/08/04 12:28:48 ET
Table 'Caia' 6-max Seat #2 is the button
Seat 1: 19woody58 ($88.47 in chips)
Seat 2: AzureCaper ($77.76 in chips)
AzureCaper: posts small blind $1
19woody58: posts big blind $3
*** HOLE CARDS ***
macca04 joins the table at seat #3
AzureCaper: raises $3 to $6
19woody58: folds
Uncalled bet ($3) returned to AzureCaper
AzureCaper collected $6 from pot
AzureCaper: doesn't show hand
*** SUMMARY ***
Total pot $6 | Rake $0
Seat 1: 19woody58 (big blind) folded before Flop
Seat 2: AzureCaper (button) (small blind) collected ($6)


PokerStars Hand #173912943559:  Hold'em Limit ($3/$6 USD) - 2017/08/04 12:28:34 ET
Table 'Caia' 6-max Seat #1 is the button
Seat 1: 19woody58 ($94.47 in chips)
Seat 2: AzureCaper ($72 in chips)
19woody58: posts small blind $1
AzureCaper: posts big blind $3
*** HOLE CARDS ***
19woody58: calls $2
AzureCaper: raises $3 to $6
19woody58: calls $3
*** FLOP *** [7s Td 4s]
AzureCaper: bets $3
19woody58: folds
Uncalled bet ($3) returned to AzureCaper
AzureCaper collected $11.76 from pot
AzureCaper: doesn't show hand
*** SUMMARY ***
Total pot $12 | Rake $0.24
Board [7s Td 4s]
Seat 1: 19woody58 (button) (small blind) folded on the Flop
Seat 2: AzureCaper (big blind) collected ($11.76)


PokerStars Hand #173919473448:  Hold'em Limit ($3/$6 USD) - 2017/08/04 15:21:34 ET
Table 'Caia' 6-max Seat #6 is the button
Seat 5: krytalex ($212.19 in chips)
Seat 6: Jannuh ($86.59 in chips)
Jannuh: posts small blind $1
krytalex: posts big blind $3
*** HOLE CARDS ***
Jannuh: folds
Uncalled bet ($2) returned to krytalex
krytalex collected $2 from pot
*** SUMMARY ***
Total pot $2 | Rake $0
Seat 5: krytalex (big blind) collected ($2)
Seat 6: Jannuh (button) (small blind) folded before Flop


PokerStars Hand #173919469092:  Hold'em Limit ($3/$6 USD) - 2017/08/04 15:21:28 ET
Table 'Caia' 6-max Seat #5 is the button
Seat 5: krytalex ($213.19 in chips)
Seat 6: Jannuh ($85.59 in chips)
krytalex: posts small blind $1
Jannuh: posts big blind $3
*** HOLE CARDS ***
krytalex: folds
Uncalled bet ($2) returned to Jannuh
Jannuh collected $2 from pot
Jannuh: doesn't show hand
*** SUMMARY ***
Total pot $2 | Rake $0
Seat 5: krytalex (button) (small blind) folded before Flop
Seat 6: Jannuh (big blind) collected ($2)


PokerStars Hand #173919462982:  Hold'em Limit ($3/$6 USD) - 2017/08/04 15:21:20 ET
Table 'Caia' 6-max Seat #6 is the button
Seat 5: krytalex ($212.19 in chips)
Seat 6: Jannuh ($86.59 in chips)
Jannuh: posts small blind $1
ToDaFelt: is sitting out
krytalex: posts big blind $3
*** HOLE CARDS ***
ToDaFelt leaves the table
Jannuh: folds
Uncalled bet ($2) returned to krytalex
krytalex collected $2 from pot
*** SUMMARY ***
Total pot $2 | Rake $0
Seat 5: krytalex (big blind) collected ($2)
Seat 6: Jannuh (button) (small blind) folded before Flop


