PokerStars Hand #166412669012:  Hold'em Limit ($3/$6 USD) - 2017/02/18 15:23:11 ET
Table 'Caliban' 6-max Seat #6 is the button
Seat 4: belik555 ($214.18 in chips)
Seat 6: RUNNINGMAN70 ($29.50 in chips)
RUNNINGMAN70: posts small blind $1
belik555: posts big blind $3
*** HOLE CARDS ***
RUNNINGMAN70: folds
Uncalled bet ($2) returned to belik555
belik555 collected $2 from pot
belik555: doesn't show hand
*** SUMMARY ***
Total pot $2 | Rake $0
Seat 4: belik555 (big blind) collected ($2)
Seat 6: RUNNINGMAN70 (button) (small blind) folded before Flop


PokerStars Hand #166412673860:  Hold'em Limit ($3/$6 USD) - 2017/02/18 15:23:16 ET
Table 'Caliban' 6-max Seat #4 is the button
Seat 4: belik555 ($215.18 in chips)
Seat 6: RUNNINGMAN70 ($28.50 in chips)
belik555: posts small blind $1
RUNNINGMAN70: posts big blind $3
*** HOLE CARDS ***
belik555: raises $3 to $6
RUNNINGMAN70: calls $3
*** FLOP *** [7c 8h 5d]
RUNNINGMAN70: checks
belik555: bets $3
RUNNINGMAN70: calls $3
*** TURN *** [7c 8h 5d] [6c]
RUNNINGMAN70: checks
belik555: bets $6
RUNNINGMAN70: calls $6
*** RIVER *** [7c 8h 5d 6c] [9c]
RUNNINGMAN70: bets $6
belik555: raises $6 to $12
RUNNINGMAN70: raises $1.50 to $13.50 and is all-in
belik555: folds
Uncalled bet ($1.50) returned to RUNNINGMAN70
RUNNINGMAN70 collected $53.50 from pot
RUNNINGMAN70: doesn't show hand
*** SUMMARY ***
Total pot $54 | Rake $0.50
Board [7c 8h 5d 6c 9c]
Seat 4: belik555 (button) (small blind) folded on the River
Seat 6: RUNNINGMAN70 (big blind) collected ($53.50)


PokerStars Hand #166412712872:  Hold'em Limit ($3/$6 USD) - 2017/02/18 15:23:58 ET
Table 'Caliban' 6-max Seat #6 is the button
Seat 4: belik555 ($188.18 in chips)
Seat 6: RUNNINGMAN70 ($55 in chips)
RUNNINGMAN70: posts small blind $1
belik555: posts big blind $3
*** HOLE CARDS ***
RUNNINGMAN70: folds
Uncalled bet ($2) returned to belik555
belik555 collected $2 from pot
belik555: doesn't show hand
*** SUMMARY ***
Total pot $2 | Rake $0
Seat 4: belik555 (big blind) collected ($2)
Seat 6: RUNNINGMAN70 (button) (small blind) folded before Flop


PokerStars Hand #166412724307:  Hold'em Limit ($3/$6 USD) - 2017/02/18 15:24:10 ET
Table 'Caliban' 6-max Seat #6 is the button
Seat 4: belik555 ($188.18 in chips)
Seat 6: RUNNINGMAN70 ($55 in chips)
RUNNINGMAN70: posts small blind $1
belik555: posts big blind $3
*** HOLE CARDS ***
RUNNINGMAN70: folds
Uncalled bet ($2) returned to belik555
belik555 collected $2 from pot
belik555: doesn't show hand
*** SUMMARY ***
Total pot $2 | Rake $0
Seat 4: belik555 (big blind) collected ($2)
Seat 6: RUNNINGMAN70 (button) (small blind) folded before Flop


PokerStars Hand #166412717727:  Hold'em Limit ($3/$6 USD) - 2017/02/18 15:24:03 ET
Table 'Caliban' 6-max Seat #4 is the button
Seat 4: belik555 ($189.18 in chips)
Seat 6: RUNNINGMAN70 ($54 in chips)
belik555: posts small blind $1
RUNNINGMAN70: posts big blind $3
*** HOLE CARDS ***
belik555: folds
Uncalled bet ($2) returned to RUNNINGMAN70
RUNNINGMAN70 collected $2 from pot
RUNNINGMAN70: doesn't show hand
*** SUMMARY ***
Total pot $2 | Rake $0
Seat 4: belik555 (button) (small blind) folded before Flop
Seat 6: RUNNINGMAN70 (big blind) collected ($2)


