PokerStars Hand #164597481271:  Hold'em Limit ($3/$6 USD) - 2017/01/15 0:34:27 ET
Table 'California' 6-max Seat #4 is the button
Seat 1: mcmovein ($128.64 in chips)
Seat 4: VolkovDmitri ($120 in chips)
VolkovDmitri: posts small blind $1
mcmovein: posts big blind $3
*** HOLE CARDS ***
VolkovDmitri: raises $3 to $6
mcmovein: folds
Uncalled bet ($3) returned to VolkovDmitri
VolkovDmitri collected $6 from pot
VolkovDmitri: doesn't show hand
*** SUMMARY ***
Total pot $6 | Rake $0
Seat 1: mcmovein (big blind) folded before Flop
Seat 4: VolkovDmitri (button) (small blind) collected ($6)


PokerStars Hand #164597471095:  Hold'em Limit ($3/$6 USD) - 2017/01/15 0:33:52 ET
Table 'California' 6-max Seat #1 is the button
Seat 1: mcmovein ($120 in chips)
Seat 4: VolkovDmitri ($120 in chips)
mcmovein: posts small blind $1
VolkovDmitri: posts big blind $3
*** HOLE CARDS ***
mcmovein: raises $3 to $6
VolkovDmitri: calls $3
*** FLOP *** [7c 8s 5c]
VolkovDmitri: checks
mcmovein: bets $3
VolkovDmitri: calls $3
*** TURN *** [7c 8s 5c] [8d]
VolkovDmitri: checks
mcmovein: bets $6
VolkovDmitri: folds
Uncalled bet ($6) returned to mcmovein
mcmovein collected $17.64 from pot
mcmovein: doesn't show hand
*** SUMMARY ***
Total pot $18 | Rake $0.36
Board [7c 8s 5c 8d]
Seat 1: mcmovein (button) (small blind) collected ($17.64)
Seat 4: VolkovDmitri (big blind) folded on the Turn


PokerStars Hand #164597483633:  Hold'em Limit ($3/$6 USD) - 2017/01/15 0:34:35 ET
Table 'California' 6-max Seat #1 is the button
Seat 1: mcmovein ($125.64 in chips)
Seat 4: VolkovDmitri ($123 in chips)
mcmovein: posts small blind $1
VolkovDmitri: posts big blind $3
*** HOLE CARDS ***
mcmovein: raises $3 to $6
VolkovDmitri: raises $3 to $9
mcmovein: calls $3
*** FLOP *** [9s 7c Ad]
VolkovDmitri: bets $3
mcmovein: calls $3
*** TURN *** [9s 7c Ad] [4d]
VolkovDmitri: bets $6
mcmovein: raises $6 to $12
VolkovDmitri: calls $6
*** RIVER *** [9s 7c Ad 4d] [2h]
VolkovDmitri: checks
mcmovein: bets $6
VolkovDmitri: calls $6
*** SHOW DOWN ***
mcmovein: shows [Ah 6d] (a pair of Aces)
VolkovDmitri: mucks hand
mcmovein collected $59.50 from pot
*** SUMMARY ***
Total pot $60 | Rake $0.50
Board [9s 7c Ad 4d 2h]
Seat 1: mcmovein (button) (small blind) showed [Ah 6d] and won ($59.50) with a pair of Aces
Seat 4: VolkovDmitri (big blind) mucked


PokerStars Hand #164597493975:  Hold'em Limit ($3/$6 USD) - 2017/01/15 0:35:10 ET
Table 'California' 6-max Seat #4 is the button
Seat 1: mcmovein ($155.14 in chips)
Seat 4: VolkovDmitri ($120 in chips)
VolkovDmitri: posts small blind $1
mcmovein: posts big blind $3
*** HOLE CARDS ***
VolkovDmitri: raises $3 to $6
mcmovein: calls $3
*** FLOP *** [6c 3s 5h]
mcmovein: bets $3
VolkovDmitri: calls $3
*** TURN *** [6c 3s 5h] [9d]
mcmovein: bets $6
VolkovDmitri: calls $6
*** RIVER *** [6c 3s 5h 9d] [4c]
mcmovein: checks
VolkovDmitri: checks
*** SHOW DOWN ***
mcmovein: shows [4h 6d] (two pair, Sixes and Fours)
VolkovDmitri: mucks hand
mcmovein collected $29.50 from pot
*** SUMMARY ***
Total pot $30 | Rake $0.50
Board [6c 3s 5h 9d 4c]
Seat 1: mcmovein (big blind) showed [4h 6d] and won ($29.50) with two pair, Sixes and Fours
Seat 4: VolkovDmitri (button) (small blind) mucked


PokerStars Hand #164597513856:  Hold'em Limit ($3/$6 USD) - 2017/01/15 0:36:18 ET
Table 'California' 6-max Seat #4 is the button
Seat 1: mcmovein ($169.58 in chips)
Seat 4: VolkovDmitri ($120 in chips)
VolkovDmitri: posts small blind $1
mcmovein: posts big blind $3
*** HOLE CARDS ***
VolkovDmitri: raises $3 to $6
mcmovein: calls $3
*** FLOP *** [5s 9c 6d]
mcmovein: checks
VolkovDmitri: bets $3
mcmovein: calls $3
*** TURN *** [5s 9c 6d] [9h]
mcmovein: checks
VolkovDmitri: checks
*** RIVER *** [5s 9c 6d 9h] [3s]
mcmovein: bets $6
VolkovDmitri: folds
Uncalled bet ($6) returned to mcmovein
mcmovein collected $17.64 from pot
mcmovein: doesn't show hand
*** SUMMARY ***
Total pot $18 | Rake $0.36
Board [5s 9c 6d 9h 3s]
Seat 1: mcmovein (big blind) collected ($17.64)
Seat 4: VolkovDmitri (button) (small blind) folded on the River


PokerStars Hand #164597501964:  Hold'em Limit ($3/$6 USD) - 2017/01/15 0:35:37 ET
Table 'California' 6-max Seat #1 is the button
Seat 1: mcmovein ($169.64 in chips)
Seat 4: VolkovDmitri ($120 in chips)
mcmovein: posts small blind $1
VolkovDmitri: posts big blind $3
*** HOLE CARDS ***
mcmovein: calls $2
VolkovDmitri: checks
*** FLOP *** [4d 4c Jh]
VolkovDmitri: checks
mcmovein: checks
*** TURN *** [4d 4c Jh] [Tc]
VolkovDmitri: checks
mcmovein: checks
*** RIVER *** [4d 4c Jh Tc] [Kh]
VolkovDmitri: checks
mcmovein: checks
*** SHOW DOWN ***
VolkovDmitri: shows [5d 2h] (a pair of Fours)
mcmovein: shows [7s 5c] (a pair of Fours)
VolkovDmitri collected $2.94 from pot
mcmovein collected $2.94 from pot
*** SUMMARY ***
Total pot $6 | Rake $0.12
Board [4d 4c Jh Tc Kh]
Seat 1: mcmovein (button) (small blind) showed [7s 5c] and won ($2.94) with a pair of Fours
Seat 4: VolkovDmitri (big blind) showed [5d 2h] and won ($2.94) with a pair of Fours


PokerStars Hand #164597538979:  Hold'em Limit ($3/$6 USD) - 2017/01/15 0:37:45 ET
Table 'California' 6-max Seat #1 is the button
Seat 1: mcmovein ($171.22 in chips)
Seat 4: VolkovDmitri ($126.76 in chips)
mcmovein: posts small blind $1
VolkovDmitri: posts big blind $3
*** HOLE CARDS ***
mcmovein: folds
Uncalled bet ($2) returned to VolkovDmitri
VolkovDmitri collected $2 from pot
VolkovDmitri: doesn't show hand
*** SUMMARY ***
Total pot $2 | Rake $0
Seat 1: mcmovein (button) (small blind) folded before Flop
Seat 4: VolkovDmitri (big blind) collected ($2)


PokerStars Hand #164597524257:  Hold'em Limit ($3/$6 USD) - 2017/01/15 0:36:54 ET
Table 'California' 6-max Seat #1 is the button
Seat 1: mcmovein ($178.22 in chips)
Seat 4: VolkovDmitri ($120 in chips)
mcmovein: posts small blind $1
VolkovDmitri: posts big blind $3
*** HOLE CARDS ***
mcmovein: folds
Uncalled bet ($2) returned to VolkovDmitri
VolkovDmitri collected $2 from pot
VolkovDmitri: doesn't show hand
*** SUMMARY ***
Total pot $2 | Rake $0
Seat 1: mcmovein (button) (small blind) folded before Flop
Seat 4: VolkovDmitri (big blind) collected ($2)


PokerStars Hand #164597526122:  Hold'em Limit ($3/$6 USD) - 2017/01/15 0:37:00 ET
Table 'California' 6-max Seat #4 is the button
Seat 1: mcmovein ($177.22 in chips)
Seat 4: VolkovDmitri ($121 in chips)
VolkovDmitri: posts small blind $1
mcmovein: posts big blind $3
*** HOLE CARDS ***
VolkovDmitri: raises $3 to $6
mcmovein: calls $3
*** FLOP *** [Js 3s 3c]
mcmovein: checks
VolkovDmitri: bets $3
mcmovein: folds
Uncalled bet ($3) returned to VolkovDmitri
VolkovDmitri collected $11.76 from pot
VolkovDmitri: doesn't show hand
*** SUMMARY ***
Total pot $12 | Rake $0.24
Board [Js 3s 3c]
Seat 1: mcmovein (big blind) folded on the Flop
Seat 4: VolkovDmitri (button) (small blind) collected ($11.76)


PokerStars Hand #164597544492:  Hold'em Limit ($3/$6 USD) - 2017/01/15 0:38:04 ET
Table 'California' 6-max Seat #1 is the button
Seat 1: mcmovein ($164.22 in chips)
Seat 4: VolkovDmitri ($133.52 in chips)
mcmovein: posts small blind $1
VolkovDmitri: posts big blind $3
*** HOLE CARDS ***
mcmovein: raises $3 to $6
VolkovDmitri: calls $3
*** FLOP *** [9s 2c Ks]
VolkovDmitri: checks
mcmovein: bets $3
VolkovDmitri: folds
Uncalled bet ($3) returned to mcmovein
mcmovein collected $11.76 from pot
mcmovein: doesn't show hand
*** SUMMARY ***
Total pot $12 | Rake $0.24
Board [9s 2c Ks]
Seat 1: mcmovein (button) (small blind) collected ($11.76)
Seat 4: VolkovDmitri (big blind) folded on the Flop


PokerStars Hand #164597540616:  Hold'em Limit ($3/$6 USD) - 2017/01/15 0:37:50 ET
Table 'California' 6-max Seat #4 is the button
Seat 1: mcmovein ($170.22 in chips)
Seat 4: VolkovDmitri ($127.76 in chips)
VolkovDmitri: posts small blind $1
mcmovein: posts big blind $3
*** HOLE CARDS ***
VolkovDmitri: raises $3 to $6
mcmovein: calls $3
*** FLOP *** [3h 4h Ks]
mcmovein: checks
VolkovDmitri: bets $3
mcmovein: folds
Uncalled bet ($3) returned to VolkovDmitri
VolkovDmitri collected $11.76 from pot
VolkovDmitri: doesn't show hand
*** SUMMARY ***
Total pot $12 | Rake $0.24
Board [3h 4h Ks]
Seat 1: mcmovein (big blind) folded on the Flop
Seat 4: VolkovDmitri (button) (small blind) collected ($11.76)


PokerStars Hand #164597569181:  Hold'em Limit ($3/$6 USD) - 2017/01/15 0:39:29 ET
Table 'California' 6-max Seat #1 is the button
Seat 1: mcmovein ($141.98 in chips)
Seat 4: VolkovDmitri ($154.78 in chips)
mcmovein: posts small blind $1
VolkovDmitri: posts big blind $3
*** HOLE CARDS ***
mcmovein: raises $3 to $6
VolkovDmitri: raises $3 to $9
mcmovein: calls $3
*** FLOP *** [6d Kd 2c]
VolkovDmitri: bets $3
mcmovein: folds
Uncalled bet ($3) returned to VolkovDmitri
VolkovDmitri collected $17.64 from pot
*** SUMMARY ***
Total pot $18 | Rake $0.36
Board [6d Kd 2c]
Seat 1: mcmovein (button) (small blind) folded on the Flop
Seat 4: VolkovDmitri (big blind) collected ($17.64)


PokerStars Hand #164597567562:  Hold'em Limit ($3/$6 USD) - 2017/01/15 0:39:23 ET
Table 'California' 6-max Seat #4 is the button
Seat 1: mcmovein ($144.98 in chips)
Seat 4: VolkovDmitri ($151.78 in chips)
VolkovDmitri: posts small blind $1
mcmovein: posts big blind $3
*** HOLE CARDS ***
VolkovDmitri: raises $3 to $6
mcmovein: folds
Uncalled bet ($3) returned to VolkovDmitri
VolkovDmitri collected $6 from pot
VolkovDmitri: doesn't show hand
*** SUMMARY ***
Total pot $6 | Rake $0
Seat 1: mcmovein (big blind) folded before Flop
Seat 4: VolkovDmitri (button) (small blind) collected ($6)


PokerStars Hand #164597565946:  Hold'em Limit ($3/$6 USD) - 2017/01/15 0:39:18 ET
Table 'California' 6-max Seat #1 is the button
Seat 1: mcmovein ($145.98 in chips)
Seat 4: VolkovDmitri ($150.78 in chips)
mcmovein: posts small blind $1
VolkovDmitri: posts big blind $3
*** HOLE CARDS ***
mcmovein: folds
Uncalled bet ($2) returned to VolkovDmitri
VolkovDmitri collected $2 from pot
VolkovDmitri: doesn't show hand
*** SUMMARY ***
Total pot $2 | Rake $0
Seat 1: mcmovein (button) (small blind) folded before Flop
Seat 4: VolkovDmitri (big blind) collected ($2)


PokerStars Hand #164597562440:  Hold'em Limit ($3/$6 USD) - 2017/01/15 0:39:06 ET
Table 'California' 6-max Seat #4 is the button
Seat 1: mcmovein ($151.98 in chips)
Seat 4: VolkovDmitri ($145.02 in chips)
VolkovDmitri: posts small blind $1
mcmovein: posts big blind $3
*** HOLE CARDS ***
VolkovDmitri: raises $3 to $6
mcmovein: calls $3
*** FLOP *** [3s 8h 2c]
mcmovein: checks
VolkovDmitri: bets $3
mcmovein: folds
Uncalled bet ($3) returned to VolkovDmitri
VolkovDmitri collected $11.76 from pot
VolkovDmitri: doesn't show hand
*** SUMMARY ***
Total pot $12 | Rake $0.24
Board [3s 8h 2c]
Seat 1: mcmovein (big blind) folded on the Flop
Seat 4: VolkovDmitri (button) (small blind) collected ($11.76)


PokerStars Hand #164597559997:  Hold'em Limit ($3/$6 USD) - 2017/01/15 0:38:57 ET
Table 'California' 6-max Seat #1 is the button
Seat 1: mcmovein ($148.98 in chips)
Seat 4: VolkovDmitri ($148.02 in chips)
mcmovein: posts small blind $1
VolkovDmitri: posts big blind $3
*** HOLE CARDS ***
mcmovein: raises $3 to $6
VolkovDmitri: folds
Uncalled bet ($3) returned to mcmovein
mcmovein collected $6 from pot
mcmovein: doesn't show hand
*** SUMMARY ***
Total pot $6 | Rake $0
Seat 1: mcmovein (button) (small blind) collected ($6)
Seat 4: VolkovDmitri (big blind) folded before Flop


PokerStars Hand #164597582175:  Hold'em Limit ($3/$6 USD) - 2017/01/15 0:40:13 ET
Table 'California' 6-max Seat #1 is the button
Seat 1: mcmovein ($114.98 in chips)
Seat 4: VolkovDmitri ($180.92 in chips)
mcmovein: posts small blind $1
VolkovDmitri: posts big blind $3
*** HOLE CARDS ***
mcmovein: folds
Uncalled bet ($2) returned to VolkovDmitri
VolkovDmitri collected $2 from pot
VolkovDmitri: doesn't show hand
*** SUMMARY ***
Total pot $2 | Rake $0
Seat 1: mcmovein (button) (small blind) folded before Flop
Seat 4: VolkovDmitri (big blind) collected ($2)


PokerStars Hand #164597573001:  Hold'em Limit ($3/$6 USD) - 2017/01/15 0:39:42 ET
Table 'California' 6-max Seat #4 is the button
Seat 1: mcmovein ($132.98 in chips)
Seat 4: VolkovDmitri ($163.42 in chips)
VolkovDmitri: posts small blind $1
mcmovein: posts big blind $3
*** HOLE CARDS ***
VolkovDmitri: raises $3 to $6
mcmovein: raises $3 to $9
VolkovDmitri: calls $3
*** FLOP *** [9d Ad Td]
mcmovein: bets $3
VolkovDmitri: calls $3
*** TURN *** [9d Ad Td] [Kd]
mcmovein: bets $6
VolkovDmitri: calls $6
*** RIVER *** [9d Ad Td Kd] [4s]
mcmovein: checks
VolkovDmitri: bets $6
mcmovein: folds
Uncalled bet ($6) returned to VolkovDmitri
VolkovDmitri collected $35.50 from pot
VolkovDmitri: doesn't show hand
*** SUMMARY ***
Total pot $36 | Rake $0.50
Board [9d Ad Td Kd 4s]
Seat 1: mcmovein (big blind) folded on the River
Seat 4: VolkovDmitri (button) (small blind) collected ($35.50)


PokerStars Hand #164597584826:  Hold'em Limit ($3/$6 USD) - 2017/01/15 0:40:23 ET
Table 'California' 6-max Seat #4 is the button
Seat 1: mcmovein ($113.98 in chips)
Seat 4: VolkovDmitri ($181.92 in chips)
VolkovDmitri: posts small blind $1
mcmovein: posts big blind $3
*** HOLE CARDS ***
VolkovDmitri: raises $3 to $6
mcmovein: calls $3
*** FLOP *** [3h 4s 5c]
mcmovein: checks
VolkovDmitri: bets $3
mcmovein: folds
Uncalled bet ($3) returned to VolkovDmitri
VolkovDmitri collected $11.76 from pot
VolkovDmitri: doesn't show hand
*** SUMMARY ***
Total pot $12 | Rake $0.24
Board [3h 4s 5c]
Seat 1: mcmovein (big blind) folded on the Flop
Seat 4: VolkovDmitri (button) (small blind) collected ($11.76)


PokerStars Hand #164597590919:  Hold'em Limit ($3/$6 USD) - 2017/01/15 0:40:44 ET
Table 'California' 6-max Seat #1 is the button
Seat 1: mcmovein ($107.98 in chips)
Seat 4: VolkovDmitri ($187.68 in chips)
mcmovein: posts small blind $1
VolkovDmitri: posts big blind $3
*** HOLE CARDS ***
mcmovein: raises $3 to $6
VolkovDmitri: calls $3
*** FLOP *** [2c 8h 8d]
VolkovDmitri: checks
mcmovein: bets $3
VolkovDmitri: calls $3
*** TURN *** [2c 8h 8d] [4d]
VolkovDmitri: checks
mcmovein: bets $6
VolkovDmitri: folds
Uncalled bet ($6) returned to mcmovein
mcmovein collected $17.64 from pot
mcmovein: doesn't show hand
*** SUMMARY ***
Total pot $18 | Rake $0.36
Board [2c 8h 8d 4d]
Seat 1: mcmovein (button) (small blind) collected ($17.64)
Seat 4: VolkovDmitri (big blind) folded on the Turn


PokerStars Hand #164597605790:  Hold'em Limit ($3/$6 USD) - 2017/01/15 0:41:34 ET
Table 'California' 6-max Seat #4 is the button
Seat 1: mcmovein ($149.12 in chips)
Seat 4: VolkovDmitri ($145.68 in chips)
VolkovDmitri: posts small blind $1
mcmovein: posts big blind $3
*** HOLE CARDS ***
VolkovDmitri: raises $3 to $6
mcmovein: raises $3 to $9
VolkovDmitri: calls $3
*** FLOP *** [4s Ac Qs]
mcmovein: bets $3
VolkovDmitri: folds
Uncalled bet ($3) returned to mcmovein
mcmovein collected $17.64 from pot
mcmovein: doesn't show hand
*** SUMMARY ***
Total pot $18 | Rake $0.36
Board [4s Ac Qs]
Seat 1: mcmovein (big blind) collected ($17.64)
Seat 4: VolkovDmitri (button) (small blind) folded on the Flop


PokerStars Hand #164597598642:  Hold'em Limit ($3/$6 USD) - 2017/01/15 0:41:10 ET
Table 'California' 6-max Seat #1 is the button
Seat 1: mcmovein ($113.62 in chips)
Seat 4: VolkovDmitri ($181.68 in chips)
mcmovein: posts small blind $1
VolkovDmitri: posts big blind $3
*** HOLE CARDS ***
mcmovein: raises $3 to $6
VolkovDmitri: raises $3 to $9
mcmovein: calls $3
*** FLOP *** [Qh 3h 7s]
VolkovDmitri: bets $3
mcmovein: raises $3 to $6
VolkovDmitri: raises $3 to $9
mcmovein: calls $3
*** TURN *** [Qh 3h 7s] [Jc]
VolkovDmitri: bets $6
mcmovein: calls $6
*** RIVER *** [Qh 3h 7s Jc] [8d]
VolkovDmitri: bets $6
mcmovein: raises $6 to $12
VolkovDmitri: calls $6
*** SHOW DOWN ***
mcmovein: shows [8s 7h] (two pair, Eights and Sevens)
VolkovDmitri: mucks hand
mcmovein collected $71.50 from pot
*** SUMMARY ***
Total pot $72 | Rake $0.50
Board [Qh 3h 7s Jc 8d]
Seat 1: mcmovein (button) (small blind) showed [8s 7h] and won ($71.50) with two pair, Eights and Sevens
Seat 4: VolkovDmitri (big blind) mucked


PokerStars Hand #164597596731:  Hold'em Limit ($3/$6 USD) - 2017/01/15 0:41:03 ET
Table 'California' 6-max Seat #4 is the button
Seat 1: mcmovein ($116.62 in chips)
Seat 4: VolkovDmitri ($178.68 in chips)
VolkovDmitri: posts small blind $1
mcmovein: posts big blind $3
*** HOLE CARDS ***
VolkovDmitri: raises $3 to $6
mcmovein: folds
Uncalled bet ($3) returned to VolkovDmitri
VolkovDmitri collected $6 from pot
VolkovDmitri: doesn't show hand
*** SUMMARY ***
Total pot $6 | Rake $0
Seat 1: mcmovein (big blind) folded before Flop
Seat 4: VolkovDmitri (button) (small blind) collected ($6)


PokerStars Hand #164597614380:  Hold'em Limit ($3/$6 USD) - 2017/01/15 0:42:04 ET
Table 'California' 6-max Seat #4 is the button
Seat 1: mcmovein ($163.52 in chips)
Seat 4: VolkovDmitri ($130.68 in chips)
VolkovDmitri: posts small blind $1
mcmovein: posts big blind $3
*** HOLE CARDS ***
VolkovDmitri: raises $3 to $6
mcmovein: calls $3
*** FLOP *** [Kd Kc 3s]
mcmovein: checks
VolkovDmitri: bets $3
mcmovein: folds
Uncalled bet ($3) returned to VolkovDmitri
VolkovDmitri collected $11.76 from pot
VolkovDmitri: doesn't show hand
*** SUMMARY ***
Total pot $12 | Rake $0.24
Board [Kd Kc 3s]
Seat 1: mcmovein (big blind) folded on the Flop
Seat 4: VolkovDmitri (button) (small blind) collected ($11.76)


PokerStars Hand #164597617542:  Hold'em Limit ($3/$6 USD) - 2017/01/15 0:42:15 ET
Table 'California' 6-max Seat #1 is the button
Seat 1: mcmovein ($157.52 in chips)
Seat 4: VolkovDmitri ($136.44 in chips)
mcmovein: posts small blind $1
VolkovDmitri: posts big blind $3
*** HOLE CARDS ***
mcmovein: raises $3 to $6
VolkovDmitri: folds
Uncalled bet ($3) returned to mcmovein
mcmovein collected $6 from pot
mcmovein: doesn't show hand
*** SUMMARY ***
Total pot $6 | Rake $0
Seat 1: mcmovein (button) (small blind) collected ($6)
Seat 4: VolkovDmitri (big blind) folded before Flop


PokerStars Hand #164597619672:  Hold'em Limit ($3/$6 USD) - 2017/01/15 0:42:22 ET
Table 'California' 6-max Seat #4 is the button
Seat 1: mcmovein ($160.52 in chips)
Seat 4: VolkovDmitri ($133.44 in chips)
VolkovDmitri: posts small blind $1
mcmovein: posts big blind $3
*** HOLE CARDS ***
VolkovDmitri: raises $3 to $6
mcmovein: calls $3
*** FLOP *** [As 2s Ac]
mcmovein: checks
VolkovDmitri: bets $3
mcmovein: folds
Uncalled bet ($3) returned to VolkovDmitri
VolkovDmitri collected $11.76 from pot
VolkovDmitri: doesn't show hand
*** SUMMARY ***
Total pot $12 | Rake $0.24
Board [As 2s Ac]
Seat 1: mcmovein (big blind) folded on the Flop
Seat 4: VolkovDmitri (button) (small blind) collected ($11.76)


PokerStars Hand #164597610286:  Hold'em Limit ($3/$6 USD) - 2017/01/15 0:41:50 ET
Table 'California' 6-max Seat #1 is the button
Seat 1: mcmovein ($157.76 in chips)
Seat 4: VolkovDmitri ($136.68 in chips)
mcmovein: posts small blind $1
VolkovDmitri: posts big blind $3
*** HOLE CARDS ***
mcmovein: raises $3 to $6
VolkovDmitri: calls $3
*** FLOP *** [4c Kd 8s]
VolkovDmitri: checks
mcmovein: bets $3
VolkovDmitri: folds
Uncalled bet ($3) returned to mcmovein
mcmovein collected $11.76 from pot
mcmovein: doesn't show hand
*** SUMMARY ***
Total pot $12 | Rake $0.24
Board [4c Kd 8s]
Seat 1: mcmovein (button) (small blind) collected ($11.76)
Seat 4: VolkovDmitri (big blind) folded on the Flop


PokerStars Hand #164597623779:  Hold'em Limit ($3/$6 USD) - 2017/01/15 0:42:36 ET
Table 'California' 6-max Seat #1 is the button
Seat 1: mcmovein ($154.52 in chips)
Seat 4: VolkovDmitri ($139.20 in chips)
mcmovein: posts small blind $1
VolkovDmitri: posts big blind $3
*** HOLE CARDS ***
mcmovein: raises $3 to $6
VolkovDmitri: raises $3 to $9
mcmovein: calls $3
*** FLOP *** [5d Qs Ah]
rascal_319 joins the table at seat #5
VolkovDmitri: bets $3
mcmovein: calls $3
*** TURN *** [5d Qs Ah] [Ks]
VolkovDmitri: bets $6
mcmovein: folds
Uncalled bet ($6) returned to VolkovDmitri
VolkovDmitri collected $23.52 from pot
VolkovDmitri: doesn't show hand
*** SUMMARY ***
Total pot $24 | Rake $0.48
Board [5d Qs Ah Ks]
Seat 1: mcmovein (button) (small blind) folded on the Turn
Seat 4: VolkovDmitri (big blind) collected ($23.52)


PokerStars Hand #164597844954:  Hold'em Limit ($3/$6 USD) - 2017/01/15 0:55:02 ET
Table 'California' 6-max Seat #5 is the button
Seat 1: mcmovein ($218.05 in chips)
Seat 5: rascal_319 ($106.06 in chips)
rascal_319: posts small blind $1
mcmovein: posts big blind $3
*** HOLE CARDS ***
rascal_319: raises $3 to $6
mcmovein: calls $3
*** FLOP *** [6d 6h 9d]
mcmovein: checks
rascal_319: checks
*** TURN *** [6d 6h 9d] [3c]
mcmovein: checks
rascal_319: checks
*** RIVER *** [6d 6h 9d 3c] [Tc]
mcmovein: checks
rascal_319: checks
*** SHOW DOWN ***
mcmovein: shows [7d 5h] (a pair of Sixes)
rascal_319: shows [Qc Ac] (a pair of Sixes - Ace kicker)
rascal_319 collected $11.76 from pot
*** SUMMARY ***
Total pot $12 | Rake $0.24
Board [6d 6h 9d 3c Tc]
Seat 1: mcmovein (big blind) showed [7d 5h] and lost with a pair of Sixes
Seat 5: rascal_319 (button) (small blind) showed [Qc Ac] and won ($11.76) with a pair of Sixes


PokerStars Hand #164597843102:  Hold'em Limit ($3/$6 USD) - 2017/01/15 0:54:56 ET
Table 'California' 6-max Seat #1 is the button
Seat 1: mcmovein ($219.05 in chips)
Seat 5: rascal_319 ($105.06 in chips)
mcmovein: posts small blind $1
beng_51: is sitting out
rascal_319: posts big blind $3
*** HOLE CARDS ***
mcmovein: folds
Uncalled bet ($2) returned to rascal_319
rascal_319 collected $2 from pot
rascal_319: doesn't show hand
beng_51 leaves the table
*** SUMMARY ***
Total pot $2 | Rake $0
Seat 1: mcmovein (button) (small blind) folded before Flop
Seat 5: rascal_319 (big blind) collected ($2)


