PokerStars Hand #168773735258:  Hold'em Limit ($3/$6 USD) - 2017/04/08 19:51:41 ET
Table 'Caliban' 6-max Seat #1 is the button
Seat 1: Velbor107 ($279 in chips)
Seat 6: Vasjinn ($52.67 in chips)
Velbor107: posts small blind $1
Vasjinn: posts big blind $3
*** HOLE CARDS ***
Velbor107: folds
Uncalled bet ($2) returned to Vasjinn
Vasjinn collected $2 from pot
Vasjinn: doesn't show hand
*** SUMMARY ***
Total pot $2 | Rake $0
Seat 1: Velbor107 (button) (small blind) folded before Flop
Seat 6: Vasjinn (big blind) collected ($2)


PokerStars Hand #168773731401:  Hold'em Limit ($3/$6 USD) - 2017/04/08 19:51:34 ET
Table 'Caliban' 6-max Seat #6 is the button
Seat 1: Velbor107 ($278 in chips)
Seat 6: Vasjinn ($53.67 in chips)
Vasjinn: posts small blind $1
Velbor107: posts big blind $3
*** HOLE CARDS ***
Vasjinn: folds
Uncalled bet ($2) returned to Velbor107
Velbor107 collected $2 from pot
*** SUMMARY ***
Total pot $2 | Rake $0
Seat 1: Velbor107 (big blind) collected ($2)
Seat 6: Vasjinn (button) (small blind) folded before Flop


PokerStars Hand #168773719162:  Hold'em Limit ($3/$6 USD) - 2017/04/08 19:51:11 ET
Table 'Caliban' 6-max Seat #1 is the button
Seat 1: Velbor107 ($287 in chips)
Seat 6: Vasjinn ($45.03 in chips)
Velbor107: posts small blind $1
Vasjinn: posts big blind $3
*** HOLE CARDS ***
Velbor107: raises $3 to $6
Vasjinn: calls $3
*** FLOP *** [Qh 9d Ad]
Vasjinn: checks
Velbor107: bets $3
Vasjinn: calls $3
*** TURN *** [Qh 9d Ad] [Td]
Vasjinn: checks
Velbor107: checks
*** RIVER *** [Qh 9d Ad Td] [As]
Vasjinn: checks
Velbor107: checks
*** SHOW DOWN ***
Vasjinn: shows [2d Ah] (three of a kind, Aces)
Velbor107: mucks hand
Vasjinn collected $17.64 from pot
*** SUMMARY ***
Total pot $18 | Rake $0.36
Board [Qh 9d Ad Td As]
Seat 1: Velbor107 (button) (small blind) mucked
Seat 6: Vasjinn (big blind) showed [2d Ah] and won ($17.64) with three of a kind, Aces


PokerStars Hand #168773706030:  Hold'em Limit ($3/$6 USD) - 2017/04/08 19:50:47 ET
Table 'Caliban' 6-max Seat #1 is the button
Seat 1: Velbor107 ($291 in chips)
Seat 6: Vasjinn ($41.15 in chips)
Velbor107: posts small blind $1
Vasjinn: posts big blind $3
*** HOLE CARDS ***
Velbor107: folds
Uncalled bet ($2) returned to Vasjinn
Vasjinn collected $2 from pot
Vasjinn: doesn't show hand
*** SUMMARY ***
Total pot $2 | Rake $0
Seat 1: Velbor107 (button) (small blind) folded before Flop
Seat 6: Vasjinn (big blind) collected ($2)


PokerStars Hand #168773708831:  Hold'em Limit ($3/$6 USD) - 2017/04/08 19:50:52 ET
Table 'Caliban' 6-max Seat #6 is the button
Seat 1: Velbor107 ($290 in chips)
Seat 6: Vasjinn ($42.15 in chips)
Vasjinn: posts small blind $1
Velbor107: posts big blind $3
*** HOLE CARDS ***
Vasjinn: calls $2
Velbor107: checks
*** FLOP *** [Jh 9d Jc]
Velbor107: checks
Vasjinn: bets $3
Velbor107: folds
Uncalled bet ($3) returned to Vasjinn
Vasjinn collected $5.88 from pot
Vasjinn: doesn't show hand
*** SUMMARY ***
Total pot $6 | Rake $0.12
Board [Jh 9d Jc]
Seat 1: Velbor107 (big blind) folded on the Flop
Seat 6: Vasjinn (button) (small blind) collected ($5.88)


PokerStars Hand #168773744637:  Hold'em Limit ($3/$6 USD) - 2017/04/08 19:51:55 ET
Table 'Caliban' 6-max Seat #1 is the button
Seat 1: Velbor107 ($275 in chips)
Seat 6: Vasjinn ($56.67 in chips)
Velbor107: posts small blind $1
Vasjinn: posts big blind $3
*** HOLE CARDS ***
Velbor107: raises $3 to $6
Vasjinn: folds
Uncalled bet ($3) returned to Velbor107
Velbor107 collected $6 from pot
*** SUMMARY ***
Total pot $6 | Rake $0
Seat 1: Velbor107 (button) (small blind) collected ($6)
Seat 6: Vasjinn (big blind) folded before Flop


PokerStars Hand #168773748936:  Hold'em Limit ($3/$6 USD) - 2017/04/08 19:52:02 ET
Table 'Caliban' 6-max Seat #6 is the button
Seat 1: Velbor107 ($278 in chips)
Seat 6: Vasjinn ($53.67 in chips)
Vasjinn: posts small blind $1
Velbor107: posts big blind $3
*** HOLE CARDS ***
Chessnok joins the table at seat #2
Vasjinn: calls $2
Velbor107: raises $3 to $6
Vasjinn: calls $3
*** FLOP *** [8d Kh 4h]
Velbor107: bets $3
Vasjinn: calls $3
*** TURN *** [8d Kh 4h] [3d]
Velbor107: checks
Vasjinn: checks
*** RIVER *** [8d Kh 4h 3d] [5h]
Velbor107: bets $6
Vasjinn: calls $6
*** SHOW DOWN ***
Velbor107: shows [Kd 9s] (a pair of Kings)
Vasjinn: mucks hand
Velbor107 collected $29.50 from pot
*** SUMMARY ***
Total pot $30 | Rake $0.50
Board [8d Kh 4h 3d 5h]
Seat 1: Velbor107 (big blind) showed [Kd 9s] and won ($29.50) with a pair of Kings
Seat 6: Vasjinn (button) (small blind) mucked


PokerStars Hand #168773740100:  Hold'em Limit ($3/$6 USD) - 2017/04/08 19:51:46 ET
Table 'Caliban' 6-max Seat #6 is the button
Seat 1: Velbor107 ($278 in chips)
Seat 6: Vasjinn ($53.67 in chips)
Vasjinn: posts small blind $1
Velbor107: posts big blind $3
*** HOLE CARDS ***
Vasjinn: raises $3 to $6
Velbor107: folds
Uncalled bet ($3) returned to Vasjinn
Vasjinn collected $6 from pot
Vasjinn: doesn't show hand
*** SUMMARY ***
Total pot $6 | Rake $0
Seat 1: Velbor107 (big blind) folded before Flop
Seat 6: Vasjinn (button) (small blind) collected ($6)


