PokerStars Hand #160130708821:  Hold'em Limit ($3/$6 USD) - 2016/10/18 22:06:28 ET
Table 'Caliban' 6-max Seat #3 is the button
Seat 3: ben456 ($120 in chips)
Seat 4: Mordnilap ($72 in chips)
ben456: posts small blind $1
Mordnilap: posts big blind $3
*** HOLE CARDS ***
ben456: raises $3 to $6
Mordnilap: calls $3
*** FLOP *** [Qd 3d 6h]
Mordnilap: checks
ben456: bets $3
Mordnilap: folds
Uncalled bet ($3) returned to ben456
ben456 collected $11.76 from pot
*** SUMMARY ***
Total pot $12 | Rake $0.24
Board [Qd 3d 6h]
Seat 3: ben456 (button) (small blind) collected ($11.76)
Seat 4: Mordnilap (big blind) folded on the Flop


PokerStars Hand #160130717092:  Hold'em Limit ($3/$6 USD) - 2016/10/18 22:06:51 ET
Table 'Caliban' 6-max Seat #3 is the button
Seat 3: ben456 ($122.76 in chips)
Seat 4: Mordnilap ($75 in chips)
ben456: posts small blind $1
Mordnilap: posts big blind $3
*** HOLE CARDS ***
ben456: raises $3 to $6
Mordnilap: calls $3
*** FLOP *** [As 2s 9h]
Mordnilap: checks
ben456: bets $3
Mordnilap: calls $3
*** TURN *** [As 2s 9h] [4c]
Mordnilap: checks
ben456: checks
*** RIVER *** [As 2s 9h 4c] [8s]
Mordnilap: bets $6
ben456: folds
Uncalled bet ($6) returned to Mordnilap
Mordnilap collected $17.64 from pot
Mordnilap: doesn't show hand
*** SUMMARY ***
Total pot $18 | Rake $0.36
Board [As 2s 9h 4c 8s]
Seat 3: ben456 (button) (small blind) folded on the River
Seat 4: Mordnilap (big blind) collected ($17.64)


PokerStars Hand #160130730078:  Hold'em Limit ($3/$6 USD) - 2016/10/18 22:07:07 ET
Table 'Caliban' 6-max Seat #4 is the button
Seat 3: ben456 ($113.76 in chips)
Seat 4: Mordnilap ($83.64 in chips)
Mordnilap: posts small blind $1
ben456: posts big blind $3
*** HOLE CARDS ***
Mordnilap: raises $3 to $6
ben456: folds
Uncalled bet ($3) returned to Mordnilap
Mordnilap collected $6 from pot
Mordnilap: doesn't show hand
*** SUMMARY ***
Total pot $6 | Rake $0
Seat 3: ben456 (big blind) folded before Flop
Seat 4: Mordnilap (button) (small blind) collected ($6)


PokerStars Hand #160130733193:  Hold'em Limit ($3/$6 USD) - 2016/10/18 22:07:16 ET
Table 'Caliban' 6-max Seat #3 is the button
Seat 3: ben456 ($110.76 in chips)
Seat 4: Mordnilap ($86.64 in chips)
ben456: posts small blind $1
Mordnilap: posts big blind $3
*** HOLE CARDS ***
ben456: raises $3 to $6
Mordnilap: calls $3
*** FLOP *** [Jc Ad 6s]
Mordnilap: checks
ben456: bets $3
Mordnilap: raises $3 to $6
ben456: raises $3 to $9
Mordnilap: folds
Uncalled bet ($3) returned to ben456
ben456 collected $23.52 from pot
*** SUMMARY ***
Total pot $24 | Rake $0.48
Board [Jc Ad 6s]
Seat 3: ben456 (button) (small blind) collected ($23.52)
Seat 4: Mordnilap (big blind) folded on the Flop


PokerStars Hand #160130714912:  Hold'em Limit ($3/$6 USD) - 2016/10/18 22:06:45 ET
Table 'Caliban' 6-max Seat #4 is the button
Seat 3: ben456 ($125.76 in chips)
Seat 4: Mordnilap ($72 in chips)
Mordnilap: posts small blind $1
ben456: posts big blind $3
*** HOLE CARDS ***
Mordnilap: raises $3 to $6
ben456: folds
Uncalled bet ($3) returned to Mordnilap
Mordnilap collected $6 from pot
Mordnilap: doesn't show hand
*** SUMMARY ***
Total pot $6 | Rake $0
Seat 3: ben456 (big blind) folded before Flop
Seat 4: Mordnilap (button) (small blind) collected ($6)


PokerStars Hand #160130747854:  Hold'em Limit ($3/$6 USD) - 2016/10/18 22:07:58 ET
Table 'Caliban' 6-max Seat #3 is the button
Seat 3: ben456 ($130.92 in chips)
Seat 4: Mordnilap ($72 in chips)
ben456: posts small blind $1
Mordnilap: posts big blind $3
*** HOLE CARDS ***
ben456: raises $3 to $6
Mordnilap: calls $3
*** FLOP *** [Js 3c 9c]
Mordnilap: checks
ben456: checks
*** TURN *** [Js 3c 9c] [7d]
Mordnilap: checks
ben456: checks
*** RIVER *** [Js 3c 9c 7d] [6d]
Mordnilap: checks
ben456: checks
*** SHOW DOWN ***
Mordnilap: shows [8h Qh] (high card Queen)
ben456: shows [Kd 2d] (high card King)
RaisemyNut$ joins the table at seat #2
ben456 collected $11.76 from pot
*** SUMMARY ***
Total pot $12 | Rake $0.24
Board [Js 3c 9c 7d 6d]
Seat 3: ben456 (button) (small blind) showed [Kd 2d] and won ($11.76) with high card King
Seat 4: Mordnilap (big blind) showed [8h Qh] and lost with high card Queen


PokerStars Hand #160130738780:  Hold'em Limit ($3/$6 USD) - 2016/10/18 22:07:32 ET
Table 'Caliban' 6-max Seat #4 is the button
Seat 3: ben456 ($122.28 in chips)
Seat 4: Mordnilap ($74.64 in chips)
Mordnilap: posts small blind $1
ben456: posts big blind $3
*** HOLE CARDS ***
Mordnilap: raises $3 to $6
ben456: calls $3
*** FLOP *** [Tc Ks Qd]
ben456: checks
Mordnilap: bets $3
ben456: calls $3
*** TURN *** [Tc Ks Qd] [Qs]
ben456: checks
Mordnilap: checks
*** RIVER *** [Tc Ks Qd Qs] [Kh]
ben456: bets $6
Mordnilap: folds
Uncalled bet ($6) returned to ben456
ben456 collected $17.64 from pot
ben456: doesn't show hand
*** SUMMARY ***
Total pot $18 | Rake $0.36
Board [Tc Ks Qd Qs Kh]
Seat 3: ben456 (big blind) collected ($17.64)
Seat 4: Mordnilap (button) (small blind) folded on the River


PokerStars Hand #160130768852:  Hold'em Limit ($3/$6 USD) - 2016/10/18 22:08:57 ET
Table 'Caliban' 6-max Seat #2 is the button
Seat 2: RaisemyNut$ ($108 in chips)
Seat 4: Mordnilap ($72 in chips)
RaisemyNut$: posts small blind $1
ben456: is sitting out
Mordnilap: posts big blind $3
*** HOLE CARDS ***
ben456 leaves the table
RaisemyNut$: raises $3 to $6
Mordnilap: calls $3
*** FLOP *** [6h 2s 4h]
Mordnilap: checks
RaisemyNut$: bets $3
Mordnilap: calls $3
*** TURN *** [6h 2s 4h] [Kh]
Mordnilap: checks
RaisemyNut$: bets $6
Mordnilap: calls $6
*** RIVER *** [6h 2s 4h Kh] [2h]
Mordnilap: checks
RaisemyNut$: bets $6
Mordnilap: calls $6
*** SHOW DOWN ***
RaisemyNut$: shows [Td Jh] (a flush, King high)
Mordnilap: mucks hand
RaisemyNut$ collected $41.50 from pot
*** SUMMARY ***
Total pot $42 | Rake $0.50
Board [6h 2s 4h Kh 2h]
Seat 2: RaisemyNut$ (button) (small blind) showed [Td Jh] and won ($41.50) with a flush, King high
Seat 4: Mordnilap (big blind) mucked


PokerStars Hand #160131121010:  Hold'em Limit ($3/$6 USD) - 2016/10/18 22:25:41 ET
Table 'Caliban' 6-max Seat #2 is the button
Seat 2: RaisemyNut$ ($129.50 in chips)
Seat 3: RJF1943 ($62.92 in chips)
RaisemyNut$: posts small blind $1
RJF1943: posts big blind $3
*** HOLE CARDS ***
RaisemyNut$: raises $3 to $6
RJF1943: calls $3
*** FLOP *** [3d Qc 9c]
RJF1943: checks
RaisemyNut$: bets $3
RJF1943: folds
Uncalled bet ($3) returned to RaisemyNut$
RaisemyNut$ collected $11.76 from pot
RaisemyNut$: doesn't show hand
*** SUMMARY ***
Total pot $12 | Rake $0.24
Board [3d Qc 9c]
Seat 2: RaisemyNut$ (button) (small blind) collected ($11.76)
Seat 3: RJF1943 (big blind) folded on the Flop


PokerStars Hand #160131125186:  Hold'em Limit ($3/$6 USD) - 2016/10/18 22:25:53 ET
Table 'Caliban' 6-max Seat #3 is the button
Seat 2: RaisemyNut$ ($135.26 in chips)
Seat 3: RJF1943 ($56.92 in chips)
RJF1943: posts small blind $1
RaisemyNut$: posts big blind $3
*** HOLE CARDS ***
RJF1943: raises $3 to $6
RaisemyNut$: calls $3
*** FLOP *** [3d 7d 3s]
RaisemyNut$: checks
RJF1943: bets $3
RaisemyNut$: calls $3
*** TURN *** [3d 7d 3s] [Qh]
RaisemyNut$: checks
RJF1943: checks
*** RIVER *** [3d 7d 3s Qh] [7s]
RaisemyNut$: checks
RJF1943: bets $6
RaisemyNut$: calls $6
*** SHOW DOWN ***
RJF1943: shows [Ad 9h] (two pair, Sevens and Threes)
RaisemyNut$: mucks hand
RJF1943 collected $29.50 from pot
*** SUMMARY ***
Total pot $30 | Rake $0.50
Board [3d 7d 3s Qh 7s]
Seat 2: RaisemyNut$ (big blind) mucked
Seat 3: RJF1943 (button) (small blind) showed [Ad 9h] and won ($29.50) with two pair, Sevens and Threes


PokerStars Hand #160131132701:  Hold'em Limit ($3/$6 USD) - 2016/10/18 22:26:16 ET
Table 'Caliban' 6-max Seat #2 is the button
Seat 2: RaisemyNut$ ($120.26 in chips)
Seat 3: RJF1943 ($71.42 in chips)
RaisemyNut$: posts small blind $1
RJF1943: posts big blind $3
*** HOLE CARDS ***
RaisemyNut$: raises $3 to $6
RJF1943: calls $3
*** FLOP *** [8c 4d 5s]
RJF1943: checks
RaisemyNut$: bets $3
RJF1943: calls $3
*** TURN *** [8c 4d 5s] [6s]
RJF1943: bets $6
RaisemyNut$: raises $6 to $12
RJF1943: calls $6
*** RIVER *** [8c 4d 5s 6s] [Jc]
RJF1943: bets $6
RaisemyNut$: raises $6 to $12
RJF1943: calls $6
*** SHOW DOWN ***
RaisemyNut$: shows [7d Qd] (a straight, Four to Eight)
RJF1943: mucks hand
RaisemyNut$ collected $65.50 from pot
*** SUMMARY ***
Total pot $66 | Rake $0.50
Board [8c 4d 5s 6s Jc]
Seat 2: RaisemyNut$ (button) (small blind) showed [7d Qd] and won ($65.50) with a straight, Four to Eight
Seat 3: RJF1943 (big blind) mucked


PokerStars Hand #160131140567:  Hold'em Limit ($3/$6 USD) - 2016/10/18 22:26:40 ET
Table 'Caliban' 6-max Seat #3 is the button
Seat 2: RaisemyNut$ ($152.76 in chips)
Seat 3: RJF1943 ($38.42 in chips)
RJF1943: posts small blind $1
RaisemyNut$: posts big blind $3
*** HOLE CARDS ***
RJF1943: raises $3 to $6
RaisemyNut$: folds
Uncalled bet ($3) returned to RJF1943
RJF1943 collected $6 from pot
RJF1943: doesn't show hand
*** SUMMARY ***
Total pot $6 | Rake $0
Seat 2: RaisemyNut$ (big blind) folded before Flop
Seat 3: RJF1943 (button) (small blind) collected ($6)


PokerStars Hand #160131148407:  Hold'em Limit ($3/$6 USD) - 2016/10/18 22:27:03 ET
Table 'Caliban' 6-max Seat #3 is the button
Seat 2: RaisemyNut$ ($158.40 in chips)
Seat 3: RJF1943 ($32.42 in chips)
RJF1943: posts small blind $1
RaisemyNut$: posts big blind $3
*** HOLE CARDS ***
RJF1943: folds
Uncalled bet ($2) returned to RaisemyNut$
RaisemyNut$ collected $2 from pot
RaisemyNut$: doesn't show hand
*** SUMMARY ***
Total pot $2 | Rake $0
Seat 2: RaisemyNut$ (big blind) collected ($2)
Seat 3: RJF1943 (button) (small blind) folded before Flop


PokerStars Hand #160131142929:  Hold'em Limit ($3/$6 USD) - 2016/10/18 22:26:47 ET
Table 'Caliban' 6-max Seat #2 is the button
Seat 2: RaisemyNut$ ($149.76 in chips)
Seat 3: RJF1943 ($41.42 in chips)
RaisemyNut$: posts small blind $1
RJF1943: posts big blind $3
*** HOLE CARDS ***
RaisemyNut$: raises $3 to $6
RJF1943: calls $3
*** FLOP *** [3d 4h Qs]
RJF1943: checks
RaisemyNut$: bets $3
RJF1943: calls $3
*** TURN *** [3d 4h Qs] [Ad]
RJF1943: checks
RaisemyNut$: bets $6
RJF1943: folds
Uncalled bet ($6) returned to RaisemyNut$
RaisemyNut$ collected $17.64 from pot
RaisemyNut$: doesn't show hand
*** SUMMARY ***
Total pot $18 | Rake $0.36
Board [3d 4h Qs Ad]
Seat 2: RaisemyNut$ (button) (small blind) collected ($17.64)
Seat 3: RJF1943 (big blind) folded on the Turn


PokerStars Hand #160131150359:  Hold'em Limit ($3/$6 USD) - 2016/10/18 22:27:09 ET
Table 'Caliban' 6-max Seat #2 is the button
Seat 2: RaisemyNut$ ($159.40 in chips)
Seat 3: RJF1943 ($31.42 in chips)
RaisemyNut$: posts small blind $1
RJF1943: posts big blind $3
*** HOLE CARDS ***
RaisemyNut$: raises $3 to $6
RJF1943: calls $3
*** FLOP *** [5h 5s Js]
RJF1943: bets $3
RaisemyNut$: calls $3
*** TURN *** [5h 5s Js] [5c]
RJF1943: bets $6
RaisemyNut$: raises $6 to $12
RJF1943: calls $6
*** RIVER *** [5h 5s Js 5c] [2c]
RJF1943: checks
RaisemyNut$: bets $6
RJF1943: calls $6
*** SHOW DOWN ***
RaisemyNut$: shows [3d Jc] (a full house, Fives full of Jacks)
RJF1943: mucks hand
RaisemyNut$ collected $53.50 from pot
*** SUMMARY ***
Total pot $54 | Rake $0.50
Board [5h 5s Js 5c 2c]
Seat 2: RaisemyNut$ (button) (small blind) showed [3d Jc] and won ($53.50) with a full house, Fives full of Jacks
Seat 3: RJF1943 (big blind) mucked


PokerStars Hand #160131157964:  Hold'em Limit ($3/$6 USD) - 2016/10/18 22:27:32 ET
Table 'Caliban' 6-max Seat #3 is the button
Seat 2: RaisemyNut$ ($185.90 in chips)
Seat 3: RJF1943 ($4.42 in chips)
RJF1943: posts small blind $1
RaisemyNut$: posts big blind $3
*** HOLE CARDS ***
RJF1943: raises $1.42 to $4.42 and is all-in
RaisemyNut$: calls $1.42
*** FLOP *** [4c Ks Qc]
*** TURN *** [4c Ks Qc] [5h]
*** RIVER *** [4c Ks Qc 5h] [9c]
*** SHOW DOWN ***
RaisemyNut$: shows [Td 2c] (high card King)
RJF1943: shows [Tc Qh] (a pair of Queens)
RJF1943 collected $8.66 from pot
*** SUMMARY ***
Total pot $8.84 | Rake $0.18
Board [4c Ks Qc 5h 9c]
Seat 2: RaisemyNut$ (big blind) showed [Td 2c] and lost with high card King
Seat 3: RJF1943 (button) (small blind) showed [Tc Qh] and won ($8.66) with a pair of Queens


PokerStars Hand #160131162354:  Hold'em Limit ($3/$6 USD) - 2016/10/18 22:27:44 ET
Table 'Caliban' 6-max Seat #2 is the button
Seat 2: RaisemyNut$ ($181.48 in chips)
Seat 3: RJF1943 ($8.66 in chips)
RaisemyNut$: posts small blind $1
RJF1943: posts big blind $3
*** HOLE CARDS ***
RaisemyNut$: raises $3 to $6
RJF1943: raises $2.66 to $8.66 and is all-in
RaisemyNut$: calls $2.66
*** FLOP *** [2s 2h 4h]
*** TURN *** [2s 2h 4h] [3s]
*** RIVER *** [2s 2h 4h 3s] [Qh]
*** SHOW DOWN ***
RJF1943: shows [3d Kh] (two pair, Threes and Deuces)
RaisemyNut$: shows [5d Ks] (a pair of Deuces)
RJF1943 collected $16.97 from pot
*** SUMMARY ***
Total pot $17.32 | Rake $0.35
Board [2s 2h 4h 3s Qh]
Seat 2: RaisemyNut$ (button) (small blind) showed [5d Ks] and lost with a pair of Deuces
Seat 3: RJF1943 (big blind) showed [3d Kh] and won ($16.97) with two pair, Threes and Deuces


PokerStars Hand #160131185024:  Hold'em Limit ($3/$6 USD) - 2016/10/18 22:28:50 ET
Table 'Caliban' 6-max Seat #2 is the button
Seat 2: RaisemyNut$ ($172.57 in chips)
Seat 3: RJF1943 ($16.72 in chips)
RaisemyNut$: posts small blind $1
RJF1943: posts big blind $3
*** HOLE CARDS ***
RaisemyNut$: raises $3 to $6
RJF1943: calls $3
*** FLOP *** [4c 7h 3s]
RJF1943: checks
RaisemyNut$: bets $3
RJF1943: calls $3
*** TURN *** [4c 7h 3s] [Ts]
RJF1943: checks
RaisemyNut$: bets $6
RJF1943: raises $1.72 to $7.72 and is all-in
RaisemyNut$: calls $1.72
*** RIVER *** [4c 7h 3s Ts] [Qd]
*** SHOW DOWN ***
RJF1943: shows [6h Qs] (a pair of Queens)
RaisemyNut$: shows [7c Ks] (a pair of Sevens)
RJF1943 collected $32.94 from pot
*** SUMMARY ***
Total pot $33.44 | Rake $0.50
Board [4c 7h 3s Ts Qd]
Seat 2: RaisemyNut$ (button) (small blind) showed [7c Ks] and lost with a pair of Sevens
Seat 3: RJF1943 (big blind) showed [6h Qs] and won ($32.94) with a pair of Queens


PokerStars Hand #160131175569:  Hold'em Limit ($3/$6 USD) - 2016/10/18 22:28:24 ET
Table 'Caliban' 6-max Seat #2 is the button
Seat 2: RaisemyNut$ ($172.57 in chips)
Seat 3: RJF1943 ($16.72 in chips)
RaisemyNut$: posts small blind $1
RJF1943: posts big blind $3
*** HOLE CARDS ***
RaisemyNut$: folds
Uncalled bet ($2) returned to RJF1943
RJF1943 collected $2 from pot
RJF1943: doesn't show hand
*** SUMMARY ***
Total pot $2 | Rake $0
Seat 2: RaisemyNut$ (button) (small blind) folded before Flop
Seat 3: RJF1943 (big blind) collected ($2)


PokerStars Hand #160131168059:  Hold'em Limit ($3/$6 USD) - 2016/10/18 22:28:01 ET
Table 'Caliban' 6-max Seat #3 is the button
Seat 2: RaisemyNut$ ($172.82 in chips)
Seat 3: RJF1943 ($16.97 in chips)
RJF1943: posts small blind $1
RaisemyNut$: posts big blind $3
*** HOLE CARDS ***
RJF1943: raises $3 to $6
RaisemyNut$: raises $3 to $9
RJF1943: raises $3 to $12
Betting is capped
RaisemyNut$: calls $3
*** FLOP *** [2h 7h Jd]
RaisemyNut$: checks
RJF1943: bets $3
RaisemyNut$: raises $3 to $6
RJF1943: calls $1.97 and is all-in
Uncalled bet ($1.03) returned to RaisemyNut$
*** TURN *** [2h 7h Jd] [2d]
*** RIVER *** [2h 7h Jd 2d] [Qh]
*** SHOW DOWN ***
RaisemyNut$: shows [8h Ac] (a pair of Deuces)
RJF1943: shows [Ad 5s] (a pair of Deuces)
RaisemyNut$ collected $16.72 from pot
RJF1943 collected $16.72 from pot
*** SUMMARY ***
Total pot $33.94 | Rake $0.50
Board [2h 7h Jd 2d Qh]
Seat 2: RaisemyNut$ (big blind) showed [8h Ac] and won ($16.72) with a pair of Deuces
Seat 3: RJF1943 (button) (small blind) showed [Ad 5s] and won ($16.72) with a pair of Deuces


PokerStars Hand #160131182167:  Hold'em Limit ($3/$6 USD) - 2016/10/18 22:28:41 ET
Table 'Caliban' 6-max Seat #3 is the button
Seat 2: RaisemyNut$ ($171.57 in chips)
Seat 3: RJF1943 ($17.72 in chips)
RJF1943: posts small blind $1
RaisemyNut$: posts big blind $3
*** HOLE CARDS ***
RJF1943: folds
Uncalled bet ($2) returned to RaisemyNut$
RaisemyNut$ collected $2 from pot
RaisemyNut$: doesn't show hand
*** SUMMARY ***
Total pot $2 | Rake $0
Seat 2: RaisemyNut$ (big blind) collected ($2)
Seat 3: RJF1943 (button) (small blind) folded before Flop


PokerStars Hand #160131180462:  Hold'em Limit ($3/$6 USD) - 2016/10/18 22:28:36 ET
Table 'Caliban' 6-max Seat #2 is the button
Seat 2: RaisemyNut$ ($172.57 in chips)
Seat 3: RJF1943 ($16.72 in chips)
RaisemyNut$: posts small blind $1
RJF1943: posts big blind $3
*** HOLE CARDS ***
RaisemyNut$: folds
Uncalled bet ($2) returned to RJF1943
RJF1943 collected $2 from pot
RJF1943: doesn't show hand
*** SUMMARY ***
Total pot $2 | Rake $0
Seat 2: RaisemyNut$ (button) (small blind) folded before Flop
Seat 3: RJF1943 (big blind) collected ($2)


PokerStars Hand #160131177445:  Hold'em Limit ($3/$6 USD) - 2016/10/18 22:28:30 ET
Table 'Caliban' 6-max Seat #3 is the button
Seat 2: RaisemyNut$ ($171.57 in chips)
Seat 3: RJF1943 ($17.72 in chips)
RJF1943: posts small blind $1
RaisemyNut$: posts big blind $3
*** HOLE CARDS ***
RJF1943: folds
Uncalled bet ($2) returned to RaisemyNut$
RaisemyNut$ collected $2 from pot
RaisemyNut$: doesn't show hand
*** SUMMARY ***
Total pot $2 | Rake $0
Seat 2: RaisemyNut$ (big blind) collected ($2)
Seat 3: RJF1943 (button) (small blind) folded before Flop


PokerStars Hand #160131192071:  Hold'em Limit ($3/$6 USD) - 2016/10/18 22:29:11 ET
Table 'Caliban' 6-max Seat #3 is the button
Seat 2: RaisemyNut$ ($155.85 in chips)
Seat 3: RJF1943 ($32.94 in chips)
RJF1943: posts small blind $1
RaisemyNut$: posts big blind $3
*** HOLE CARDS ***
RJF1943: folds
Uncalled bet ($2) returned to RaisemyNut$
RaisemyNut$ collected $2 from pot
RaisemyNut$: doesn't show hand
*** SUMMARY ***
Total pot $2 | Rake $0
Seat 2: RaisemyNut$ (big blind) collected ($2)
Seat 3: RJF1943 (button) (small blind) folded before Flop


PokerStars Hand #160131205998:  Hold'em Limit ($3/$6 USD) - 2016/10/18 22:29:53 ET
Table 'Caliban' 6-max Seat #3 is the button
Seat 2: RaisemyNut$ ($174.35 in chips)
Seat 3: RJF1943 ($13.94 in chips)
RJF1943: posts small blind $1
RaisemyNut$: posts big blind $3
*** HOLE CARDS ***
RJF1943: folds
Uncalled bet ($2) returned to RaisemyNut$
RaisemyNut$ collected $2 from pot
RaisemyNut$: doesn't show hand
*** SUMMARY ***
Total pot $2 | Rake $0
Seat 2: RaisemyNut$ (big blind) collected ($2)
Seat 3: RJF1943 (button) (small blind) folded before Flop


PokerStars Hand #160131197488:  Hold'em Limit ($3/$6 USD) - 2016/10/18 22:29:27 ET
Table 'Caliban' 6-max Seat #2 is the button
Seat 2: RaisemyNut$ ($156.85 in chips)
Seat 3: RJF1943 ($31.94 in chips)
RaisemyNut$: posts small blind $1
RJF1943: posts big blind $3
*** HOLE CARDS ***
RaisemyNut$: raises $3 to $6
RJF1943: calls $3
*** FLOP *** [Jc Tc 7h]
RJF1943: bets $3
RaisemyNut$: raises $3 to $6
RJF1943: calls $3
*** TURN *** [Jc Tc 7h] [Th]
RJF1943: checks
RaisemyNut$: bets $6
RJF1943: calls $6
*** RIVER *** [Jc Tc 7h Th] [2d]
RJF1943: checks
RaisemyNut$: bets $6
RJF1943: folds
Uncalled bet ($6) returned to RaisemyNut$
RaisemyNut$ collected $35.50 from pot
RaisemyNut$: doesn't show hand
*** SUMMARY ***
Total pot $36 | Rake $0.50
Board [Jc Tc 7h Th 2d]
Seat 2: RaisemyNut$ (button) (small blind) collected ($35.50)
Seat 3: RJF1943 (big blind) folded on the River


PokerStars Hand #160131195765:  Hold'em Limit ($3/$6 USD) - 2016/10/18 22:29:22 ET
Table 'Caliban' 6-max Seat #3 is the button
Seat 2: RaisemyNut$ ($155.85 in chips)
Seat 3: RJF1943 ($32.94 in chips)
RJF1943: posts small blind $1
RaisemyNut$: posts big blind $3
*** HOLE CARDS ***
RJF1943: folds
Uncalled bet ($2) returned to RaisemyNut$
RaisemyNut$ collected $2 from pot
RaisemyNut$: doesn't show hand
*** SUMMARY ***
Total pot $2 | Rake $0
Seat 2: RaisemyNut$ (big blind) collected ($2)
Seat 3: RJF1943 (button) (small blind) folded before Flop


PokerStars Hand #160131193942:  Hold'em Limit ($3/$6 USD) - 2016/10/18 22:29:16 ET
Table 'Caliban' 6-max Seat #2 is the button
Seat 2: RaisemyNut$ ($156.85 in chips)
Seat 3: RJF1943 ($31.94 in chips)
RaisemyNut$: posts small blind $1
RJF1943: posts big blind $3
*** HOLE CARDS ***
RaisemyNut$: folds
Uncalled bet ($2) returned to RJF1943
RJF1943 collected $2 from pot
RJF1943: doesn't show hand
*** SUMMARY ***
Total pot $2 | Rake $0
Seat 2: RaisemyNut$ (button) (small blind) folded before Flop
Seat 3: RJF1943 (big blind) collected ($2)


PokerStars Hand #160131207677:  Hold'em Limit ($3/$6 USD) - 2016/10/18 22:29:58 ET
Table 'Caliban' 6-max Seat #2 is the button
Seat 2: RaisemyNut$ ($175.35 in chips)
Seat 3: RJF1943 ($12.94 in chips)
RaisemyNut$: posts small blind $1
RJF1943: posts big blind $3
*** HOLE CARDS ***
RaisemyNut$: raises $3 to $6
RJF1943: raises $3 to $9
RaisemyNut$: calls $3
*** FLOP *** [Ac 3d 9d]
RJF1943: bets $3
RaisemyNut$: raises $3 to $6
RJF1943: calls $0.94 and is all-in
Uncalled bet ($2.06) returned to RaisemyNut$
*** TURN *** [Ac 3d 9d] [Ad]
*** RIVER *** [Ac 3d 9d Ad] [Qh]
*** SHOW DOWN ***
RJF1943: shows [6h Kh] (a pair of Aces)
RaisemyNut$: shows [Td Qc] (two pair, Aces and Queens)
RaisemyNut$ collected $25.38 from pot
*** SUMMARY ***
Total pot $25.88 | Rake $0.50
Board [Ac 3d 9d Ad Qh]
Seat 2: RaisemyNut$ (button) (small blind) showed [Td Qc] and won ($25.38) with two pair, Aces and Queens
Seat 3: RJF1943 (big blind) showed [6h Kh] and lost with a pair of Aces


