PokerStars Hand #172222721740:  Hold'em Limit ($3/$6 USD) - 2017/06/25 11:53:27 ET
Table 'Caliban II' 6-max Seat #3 is the button
Seat 3: MobutuSeSe ($90 in chips)
Seat 4: Rus29APX ($120 in chips)
MobutuSeSe: posts small blind $1
Rus29APX: posts big blind $3
*** HOLE CARDS ***
MobutuSeSe: raises $3 to $6
Rus29APX: calls $3
*** FLOP *** [2h 5c 8s]
Rus29APX: checks
MobutuSeSe: bets $3
Rus29APX: calls $3
*** TURN *** [2h 5c 8s] [3c]
Rus29APX: checks
turtlespit joins the table at seat #6
MobutuSeSe: checks
*** RIVER *** [2h 5c 8s 3c] [Jh]
Rus29APX: bets $6
MobutuSeSe: folds
Uncalled bet ($6) returned to Rus29APX
Rus29APX collected $17.64 from pot
Rus29APX: doesn't show hand
*** SUMMARY ***
Total pot $18 | Rake $0.36
Board [2h 5c 8s 3c Jh]
Seat 3: MobutuSeSe (button) (small blind) folded on the River
Seat 4: Rus29APX (big blind) collected ($17.64)


PokerStars Hand #172223992839:  Hold'em Limit ($3/$6 USD) - 2017/06/25 12:24:39 ET
Table 'Caliban II' 6-max Seat #3 is the button
Seat 3: MobutuSeSe ($181.93 in chips)
Seat 4: GoG 0 ($113 in chips)
MobutuSeSe: posts small blind $1
GoG 0: posts big blind $3
*** HOLE CARDS ***
MobutuSeSe: folds
Uncalled bet ($2) returned to GoG 0
GoG 0 collected $2 from pot
GoG 0: doesn't show hand
nedo1414 joins the table at seat #5
*** SUMMARY ***
Total pot $2 | Rake $0
Seat 3: MobutuSeSe (button) (small blind) folded before Flop
Seat 4: GoG 0 (big blind) collected ($2)


PokerStars Hand #172223983142:  Hold'em Limit ($3/$6 USD) - 2017/06/25 12:24:26 ET
Table 'Caliban II' 6-max Seat #4 is the button
Seat 3: MobutuSeSe ($184.93 in chips)
Seat 4: GoG 0 ($110 in chips)
GoG 0: posts small blind $1
AzureCaper: is sitting out
MobutuSeSe: posts big blind $3
*** HOLE CARDS ***
GoG 0: raises $3 to $6
MobutuSeSe: folds
Uncalled bet ($3) returned to GoG 0
GoG 0 collected $6 from pot
GoG 0: doesn't show hand
*** SUMMARY ***
Total pot $6 | Rake $0
Seat 3: MobutuSeSe (big blind) folded before Flop
Seat 4: GoG 0 (button) (small blind) collected ($6)


PokerStars Hand #172225058883:  Hold'em Limit ($3/$6 USD) - 2017/06/25 12:48:46 ET
Table 'Caliban II' 6-max Seat #1 is the button
Seat 1: SonneUndMond ($67.82 in chips)
Seat 3: Krazy90 ($135.22 in chips)
SonneUndMond: posts small blind $1
Krazy90: posts big blind $3
*** HOLE CARDS ***
SonneUndMond: raises $3 to $6
Krazy90: folds
Uncalled bet ($3) returned to SonneUndMond
SonneUndMond collected $6 from pot
SonneUndMond: doesn't show hand
*** SUMMARY ***
Total pot $6 | Rake $0
Seat 1: SonneUndMond (button) (small blind) collected ($6)
Seat 3: Krazy90 (big blind) folded before Flop


PokerStars Hand #172225033339:  Hold'em Limit ($3/$6 USD) - 2017/06/25 12:48:11 ET
Table 'Caliban II' 6-max Seat #3 is the button
Seat 1: SonneUndMond ($73.82 in chips)
Seat 3: Krazy90 ($129.46 in chips)
Krazy90: posts small blind $1
SonneUndMond: posts big blind $3
*** HOLE CARDS ***
Krazy90: raises $3 to $6
SonneUndMond: calls $3
*** FLOP *** [Ah 2h 7c]
SonneUndMond: checks
Krazy90: bets $3
SonneUndMond: folds
Uncalled bet ($3) returned to Krazy90
Krazy90 collected $11.76 from pot
Krazy90: doesn't show hand
*** SUMMARY ***
Total pot $12 | Rake $0.24
Board [Ah 2h 7c]
Seat 1: SonneUndMond (big blind) folded on the Flop
Seat 3: Krazy90 (button) (small blind) collected ($11.76)


PokerStars Hand #172228773907:  Hold'em Limit ($3/$6 USD) - 2017/06/25 14:08:03 ET
Table 'Caliban II' 6-max Seat #1 is the button
Seat 1: SonneUndMond ($241.82 in chips)
Seat 5: kelly_belly1 ($255.15 in chips)
SonneUndMond: posts small blind $1
kelly_belly1: posts big blind $3
*** HOLE CARDS ***
SonneUndMond: raises $3 to $6
kelly_belly1: calls $3
*** FLOP *** [3h 7c 3c]
kelly_belly1: checks
SonneUndMond: bets $3
kelly_belly1: calls $3
*** TURN *** [3h 7c 3c] [9s]
kelly_belly1: checks
SonneUndMond: bets $6
kelly_belly1: calls $6
*** RIVER *** [3h 7c 3c 9s] [4s]
kelly_belly1: checks
SonneUndMond: bets $6
kelly_belly1: folds
Uncalled bet ($6) returned to SonneUndMond
SonneUndMond collected $29.50 from pot
SonneUndMond: doesn't show hand
*** SUMMARY ***
Total pot $30 | Rake $0.50
Board [3h 7c 3c 9s 4s]
Seat 1: SonneUndMond (button) (small blind) collected ($29.50)
Seat 5: kelly_belly1 (big blind) folded on the River


PokerStars Hand #172228950945:  Hold'em Limit ($3/$6 USD) - 2017/06/25 14:11:27 ET
Table 'Caliban II' 6-max Seat #4 is the button
Seat 3: x0ticer ($24 in chips)
Seat 4: Actionni13 ($155.76 in chips)
Actionni13: posts small blind $1
x0ticer: posts big blind $3
*** HOLE CARDS ***
Actionni13: folds
Uncalled bet ($2) returned to x0ticer
x0ticer collected $2 from pot
x0ticer: doesn't show hand
*** SUMMARY ***
Total pot $2 | Rake $0
Seat 3: x0ticer (big blind) collected ($2)
Seat 4: Actionni13 (button) (small blind) folded before Flop


PokerStars Hand #172228987830:  Hold'em Limit ($3/$6 USD) - 2017/06/25 14:12:09 ET
Table 'Caliban II' 6-max Seat #3 is the button
Seat 3: x0ticer ($30.64 in chips)
Seat 4: Actionni13 ($153 in chips)
x0ticer: posts small blind $1
Actionni13: posts big blind $3
*** HOLE CARDS ***
x0ticer: raises $3 to $6
Actionni13: calls $3
*** FLOP *** [7h 6h 2c]
Actionni13: checks
x0ticer: bets $3
Actionni13: folds
Uncalled bet ($3) returned to x0ticer
x0ticer collected $11.76 from pot
x0ticer: doesn't show hand
*** SUMMARY ***
Total pot $12 | Rake $0.24
Board [7h 6h 2c]
Seat 3: x0ticer (button) (small blind) collected ($11.76)
Seat 4: Actionni13 (big blind) folded on the Flop


PokerStars Hand #172228983943:  Hold'em Limit ($3/$6 USD) - 2017/06/25 14:12:05 ET
Table 'Caliban II' 6-max Seat #4 is the button
Seat 3: x0ticer ($29.64 in chips)
Seat 4: Actionni13 ($154 in chips)
Actionni13: posts small blind $1
x0ticer: posts big blind $3
*** HOLE CARDS ***
Actionni13: folds
Uncalled bet ($2) returned to x0ticer
x0ticer collected $2 from pot
x0ticer: doesn't show hand
*** SUMMARY ***
Total pot $2 | Rake $0
Seat 3: x0ticer (big blind) collected ($2)
Seat 4: Actionni13 (button) (small blind) folded before Flop


PokerStars Hand #172228978255:  Hold'em Limit ($3/$6 USD) - 2017/06/25 14:11:58 ET
Table 'Caliban II' 6-max Seat #3 is the button
Seat 3: x0ticer ($30.64 in chips)
Seat 4: Actionni13 ($153 in chips)
x0ticer: posts small blind $1
Actionni13: posts big blind $3
*** HOLE CARDS ***
x0ticer: folds
Uncalled bet ($2) returned to Actionni13
Actionni13 collected $2 from pot
Actionni13: doesn't show hand
*** SUMMARY ***
Total pot $2 | Rake $0
Seat 3: x0ticer (button) (small blind) folded before Flop
Seat 4: Actionni13 (big blind) collected ($2)


PokerStars Hand #172228973456:  Hold'em Limit ($3/$6 USD) - 2017/06/25 14:11:53 ET
Table 'Caliban II' 6-max Seat #4 is the button
Seat 3: x0ticer ($33.64 in chips)
Seat 4: Actionni13 ($150 in chips)
Actionni13: posts small blind $1
x0ticer: posts big blind $3
*** HOLE CARDS ***
Actionni13: raises $3 to $6
x0ticer: folds
Uncalled bet ($3) returned to Actionni13
Actionni13 collected $6 from pot
Actionni13: doesn't show hand
*** SUMMARY ***
Total pot $6 | Rake $0
Seat 3: x0ticer (big blind) folded before Flop
Seat 4: Actionni13 (button) (small blind) collected ($6)


PokerStars Hand #172228955398:  Hold'em Limit ($3/$6 USD) - 2017/06/25 14:11:32 ET
Table 'Caliban II' 6-max Seat #3 is the button
Seat 3: x0ticer ($25 in chips)
Seat 4: Actionni13 ($154.76 in chips)
x0ticer: posts small blind $1
Actionni13: posts big blind $3
*** HOLE CARDS ***
x0ticer: raises $3 to $6
Actionni13: calls $3
*** FLOP *** [2d 3d 7c]
Actionni13: checks
x0ticer: bets $3
Actionni13: calls $3
*** TURN *** [2d 3d 7c] [Jc]
Actionni13: checks
x0ticer: bets $6
Actionni13: folds
Uncalled bet ($6) returned to x0ticer
x0ticer collected $17.64 from pot
x0ticer: doesn't show hand
*** SUMMARY ***
Total pot $18 | Rake $0.36
Board [2d 3d 7c Jc]
Seat 3: x0ticer (button) (small blind) collected ($17.64)
Seat 4: Actionni13 (big blind) folded on the Turn


PokerStars Hand #172228998471:  Hold'em Limit ($3/$6 USD) - 2017/06/25 14:12:21 ET
Table 'Caliban II' 6-max Seat #4 is the button
Seat 3: x0ticer ($36.40 in chips)
Seat 4: Actionni13 ($150 in chips)
Actionni13: posts small blind $1
x0ticer: posts big blind $3
*** HOLE CARDS ***
Actionni13: raises $3 to $6
x0ticer: folds
Uncalled bet ($3) returned to Actionni13
Actionni13 collected $6 from pot
Actionni13: doesn't show hand
*** SUMMARY ***
Total pot $6 | Rake $0
Seat 3: x0ticer (big blind) folded before Flop
Seat 4: Actionni13 (button) (small blind) collected ($6)


PokerStars Hand #172229006292:  Hold'em Limit ($3/$6 USD) - 2017/06/25 14:12:30 ET
Table 'Caliban II' 6-max Seat #3 is the button
Seat 3: x0ticer ($33.40 in chips)
Seat 4: Actionni13 ($153 in chips)
x0ticer: posts small blind $1
Actionni13: posts big blind $3
*** HOLE CARDS ***
x0ticer: raises $3 to $6
Actionni13: calls $3
*** FLOP *** [5h 3c 2d]
Actionni13: bets $3
x0ticer: raises $3 to $6
Actionni13: calls $3
*** TURN *** [5h 3c 2d] [Jd]
Actionni13: bets $6
x0ticer: calls $6
*** RIVER *** [5h 3c 2d Jd] [4c]
Actionni13: checks
x0ticer: checks
*** SHOW DOWN ***
Actionni13: shows [7d 5c] (a pair of Fives)
x0ticer: shows [5d Qh] (a pair of Fives - Queen kicker)
x0ticer collected $35.50 from pot
*** SUMMARY ***
Total pot $36 | Rake $0.50
Board [5h 3c 2d Jd 4c]
Seat 3: x0ticer (button) (small blind) showed [5d Qh] and won ($35.50) with a pair of Fives
Seat 4: Actionni13 (big blind) showed [7d 5c] and lost with a pair of Fives


PokerStars Hand #172229022985:  Hold'em Limit ($3/$6 USD) - 2017/06/25 14:12:50 ET
Table 'Caliban II' 6-max Seat #4 is the button
Seat 3: x0ticer ($50.90 in chips)
Seat 4: Actionni13 ($150 in chips)
Actionni13: posts small blind $1
x0ticer: posts big blind $3
*** HOLE CARDS ***
Actionni13: raises $3 to $6
x0ticer: folds
Uncalled bet ($3) returned to Actionni13
Actionni13 collected $6 from pot
Actionni13: doesn't show hand
*** SUMMARY ***
Total pot $6 | Rake $0
Seat 3: x0ticer (big blind) folded before Flop
Seat 4: Actionni13 (button) (small blind) collected ($6)


PokerStars Hand #172229066763:  Hold'em Limit ($3/$6 USD) - 2017/06/25 14:13:40 ET
Table 'Caliban II' 6-max Seat #3 is the button
Seat 3: x0ticer ($71.34 in chips)
Seat 4: Actionni13 ($150 in chips)
x0ticer: posts small blind $1
Actionni13: posts big blind $3
*** HOLE CARDS ***
x0ticer: raises $3 to $6
Actionni13: calls $3
*** FLOP *** [9h 9s 7h]
Actionni13: checks
x0ticer: checks
*** TURN *** [9h 9s 7h] [Qs]
Actionni13: bets $6
x0ticer: calls $6
*** RIVER *** [9h 9s 7h Qs] [Ah]
Actionni13: checks
x0ticer: bets $6
Actionni13: calls $6
*** SHOW DOWN ***
x0ticer: shows [Kh 4h] (a flush, Ace high)
Actionni13: mucks hand
x0ticer collected $35.50 from pot
*** SUMMARY ***
Total pot $36 | Rake $0.50
Board [9h 9s 7h Qs Ah]
Seat 3: x0ticer (button) (small blind) showed [Kh 4h] and won ($35.50) with a flush, Ace high
Seat 4: Actionni13 (big blind) mucked


PokerStars Hand #172229044850:  Hold'em Limit ($3/$6 USD) - 2017/06/25 14:13:15 ET
Table 'Caliban II' 6-max Seat #4 is the button
Seat 3: x0ticer ($47.84 in chips)
Seat 4: Actionni13 ($152.94 in chips)
Actionni13: posts small blind $1
x0ticer: posts big blind $3
*** HOLE CARDS ***
Actionni13: raises $3 to $6
x0ticer: calls $3
*** FLOP *** [8d Jd 6h]
x0ticer: checks
Actionni13: bets $3
x0ticer: raises $3 to $6
Actionni13: calls $3
*** TURN *** [8d Jd 6h] [Ac]
x0ticer: bets $6
Actionni13: calls $6
*** RIVER *** [8d Jd 6h Ac] [Ad]
x0ticer: bets $6
Actionni13: calls $6
*** SHOW DOWN ***
x0ticer: shows [Kd 6d] (a flush, Ace high)
Actionni13: mucks hand
x0ticer collected $47.50 from pot
*** SUMMARY ***
Total pot $48 | Rake $0.50
Board [8d Jd 6h Ac Ad]
Seat 3: x0ticer (big blind) showed [Kd 6d] and won ($47.50) with a flush, Ace high
Seat 4: Actionni13 (button) (small blind) mucked


PokerStars Hand #172230207133:  Hold'em Limit ($3/$6 USD) - 2017/06/25 14:35:24 ET
Table 'Caliban II' 6-max Seat #4 is the button
Seat 3: StakkAttakk ($54 in chips)
Seat 4: Actionni13 ($150 in chips)
Actionni13: posts small blind $1
StakkAttakk: posts big blind $3
*** HOLE CARDS ***
Actionni13: raises $3 to $6
StakkAttakk: calls $3
*** FLOP *** [2c 8h Qs]
StakkAttakk: checks
Actionni13: bets $3
StakkAttakk: folds
Uncalled bet ($3) returned to Actionni13
Actionni13 collected $11.76 from pot
Actionni13: doesn't show hand
*** SUMMARY ***
Total pot $12 | Rake $0.24
Board [2c 8h Qs]
Seat 3: StakkAttakk (big blind) folded on the Flop
Seat 4: Actionni13 (button) (small blind) collected ($11.76)


PokerStars Hand #172230286383:  Hold'em Limit ($3/$6 USD) - 2017/06/25 14:36:54 ET
Table 'Caliban II' 6-max Seat #3 is the button
Seat 3: StakkAttakk ($13 in chips)
Seat 4: Actionni13 ($189.52 in chips)
StakkAttakk: posts small blind $1
Actionni13: posts big blind $3
*** HOLE CARDS ***
StakkAttakk: folds
Uncalled bet ($2) returned to Actionni13
Actionni13 collected $2 from pot
Actionni13: doesn't show hand
*** SUMMARY ***
Total pot $2 | Rake $0
Seat 3: StakkAttakk (button) (small blind) folded before Flop
Seat 4: Actionni13 (big blind) collected ($2)


PokerStars Hand #172230279493:  Hold'em Limit ($3/$6 USD) - 2017/06/25 14:36:46 ET
Table 'Caliban II' 6-max Seat #4 is the button
Seat 3: StakkAttakk ($12 in chips)
Seat 4: Actionni13 ($190.52 in chips)
Actionni13: posts small blind $1
StakkAttakk: posts big blind $3
*** HOLE CARDS ***
Actionni13: folds
Uncalled bet ($2) returned to StakkAttakk
StakkAttakk collected $2 from pot
StakkAttakk: doesn't show hand
*** SUMMARY ***
Total pot $2 | Rake $0
Seat 3: StakkAttakk (big blind) collected ($2)
Seat 4: Actionni13 (button) (small blind) folded before Flop


PokerStars Hand #172230264094:  Hold'em Limit ($3/$6 USD) - 2017/06/25 14:36:29 ET
Table 'Caliban II' 6-max Seat #3 is the button
Seat 3: StakkAttakk ($27 in chips)
Seat 4: Actionni13 ($176.02 in chips)
StakkAttakk: posts small blind $1
Actionni13: posts big blind $3
*** HOLE CARDS ***
StakkAttakk: raises $3 to $6
Actionni13: calls $3
*** FLOP *** [7d 9h 6d]
Actionni13: bets $3
StakkAttakk: raises $3 to $6
Actionni13: raises $3 to $9
StakkAttakk: calls $3
*** TURN *** [7d 9h 6d] [Th]
Actionni13: bets $6
StakkAttakk: folds
Uncalled bet ($6) returned to Actionni13
Actionni13 collected $29.50 from pot
Actionni13: doesn't show hand
*** SUMMARY ***
Total pot $30 | Rake $0.50
Board [7d 9h 6d Th]
Seat 3: StakkAttakk (button) (small blind) folded on the Turn
Seat 4: Actionni13 (big blind) collected ($29.50)


PokerStars Hand #172230252862:  Hold'em Limit ($3/$6 USD) - 2017/06/25 14:36:16 ET
Table 'Caliban II' 6-max Seat #4 is the button
Seat 3: StakkAttakk ($33 in chips)
Seat 4: Actionni13 ($170.26 in chips)
Actionni13: posts small blind $1
StakkAttakk: posts big blind $3
*** HOLE CARDS ***
Actionni13: raises $3 to $6
StakkAttakk: calls $3
*** FLOP *** [2c 9s 2s]
StakkAttakk: checks
Actionni13: bets $3
StakkAttakk: folds
Uncalled bet ($3) returned to Actionni13
Actionni13 collected $11.76 from pot
Actionni13: doesn't show hand
*** SUMMARY ***
Total pot $12 | Rake $0.24
Board [2c 9s 2s]
Seat 3: StakkAttakk (big blind) folded on the Flop
Seat 4: Actionni13 (button) (small blind) collected ($11.76)


PokerStars Hand #172230226248:  Hold'em Limit ($3/$6 USD) - 2017/06/25 14:35:45 ET
Table 'Caliban II' 6-max Seat #3 is the button
Seat 3: StakkAttakk ($48 in chips)
Seat 4: Actionni13 ($155.76 in chips)
StakkAttakk: posts small blind $1
Actionni13: posts big blind $3
*** HOLE CARDS ***
StakkAttakk: raises $3 to $6
Actionni13: calls $3
*** FLOP *** [5c 5d 7s]
Actionni13: checks
StakkAttakk: bets $3
Actionni13: calls $3
*** TURN *** [5c 5d 7s] [Qc]
Actionni13: checks
StakkAttakk: bets $6
Actionni13: raises $6 to $12
StakkAttakk: folds
Uncalled bet ($6) returned to Actionni13
Actionni13 collected $29.50 from pot
Actionni13: doesn't show hand
*** SUMMARY ***
Total pot $30 | Rake $0.50
Board [5c 5d 7s Qc]
Seat 3: StakkAttakk (button) (small blind) folded on the Turn
Seat 4: Actionni13 (big blind) collected ($29.50)


PokerStars Hand #172230305596:  Hold'em Limit ($3/$6 USD) - 2017/06/25 14:37:16 ET
Table 'Caliban II' 6-max Seat #3 is the button
Seat 3: StakkAttakk ($23.52 in chips)
Seat 4: Actionni13 ($178.52 in chips)
StakkAttakk: posts small blind $1
Actionni13: posts big blind $3
*** HOLE CARDS ***
StakkAttakk: raises $3 to $6
Actionni13: calls $3
*** FLOP *** [Ah 6h 7c]
Jojje_G leaves the table
Actionni13: checks
StakkAttakk: bets $3
Actionni13: calls $3
*** TURN *** [Ah 6h 7c] [6d]
Actionni13: bets $6
StakkAttakk: raises $6 to $12
Actionni13: folds
Uncalled bet ($6) returned to StakkAttakk
StakkAttakk collected $29.50 from pot
StakkAttakk: doesn't show hand
*** SUMMARY ***
Total pot $30 | Rake $0.50
Board [Ah 6h 7c 6d]
Seat 3: StakkAttakk (button) (small blind) collected ($29.50)
Seat 4: Actionni13 (big blind) folded on the Turn


PokerStars Hand #172230335235:  Hold'em Limit ($3/$6 USD) - 2017/06/25 14:37:50 ET
Table 'Caliban II' 6-max Seat #4 is the button
Seat 3: StakkAttakk ($38.02 in chips)
Seat 4: Actionni13 ($163.52 in chips)
Actionni13: posts small blind $1
StakkAttakk: posts big blind $3
*** HOLE CARDS ***
Actionni13: raises $3 to $6
StakkAttakk: raises $3 to $9
Actionni13: calls $3
*** FLOP *** [9c 7s 4d]
StakkAttakk: checks
Actionni13: bets $3
StakkAttakk: calls $3
*** TURN *** [9c 7s 4d] [Jc]
StakkAttakk: checks
emiwarg joins the table at seat #2
Actionni13: bets $6
StakkAttakk: folds
Uncalled bet ($6) returned to Actionni13
Actionni13 collected $23.52 from pot
Actionni13: doesn't show hand
*** SUMMARY ***
Total pot $24 | Rake $0.48
Board [9c 7s 4d Jc]
Seat 3: StakkAttakk (big blind) folded on the Turn
Seat 4: Actionni13 (button) (small blind) collected ($23.52)


PokerStars Hand #172230424377:  Hold'em Limit ($3/$6 USD) - 2017/06/25 14:39:33 ET
Table 'Caliban II' 6-max Seat #4 is the button
Seat 2: emiwarg ($76 in chips)
Seat 4: Actionni13 ($196.56 in chips)
Actionni13: posts small blind $1
emiwarg: posts big blind $3
*** HOLE CARDS ***
Actionni13: raises $3 to $6
emiwarg: calls $3
*** FLOP *** [Tc 5c 8h]
emiwarg: checks
Actionni13: checks
*** TURN *** [Tc 5c 8h] [Jd]
StakkAttakk leaves the table
emiwarg: checks
Actionni13: bets $6
emiwarg: folds
Uncalled bet ($6) returned to Actionni13
Actionni13 collected $11.76 from pot
Actionni13: doesn't show hand
*** SUMMARY ***
Total pot $12 | Rake $0.24
Board [Tc 5c 8h Jd]
Seat 2: emiwarg (big blind) folded on the Turn
Seat 4: Actionni13 (button) (small blind) collected ($11.76)


PokerStars Hand #172230362913:  Hold'em Limit ($3/$6 USD) - 2017/06/25 14:38:22 ET
Table 'Caliban II' 6-max Seat #3 is the button
Seat 3: StakkAttakk ($26.02 in chips)
Seat 4: Actionni13 ($175.04 in chips)
StakkAttakk: posts small blind $1
Actionni13: posts big blind $3
*** HOLE CARDS ***
StakkAttakk: raises $3 to $6
Actionni13: raises $3 to $9
StakkAttakk: calls $3
*** FLOP *** [Qc Ks 4s]
Actionni13: bets $3
StakkAttakk: raises $3 to $6
Actionni13: raises $3 to $9
StakkAttakk: calls $3
*** TURN *** [Qc Ks 4s] [9c]
Actionni13: bets $6
StakkAttakk: calls $6
*** RIVER *** [Qc Ks 4s 9c] [7c]
Actionni13: bets $6
StakkAttakk: calls $2.02 and is all-in
Uncalled bet ($3.98) returned to Actionni13
*** SHOW DOWN ***
Actionni13: shows [9h Kh] (two pair, Kings and Nines)
StakkAttakk: shows [7s Ts] (a pair of Sevens)
Actionni13 collected $51.54 from pot
*** SUMMARY ***
Total pot $52.04 | Rake $0.50
Board [Qc Ks 4s 9c 7c]
Seat 3: StakkAttakk (button) (small blind) showed [7s Ts] and lost with a pair of Sevens
Seat 4: Actionni13 (big blind) showed [9h Kh] and won ($51.54) with two pair, Kings and Nines


PokerStars Hand #172230434474:  Hold'em Limit ($3/$6 USD) - 2017/06/25 14:39:45 ET
Table 'Caliban II' 6-max Seat #2 is the button
Seat 2: emiwarg ($70 in chips)
Seat 4: Actionni13 ($202.32 in chips)
emiwarg: posts small blind $1
Actionni13: posts big blind $3
*** HOLE CARDS ***
emiwarg: raises $3 to $6
Actionni13: calls $3
*** FLOP *** [Qd Ah 5c]
Actionni13: checks
emiwarg: bets $3
Actionni13: folds
Uncalled bet ($3) returned to emiwarg
emiwarg collected $11.76 from pot
emiwarg: doesn't show hand
*** SUMMARY ***
Total pot $12 | Rake $0.24
Board [Qd Ah 5c]
Seat 2: emiwarg (button) (small blind) collected ($11.76)
Seat 4: Actionni13 (big blind) folded on the Flop


PokerStars Hand #172230417643:  Hold'em Limit ($3/$6 USD) - 2017/06/25 14:39:25 ET
Table 'Caliban II' 6-max Seat #2 is the button
Seat 2: emiwarg ($73 in chips)
Seat 4: Actionni13 ($199.56 in chips)
emiwarg: posts small blind $1
Actionni13: posts big blind $3
*** HOLE CARDS ***
emiwarg: raises $3 to $6
Actionni13: folds
Uncalled bet ($3) returned to emiwarg
emiwarg collected $6 from pot
emiwarg: doesn't show hand
*** SUMMARY ***
Total pot $6 | Rake $0
Seat 2: emiwarg (button) (small blind) collected ($6)
Seat 4: Actionni13 (big blind) folded before Flop


PokerStars Hand #172230410076:  Hold'em Limit ($3/$6 USD) - 2017/06/25 14:39:17 ET
Table 'Caliban II' 6-max Seat #4 is the button
Seat 2: emiwarg ($72 in chips)
Seat 4: Actionni13 ($200.56 in chips)
Actionni13: posts small blind $1
emiwarg: posts big blind $3
*** HOLE CARDS ***
Actionni13: folds
Uncalled bet ($2) returned to emiwarg
emiwarg collected $2 from pot
emiwarg: doesn't show hand
*** SUMMARY ***
Total pot $2 | Rake $0
Seat 2: emiwarg (big blind) collected ($2)
Seat 4: Actionni13 (button) (small blind) folded before Flop


PokerStars Hand #172230485009:  Hold'em Limit ($3/$6 USD) - 2017/06/25 14:40:43 ET
Table 'Caliban II' 6-max Seat #2 is the button
Seat 2: emiwarg ($64.76 in chips)
Seat 4: Actionni13 ($206.96 in chips)
emiwarg: posts small blind $1
Actionni13: posts big blind $3
*** HOLE CARDS ***
emiwarg: raises $3 to $6
Actionni13: folds
Uncalled bet ($3) returned to emiwarg
emiwarg collected $6 from pot
emiwarg: doesn't show hand
*** SUMMARY ***
Total pot $6 | Rake $0
Seat 2: emiwarg (button) (small blind) collected ($6)
Seat 4: Actionni13 (big blind) folded before Flop


PokerStars Hand #172230479513:  Hold'em Limit ($3/$6 USD) - 2017/06/25 14:40:37 ET
Table 'Caliban II' 6-max Seat #4 is the button
Seat 2: emiwarg ($63.76 in chips)
Seat 4: Actionni13 ($207.96 in chips)
Actionni13: posts small blind $1
emiwarg: posts big blind $3
*** HOLE CARDS ***
Actionni13: folds
Uncalled bet ($2) returned to emiwarg
emiwarg collected $2 from pot
emiwarg: doesn't show hand
*** SUMMARY ***
Total pot $2 | Rake $0
Seat 2: emiwarg (big blind) collected ($2)
Seat 4: Actionni13 (button) (small blind) folded before Flop


PokerStars Hand #172230461047:  Hold'em Limit ($3/$6 USD) - 2017/06/25 14:40:16 ET
Table 'Caliban II' 6-max Seat #2 is the button
Seat 2: emiwarg ($72.76 in chips)
Seat 4: Actionni13 ($199.32 in chips)
emiwarg: posts small blind $1
Actionni13: posts big blind $3
*** HOLE CARDS ***
emiwarg: raises $3 to $6
Actionni13: raises $3 to $9
emiwarg: calls $3
*** FLOP *** [Ad Qh Qs]
Actionni13: bets $3
emiwarg: folds
Uncalled bet ($3) returned to Actionni13
Actionni13 collected $17.64 from pot
Actionni13: doesn't show hand
*** SUMMARY ***
Total pot $18 | Rake $0.36
Board [Ad Qh Qs]
Seat 2: emiwarg (button) (small blind) folded on the Flop
Seat 4: Actionni13 (big blind) collected ($17.64)


PokerStars Hand #172230493080:  Hold'em Limit ($3/$6 USD) - 2017/06/25 14:40:53 ET
Table 'Caliban II' 6-max Seat #4 is the button
Seat 2: emiwarg ($67.76 in chips)
Seat 4: Actionni13 ($203.96 in chips)
Actionni13: posts small blind $1
emiwarg: posts big blind $3
*** HOLE CARDS ***
Actionni13: folds
Uncalled bet ($2) returned to emiwarg
emiwarg collected $2 from pot
emiwarg: doesn't show hand
*** SUMMARY ***
Total pot $2 | Rake $0
Seat 2: emiwarg (big blind) collected ($2)
Seat 4: Actionni13 (button) (small blind) folded before Flop


PokerStars Hand #172230454568:  Hold'em Limit ($3/$6 USD) - 2017/06/25 14:40:08 ET
Table 'Caliban II' 6-max Seat #4 is the button
Seat 2: emiwarg ($75.76 in chips)
Seat 4: Actionni13 ($196.32 in chips)
Actionni13: posts small blind $1
emiwarg: posts big blind $3
*** HOLE CARDS ***
Actionni13: raises $3 to $6
emiwarg: folds
Uncalled bet ($3) returned to Actionni13
Actionni13 collected $6 from pot
Actionni13: doesn't show hand
*** SUMMARY ***
Total pot $6 | Rake $0
Seat 2: emiwarg (big blind) folded before Flop
Seat 4: Actionni13 (button) (small blind) collected ($6)


PokerStars Hand #172230520058:  Hold'em Limit ($3/$6 USD) - 2017/06/25 14:41:24 ET
Table 'Caliban II' 6-max Seat #4 is the button
Seat 2: emiwarg ($56.76 in chips)
Seat 4: Actionni13 ($214.48 in chips)
Actionni13: posts small blind $1
emiwarg: posts big blind $3
*** HOLE CARDS ***
Actionni13: folds
Uncalled bet ($2) returned to emiwarg
emiwarg collected $2 from pot
emiwarg: doesn't show hand
*** SUMMARY ***
Total pot $2 | Rake $0
Seat 2: emiwarg (big blind) collected ($2)
Seat 4: Actionni13 (button) (small blind) folded before Flop


PokerStars Hand #172230557336:  Hold'em Limit ($3/$6 USD) - 2017/06/25 14:42:07 ET
Table 'Caliban II' 6-max Seat #4 is the button
Seat 2: emiwarg ($18.76 in chips)
Seat 4: Actionni13 ($251.98 in chips)
Actionni13: posts small blind $1
emiwarg: posts big blind $3
*** HOLE CARDS ***
Actionni13: folds
Uncalled bet ($2) returned to emiwarg
emiwarg collected $2 from pot
emiwarg: doesn't show hand
*** SUMMARY ***
Total pot $2 | Rake $0
Seat 2: emiwarg (big blind) collected ($2)
Seat 4: Actionni13 (button) (small blind) folded before Flop


PokerStars Hand #172230523939:  Hold'em Limit ($3/$6 USD) - 2017/06/25 14:41:29 ET
Table 'Caliban II' 6-max Seat #2 is the button
Seat 2: emiwarg ($57.76 in chips)
Seat 4: Actionni13 ($213.48 in chips)
emiwarg: posts small blind $1
Actionni13: posts big blind $3
*** HOLE CARDS ***
emiwarg: raises $3 to $6
Actionni13: calls $3
*** FLOP *** [2d 5h Ts]
Actionni13: checks
emiwarg: bets $3
Actionni13: calls $3
*** TURN *** [2d 5h Ts] [Ad]
Actionni13: checks
emiwarg: bets $6
Actionni13: raises $6 to $12
emiwarg: calls $6
*** RIVER *** [2d 5h Ts Ad] [2c]
Actionni13: bets $6
emiwarg: raises $6 to $12
Actionni13: raises $6 to $18
emiwarg: calls $6
*** SHOW DOWN ***
Actionni13: shows [2h Ac] (a full house, Deuces full of Aces)
emiwarg: mucks hand
Actionni13 collected $77.50 from pot
*** SUMMARY ***
Total pot $78 | Rake $0.50
Board [2d 5h Ts Ad 2c]
Seat 2: emiwarg (button) (small blind) mucked
Seat 4: Actionni13 (big blind) showed [2h Ac] and won ($77.50) with a full house, Deuces full of Aces


PokerStars Hand #172230498191:  Hold'em Limit ($3/$6 USD) - 2017/06/25 14:40:59 ET
Table 'Caliban II' 6-max Seat #2 is the button
Seat 2: emiwarg ($68.76 in chips)
Seat 4: Actionni13 ($202.96 in chips)
emiwarg: posts small blind $1
Actionni13: posts big blind $3
*** HOLE CARDS ***
emiwarg: raises $3 to $6
Actionni13: raises $3 to $9
emiwarg: calls $3
*** FLOP *** [2s Jc 5d]
Actionni13: bets $3
emiwarg: calls $3
*** TURN *** [2s Jc 5d] [6s]
Actionni13: bets $6
emiwarg: folds
Uncalled bet ($6) returned to Actionni13
Actionni13 collected $23.52 from pot
Actionni13: doesn't show hand
*** SUMMARY ***
Total pot $24 | Rake $0.48
Board [2s Jc 5d 6s]
Seat 2: emiwarg (button) (small blind) folded on the Turn
Seat 4: Actionni13 (big blind) collected ($23.52)


PokerStars Hand #172230593868:  Hold'em Limit ($3/$6 USD) - 2017/06/25 14:42:49 ET
Table 'Caliban II' 6-max Seat #3 is the button
Seat 3: royalen ($605.76 in chips)
Seat 4: Actionni13 ($245.98 in chips)
royalen: posts small blind $1
Actionni13: posts big blind $3
*** HOLE CARDS ***
royalen: folds
Uncalled bet ($2) returned to Actionni13
Actionni13 collected $2 from pot
Actionni13: doesn't show hand
*** SUMMARY ***
Total pot $2 | Rake $0
Seat 3: royalen (button) (small blind) folded before Flop
Seat 4: Actionni13 (big blind) collected ($2)


PokerStars Hand #172230577132:  Hold'em Limit ($3/$6 USD) - 2017/06/25 14:42:30 ET
Table 'Caliban II' 6-max Seat #4 is the button
Seat 3: royalen ($600 in chips)
Seat 4: Actionni13 ($251.98 in chips)
Actionni13: posts small blind $1
royalen: posts big blind $3
*** HOLE CARDS ***
Actionni13: raises $3 to $6
royalen: calls $3
*** FLOP *** [8d Qc 5c]
royalen: checks
Actionni13: checks
*** TURN *** [8d Qc 5c] [6h]
royalen: bets $6
Actionni13: folds
Uncalled bet ($6) returned to royalen
royalen collected $11.76 from pot
royalen: doesn't show hand
*** SUMMARY ***
Total pot $12 | Rake $0.24
Board [8d Qc 5c 6h]
Seat 3: royalen (big blind) collected ($11.76)
Seat 4: Actionni13 (button) (small blind) folded on the Turn


PokerStars Hand #172230561576:  Hold'em Limit ($3/$6 USD) - 2017/06/25 14:42:12 ET
Table 'Caliban II' 6-max Seat #2 is the button
Seat 2: emiwarg ($19.76 in chips)
Seat 4: Actionni13 ($250.98 in chips)
emiwarg: posts small blind $1
Actionni13: posts big blind $3
*** HOLE CARDS ***
emiwarg: folds
Uncalled bet ($2) returned to Actionni13
Actionni13 collected $2 from pot
Actionni13: doesn't show hand
royalen joins the table at seat #3
*** SUMMARY ***
Total pot $2 | Rake $0
Seat 2: emiwarg (button) (small blind) folded before Flop
Seat 4: Actionni13 (big blind) collected ($2)


PokerStars Hand #172243101976:  Hold'em Limit ($3/$6 USD) - 2017/06/25 19:12:02 ET
Table 'Caliban II' 6-max Seat #6 is the button
Seat 1: RaisemyNut$ ($225.01 in chips)
Seat 6: jabmus ($37.27 in chips)
jabmus: posts small blind $1
RaisemyNut$: posts big blind $3
*** HOLE CARDS ***
jabmus: raises $3 to $6
RaisemyNut$: raises $3 to $9
jabmus: calls $3
*** FLOP *** [3s 8h Th]
RaisemyNut$: bets $3
jabmus: calls $3
*** TURN *** [3s 8h Th] [4c]
RaisemyNut$: bets $6
jabmus: folds
Uncalled bet ($6) returned to RaisemyNut$
RaisemyNut$ collected $23.52 from pot
RaisemyNut$: doesn't show hand
*** SUMMARY ***
Total pot $24 | Rake $0.48
Board [3s 8h Th 4c]
Seat 1: RaisemyNut$ (big blind) collected ($23.52)
Seat 6: jabmus (button) (small blind) folded on the Turn


PokerStars Hand #172243098200:  Hold'em Limit ($3/$6 USD) - 2017/06/25 19:11:56 ET
Table 'Caliban II' 6-max Seat #1 is the button
Seat 1: RaisemyNut$ ($222.01 in chips)
Seat 6: jabmus ($40.27 in chips)
RaisemyNut$: posts small blind $1
jabmus: posts big blind $3
*** HOLE CARDS ***
RaisemyNut$: raises $3 to $6
jabmus: folds
Uncalled bet ($3) returned to RaisemyNut$
RaisemyNut$ collected $6 from pot
RaisemyNut$: doesn't show hand
*** SUMMARY ***
Total pot $6 | Rake $0
Seat 1: RaisemyNut$ (button) (small blind) collected ($6)
Seat 6: jabmus (big blind) folded before Flop


PokerStars Hand #172243137981:  Hold'em Limit ($3/$6 USD) - 2017/06/25 19:13:05 ET
Table 'Caliban II' 6-max Seat #1 is the button
Seat 1: RaisemyNut$ ($246.17 in chips)
Seat 6: jabmus ($15.27 in chips)
RaisemyNut$: posts small blind $1
jabmus: posts big blind $3
*** HOLE CARDS ***
RaisemyNut$: raises $3 to $6
jabmus: calls $3
*** FLOP *** [5s Th 3h]
jabmus: checks
RaisemyNut$: bets $3
jabmus: calls $3
*** TURN *** [5s Th 3h] [As]
jabmus: checks
RaisemyNut$: bets $6
jabmus: raises $0.27 to $6.27 and is all-in
RaisemyNut$: calls $0.27
*** RIVER *** [5s Th 3h As] [4s]
*** SHOW DOWN ***
jabmus: shows [Jh 9s] (high card Ace)
RaisemyNut$: shows [Jd 2d] (a straight, Ace to Five)
RaisemyNut$ collected $30.04 from pot
*** SUMMARY ***
Total pot $30.54 | Rake $0.50
Board [5s Th 3h As 4s]
Seat 1: RaisemyNut$ (button) (small blind) showed [Jd 2d] and won ($30.04) with a straight, Ace to Five
Seat 6: jabmus (big blind) showed [Jh 9s] and lost with high card Ace


PokerStars Hand #172243135118:  Hold'em Limit ($3/$6 USD) - 2017/06/25 19:13:00 ET
Table 'Caliban II' 6-max Seat #6 is the button
Seat 1: RaisemyNut$ ($245.17 in chips)
Seat 6: jabmus ($16.27 in chips)
jabmus: posts small blind $1
RaisemyNut$: posts big blind $3
*** HOLE CARDS ***
jabmus: folds
Uncalled bet ($2) returned to RaisemyNut$
RaisemyNut$ collected $2 from pot
RaisemyNut$: doesn't show hand
*** SUMMARY ***
Total pot $2 | Rake $0
Seat 1: RaisemyNut$ (big blind) collected ($2)
Seat 6: jabmus (button) (small blind) folded before Flop


PokerStars Hand #172243118446:  Hold'em Limit ($3/$6 USD) - 2017/06/25 19:12:31 ET
Table 'Caliban II' 6-max Seat #1 is the button
Seat 1: RaisemyNut$ ($236.53 in chips)
Seat 6: jabmus ($25.27 in chips)
RaisemyNut$: posts small blind $1
jabmus: posts big blind $3
*** HOLE CARDS ***
RaisemyNut$: raises $3 to $6
jabmus: calls $3
*** FLOP *** [4c 6s Jc]
jabmus: checks
RaisemyNut$: bets $3
jabmus: calls $3
*** TURN *** [4c 6s Jc] [3c]
jabmus: checks
RaisemyNut$: bets $6
jabmus: folds
Uncalled bet ($6) returned to RaisemyNut$
RaisemyNut$ collected $17.64 from pot
RaisemyNut$: doesn't show hand
*** SUMMARY ***
Total pot $18 | Rake $0.36
Board [4c 6s Jc 3c]
Seat 1: RaisemyNut$ (button) (small blind) collected ($17.64)
Seat 6: jabmus (big blind) folded on the Turn


