PokerStars Hand #161152603928:  Hold'em Limit ($3/$6 USD) - 2016/11/09 14:33:42 ET
Table 'Caliban II' 6-max Seat #4 is the button
Seat 3: Goldvrn ($116.50 in chips)
Seat 4: assitoni ($72 in chips)
assitoni: posts small blind $1
Goldvrn: posts big blind $3
*** HOLE CARDS ***
Bueffel joins the table at seat #1
assitoni: folds
Uncalled bet ($2) returned to Goldvrn
Goldvrn collected $2 from pot
Goldvrn: doesn't show hand
*** SUMMARY ***
Total pot $2 | Rake $0
Seat 3: Goldvrn (big blind) collected ($2)
Seat 4: assitoni (button) (small blind) folded before Flop


PokerStars Hand #161152564574:  Hold'em Limit ($3/$6 USD) - 2016/11/09 14:32:59 ET
Table 'Caliban II' 6-max Seat #3 is the button
Seat 3: Goldvrn ($102 in chips)
Seat 4: assitoni ($72 in chips)
Goldvrn: posts small blind $1
assitoni: posts big blind $3
*** HOLE CARDS ***
Goldvrn: calls $2
assitoni: raises $3 to $6
Goldvrn: calls $3
*** FLOP *** [6h Ac 7s]
assitoni: bets $3
vestimokrec joins the table at seat #5
Goldvrn: calls $3
*** TURN *** [6h Ac 7s] [Qc]
assitoni: bets $6
Goldvrn: calls $6
*** RIVER *** [6h Ac 7s Qc] [4c]
assitoni: checks
Goldvrn: bets $6
assitoni: folds
Uncalled bet ($6) returned to Goldvrn
Goldvrn collected $29.50 from pot
Goldvrn: doesn't show hand
*** SUMMARY ***
Total pot $30 | Rake $0.50
Board [6h Ac 7s Qc 4c]
Seat 3: Goldvrn (button) (small blind) collected ($29.50)
Seat 4: assitoni (big blind) folded on the River


PokerStars Hand #161152675608:  Hold'em Limit ($3/$6 USD) - 2016/11/09 14:34:54 ET
Table 'Caliban II' 6-max Seat #3 is the button
Seat 1: Bueffel ($65.67 in chips)
Seat 3: Goldvrn ($93.50 in chips)
Goldvrn: posts small blind $1
Bueffel: posts big blind $3
*** HOLE CARDS ***
Goldvrn: calls $2
Bueffel: checks
*** FLOP *** [6d As 2h]
Bueffel: bets $3
Goldvrn: calls $3
*** TURN *** [6d As 2h] [5d]
Bueffel: checks
Goldvrn: checks
*** RIVER *** [6d As 2h 5d] [8c]
Bueffel: checks
Goldvrn: bets $6
Bueffel: calls $6
*** SHOW DOWN ***
Goldvrn: shows [7h 6s] (a pair of Sixes)
Bueffel: mucks hand
Goldvrn collected $23.52 from pot
*** SUMMARY ***
Total pot $24 | Rake $0.48
Board [6d As 2h 5d 8c]
Seat 1: Bueffel (big blind) mucked
Seat 3: Goldvrn (button) (small blind) showed [7h 6s] and won ($23.52) with a pair of Sixes


PokerStars Hand #161152643473:  Hold'em Limit ($3/$6 USD) - 2016/11/09 14:34:19 ET
Table 'Caliban II' 6-max Seat #1 is the button
Seat 1: Bueffel ($45.17 in chips)
Seat 3: Goldvrn ($114.50 in chips)
Bueffel: posts small blind $1
Goldvrn: posts big blind $3
*** HOLE CARDS ***
ValeryRon joins the table at seat #2
Bueffel: calls $2
Goldvrn: raises $3 to $6
Bueffel: calls $3
*** FLOP *** [Ts 3d Qh]
Goldvrn: bets $3
Bueffel: calls $3
*** TURN *** [Ts 3d Qh] [Ad]
Goldvrn: bets $6
Bueffel: calls $6
*** RIVER *** [Ts 3d Qh Ad] [3s]
Goldvrn: bets $6
Bueffel: calls $6
*** SHOW DOWN ***
Goldvrn: shows [Td 7h] (two pair, Tens and Threes)
Bueffel: shows [Qc Ks] (two pair, Queens and Threes)
Bueffel collected $41.50 from pot
*** SUMMARY ***
Total pot $42 | Rake $0.50
Board [Ts 3d Qh Ad 3s]
Seat 1: Bueffel (button) (small blind) showed [Qc Ks] and won ($41.50) with two pair, Queens and Threes
Seat 3: Goldvrn (big blind) showed [Td 7h] and lost with two pair, Tens and Threes


PokerStars Hand #161152634141:  Hold'em Limit ($3/$6 USD) - 2016/11/09 14:34:09 ET
Table 'Caliban II' 6-max Seat #3 is the button
Seat 1: Bueffel ($42.29 in chips)
Seat 3: Goldvrn ($117.50 in chips)
Goldvrn: posts small blind $1
Bueffel: posts big blind $3
*** HOLE CARDS ***
Goldvrn: calls $2
Bueffel: checks
*** FLOP *** [Jc Ad 3c]
Bueffel: bets $3
Goldvrn: folds
Uncalled bet ($3) returned to Bueffel
Bueffel collected $5.88 from pot
Bueffel: doesn't show hand
*** SUMMARY ***
Total pot $6 | Rake $0.12
Board [Jc Ad 3c]
Seat 1: Bueffel (big blind) collected ($5.88)
Seat 3: Goldvrn (button) (small blind) folded on the Flop


PokerStars Hand #161153666635:  Hold'em Limit ($3/$6 USD) - 2016/11/09 14:52:48 ET
Table 'Caliban II' 6-max Seat #5 is the button
Seat 1: Bueffel ($23.63 in chips)
Seat 5: vestimokrec ($205.27 in chips)
gazzzzzza will be allowed to play after the button
vestimokrec: posts small blind $1
Chessnok: is sitting out
Bueffel: posts big blind $3
*** HOLE CARDS ***
vestimokrec: raises $3 to $6
Bueffel: calls $3
*** FLOP *** [4d As Kh]
Bueffel: checks
vestimokrec: bets $3
Bueffel: folds
Uncalled bet ($3) returned to vestimokrec
vestimokrec collected $11.76 from pot
vestimokrec: doesn't show hand
*** SUMMARY ***
Total pot $12 | Rake $0.24
Board [4d As Kh]
Seat 1: Bueffel (big blind) folded on the Flop
Seat 5: vestimokrec (button) (small blind) collected ($11.76)


