PokerStars Hand #151975425042:  Hold'em Limit ($3/$6 USD) - 2016/04/15 20:26:03 ET
Table 'California II' 6-max Seat #1 is the button
Seat 1: AzureCaper ($72 in chips)
Seat 6: BADEXTASY ($240 in chips)
GoliafUa: is sitting out
AzureCaper: posts small blind $1
BADEXTASY: posts big blind $3
*** HOLE CARDS ***
AzureCaper: raises $3 to $6
BADEXTASY: folds
Uncalled bet ($3) returned to AzureCaper
AzureCaper collected $6 from pot
AzureCaper: doesn't show hand
*** SUMMARY ***
Total pot $6 | Rake $0
Seat 1: AzureCaper (button) (small blind) collected ($6)
Seat 6: BADEXTASY (big blind) folded before Flop


PokerStars Hand #151975449044:  Hold'em Limit ($3/$6 USD) - 2016/04/15 20:26:50 ET
Table 'California II' 6-max Seat #1 is the button
Seat 1: AzureCaper ($72 in chips)
Seat 6: BADEXTASY ($254.50 in chips)
AzureCaper: posts small blind $1
BADEXTASY: posts big blind $3
*** HOLE CARDS ***
AzureCaper: folds
Uncalled bet ($2) returned to BADEXTASY
Holla-eller? joins the table at seat #5
BADEXTASY collected $2 from pot
BADEXTASY: doesn't show hand
*** SUMMARY ***
Total pot $2 | Rake $0
Seat 1: AzureCaper (button) (small blind) folded before Flop
Seat 6: BADEXTASY (big blind) collected ($2)


PokerStars Hand #151975432019:  Hold'em Limit ($3/$6 USD) - 2016/04/15 20:26:16 ET
Table 'California II' 6-max Seat #6 is the button
Seat 1: AzureCaper ($75 in chips)
Seat 6: BADEXTASY ($237 in chips)
BADEXTASY: posts small blind $1
AzureCaper: posts big blind $3
*** HOLE CARDS ***
BADEXTASY: raises $3 to $6
AzureCaper: calls $3
*** FLOP *** [Tc Td 9c]
AzureCaper: checks
BADEXTASY: bets $3
AzureCaper: raises $3 to $6
BADEXTASY: calls $3
*** TURN *** [Tc Td 9c] [8s]
AzureCaper: bets $6
BADEXTASY: raises $6 to $12
AzureCaper: folds
Uncalled bet ($6) returned to BADEXTASY
BADEXTASY collected $35.50 from pot
BADEXTASY: doesn't show hand
*** SUMMARY ***
Total pot $36 | Rake $0.50
Board [Tc Td 9c 8s]
Seat 1: AzureCaper (big blind) folded on the Turn
Seat 6: BADEXTASY (button) (small blind) collected ($35.50)


PokerStars Hand #151975451097:  Hold'em Limit ($3/$6 USD) - 2016/04/15 20:26:54 ET
Table 'California II' 6-max Seat #6 is the button
Seat 1: AzureCaper ($72 in chips)
Seat 6: BADEXTASY ($255.50 in chips)
BADEXTASY: posts small blind $1
AzureCaper: posts big blind $3
*** HOLE CARDS ***
BADEXTASY: folds
Uncalled bet ($2) returned to AzureCaper
AzureCaper collected $2 from pot
AzureCaper: doesn't show hand
*** SUMMARY ***
Total pot $2 | Rake $0
Seat 1: AzureCaper (big blind) collected ($2)
Seat 6: BADEXTASY (button) (small blind) folded before Flop


PokerStars Hand #151977348946:  Hold'em Limit ($3/$6 USD) - 2016/04/15 21:35:43 ET
Table 'California II' 6-max Seat #2 is the button
Seat 2: Chessnok ($168.25 in chips)
Seat 3: Yell0wBack ($497.30 in chips)
Chessnok: posts small blind $1
Yell0wBack: posts big blind $3
*** HOLE CARDS ***
Chessnok: raises $3 to $6
Yell0wBack: folds
Uncalled bet ($3) returned to Chessnok
Chessnok collected $6 from pot
Chessnok: doesn't show hand
*** SUMMARY ***
Total pot $6 | Rake $0
Seat 2: Chessnok (button) (small blind) collected ($6)
Seat 3: Yell0wBack (big blind) folded before Flop


PokerStars Hand #151977338257:  Hold'em Limit ($3/$6 USD) - 2016/04/15 21:35:18 ET
Table 'California II' 6-max Seat #3 is the button
Seat 2: Chessnok ($192.25 in chips)
Seat 3: Yell0wBack ($473.80 in chips)
Yell0wBack: posts small blind $1
Chessnok: posts big blind $3
*** HOLE CARDS ***
Yell0wBack: raises $3 to $6
gordeev1111 leaves the table
Chessnok: calls $3
*** FLOP *** [Ks Qd 7c]
Chessnok: checks
Yell0wBack: bets $3
Chessnok: raises $3 to $6
Yell0wBack: raises $3 to $9
Chessnok: raises $3 to $12
Betting is capped
Yell0wBack: calls $3
*** TURN *** [Ks Qd 7c] [5c]
Chessnok: bets $6
Yell0wBack: calls $6
*** RIVER *** [Ks Qd 7c 5c] [8c]
Chessnok: checks
Yell0wBack: bets $6
Chessnok: folds
Uncalled bet ($6) returned to Yell0wBack
Yell0wBack collected $47.50 from pot
Yell0wBack: doesn't show hand
*** SUMMARY ***
Total pot $48 | Rake $0.50
Board [Ks Qd 7c 5c 8c]
Seat 2: Chessnok (big blind) folded on the River
Seat 3: Yell0wBack (button) (small blind) collected ($47.50)


