PokerStars Hand #149166889881:  Hold'em Limit ($3/$6 USD) - 2016/02/21 6:21:26 ET
Table 'Callisto II' 6-max Seat #3 is the button
Seat 3: ogdealer ($35 in chips)
Seat 4: Agrotait ($72 in chips)
ogdealer: posts small blind $1
Agrotait: posts big blind $3
*** HOLE CARDS ***
ogdealer: raises $3 to $6
Agrotait: raises $3 to $9
ogdealer: calls $3
*** FLOP *** [Ts 4d 7c]
Agrotait: bets $3
ogdealer: calls $3
*** TURN *** [Ts 4d 7c] [Kd]
Agrotait: bets $6
ogdealer: calls $6
*** RIVER *** [Ts 4d 7c Kd] [Ah]
Agrotait: checks
ogdealer: bets $6
Agrotait: calls $6
*** SHOW DOWN ***
ogdealer: shows [As 7d] (two pair, Aces and Sevens)
Agrotait: mucks hand
ogdealer collected $47.50 from pot
*** SUMMARY ***
Total pot $48 | Rake $0.50
Board [Ts 4d 7c Kd Ah]
Seat 3: ogdealer (button) (small blind) showed [As 7d] and won ($47.50) with two pair, Aces and Sevens
Seat 4: Agrotait (big blind) mucked


PokerStars Hand #149166928617:  Hold'em Limit ($3/$6 USD) - 2016/02/21 6:22:27 ET
Table 'Callisto II' 6-max Seat #4 is the button
Seat 3: ogdealer ($50.50 in chips)
Seat 4: Agrotait ($80 in chips)
Agrotait: posts small blind $1
ogdealer: posts big blind $3
*** HOLE CARDS ***
Agrotait: raises $3 to $6
ogdealer: folds
Uncalled bet ($3) returned to Agrotait
Agrotait collected $6 from pot
Agrotait: doesn't show hand
*** SUMMARY ***
Total pot $6 | Rake $0
Seat 3: ogdealer (big blind) folded before Flop
Seat 4: Agrotait (button) (small blind) collected ($6)


PokerStars Hand #149166925591:  Hold'em Limit ($3/$6 USD) - 2016/02/21 6:22:22 ET
Table 'Callisto II' 6-max Seat #3 is the button
Seat 3: ogdealer ($51.50 in chips)
Seat 4: Agrotait ($79 in chips)
ogdealer: posts small blind $1
Agrotait: posts big blind $3
*** HOLE CARDS ***
ogdealer: folds
Uncalled bet ($2) returned to Agrotait
Agrotait collected $2 from pot
Agrotait: doesn't show hand
*** SUMMARY ***
Total pot $2 | Rake $0
Seat 3: ogdealer (button) (small blind) folded before Flop
Seat 4: Agrotait (big blind) collected ($2)


PokerStars Hand #149166921840:  Hold'em Limit ($3/$6 USD) - 2016/02/21 6:22:16 ET
Table 'Callisto II' 6-max Seat #4 is the button
Seat 3: ogdealer ($54.50 in chips)
Seat 4: Agrotait ($76 in chips)
Agrotait: posts small blind $1
ogdealer: posts big blind $3
*** HOLE CARDS ***
Agrotait: raises $3 to $6
ogdealer: folds
Uncalled bet ($3) returned to Agrotait
Agrotait collected $6 from pot
Agrotait: doesn't show hand
*** SUMMARY ***
Total pot $6 | Rake $0
Seat 3: ogdealer (big blind) folded before Flop
Seat 4: Agrotait (button) (small blind) collected ($6)


PokerStars Hand #149166919035:  Hold'em Limit ($3/$6 USD) - 2016/02/21 6:22:12 ET
Table 'Callisto II' 6-max Seat #3 is the button
Seat 3: ogdealer ($55.50 in chips)
Seat 4: Agrotait ($75 in chips)
ogdealer: posts small blind $1
Agrotait: posts big blind $3
*** HOLE CARDS ***
ogdealer: folds
Uncalled bet ($2) returned to Agrotait
Agrotait collected $2 from pot
Agrotait: doesn't show hand
*** SUMMARY ***
Total pot $2 | Rake $0
Seat 3: ogdealer (button) (small blind) folded before Flop
Seat 4: Agrotait (big blind) collected ($2)


PokerStars Hand #149166913419:  Hold'em Limit ($3/$6 USD) - 2016/02/21 6:22:03 ET
Table 'Callisto II' 6-max Seat #4 is the button
Seat 3: ogdealer ($58.50 in chips)
Seat 4: Agrotait ($72 in chips)
Agrotait: posts small blind $1
ogdealer: posts big blind $3
*** HOLE CARDS ***
Agrotait: raises $3 to $6
ogdealer: folds
Uncalled bet ($3) returned to Agrotait
Agrotait collected $6 from pot
Agrotait: doesn't show hand
*** SUMMARY ***
Total pot $6 | Rake $0
Seat 3: ogdealer (big blind) folded before Flop
Seat 4: Agrotait (button) (small blind) collected ($6)


PokerStars Hand #149166953920:  Hold'em Limit ($3/$6 USD) - 2016/02/21 6:23:07 ET
Table 'Callisto II' 6-max Seat #4 is the button
Seat 3: ogdealer ($56.14 in chips)
Seat 4: Agrotait ($74 in chips)
Agrotait: posts small blind $1
ogdealer: posts big blind $3
*** HOLE CARDS ***
Agrotait: raises $3 to $6
ogdealer: folds
Uncalled bet ($3) returned to Agrotait
Agrotait collected $6 from pot
Agrotait: doesn't show hand
*** SUMMARY ***
Total pot $6 | Rake $0
Seat 3: ogdealer (big blind) folded before Flop
Seat 4: Agrotait (button) (small blind) collected ($6)


PokerStars Hand #149166940385:  Hold'em Limit ($3/$6 USD) - 2016/02/21 6:22:46 ET
Table 'Callisto II' 6-max Seat #3 is the button
Seat 3: ogdealer ($47.50 in chips)
Seat 4: Agrotait ($83 in chips)
ogdealer: posts small blind $1
Agrotait: posts big blind $3
*** HOLE CARDS ***
ogdealer: raises $3 to $6
Agrotait: calls $3
*** FLOP *** [Th 6h 7s]
Agrotait: checks
ogdealer: bets $3
Agrotait: calls $3
*** TURN *** [Th 6h 7s] [2d]
Agrotait: checks
ogdealer: bets $6
Agrotait: folds
Uncalled bet ($6) returned to ogdealer
ogdealer collected $17.64 from pot
ogdealer: doesn't show hand
*** SUMMARY ***
Total pot $18 | Rake $0.36
Board [Th 6h 7s 2d]
Seat 3: ogdealer (button) (small blind) collected ($17.64)
Seat 4: Agrotait (big blind) folded on the Turn


