PokerStars Hand #157959234799:  Hold'em Limit ($3/$6 USD) - 2016/08/30 21:56:29 ET
Table 'Callisto' 6-max Seat #3 is the button
Seat 3: kumarmoh ($51 in chips)
Seat 6: Pandakey ($119 in chips)
kumarmoh: posts small blind $1
Pandakey: posts big blind $3
*** HOLE CARDS ***
kumarmoh: folds
Uncalled bet ($2) returned to Pandakey
Pandakey collected $2 from pot
Pandakey: doesn't show hand
*** SUMMARY ***
Total pot $2 | Rake $0
Seat 3: kumarmoh (button) (small blind) folded before Flop
Seat 6: Pandakey (big blind) collected ($2)


PokerStars Hand #157959232276:  Hold'em Limit ($3/$6 USD) - 2016/08/30 21:56:20 ET
Table 'Callisto' 6-max Seat #6 is the button
Seat 3: kumarmoh ($50 in chips)
Seat 6: Pandakey ($120 in chips)
Pandakey: posts small blind $1
kumarmoh: posts big blind $3
*** HOLE CARDS ***
Pandakey: folds
Uncalled bet ($2) returned to kumarmoh
kumarmoh collected $2 from pot
kumarmoh: doesn't show hand
*** SUMMARY ***
Total pot $2 | Rake $0
Seat 3: kumarmoh (big blind) collected ($2)
Seat 6: Pandakey (button) (small blind) folded before Flop


PokerStars Hand #157959254329:  Hold'em Limit ($3/$6 USD) - 2016/08/30 21:57:33 ET
Table 'Callisto' 6-max Seat #3 is the button
Seat 3: kumarmoh ($25.75 in chips)
Seat 6: Pandakey ($143.01 in chips)
kumarmoh: posts small blind $1
Pandakey: posts big blind $3
*** HOLE CARDS ***
kumarmoh: raises $3 to $6
Pandakey: folds
Uncalled bet ($3) returned to kumarmoh
kumarmoh collected $6 from pot
kumarmoh: doesn't show hand
*** SUMMARY ***
Total pot $6 | Rake $0
Seat 3: kumarmoh (button) (small blind) collected ($6)
Seat 6: Pandakey (big blind) folded before Flop


PokerStars Hand #157959250921:  Hold'em Limit ($3/$6 USD) - 2016/08/30 21:57:22 ET
Table 'Callisto' 6-max Seat #6 is the button
Seat 3: kumarmoh ($31.75 in chips)
Seat 6: Pandakey ($137.25 in chips)
Pandakey: posts small blind $1
kumarmoh: posts big blind $3
*** HOLE CARDS ***
Pandakey: raises $3 to $6
kumarmoh: calls $3
*** FLOP *** [3h Kh 6c]
kumarmoh: checks
Pandakey: bets $3
kumarmoh: folds
Uncalled bet ($3) returned to Pandakey
Pandakey collected $11.76 from pot
Pandakey: doesn't show hand
*** SUMMARY ***
Total pot $12 | Rake $0.24
Board [3h Kh 6c]
Seat 3: kumarmoh (big blind) folded on the Flop
Seat 6: Pandakey (button) (small blind) collected ($11.76)


PokerStars Hand #157959256339:  Hold'em Limit ($3/$6 USD) - 2016/08/30 21:57:39 ET
Table 'Callisto' 6-max Seat #6 is the button
Seat 3: kumarmoh ($28.75 in chips)
Seat 6: Pandakey ($140.01 in chips)
Pandakey: posts small blind $1
kumarmoh: posts big blind $3
*** HOLE CARDS ***
Pandakey: folds
Uncalled bet ($2) returned to kumarmoh
kumarmoh collected $2 from pot
kumarmoh: doesn't show hand
*** SUMMARY ***
Total pot $2 | Rake $0
Seat 3: kumarmoh (big blind) collected ($2)
Seat 6: Pandakey (button) (small blind) folded before Flop


PokerStars Hand #157959236530:  Hold'em Limit ($3/$6 USD) - 2016/08/30 21:56:34 ET
Table 'Callisto' 6-max Seat #6 is the button
Seat 3: kumarmoh ($50 in chips)
Seat 6: Pandakey ($120 in chips)
Pandakey: posts small blind $1
kumarmoh: posts big blind $3
*** HOLE CARDS ***
Pandakey: raises $3 to $6
kumarmoh: calls $3
*** FLOP *** [9h 8h Td]
kumarmoh: checks
Pandakey: checks
*** TURN *** [9h 8h Td] [Jh]
kumarmoh: bets $6
Pandakey: calls $6
*** RIVER *** [9h 8h Td Jh] [Qd]
kumarmoh: bets $6
Pandakey: calls $6
*** SHOW DOWN ***
kumarmoh: shows [7s 8s] (a straight, Eight to Queen)
Pandakey: shows [6c 5h] (a straight, Eight to Queen)
kumarmoh collected $17.75 from pot
Pandakey collected $17.75 from pot
*** SUMMARY ***
Total pot $36 | Rake $0.50
Board [9h 8h Td Jh Qd]
Seat 3: kumarmoh (big blind) showed [7s 8s] and won ($17.75) with a straight, Eight to Queen
Seat 6: Pandakey (button) (small blind) showed [6c 5h] and won ($17.75) with a straight, Eight to Queen


PokerStars Hand #157959257965:  Hold'em Limit ($3/$6 USD) - 2016/08/30 21:57:45 ET
Table 'Callisto' 6-max Seat #3 is the button
Seat 3: kumarmoh ($29.75 in chips)
Seat 6: Pandakey ($139.01 in chips)
kumarmoh: posts small blind $1
Pandakey: posts big blind $3
*** HOLE CARDS ***
kumarmoh: folds
Uncalled bet ($2) returned to Pandakey
Pandakey collected $2 from pot
Pandakey: doesn't show hand
*** SUMMARY ***
Total pot $2 | Rake $0
Seat 3: kumarmoh (button) (small blind) folded before Flop
Seat 6: Pandakey (big blind) collected ($2)


PokerStars Hand #157959270708:  Hold'em Limit ($3/$6 USD) - 2016/08/30 21:58:26 ET
Table 'Callisto' 6-max Seat #3 is the button
Seat 3: kumarmoh ($57 in chips)
Seat 6: Pandakey ($111.26 in chips)
kumarmoh: posts small blind $1
Pandakey: posts big blind $3
*** HOLE CARDS ***
kumarmoh: raises $3 to $6
Pandakey: raises $3 to $9
kumarmoh: calls $3
*** FLOP *** [3s Jc Tc]
Pandakey: bets $3
kumarmoh: calls $3
*** TURN *** [3s Jc Tc] [Qs]
Pandakey: bets $6
kumarmoh: calls $6
*** RIVER *** [3s Jc Tc Qs] [7c]
Pandakey: bets $6
kumarmoh: calls $6
*** SHOW DOWN ***
Pandakey: shows [9c Qc] (a flush, Queen high)
kumarmoh: mucks hand
Pandakey collected $47.50 from pot
*** SUMMARY ***
Total pot $48 | Rake $0.50
Board [3s Jc Tc Qs 7c]
Seat 3: kumarmoh (button) (small blind) mucked
Seat 6: Pandakey (big blind) showed [9c Qc] and won ($47.50) with a flush, Queen high


PokerStars Hand #157959259840:  Hold'em Limit ($3/$6 USD) - 2016/08/30 21:57:51 ET
Table 'Callisto' 6-max Seat #6 is the button
Seat 3: kumarmoh ($28.75 in chips)
Seat 6: Pandakey ($140.01 in chips)
Pandakey: posts small blind $1
kumarmoh: posts big blind $3
*** HOLE CARDS ***
Pandakey: raises $3 to $6
kumarmoh: calls $3
*** FLOP *** [3d 3h 4c]
kumarmoh: checks
Pandakey: bets $3
kumarmoh: calls $3
*** TURN *** [3d 3h 4c] [7c]
kumarmoh: checks
Pandakey: bets $6
kumarmoh: raises $6 to $12
Pandakey: raises $6 to $18
kumarmoh: raises $1.75 to $19.75 and is all-in
Betting is capped
Pandakey: calls $1.75
*** RIVER *** [3d 3h 4c 7c] [6d]
*** SHOW DOWN ***
kumarmoh: shows [3s 9d] (three of a kind, Threes)
Pandakey: shows [Js Jd] (two pair, Jacks and Threes)
kumarmoh collected $57 from pot
*** SUMMARY ***
Total pot $57.50 | Rake $0.50
Board [3d 3h 4c 7c 6d]
Seat 3: kumarmoh (big blind) showed [3s 9d] and won ($57) with three of a kind, Threes
Seat 6: Pandakey (button) (small blind) showed [Js Jd] and lost with two pair, Jacks and Threes


PokerStars Hand #157959277537:  Hold'em Limit ($3/$6 USD) - 2016/08/30 21:58:49 ET
Table 'Callisto' 6-max Seat #6 is the button
Seat 3: kumarmoh ($33 in chips)
Seat 6: Pandakey ($134.76 in chips)
Pandakey: posts small blind $1
kumarmoh: posts big blind $3
*** HOLE CARDS ***
Pandakey: folds
Uncalled bet ($2) returned to kumarmoh
kumarmoh collected $2 from pot
kumarmoh: doesn't show hand
*** SUMMARY ***
Total pot $2 | Rake $0
Seat 3: kumarmoh (big blind) collected ($2)
Seat 6: Pandakey (button) (small blind) folded before Flop


PokerStars Hand #157959286325:  Hold'em Limit ($3/$6 USD) - 2016/08/30 21:59:18 ET
Table 'Callisto' 6-max Seat #6 is the button
Seat 3: kumarmoh ($60.50 in chips)
Seat 6: Pandakey ($106.76 in chips)
Pandakey: posts small blind $1
kumarmoh: posts big blind $3
*** HOLE CARDS ***
Pandakey: raises $3 to $6
kumarmoh: calls $3
*** FLOP *** [Qc 8s 8d]
kumarmoh: checks
Pandakey: bets $3
kumarmoh: folds
Uncalled bet ($3) returned to Pandakey
Pandakey collected $11.76 from pot
Pandakey: doesn't show hand
*** SUMMARY ***
Total pot $12 | Rake $0.24
Board [Qc 8s 8d]
Seat 3: kumarmoh (big blind) folded on the Flop
Seat 6: Pandakey (button) (small blind) collected ($11.76)


PokerStars Hand #157959289878:  Hold'em Limit ($3/$6 USD) - 2016/08/30 21:59:30 ET
Table 'Callisto' 6-max Seat #3 is the button
Seat 3: kumarmoh ($54.50 in chips)
Seat 6: Pandakey ($112.52 in chips)
kumarmoh: posts small blind $1
Pandakey: posts big blind $3
*** HOLE CARDS ***
kumarmoh: raises $3 to $6
Pandakey: calls $3
*** FLOP *** [8h Kd 5c]
Pandakey: checks
kumarmoh: bets $3
Pandakey: folds
Uncalled bet ($3) returned to kumarmoh
kumarmoh collected $11.76 from pot
kumarmoh: doesn't show hand
*** SUMMARY ***
Total pot $12 | Rake $0.24
Board [8h Kd 5c]
Seat 3: kumarmoh (button) (small blind) collected ($11.76)
Seat 6: Pandakey (big blind) folded on the Flop


PokerStars Hand #157959279283:  Hold'em Limit ($3/$6 USD) - 2016/08/30 21:58:55 ET
Table 'Callisto' 6-max Seat #3 is the button
Seat 3: kumarmoh ($34 in chips)
Seat 6: Pandakey ($133.76 in chips)
kumarmoh: posts small blind $1
Pandakey: posts big blind $3
*** HOLE CARDS ***
kumarmoh: raises $3 to $6
Pandakey: raises $3 to $9
kumarmoh: raises $3 to $12
Betting is capped
Pandakey: calls $3
*** FLOP *** [3d Jc 3h]
Pandakey: checks
kumarmoh: bets $3
Pandakey: calls $3
*** TURN *** [3d Jc 3h] [2c]
Pandakey: checks
kumarmoh: bets $6
Pandakey: calls $6
*** RIVER *** [3d Jc 3h 2c] [6s]
Pandakey: checks
kumarmoh: bets $6
Pandakey: calls $6
*** SHOW DOWN ***
kumarmoh: shows [4d Jd] (two pair, Jacks and Threes)
Pandakey: mucks hand
kumarmoh collected $53.50 from pot
*** SUMMARY ***
Total pot $54 | Rake $0.50
Board [3d Jc 3h 2c 6s]
Seat 3: kumarmoh (button) (small blind) showed [4d Jd] and won ($53.50) with two pair, Jacks and Threes
Seat 6: Pandakey (big blind) mucked


PokerStars Hand #157959299013:  Hold'em Limit ($3/$6 USD) - 2016/08/30 22:00:00 ET
Table 'Callisto' 6-max Seat #3 is the button
Seat 3: kumarmoh ($60.01 in chips)
Seat 6: Pandakey ($106.27 in chips)
kumarmoh: posts small blind $1
Pandakey: posts big blind $3
*** HOLE CARDS ***
kumarmoh: raises $3 to $6
Pandakey: calls $3
*** FLOP *** [Ks 7d Jc]
Pandakey: checks
kumarmoh: checks
*** TURN *** [Ks 7d Jc] [Th]
Pandakey: checks
kumarmoh: checks
*** RIVER *** [Ks 7d Jc Th] [Ts]
Pandakey: bets $6
kumarmoh: calls $6
*** SHOW DOWN ***
Pandakey: shows [7c 5s] (two pair, Tens and Sevens)
kumarmoh: mucks hand
Pandakey collected $23.52 from pot
*** SUMMARY ***
Total pot $24 | Rake $0.48
Board [Ks 7d Jc Th Ts]
Seat 3: kumarmoh (button) (small blind) mucked
Seat 6: Pandakey (big blind) showed [7c 5s] and won ($23.52) with two pair, Tens and Sevens


PokerStars Hand #157959292784:  Hold'em Limit ($3/$6 USD) - 2016/08/30 21:59:39 ET
Table 'Callisto' 6-max Seat #6 is the button
Seat 3: kumarmoh ($60.26 in chips)
Seat 6: Pandakey ($106.52 in chips)
Pandakey: posts small blind $1
kumarmoh: posts big blind $3
*** HOLE CARDS ***
Pandakey: raises $3 to $6
kumarmoh: calls $3
*** FLOP *** [5d 7h 9s]
kumarmoh: checks
Pandakey: checks
*** TURN *** [5d 7h 9s] [6s]
kumarmoh: bets $6
Pandakey: raises $6 to $12
kumarmoh: calls $6
*** RIVER *** [5d 7h 9s 6s] [8d]
kumarmoh: checks
Pandakey: checks
*** SHOW DOWN ***
kumarmoh: shows [6h 3c] (a straight, Five to Nine)
Pandakey: shows [8s Kh] (a straight, Five to Nine)
kumarmoh collected $17.75 from pot
Pandakey collected $17.75 from pot
*** SUMMARY ***
Total pot $36 | Rake $0.50
Board [5d 7h 9s 6s 8d]
Seat 3: kumarmoh (big blind) showed [6h 3c] and won ($17.75) with a straight, Five to Nine
Seat 6: Pandakey (button) (small blind) showed [8s Kh] and won ($17.75) with a straight, Five to Nine


PokerStars Hand #157959304510:  Hold'em Limit ($3/$6 USD) - 2016/08/30 22:00:17 ET
Table 'Callisto' 6-max Seat #6 is the button
Seat 3: kumarmoh ($48.01 in chips)
Seat 6: Pandakey ($117.79 in chips)
Pandakey: posts small blind $1
kumarmoh: posts big blind $3
*** HOLE CARDS ***
Pandakey: raises $3 to $6
kumarmoh: raises $3 to $9
Pandakey: calls $3
*** FLOP *** [2c Qc 6s]
kumarmoh: bets $3
Pandakey: calls $3
*** TURN *** [2c Qc 6s] [Jh]
kumarmoh: bets $6
Pandakey: folds
Uncalled bet ($6) returned to kumarmoh
kumarmoh collected $23.52 from pot
kumarmoh: doesn't show hand
*** SUMMARY ***
Total pot $24 | Rake $0.48
Board [2c Qc 6s Jh]
Seat 3: kumarmoh (big blind) collected ($23.52)
Seat 6: Pandakey (button) (small blind) folded on the Turn


PokerStars Hand #157959333015:  Hold'em Limit ($3/$6 USD) - 2016/08/30 22:01:42 ET
Table 'Callisto' 6-max Seat #6 is the button
Seat 3: kumarmoh ($51.81 in chips)
Seat 6: Pandakey ($111.93 in chips)
Pandakey: posts small blind $1
kumarmoh: posts big blind $3
*** HOLE CARDS ***
Pandakey: raises $3 to $6
kumarmoh: folds
Uncalled bet ($3) returned to Pandakey
Pandakey collected $6 from pot
Pandakey: doesn't show hand
*** SUMMARY ***
Total pot $6 | Rake $0
Seat 3: kumarmoh (big blind) folded before Flop
Seat 6: Pandakey (button) (small blind) collected ($6)


PokerStars Hand #157959328293:  Hold'em Limit ($3/$6 USD) - 2016/08/30 22:01:28 ET
Table 'Callisto' 6-max Seat #3 is the button
Seat 3: kumarmoh ($43.17 in chips)
Seat 6: Pandakey ($120.93 in chips)
kumarmoh: posts small blind $1
Pandakey: posts big blind $3
*** HOLE CARDS ***
kumarmoh: calls $2
Pandakey: raises $3 to $6
kumarmoh: calls $3
*** FLOP *** [4d 3h Ts]
Pandakey: bets $3
kumarmoh: raises $3 to $6
Pandakey: folds
Uncalled bet ($3) returned to kumarmoh
kumarmoh collected $17.64 from pot
kumarmoh: doesn't show hand
*** SUMMARY ***
Total pot $18 | Rake $0.36
Board [4d 3h Ts]
Seat 3: kumarmoh (button) (small blind) collected ($17.64)
Seat 6: Pandakey (big blind) folded on the Flop


PokerStars Hand #157959309549:  Hold'em Limit ($3/$6 USD) - 2016/08/30 22:00:33 ET
Table 'Callisto' 6-max Seat #3 is the button
Seat 3: kumarmoh ($59.53 in chips)
Seat 6: Pandakey ($105.79 in chips)
kumarmoh: posts small blind $1
Pandakey: posts big blind $3
*** HOLE CARDS ***
kumarmoh: calls $2
Pandakey: raises $3 to $6
kumarmoh: calls $3
*** FLOP *** [Qc 7d 8c]
Pandakey: bets $3
kumarmoh: calls $3
*** TURN *** [Qc 7d 8c] [9c]
Pandakey: checks
kumarmoh: checks
*** RIVER *** [Qc 7d 8c 9c] [3s]
Pandakey: bets $6
kumarmoh: folds
Uncalled bet ($6) returned to Pandakey
Pandakey collected $17.64 from pot
Pandakey: doesn't show hand
*** SUMMARY ***
Total pot $18 | Rake $0.36
Board [Qc 7d 8c 9c 3s]
Seat 3: kumarmoh (button) (small blind) folded on the River
Seat 6: Pandakey (big blind) collected ($17.64)


PokerStars Hand #157959324199:  Hold'em Limit ($3/$6 USD) - 2016/08/30 22:01:16 ET
Table 'Callisto' 6-max Seat #6 is the button
Seat 3: kumarmoh ($34.53 in chips)
Seat 6: Pandakey ($129.93 in chips)
Pandakey: posts small blind $1
kumarmoh: posts big blind $3
*** HOLE CARDS ***
Pandakey: raises $3 to $6
kumarmoh: raises $3 to $9
Pandakey: calls $3
*** FLOP *** [6d 3c Qd]
kumarmoh: bets $3
Pandakey: folds
Uncalled bet ($3) returned to kumarmoh
kumarmoh collected $17.64 from pot
kumarmoh: doesn't show hand
*** SUMMARY ***
Total pot $18 | Rake $0.36
Board [6d 3c Qd]
Seat 3: kumarmoh (big blind) collected ($17.64)
Seat 6: Pandakey (button) (small blind) folded on the Flop


PokerStars Hand #157959322370:  Hold'em Limit ($3/$6 USD) - 2016/08/30 22:01:11 ET
Table 'Callisto' 6-max Seat #3 is the button
Seat 3: kumarmoh ($35.53 in chips)
Seat 6: Pandakey ($128.93 in chips)
kumarmoh: posts small blind $1
Pandakey: posts big blind $3
*** HOLE CARDS ***
kumarmoh: folds
Uncalled bet ($2) returned to Pandakey
Pandakey collected $2 from pot
Pandakey: doesn't show hand
*** SUMMARY ***
Total pot $2 | Rake $0
Seat 3: kumarmoh (button) (small blind) folded before Flop
Seat 6: Pandakey (big blind) collected ($2)


PokerStars Hand #157959316417:  Hold'em Limit ($3/$6 USD) - 2016/08/30 22:00:54 ET
Table 'Callisto' 6-max Seat #6 is the button
Seat 3: kumarmoh ($50.53 in chips)
Seat 6: Pandakey ($114.43 in chips)
Pandakey: posts small blind $1
kumarmoh: posts big blind $3
*** HOLE CARDS ***
Pandakey: raises $3 to $6
kumarmoh: calls $3
*** FLOP *** [6d Jc Qc]
kumarmoh: checks
Pandakey: bets $3
kumarmoh: calls $3
*** TURN *** [6d Jc Qc] [3c]
kumarmoh: checks
Pandakey: checks
*** RIVER *** [6d Jc Qc 3c] [Td]
kumarmoh: bets $6
Pandakey: calls $6
*** SHOW DOWN ***
kumarmoh: shows [Ac 3s] (a pair of Threes)
Pandakey: shows [4h Th] (a pair of Tens)
Pandakey collected $29.50 from pot
*** SUMMARY ***
Total pot $30 | Rake $0.50
Board [6d Jc Qc 3c Td]
Seat 3: kumarmoh (big blind) showed [Ac 3s] and lost with a pair of Threes
Seat 6: Pandakey (button) (small blind) showed [4h Th] and won ($29.50) with a pair of Tens


PokerStars Hand #157959344722:  Hold'em Limit ($3/$6 USD) - 2016/08/30 22:02:15 ET
Table 'Callisto' 6-max Seat #6 is the button
Seat 3: kumarmoh ($33.81 in chips)
Seat 6: Pandakey ($129.43 in chips)
Pandakey: posts small blind $1
kumarmoh: posts big blind $3
*** HOLE CARDS ***
Pandakey: raises $3 to $6
kumarmoh: raises $3 to $9
Pandakey: calls $3
*** FLOP *** [Ah 7d Kh]
kumarmoh: bets $3
Pandakey: calls $3
*** TURN *** [Ah 7d Kh] [4d]
kumarmoh: bets $6
Pandakey: raises $6 to $12
kumarmoh: calls $6
*** RIVER *** [Ah 7d Kh 4d] [7h]
kumarmoh: checks
Pandakey: bets $6
kumarmoh: calls $6
*** SHOW DOWN ***
Pandakey: shows [As 4s] (two pair, Aces and Sevens)
kumarmoh: mucks hand
Pandakey collected $59.50 from pot
*** SUMMARY ***
Total pot $60 | Rake $0.50
Board [Ah 7d Kh 4d 7h]
Seat 3: kumarmoh (big blind) mucked
Seat 6: Pandakey (button) (small blind) showed [As 4s] and won ($59.50) with two pair, Aces and Sevens


PokerStars Hand #157959338337:  Hold'em Limit ($3/$6 USD) - 2016/08/30 22:01:57 ET
Table 'Callisto' 6-max Seat #3 is the button
Seat 3: kumarmoh ($48.81 in chips)
Seat 6: Pandakey ($114.93 in chips)
kumarmoh: posts small blind $1
Pandakey: posts big blind $3
*** HOLE CARDS ***
kumarmoh: raises $3 to $6
Pandakey: calls $3
*** FLOP *** [Jh Jc 3s]
Pandakey: checks
kumarmoh: bets $3
Pandakey: calls $3
*** TURN *** [Jh Jc 3s] [8s]
Pandakey: checks
kumarmoh: bets $6
Pandakey: calls $6
*** RIVER *** [Jh Jc 3s 8s] [4h]
Pandakey: checks
kumarmoh: checks
*** SHOW DOWN ***
Pandakey: shows [8h Tc] (two pair, Jacks and Eights)
kumarmoh: mucks hand
Pandakey collected $29.50 from pot
*** SUMMARY ***
Total pot $30 | Rake $0.50
Board [Jh Jc 3s 8s 4h]
Seat 3: kumarmoh (button) (small blind) mucked
Seat 6: Pandakey (big blind) showed [8h Tc] and won ($29.50) with two pair, Jacks and Eights


PokerStars Hand #157959336619:  Hold'em Limit ($3/$6 USD) - 2016/08/30 22:01:52 ET
Table 'Callisto' 6-max Seat #6 is the button
Seat 3: kumarmoh ($47.81 in chips)
Seat 6: Pandakey ($115.93 in chips)
Pandakey: posts small blind $1
kumarmoh: posts big blind $3
*** HOLE CARDS ***
Pandakey: folds
Uncalled bet ($2) returned to kumarmoh
kumarmoh collected $2 from pot
kumarmoh: doesn't show hand
*** SUMMARY ***
Total pot $2 | Rake $0
Seat 3: kumarmoh (big blind) collected ($2)
Seat 6: Pandakey (button) (small blind) folded before Flop


PokerStars Hand #157959334957:  Hold'em Limit ($3/$6 USD) - 2016/08/30 22:01:47 ET
Table 'Callisto' 6-max Seat #3 is the button
Seat 3: kumarmoh ($48.81 in chips)
Seat 6: Pandakey ($114.93 in chips)
kumarmoh: posts small blind $1
Pandakey: posts big blind $3
*** HOLE CARDS ***
kumarmoh: folds
Uncalled bet ($2) returned to Pandakey
Pandakey collected $2 from pot
Pandakey: doesn't show hand
*** SUMMARY ***
Total pot $2 | Rake $0
Seat 3: kumarmoh (button) (small blind) folded before Flop
Seat 6: Pandakey (big blind) collected ($2)


PokerStars Hand #157959356045:  Hold'em Limit ($3/$6 USD) - 2016/08/30 22:02:48 ET
Table 'Callisto' 6-max Seat #3 is the button
Seat 3: kumarmoh ($3.81 in chips)
Seat 6: Pandakey ($158.93 in chips)
kumarmoh: posts small blind $1
Pandakey: posts big blind $3
*** HOLE CARDS ***
kumarmoh: folds
Uncalled bet ($2) returned to Pandakey
Pandakey collected $2 from pot
Pandakey: doesn't show hand
*** SUMMARY ***
Total pot $2 | Rake $0
Seat 3: kumarmoh (button) (small blind) folded before Flop
Seat 6: Pandakey (big blind) collected ($2)


