PokerStars Hand #147263887061:  Hold'em Limit ($3/$6 USD) - 2016/01/18 13:34:21 ET
Table 'Callisto IV' 2-max Seat #1 is the button
Seat 1: Ultrafranke ($181.76 in chips)
Seat 2: xoroshytin ($62 in chips)
Ultrafranke: posts small blind $1
xoroshytin: posts big blind $3
*** HOLE CARDS ***
Ultrafranke: folds
Uncalled bet ($2) returned to xoroshytin
xoroshytin collected $2 from pot
*** SUMMARY ***
Total pot $2 | Rake $0
Seat 1: Ultrafranke (button) (small blind) folded before Flop
Seat 2: xoroshytin (big blind) collected ($2)


PokerStars Hand #147263879372:  Hold'em Limit ($3/$6 USD) - 2016/01/18 13:34:14 ET
Table 'Callisto IV' 2-max Seat #2 is the button
Seat 1: Ultrafranke ($184.76 in chips)
Seat 2: xoroshytin ($59 in chips)
xoroshytin: posts small blind $1
Ultrafranke: posts big blind $3
*** HOLE CARDS ***
xoroshytin: raises $3 to $6
Ultrafranke: folds
Uncalled bet ($3) returned to xoroshytin
xoroshytin collected $6 from pot
*** SUMMARY ***
Total pot $6 | Rake $0
Seat 1: Ultrafranke (big blind) folded before Flop
Seat 2: xoroshytin (button) (small blind) collected ($6)


PokerStars Hand #147263863606:  Hold'em Limit ($3/$6 USD) - 2016/01/18 13:33:58 ET
Table 'Callisto IV' 2-max Seat #1 is the button
Seat 1: Ultrafranke ($179 in chips)
Seat 2: xoroshytin ($65 in chips)
Ultrafranke: posts small blind $1
xoroshytin: posts big blind $3
*** HOLE CARDS ***
Ultrafranke: raises $3 to $6
xoroshytin: calls $3
*** FLOP *** [2s 7s Kd]
xoroshytin: checks
Ultrafranke: bets $3
xoroshytin: folds
Uncalled bet ($3) returned to Ultrafranke
Ultrafranke collected $11.76 from pot
*** SUMMARY ***
Total pot $12 | Rake $0.24
Board [2s 7s Kd]
Seat 1: Ultrafranke (button) (small blind) collected ($11.76)
Seat 2: xoroshytin (big blind) folded on the Flop


PokerStars Hand #147263898427:  Hold'em Limit ($3/$6 USD) - 2016/01/18 13:34:32 ET
Table 'Callisto IV' 2-max Seat #1 is the button
Seat 1: Ultrafranke ($181.76 in chips)
Seat 2: xoroshytin ($62 in chips)
Ultrafranke: posts small blind $1
xoroshytin: posts big blind $3
*** HOLE CARDS ***
Ultrafranke: raises $3 to $6
xoroshytin: raises $3 to $9
Ultrafranke: calls $3
*** FLOP *** [Kc 3h 2s]
xoroshytin: bets $3
Ultrafranke: calls $3
*** TURN *** [Kc 3h 2s] [9s]
xoroshytin: checks
Ultrafranke: bets $6
xoroshytin: calls $6
*** RIVER *** [Kc 3h 2s 9s] [Js]
xoroshytin: checks
Ultrafranke: bets $6
xoroshytin: calls $6
*** SHOW DOWN ***
Ultrafranke: shows [Kh 7d] (a pair of Kings)
xoroshytin: mucks hand
Ultrafranke collected $47.50 from pot
*** SUMMARY ***
Total pot $48 | Rake $0.50
Board [Kc 3h 2s 9s Js]
Seat 1: Ultrafranke (button) (small blind) showed [Kh 7d] and won ($47.50) with a pair of Kings
Seat 2: xoroshytin (big blind) mucked


PokerStars Hand #147263892511:  Hold'em Limit ($3/$6 USD) - 2016/01/18 13:34:26 ET
Table 'Callisto IV' 2-max Seat #2 is the button
Seat 1: Ultrafranke ($180.76 in chips)
Seat 2: xoroshytin ($63 in chips)
xoroshytin: posts small blind $1
Ultrafranke: posts big blind $3
*** HOLE CARDS ***
xoroshytin: folds
Uncalled bet ($2) returned to Ultrafranke
Ultrafranke collected $2 from pot
*** SUMMARY ***
Total pot $2 | Rake $0
Seat 1: Ultrafranke (big blind) collected ($2)
Seat 2: xoroshytin (button) (small blind) folded before Flop


