PokerStars Hand #147393926932:  Hold'em Limit ($3/$6 USD) - 2016/01/20 18:10:07 ET
Table 'Callisto II' 6-max Seat #5 is the button
Seat 5: Pandakey ($152.25 in chips)
Seat 6: Brye54 ($23.79 in chips)
Pandakey: posts small blind $1
Brye54: posts big blind $3
*** HOLE CARDS ***
Pandakey: folds
Uncalled bet ($2) returned to Brye54
solYmar83 joins the table at seat #4
Brye54 collected $2 from pot
Brye54: doesn't show hand
*** SUMMARY ***
Total pot $2 | Rake $0
Seat 5: Pandakey (button) (small blind) folded before Flop
Seat 6: Brye54 (big blind) collected ($2)


PokerStars Hand #147393910161:  Hold'em Limit ($3/$6 USD) - 2016/01/20 18:09:49 ET
Table 'Callisto II' 6-max Seat #6 is the button
Seat 5: Pandakey ($122.75 in chips)
Seat 6: Brye54 ($53.79 in chips)
Brye54: posts small blind $1
Pandakey: posts big blind $3
*** HOLE CARDS ***
Brye54: raises $3 to $6
Pandakey: raises $3 to $9
Brye54: calls $3
*** FLOP *** [4h 9s 2s]
Pandakey: bets $3
Brye54: calls $3
*** TURN *** [4h 9s 2s] [Jd]
Pandakey: checks
Brye54: bets $6
Pandakey: raises $6 to $12
Brye54: calls $6
*** RIVER *** [4h 9s 2s Jd] [7c]
Pandakey: bets $6
Brye54: calls $6
BuzovaPro joins the table at seat #1
*** SHOW DOWN ***
Pandakey: shows [Th Ts] (a pair of Tens)
Brye54: mucks hand
Pandakey collected $59.50 from pot
*** SUMMARY ***
Total pot $60 | Rake $0.50
Board [4h 9s 2s Jd 7c]
Seat 5: Pandakey (big blind) showed [Th Ts] and won ($59.50) with a pair of Tens
Seat 6: Brye54 (button) (small blind) mucked


PokerStars Hand #147393960915:  Hold'em Limit ($3/$6 USD) - 2016/01/20 18:10:42 ET
Table 'Callisto II' 6-max Seat #5 is the button
Seat 1: BuzovaPro ($72 in chips)
Seat 5: Pandakey ($177.46 in chips)
solYmar83 will be allowed to play after the button
Pandakey: posts small blind $1
BuzovaPro: posts big blind $3
*** HOLE CARDS ***
Pandakey: raises $3 to $6
Brye54 leaves the table
BuzovaPro: calls $3
*** FLOP *** [Tc 3s 6c]
BuzovaPro: checks
Pandakey: checks
*** TURN *** [Tc 3s 6c] [Qc]
akon12793 joins the table at seat #3
BuzovaPro: bets $6
Pandakey: calls $6
*** RIVER *** [Tc 3s 6c Qc] [Ah]
BuzovaPro: checks
Pandakey: bets $6
BuzovaPro: calls $6
*** SHOW DOWN ***
Pandakey: shows [2d As] (a pair of Aces)
BuzovaPro: mucks hand
Pandakey collected $35.50 from pot
*** SUMMARY ***
Total pot $36 | Rake $0.50
Board [Tc 3s 6c Qc Ah]
Seat 1: BuzovaPro (big blind) mucked
Seat 5: Pandakey (button) (small blind) showed [2d As] and won ($35.50) with a pair of Aces


