PokerStars Hand #152189888228:  Hold'em Limit ($3/$6 USD) - 2016/04/20 10:50:02 ET
Table 'Callisto II' 6-max Seat #5 is the button
Seat 5: firuzza ($101 in chips)
Seat 6: TbIP-TbIP 88 ($72 in chips)
firuzza: posts small blind $1
TbIP-TbIP 88: posts big blind $3
*** HOLE CARDS ***
firuzza: folds
Uncalled bet ($2) returned to TbIP-TbIP 88
TbIP-TbIP 88 collected $2 from pot
TbIP-TbIP 88: doesn't show hand
*** SUMMARY ***
Total pot $2 | Rake $0
Seat 5: firuzza (button) (small blind) folded before Flop
Seat 6: TbIP-TbIP 88 (big blind) collected ($2)


PokerStars Hand #152189882887:  Hold'em Limit ($3/$6 USD) - 2016/04/20 10:49:53 ET
Table 'Callisto II' 6-max Seat #6 is the button
Seat 5: firuzza ($100 in chips)
Seat 6: TbIP-TbIP 88 ($72 in chips)
TbIP-TbIP 88: posts small blind $1
firuzza: posts big blind $3
*** HOLE CARDS ***
TbIP-TbIP 88: folds
Uncalled bet ($2) returned to firuzza
firuzza collected $2 from pot
firuzza: doesn't show hand
*** SUMMARY ***
Total pot $2 | Rake $0
Seat 5: firuzza (big blind) collected ($2)
Seat 6: TbIP-TbIP 88 (button) (small blind) folded before Flop


PokerStars Hand #152189916635:  Hold'em Limit ($3/$6 USD) - 2016/04/20 10:50:47 ET
Table 'Callisto II' 6-max Seat #5 is the button
Seat 5: firuzza ($85 in chips)
Seat 6: TbIP-TbIP 88 ($87.50 in chips)
firuzza: posts small blind $1
TbIP-TbIP 88: posts big blind $3
*** HOLE CARDS ***
firuzza: folds
Uncalled bet ($2) returned to TbIP-TbIP 88
TbIP-TbIP 88 collected $2 from pot
TbIP-TbIP 88: doesn't show hand
Necromadx joins the table at seat #1
*** SUMMARY ***
Total pot $2 | Rake $0
Seat 5: firuzza (button) (small blind) folded before Flop
Seat 6: TbIP-TbIP 88 (big blind) collected ($2)


PokerStars Hand #152189891656:  Hold'em Limit ($3/$6 USD) - 2016/04/20 10:50:07 ET
Table 'Callisto II' 6-max Seat #6 is the button
Seat 5: firuzza ($100 in chips)
Seat 6: TbIP-TbIP 88 ($73 in chips)
TbIP-TbIP 88: posts small blind $1
firuzza: posts big blind $3
*** HOLE CARDS ***
TbIP-TbIP 88: raises $3 to $6
firuzza: calls $3
*** FLOP *** [Ad 2d 3c]
firuzza: checks
TbIP-TbIP 88: bets $3
firuzza: calls $3
*** TURN *** [Ad 2d 3c] [9s]
firuzza: checks
TbIP-TbIP 88: checks
*** RIVER *** [Ad 2d 3c 9s] [8h]
firuzza: bets $6
TbIP-TbIP 88: calls $6
*** SHOW DOWN ***
firuzza: shows [3d Ts] (a pair of Threes)
TbIP-TbIP 88: shows [Jc 8s] (a pair of Eights)
TbIP-TbIP 88 collected $29.50 from pot
*** SUMMARY ***
Total pot $30 | Rake $0.50
Board [Ad 2d 3c 9s 8h]
Seat 5: firuzza (big blind) showed [3d Ts] and lost with a pair of Threes
Seat 6: TbIP-TbIP 88 (button) (small blind) showed [Jc 8s] and won ($29.50) with a pair of Eights


PokerStars Hand #152190076098:  Hold'em Limit ($3/$6 USD) - 2016/04/20 10:55:04 ET
Table 'Callisto II' 6-max Seat #6 is the button
Seat 4: happyyak ($101 in chips)
Seat 6: TbIP-TbIP 88 ($118.45 in chips)
TbIP-TbIP 88: posts small blind $1
Necromadx: is sitting out
happyyak: posts big blind $3
*** HOLE CARDS ***
TbIP-TbIP 88: raises $3 to $6
happyyak: folds
Uncalled bet ($3) returned to TbIP-TbIP 88
TbIP-TbIP 88 collected $6 from pot
TbIP-TbIP 88: doesn't show hand
*** SUMMARY ***
Total pot $6 | Rake $0
Seat 4: happyyak (big blind) folded before Flop
Seat 6: TbIP-TbIP 88 (button) (small blind) collected ($6)


PokerStars Hand #152190081493:  Hold'em Limit ($3/$6 USD) - 2016/04/20 10:55:12 ET
Table 'Callisto II' 6-max Seat #4 is the button
Seat 4: happyyak ($98 in chips)
Seat 6: TbIP-TbIP 88 ($121.45 in chips)
happyyak: posts small blind $1
TbIP-TbIP 88: posts big blind $3
*** HOLE CARDS ***
happyyak: raises $3 to $6
TbIP-TbIP 88: calls $3
*** FLOP *** [Ad Kd 2d]
TbIP-TbIP 88: checks
happyyak: bets $3
TbIP-TbIP 88: calls $3
*** TURN *** [Ad Kd 2d] [Ks]
TbIP-TbIP 88: checks
happyyak: checks
*** RIVER *** [Ad Kd 2d Ks] [5h]
TbIP-TbIP 88: checks
happyyak: checks
*** SHOW DOWN ***
TbIP-TbIP 88: shows [2s 7s] (two pair, Kings and Deuces)
happyyak: mucks hand
TbIP-TbIP 88 collected $17.64 from pot
*** SUMMARY ***
Total pot $18 | Rake $0.36
Board [Ad Kd 2d Ks 5h]
Seat 4: happyyak (button) (small blind) mucked
Seat 6: TbIP-TbIP 88 (big blind) showed [2s 7s] and won ($17.64) with two pair, Kings and Deuces


PokerStars Hand #152190090759:  Hold'em Limit ($3/$6 USD) - 2016/04/20 10:55:29 ET
Table 'Callisto II' 6-max Seat #6 is the button
Seat 4: happyyak ($89 in chips)
Seat 6: TbIP-TbIP 88 ($130.09 in chips)
TbIP-TbIP 88: posts small blind $1
happyyak: posts big blind $3
*** HOLE CARDS ***
TbIP-TbIP 88: raises $3 to $6
happyyak: folds
Uncalled bet ($3) returned to TbIP-TbIP 88
TbIP-TbIP 88 collected $6 from pot
TbIP-TbIP 88: doesn't show hand
*** SUMMARY ***
Total pot $6 | Rake $0
Seat 4: happyyak (big blind) folded before Flop
Seat 6: TbIP-TbIP 88 (button) (small blind) collected ($6)


PokerStars Hand #152190820081:  Hold'em Limit ($3/$6 USD) - 2016/04/20 11:15:24 ET
Table 'Callisto II' 6-max Seat #1 is the button
Seat 1: Necromadx ($121 in chips)
Seat 3: Der Bishof ($67.64 in chips)
Necromadx: posts small blind $1
Der Bishof: posts big blind $3
*** HOLE CARDS ***
Necromadx: raises $3 to $6
Der Bishof: calls $3
*** FLOP *** [5h Ah 4c]
Der Bishof: bets $3
Necromadx: calls $3
*** TURN *** [5h Ah 4c] [Ks]
Der Bishof: checks
Necromadx: checks
*** RIVER *** [5h Ah 4c Ks] [8h]
Der Bishof: bets $6
Necromadx: raises $6 to $12
Der Bishof: raises $6 to $18
Necromadx: calls $6
*** SHOW DOWN ***
Der Bishof: shows [4s 8d] (two pair, Eights and Fours)
Necromadx: shows [8c 5d] (two pair, Eights and Fives)
Necromadx collected $53.50 from pot
slon891 joins the table at seat #5
*** SUMMARY ***
Total pot $54 | Rake $0.50
Board [5h Ah 4c Ks 8h]
Seat 1: Necromadx (button) (small blind) showed [8c 5d] and won ($53.50) with two pair, Eights and Fives
Seat 3: Der Bishof (big blind) showed [4s 8d] and lost with two pair, Eights and Fours


PokerStars Hand #152190816144:  Hold'em Limit ($3/$6 USD) - 2016/04/20 11:15:17 ET
Table 'Callisto II' 6-max Seat #3 is the button
Seat 1: Necromadx ($120 in chips)
Seat 3: Der Bishof ($68.64 in chips)
Der Bishof: posts small blind $1
Necromadx: posts big blind $3
*** HOLE CARDS ***
Der Bishof: folds
Uncalled bet ($2) returned to Necromadx
Necromadx collected $2 from pot
Necromadx: doesn't show hand
*** SUMMARY ***
Total pot $2 | Rake $0
Seat 1: Necromadx (big blind) collected ($2)
Seat 3: Der Bishof (button) (small blind) folded before Flop


PokerStars Hand #152190994752:  Hold'em Limit ($3/$6 USD) - 2016/04/20 11:19:56 ET
Table 'Callisto II' 6-max Seat #5 is the button
Seat 5: slon891 ($14.36 in chips)
Seat 6: boony444 ($195.37 in chips)
slon891: posts small blind $1
boony444: posts big blind $3
*** HOLE CARDS ***
slon891: raises $3 to $6
boony444: calls $3
*** FLOP *** [3d Kc Ks]
boony444: checks
slon891: bets $3
boony444: folds
Uncalled bet ($3) returned to slon891
slon891 collected $11.76 from pot
slon891: doesn't show hand
*** SUMMARY ***
Total pot $12 | Rake $0.24
Board [3d Kc Ks]
Seat 5: slon891 (button) (small blind) collected ($11.76)
Seat 6: boony444 (big blind) folded on the Flop


PokerStars Hand #152190979689:  Hold'em Limit ($3/$6 USD) - 2016/04/20 11:19:33 ET
Table 'Callisto II' 6-max Seat #6 is the button
Seat 5: slon891 ($29.36 in chips)
Seat 6: boony444 ($180.87 in chips)
boony444: posts small blind $1
Necromadx: is sitting out
slon891: posts big blind $3
*** HOLE CARDS ***
boony444: raises $3 to $6
Necromadx leaves the table
slon891: calls $3
*** FLOP *** [8s Jh Ts]
slon891: bets $3
boony444: calls $3
*** TURN *** [8s Jh Ts] [Js]
slon891: checks
boony444: bets $6
slon891: calls $6
*** RIVER *** [8s Jh Ts Js] [2s]
slon891: checks
boony444: bets $6
slon891: folds
Uncalled bet ($6) returned to boony444
boony444 collected $29.50 from pot
boony444: doesn't show hand
*** SUMMARY ***
Total pot $30 | Rake $0.50
Board [8s Jh Ts Js 2s]
Seat 5: slon891 (big blind) folded on the River
Seat 6: boony444 (button) (small blind) collected ($29.50)


PokerStars Hand #152191017597:  Hold'em Limit ($3/$6 USD) - 2016/04/20 11:20:32 ET
Table 'Callisto II' 6-max Seat #5 is the button
Seat 5: slon891 ($11.12 in chips)
Seat 6: boony444 ($198.01 in chips)
slon891: posts small blind $1
boony444: posts big blind $3
*** HOLE CARDS ***
slon891: folds
Uncalled bet ($2) returned to boony444
boony444 collected $2 from pot
boony444: doesn't show hand
*** SUMMARY ***
Total pot $2 | Rake $0
Seat 5: slon891 (button) (small blind) folded before Flop
Seat 6: boony444 (big blind) collected ($2)


PokerStars Hand #152191002175:  Hold'em Limit ($3/$6 USD) - 2016/04/20 11:20:08 ET
Table 'Callisto II' 6-max Seat #6 is the button
Seat 5: slon891 ($20.12 in chips)
Seat 6: boony444 ($189.37 in chips)
boony444: posts small blind $1
slon891: posts big blind $3
*** HOLE CARDS ***
boony444: raises $3 to $6
slon891: calls $3
*** FLOP *** [Ac Tc 3h]
slon891: checks
boony444: bets $3
slon891: calls $3
*** TURN *** [Ac Tc 3h] [Qc]
slon891: checks
boony444: checks
*** RIVER *** [Ac Tc 3h Qc] [5c]
slon891: checks
boony444: bets $6
slon891: folds
Uncalled bet ($6) returned to boony444
boony444 collected $17.64 from pot
boony444: doesn't show hand
*** SUMMARY ***
Total pot $18 | Rake $0.36
Board [Ac Tc 3h Qc 5c]
Seat 5: slon891 (big blind) folded on the River
Seat 6: boony444 (button) (small blind) collected ($17.64)


PokerStars Hand #152191025435:  Hold'em Limit ($3/$6 USD) - 2016/04/20 11:20:44 ET
Table 'Callisto II' 6-max Seat #5 is the button
Seat 5: slon891 ($7.12 in chips)
Seat 6: boony444 ($202.01 in chips)
slon891: posts small blind $1
boony444: posts big blind $3
*** HOLE CARDS ***
slon891: raises $3 to $6
boony444: raises $3 to $9
slon891: calls $1.12 and is all-in
Uncalled bet ($1.88) returned to boony444
*** FLOP *** [8h Jh 5d]
*** TURN *** [8h Jh 5d] [Ad]
*** RIVER *** [8h Jh 5d Ad] [Th]
*** SHOW DOWN ***
boony444: shows [Td As] (two pair, Aces and Tens)
slon891: mucks hand
boony444 collected $13.96 from pot
*** SUMMARY ***
Total pot $14.24 | Rake $0.28
Board [8h Jh 5d Ad Th]
Seat 5: slon891 (button) (small blind) mucked
Seat 6: boony444 (big blind) showed [Td As] and won ($13.96) with two pair, Aces and Tens


PokerStars Hand #152191151579:  Hold'em Limit ($3/$6 USD) - 2016/04/20 11:23:59 ET
Table 'Callisto II' 6-max Seat #6 is the button
Seat 4: liza3008 ($120 in chips)
Seat 6: boony444 ($208.85 in chips)
boony444: posts small blind $1
liza3008: posts big blind $3
*** HOLE CARDS ***
boony444: raises $3 to $6
liza3008: raises $3 to $9
boony444: calls $3
*** FLOP *** [3s 4d Kh]
liza3008: bets $3
boony444: calls $3
*** TURN *** [3s 4d Kh] [Js]
liza3008: bets $6
boony444: raises $6 to $12
liza3008: raises $6 to $18
boony444: calls $6
*** RIVER *** [3s 4d Kh Js] [6d]
liza3008: bets $6
boony444: raises $6 to $12
liza3008: calls $6
*** SHOW DOWN ***
boony444: shows [7d 5s] (a straight, Three to Seven)
liza3008: mucks hand
boony444 collected $83.50 from pot
*** SUMMARY ***
Total pot $84 | Rake $0.50
Board [3s 4d Kh Js 6d]
Seat 4: liza3008 (big blind) mucked
Seat 6: boony444 (button) (small blind) showed [7d 5s] and won ($83.50) with a straight, Three to Seven


PokerStars Hand #152191163984:  Hold'em Limit ($3/$6 USD) - 2016/04/20 11:24:18 ET
Table 'Callisto II' 6-max Seat #4 is the button
Seat 4: liza3008 ($78 in chips)
Seat 6: boony444 ($250.35 in chips)
liza3008: posts small blind $1
boony444: posts big blind $3
*** HOLE CARDS ***
liza3008: raises $3 to $6
boony444: calls $3
*** FLOP *** [7d Td 6d]
boony444: checks
liza3008: checks
*** TURN *** [7d Td 6d] [As]
boony444: checks
liza3008: checks
*** RIVER *** [7d Td 6d As] [7h]
boony444: bets $6
liza3008: calls $6
*** SHOW DOWN ***
boony444: shows [6c 8c] (two pair, Sevens and Sixes)
liza3008: shows [6h Js] (two pair, Sevens and Sixes)
boony444 collected $11.76 from pot
liza3008 collected $11.76 from pot
*** SUMMARY ***
Total pot $24 | Rake $0.48
Board [7d Td 6d As 7h]
Seat 4: liza3008 (button) (small blind) showed [6h Js] and won ($11.76) with two pair, Sevens and Sixes
Seat 6: boony444 (big blind) showed [6c 8c] and won ($11.76) with two pair, Sevens and Sixes


PokerStars Hand #152191174871:  Hold'em Limit ($3/$6 USD) - 2016/04/20 11:24:34 ET
Table 'Callisto II' 6-max Seat #6 is the button
Seat 4: liza3008 ($77.76 in chips)
Seat 6: boony444 ($250.11 in chips)
boony444: posts small blind $1
liza3008: posts big blind $3
*** HOLE CARDS ***
boony444: folds
Uncalled bet ($2) returned to liza3008
liza3008 collected $2 from pot
liza3008: doesn't show hand
*** SUMMARY ***
Total pot $2 | Rake $0
Seat 4: liza3008 (big blind) collected ($2)
Seat 6: boony444 (button) (small blind) folded before Flop


