PokerStars Hand #155390271424:  Hold'em Limit ($3/$6 USD) - 2016/06/30 13:02:46 ET
Table 'Calvinia' 6-max Seat #3 is the button
Seat 1: LifeisagameX ($67 in chips)
Seat 3: dannysalami ($113 in chips)
dannysalami: posts small blind $1
LifeisagameX: posts big blind $3
*** HOLE CARDS ***
dannysalami: raises $3 to $6
LifeisagameX: raises $3 to $9
dannysalami: calls $3
*** FLOP *** [2h 6d Ts]
LifeisagameX: bets $3
dannysalami: calls $3
*** TURN *** [2h 6d Ts] [Jc]
LifeisagameX: bets $6
dannysalami: calls $6
*** RIVER *** [2h 6d Ts Jc] [8d]
LifeisagameX: bets $6
dannysalami: calls $6
*** SHOW DOWN ***
LifeisagameX: shows [7c 9c] (a straight, Seven to Jack)
dannysalami: mucks hand
LifeisagameX collected $47.50 from pot
*** SUMMARY ***
Total pot $48 | Rake $0.50
Board [2h 6d Ts Jc 8d]
Seat 1: LifeisagameX (big blind) showed [7c 9c] and won ($47.50) with a straight, Seven to Jack
Seat 3: dannysalami (button) (small blind) mucked


PokerStars Hand #155390264284:  Hold'em Limit ($3/$6 USD) - 2016/06/30 13:02:35 ET
Table 'Calvinia' 6-max Seat #1 is the button
Seat 1: LifeisagameX ($64 in chips)
Seat 3: dannysalami ($116 in chips)
LifeisagameX: posts small blind $1
dannysalami: posts big blind $3
*** HOLE CARDS ***
LifeisagameX: raises $3 to $6
dannysalami: folds
Uncalled bet ($3) returned to LifeisagameX
LifeisagameX collected $6 from pot
LifeisagameX: doesn't show hand
*** SUMMARY ***
Total pot $6 | Rake $0
Seat 1: LifeisagameX (button) (small blind) collected ($6)
Seat 3: dannysalami (big blind) folded before Flop


PokerStars Hand #155390293256:  Hold'em Limit ($3/$6 USD) - 2016/06/30 13:03:19 ET
Table 'Calvinia' 6-max Seat #1 is the button
Seat 1: LifeisagameX ($90.50 in chips)
Seat 3: dannysalami ($89 in chips)
LifeisagameX: posts small blind $1
dannysalami: posts big blind $3
*** HOLE CARDS ***
LifeisagameX: raises $3 to $6
dannysalami: raises $3 to $9
LifeisagameX: calls $3
*** FLOP *** [Jh 2s 6h]
dannysalami: bets $3
LifeisagameX: calls $3
*** TURN *** [Jh 2s 6h] [2h]
Grekish08 joins the table at seat #5
dannysalami: checks
vestimokrec joins the table at seat #6
thekiing80 joins the table at seat #2
LifeisagameX: bets $6
dannysalami: folds
Uncalled bet ($6) returned to LifeisagameX
LifeisagameX collected $23.52 from pot
LifeisagameX: doesn't show hand
*** SUMMARY ***
Total pot $24 | Rake $0.48
Board [Jh 2s 6h 2h]
Seat 1: LifeisagameX (button) (small blind) collected ($23.52)
Seat 3: dannysalami (big blind) folded on the Turn


PokerStars Hand #155390676772:  Hold'em Limit ($3/$6 USD) - 2016/06/30 13:12:28 ET
Table 'Calvinia' 6-max Seat #5 is the button
Seat 3: dannysalami ($176.86 in chips)
Seat 5: conanboy ($74 in chips)
conanboy: posts small blind $1
dannysalami: posts big blind $3
*** HOLE CARDS ***
conanboy: folds
Uncalled bet ($2) returned to dannysalami
dannysalami collected $2 from pot
dannysalami: doesn't show hand
*** SUMMARY ***
Total pot $2 | Rake $0
Seat 3: dannysalami (big blind) collected ($2)
Seat 5: conanboy (button) (small blind) folded before Flop


PokerStars Hand #155390672426:  Hold'em Limit ($3/$6 USD) - 2016/06/30 13:12:22 ET
Table 'Calvinia' 6-max Seat #3 is the button
Seat 3: dannysalami ($177.86 in chips)
Seat 5: conanboy ($73 in chips)
dannysalami: posts small blind $1
conanboy: posts big blind $3
*** HOLE CARDS ***
dannysalami: folds
Uncalled bet ($2) returned to conanboy
conanboy collected $2 from pot
conanboy: doesn't show hand
*** SUMMARY ***
Total pot $2 | Rake $0
Seat 3: dannysalami (button) (small blind) folded before Flop
Seat 5: conanboy (big blind) collected ($2)


PokerStars Hand #155390667909:  Hold'em Limit ($3/$6 USD) - 2016/06/30 13:12:16 ET
Table 'Calvinia' 6-max Seat #5 is the button
Seat 3: dannysalami ($176.86 in chips)
Seat 5: conanboy ($74 in chips)
conanboy: posts small blind $1
vestimokrec: is sitting out
Ale4o: is sitting out
dannysalami: posts big blind $3
*** HOLE CARDS ***
vestimokrec leaves the table
Ale4o leaves the table
conanboy: folds
Uncalled bet ($2) returned to dannysalami
dannysalami collected $2 from pot
dannysalami: doesn't show hand
*** SUMMARY ***
Total pot $2 | Rake $0
Seat 3: dannysalami (big blind) collected ($2)
Seat 5: conanboy (button) (small blind) folded before Flop


PokerStars Hand #155390699163:  Hold'em Limit ($3/$6 USD) - 2016/06/30 13:13:01 ET
Table 'Calvinia' 6-max Seat #5 is the button
Seat 3: dannysalami ($198.36 in chips)
Seat 5: conanboy ($52 in chips)
conanboy: posts small blind $1
dannysalami: posts big blind $3
*** HOLE CARDS ***
conanboy: folds
Uncalled bet ($2) returned to dannysalami
dannysalami collected $2 from pot
dannysalami: doesn't show hand
*** SUMMARY ***
Total pot $2 | Rake $0
Seat 3: dannysalami (big blind) collected ($2)
Seat 5: conanboy (button) (small blind) folded before Flop


PokerStars Hand #155390680210:  Hold'em Limit ($3/$6 USD) - 2016/06/30 13:12:33 ET
Table 'Calvinia' 6-max Seat #3 is the button
Seat 3: dannysalami ($177.86 in chips)
Seat 5: conanboy ($73 in chips)
dannysalami: posts small blind $1
conanboy: posts big blind $3
*** HOLE CARDS ***
dannysalami: raises $3 to $6
conanboy: calls $3
*** FLOP *** [Tc Jd 4h]
conanboy: bets $3
dannysalami: calls $3
*** TURN *** [Tc Jd 4h] [6d]
conanboy: bets $6
dannysalami: calls $6
*** RIVER *** [Tc Jd 4h 6d] [9c]
conanboy: checks
dannysalami: bets $6
conanboy: calls $6
*** SHOW DOWN ***
dannysalami: shows [9h Th] (two pair, Tens and Nines)
conanboy: mucks hand
dannysalami collected $41.50 from pot
*** SUMMARY ***
Total pot $42 | Rake $0.50
Board [Tc Jd 4h 6d 9c]
Seat 3: dannysalami (button) (small blind) showed [9h Th] and won ($41.50) with two pair, Tens and Nines
Seat 5: conanboy (big blind) mucked


PokerStars Hand #155390755078:  Hold'em Limit ($3/$6 USD) - 2016/06/30 13:14:21 ET
Table 'Calvinia' 6-max Seat #5 is the button
Seat 3: dannysalami ($186.86 in chips)
Seat 5: conanboy ($122.14 in chips)
conanboy: posts small blind $1
dannysalami: posts big blind $3
*** HOLE CARDS ***
conanboy: raises $3 to $6
dannysalami: calls $3
*** FLOP *** [6h Qd 8d]
dannysalami: checks
conanboy: bets $3
dannysalami: folds
Uncalled bet ($3) returned to conanboy
boony444 leaves the table
conanboy collected $11.76 from pot
conanboy: doesn't show hand
*** SUMMARY ***
Total pot $12 | Rake $0.24
Board [6h Qd 8d]
Seat 3: dannysalami (big blind) folded on the Flop
Seat 5: conanboy (button) (small blind) collected ($11.76)


PokerStars Hand #155390731503:  Hold'em Limit ($3/$6 USD) - 2016/06/30 13:13:47 ET
Table 'Calvinia' 6-max Seat #3 is the button
Seat 3: dannysalami ($213.86 in chips)
Seat 5: conanboy ($35.64 in chips)
dannysalami: posts small blind $1
conanboy: posts big blind $3
*** HOLE CARDS ***
dannysalami: raises $3 to $6
conanboy: raises $3 to $9
dannysalami: raises $3 to $12
Betting is capped
conanboy: calls $3
*** FLOP *** [3d Qc 5d]
conanboy: bets $3
dannysalami: calls $3
*** TURN *** [3d Qc 5d] [Ks]
conanboy: bets $6
dannysalami: calls $6
*** RIVER *** [3d Qc 5d Ks] [8s]
conanboy: checks
dannysalami: bets $6
conanboy: calls $6
*** SHOW DOWN ***
dannysalami: shows [Jd Th] (high card King)
conanboy: shows [Ah 2h] (high card Ace)
conanboy collected $53.50 from pot
*** SUMMARY ***
Total pot $54 | Rake $0.50
Board [3d Qc 5d Ks 8s]
Seat 3: dannysalami (button) (small blind) showed [Jd Th] and lost with high card King
Seat 5: conanboy (big blind) showed [Ah 2h] and won ($53.50) with high card Ace


PokerStars Hand #155390711029:  Hold'em Limit ($3/$6 USD) - 2016/06/30 13:13:18 ET
Table 'Calvinia' 6-max Seat #5 is the button
Seat 3: dannysalami ($190.36 in chips)
Seat 5: conanboy ($59.64 in chips)
conanboy: posts small blind $1
dannysalami: posts big blind $3
*** HOLE CARDS ***
conanboy: raises $3 to $6
dannysalami: raises $3 to $9
conanboy: raises $3 to $12
Betting is capped
dannysalami: calls $3
*** FLOP *** [Th 2h Td]
dannysalami: checks
conanboy: bets $3
dannysalami: raises $3 to $6
conanboy: calls $3
*** TURN *** [Th 2h Td] [9d]
dannysalami: bets $6
conanboy: calls $6
*** RIVER *** [Th 2h Td 9d] [3s]
dannysalami: bets $6
conanboy: folds
Uncalled bet ($6) returned to dannysalami
dannysalami collected $47.50 from pot
dannysalami: doesn't show hand
*** SUMMARY ***
Total pot $48 | Rake $0.50
Board [Th 2h Td 9d 3s]
Seat 3: dannysalami (big blind) collected ($47.50)
Seat 5: conanboy (button) (small blind) folded on the River


PokerStars Hand #155390776401:  Hold'em Limit ($3/$6 USD) - 2016/06/30 13:14:52 ET
Table 'Calvinia' 6-max Seat #5 is the button
Seat 3: dannysalami ($156.86 in chips)
Seat 5: conanboy ($151.40 in chips)
conanboy: posts small blind $1
dannysalami: posts big blind $3
*** HOLE CARDS ***
conanboy: raises $3 to $6
dannysalami: raises $3 to $9
conanboy: calls $3
*** FLOP *** [7s 7c Th]
dannysalami: bets $3
conanboy: calls $3
*** TURN *** [7s 7c Th] [Kh]
dannysalami: bets $6
conanboy: calls $6
*** RIVER *** [7s 7c Th Kh] [Kd]
dannysalami: bets $6
conanboy: calls $6
*** SHOW DOWN ***
dannysalami: shows [Ts 9s] (two pair, Kings and Tens)
conanboy: mucks hand
dannysalami collected $47.50 from pot
*** SUMMARY ***
Total pot $48 | Rake $0.50
Board [7s 7c Th Kh Kd]
Seat 3: dannysalami (big blind) showed [Ts 9s] and won ($47.50) with two pair, Kings and Tens
Seat 5: conanboy (button) (small blind) mucked


PokerStars Hand #155390763086:  Hold'em Limit ($3/$6 USD) - 2016/06/30 13:14:33 ET
Table 'Calvinia' 6-max Seat #3 is the button
Seat 3: dannysalami ($180.86 in chips)
Seat 5: conanboy ($127.90 in chips)
dannysalami: posts small blind $1
conanboy: posts big blind $3
*** HOLE CARDS ***
dannysalami: raises $3 to $6
conanboy: calls $3
*** FLOP *** [Kd 6h 2s]
conanboy: checks
dannysalami: checks
*** TURN *** [Kd 6h 2s] [5h]
conanboy: bets $6
dannysalami: raises $6 to $12
conanboy: calls $6
*** RIVER *** [Kd 6h 2s 5h] [Ad]
conanboy: checks
dannysalami: bets $6
conanboy: calls $6
*** SHOW DOWN ***
dannysalami: shows [7s 8c] (high card Ace)
conanboy: shows [Td 6s] (a pair of Sixes)
conanboy collected $47.50 from pot
*** SUMMARY ***
Total pot $48 | Rake $0.50
Board [Kd 6h 2s 5h Ad]
Seat 3: dannysalami (button) (small blind) showed [7s 8c] and lost with high card Ace
Seat 5: conanboy (big blind) showed [Td 6s] and won ($47.50) with a pair of Sixes


PokerStars Hand #155390793493:  Hold'em Limit ($3/$6 USD) - 2016/06/30 13:15:16 ET
Table 'Calvinia' 6-max Seat #5 is the button
Seat 3: dannysalami ($183.36 in chips)
Seat 5: conanboy ($124.40 in chips)
conanboy: posts small blind $1
dannysalami: posts big blind $3
*** HOLE CARDS ***
conanboy: raises $3 to $6
dannysalami: raises $3 to $9
conanboy: raises $3 to $12
Betting is capped
dannysalami: calls $3
*** FLOP *** [7c Ah 7d]
dannysalami: checks
conanboy: bets $3
dannysalami: calls $3
*** TURN *** [7c Ah 7d] [5c]
dannysalami: checks
conanboy: bets $6
dannysalami: raises $6 to $12
conanboy: calls $6
*** RIVER *** [7c Ah 7d 5c] [Qd]
dannysalami: bets $6
conanboy: calls $6
*** SHOW DOWN ***
dannysalami: shows [As Ad] (a full house, Aces full of Sevens)
conanboy: mucks hand
dannysalami collected $65.50 from pot
*** SUMMARY ***
Total pot $66 | Rake $0.50
Board [7c Ah 7d 5c Qd]
Seat 3: dannysalami (big blind) showed [As Ad] and won ($65.50) with a full house, Aces full of Sevens
Seat 5: conanboy (button) (small blind) mucked


PokerStars Hand #155390830762:  Hold'em Limit ($3/$6 USD) - 2016/06/30 13:16:10 ET
Table 'Calvinia' 6-max Seat #3 is the button
Seat 3: dannysalami ($206.62 in chips)
Seat 5: conanboy ($99.90 in chips)
dannysalami: posts small blind $1
conanboy: posts big blind $3
*** HOLE CARDS ***
dannysalami: folds
Uncalled bet ($2) returned to conanboy
conanboy collected $2 from pot
conanboy: doesn't show hand
*** SUMMARY ***
Total pot $2 | Rake $0
Seat 3: dannysalami (button) (small blind) folded before Flop
Seat 5: conanboy (big blind) collected ($2)


PokerStars Hand #155390817247:  Hold'em Limit ($3/$6 USD) - 2016/06/30 13:15:51 ET
Table 'Calvinia' 6-max Seat #5 is the button
Seat 3: dannysalami ($221.62 in chips)
Seat 5: conanboy ($85.40 in chips)
conanboy: posts small blind $1
dannysalami: posts big blind $3
*** HOLE CARDS ***
conanboy: raises $3 to $6
dannysalami: calls $3
*** FLOP *** [Kh 6c 9d]
dannysalami: checks
conanboy: bets $3
dannysalami: calls $3
*** TURN *** [Kh 6c 9d] [Ah]
dannysalami: checks
conanboy: bets $6
dannysalami: calls $6
*** RIVER *** [Kh 6c 9d Ah] [3c]
dannysalami: checks
conanboy: bets $6
dannysalami: folds
Uncalled bet ($6) returned to conanboy
conanboy collected $29.50 from pot
conanboy: doesn't show hand
*** SUMMARY ***
Total pot $30 | Rake $0.50
Board [Kh 6c 9d Ah 3c]
Seat 3: dannysalami (big blind) folded on the River
Seat 5: conanboy (button) (small blind) collected ($29.50)


PokerStars Hand #155390833686:  Hold'em Limit ($3/$6 USD) - 2016/06/30 13:16:15 ET
Table 'Calvinia' 6-max Seat #5 is the button
Seat 3: dannysalami ($205.62 in chips)
Seat 5: conanboy ($100.90 in chips)
conanboy: posts small blind $1
dannysalami: posts big blind $3
*** HOLE CARDS ***
conanboy: raises $3 to $6
dannysalami: raises $3 to $9
conanboy: raises $3 to $12
Betting is capped
dannysalami: calls $3
*** FLOP *** [9h Qd 3h]
dannysalami: checks
conanboy: bets $3
dannysalami: calls $3
*** TURN *** [9h Qd 3h] [4h]
dannysalami: checks
conanboy: checks
*** RIVER *** [9h Qd 3h 4h] [7s]
dannysalami: bets $6
conanboy: calls $6
*** SHOW DOWN ***
dannysalami: shows [6c 6s] (a pair of Sixes)
conanboy: mucks hand
dannysalami collected $41.50 from pot
*** SUMMARY ***
Total pot $42 | Rake $0.50
Board [9h Qd 3h 4h 7s]
Seat 3: dannysalami (big blind) showed [6c 6s] and won ($41.50) with a pair of Sixes
Seat 5: conanboy (button) (small blind) mucked


PokerStars Hand #155390848126:  Hold'em Limit ($3/$6 USD) - 2016/06/30 13:16:36 ET
Table 'Calvinia' 6-max Seat #3 is the button
Seat 3: dannysalami ($226.12 in chips)
Seat 5: conanboy ($79.90 in chips)
dannysalami: posts small blind $1
conanboy: posts big blind $3
*** HOLE CARDS ***
dannysalami: raises $3 to $6
conanboy: raises $3 to $9
dannysalami: calls $3
*** FLOP *** [3s 8s Kc]
conanboy: bets $3
dannysalami: calls $3
*** TURN *** [3s 8s Kc] [Td]
conanboy: bets $6
dannysalami: calls $6
*** RIVER *** [3s 8s Kc Td] [6h]
conanboy: bets $6
dannysalami: calls $6
*** SHOW DOWN ***
conanboy: shows [8d As] (a pair of Eights)
dannysalami: mucks hand
conanboy collected $47.50 from pot
*** SUMMARY ***
Total pot $48 | Rake $0.50
Board [3s 8s Kc Td 6h]
Seat 3: dannysalami (button) (small blind) mucked
Seat 5: conanboy (big blind) showed [8d As] and won ($47.50) with a pair of Eights


PokerStars Hand #155390861855:  Hold'em Limit ($3/$6 USD) - 2016/06/30 13:16:55 ET
Table 'Calvinia' 6-max Seat #5 is the button
Seat 3: dannysalami ($202.12 in chips)
Seat 5: conanboy ($103.40 in chips)
conanboy: posts small blind $1
dannysalami: posts big blind $3
*** HOLE CARDS ***
conanboy: raises $3 to $6
dannysalami: raises $3 to $9
conanboy: calls $3
*** FLOP *** [9d Tc 2d]
dannysalami: checks
conanboy: bets $3
dannysalami: raises $3 to $6
conanboy: calls $3
*** TURN *** [9d Tc 2d] [9h]
dannysalami: bets $6
conanboy: raises $6 to $12
dannysalami: calls $6
*** RIVER *** [9d Tc 2d 9h] [8c]
dannysalami: checks
conanboy: bets $6
dannysalami: calls $6
*** SHOW DOWN ***
conanboy: shows [9s 8s] (a full house, Nines full of Eights)
dannysalami: mucks hand
conanboy collected $65.50 from pot
*** SUMMARY ***
Total pot $66 | Rake $0.50
Board [9d Tc 2d 9h 8c]
Seat 3: dannysalami (big blind) mucked
Seat 5: conanboy (button) (small blind) showed [9s 8s] and won ($65.50) with a full house, Nines full of Eights


PokerStars Hand #155390893540:  Hold'em Limit ($3/$6 USD) - 2016/06/30 13:17:30 ET
Table 'Calvinia' 6-max Seat #3 is the button
Seat 3: dannysalami ($169.12 in chips)
Seat 5: conanboy ($135.90 in chips)
dannysalami: posts small blind $1
conanboy: posts big blind $3
*** HOLE CARDS ***
dannysalami: raises $3 to $6
conanboy: calls $3
*** FLOP *** [2s 7s 2d]
conanboy: checks
dannysalami: checks
*** TURN *** [2s 7s 2d] [9d]
conanboy: bets $6
dannysalami: calls $6
*** RIVER *** [2s 7s 2d 9d] [Ah]
conanboy: bets $6
dannysalami: folds
Uncalled bet ($6) returned to conanboy
conanboy collected $23.52 from pot
conanboy: doesn't show hand
*** SUMMARY ***
Total pot $24 | Rake $0.48
Board [2s 7s 2d 9d Ah]
Seat 3: dannysalami (button) (small blind) folded on the River
Seat 5: conanboy (big blind) collected ($23.52)


PokerStars Hand #155390919342:  Hold'em Limit ($3/$6 USD) - 2016/06/30 13:18:08 ET
Table 'Calvinia' 6-max Seat #3 is the button
Seat 3: dannysalami ($127.12 in chips)
Seat 5: conanboy ($176.92 in chips)
dannysalami: posts small blind $1
conanboy: posts big blind $3
*** HOLE CARDS ***
dannysalami: raises $3 to $6
conanboy: calls $3
*** FLOP *** [Js 7d Ah]
conanboy: checks
dannysalami: bets $3
conanboy: folds
Uncalled bet ($3) returned to dannysalami
dannysalami collected $11.76 from pot
dannysalami: doesn't show hand
*** SUMMARY ***
Total pot $12 | Rake $0.24
Board [Js 7d Ah]
Seat 3: dannysalami (button) (small blind) collected ($11.76)
Seat 5: conanboy (big blind) folded on the Flop


PokerStars Hand #155390904992:  Hold'em Limit ($3/$6 USD) - 2016/06/30 13:17:47 ET
Table 'Calvinia' 6-max Seat #5 is the button
Seat 3: dannysalami ($157.12 in chips)
Seat 5: conanboy ($147.42 in chips)
conanboy: posts small blind $1
dannysalami: posts big blind $3
*** HOLE CARDS ***
conanboy: raises $3 to $6
dannysalami: raises $3 to $9
conanboy: calls $3
*** FLOP *** [8s 2d 4s]
dannysalami: bets $3
conanboy: calls $3
*** TURN *** [8s 2d 4s] [2c]
dannysalami: bets $6
conanboy: raises $6 to $12
dannysalami: calls $6
*** RIVER *** [8s 2d 4s 2c] [Qc]
dannysalami: checks
conanboy: bets $6
dannysalami: calls $6
*** SHOW DOWN ***
conanboy: shows [2s 5s] (three of a kind, Deuces)
dannysalami: mucks hand
conanboy collected $59.50 from pot
*** SUMMARY ***
Total pot $60 | Rake $0.50
Board [8s 2d 4s 2c Qc]
Seat 3: dannysalami (big blind) mucked
Seat 5: conanboy (button) (small blind) showed [2s 5s] and won ($59.50) with three of a kind, Deuces


PokerStars Hand #155390929430:  Hold'em Limit ($3/$6 USD) - 2016/06/30 13:18:22 ET
Table 'Calvinia' 6-max Seat #5 is the button
Seat 3: dannysalami ($132.88 in chips)
Seat 5: conanboy ($170.92 in chips)
conanboy: posts small blind $1
dannysalami: posts big blind $3
*** HOLE CARDS ***
conanboy: raises $3 to $6
dannysalami: folds
Uncalled bet ($3) returned to conanboy
conanboy collected $6 from pot
conanboy: doesn't show hand
*** SUMMARY ***
Total pot $6 | Rake $0
Seat 3: dannysalami (big blind) folded before Flop
Seat 5: conanboy (button) (small blind) collected ($6)


PokerStars Hand #155397569756:  Hold'em Limit ($3/$6 USD) - 2016/06/30 15:55:05 ET
Table 'Calvinia' 6-max Seat #3 is the button
Seat 3: mtos ($101.62 in chips)
Seat 6: jackRizzar ($288.44 in chips)
mtos: posts small blind $1
Butifara4416: is sitting out
jackRizzar: posts big blind $3
*** HOLE CARDS ***
Butifara4416 leaves the table
mtos: raises $3 to $6
jackRizzar: raises $3 to $9
mtos: calls $3
*** FLOP *** [2d Qc 2h]
jackRizzar: bets $3
mtos: calls $3
*** TURN *** [2d Qc 2h] [8h]
jackRizzar: bets $6
mtos: raises $6 to $12
jackRizzar: calls $6
*** RIVER *** [2d Qc 2h 8h] [2c]
jackRizzar: checks
mtos: bets $6
jackRizzar: calls $6
*** SHOW DOWN ***
mtos: shows [7h Qh] (a full house, Deuces full of Queens)
jackRizzar: shows [Qd Jd] (a full house, Deuces full of Queens)
jackRizzar collected $29.75 from pot
mtos collected $29.75 from pot
*** SUMMARY ***
Total pot $60 | Rake $0.50
Board [2d Qc 2h 8h 2c]
Seat 3: mtos (button) (small blind) showed [7h Qh] and won ($29.75) with a full house, Deuces full of Queens
Seat 6: jackRizzar (big blind) showed [Qd Jd] and won ($29.75) with a full house, Deuces full of Queens


