PokerStars Hand #146675663356:  Hold'em Limit ($3/$6 USD) - 2016/01/08 8:28:14 ET
Table 'Calvinia III' 2-max Seat #2 is the button
Seat 1: _fayzulllo_ ($54 in chips)
Seat 2: mdif ($137.50 in chips)
mdif: posts small blind $1
_fayzulllo_: posts big blind $3
*** HOLE CARDS ***
mdif: raises $3 to $6
_fayzulllo_: calls $3
*** FLOP *** [4s Ac 6h]
_fayzulllo_: checks
mdif: bets $3
_fayzulllo_: calls $3
*** TURN *** [4s Ac 6h] [Qd]
_fayzulllo_: checks
mdif: bets $6
_fayzulllo_: calls $6
*** RIVER *** [4s Ac 6h Qd] [9s]
_fayzulllo_: checks
mdif: checks
*** SHOW DOWN ***
_fayzulllo_: shows [2c 2h] (a pair of Deuces)
mdif: shows [6s 5d] (a pair of Sixes)
mdif collected $29.50 from pot
*** SUMMARY ***
Total pot $30 | Rake $0.50
Board [4s Ac 6h Qd 9s]
Seat 1: _fayzulllo_ (big blind) showed [2c 2h] and lost with a pair of Deuces
Seat 2: mdif (button) (small blind) showed [6s 5d] and won ($29.50) with a pair of Sixes


PokerStars Hand #146675647739:  Hold'em Limit ($3/$6 USD) - 2016/01/08 8:27:52 ET
Table 'Calvinia III' 2-max Seat #1 is the button
Seat 1: _fayzulllo_ ($69 in chips)
Seat 2: mdif ($123 in chips)
_fayzulllo_: posts small blind $1
mdif: posts big blind $3
*** HOLE CARDS ***
_fayzulllo_: calls $2
mdif: raises $3 to $6
_fayzulllo_: calls $3
*** FLOP *** [6c Qh 2c]
mdif: bets $3
_fayzulllo_: calls $3
*** TURN *** [6c Qh 2c] [4d]
mdif: checks
_fayzulllo_: checks
*** RIVER *** [6c Qh 2c 4d] [7d]
mdif: checks
_fayzulllo_: bets $6
mdif: calls $6
*** SHOW DOWN ***
_fayzulllo_: shows [3d 8d] (high card Queen)
mdif: shows [Ac 8c] (high card Ace)
mdif collected $29.50 from pot
*** SUMMARY ***
Total pot $30 | Rake $0.50
Board [6c Qh 2c 4d 7d]
Seat 1: _fayzulllo_ (button) (small blind) showed [3d 8d] and lost with high card Queen
Seat 2: mdif (big blind) showed [Ac 8c] and won ($29.50) with high card Ace


PokerStars Hand #146675678831:  Hold'em Limit ($3/$6 USD) - 2016/01/08 8:28:37 ET
Table 'Calvinia III' 2-max Seat #1 is the button
Seat 1: _fayzulllo_ ($39 in chips)
Seat 2: mdif ($152 in chips)
_fayzulllo_: posts small blind $1
mdif: posts big blind $3
*** HOLE CARDS ***
_fayzulllo_: folds
Uncalled bet ($2) returned to mdif
mdif collected $2 from pot
mdif: doesn't show hand
*** SUMMARY ***
Total pot $2 | Rake $0
Seat 1: _fayzulllo_ (button) (small blind) folded before Flop
Seat 2: mdif (big blind) collected ($2)


PokerStars Hand #146675682940:  Hold'em Limit ($3/$6 USD) - 2016/01/08 8:28:43 ET
Table 'Calvinia III' 2-max Seat #2 is the button
Seat 1: _fayzulllo_ ($38 in chips)
Seat 2: mdif ($153 in chips)
mdif: posts small blind $1
_fayzulllo_: posts big blind $3
*** HOLE CARDS ***
mdif: raises $3 to $6
_fayzulllo_: calls $3
*** FLOP *** [As 7h 9s]
_fayzulllo_: checks
mdif: bets $3
_fayzulllo_: calls $3
*** TURN *** [As 7h 9s] [8c]
_fayzulllo_: checks
mdif: bets $6
_fayzulllo_: folds
Uncalled bet ($6) returned to mdif
mdif collected $17.64 from pot
mdif: doesn't show hand
*** SUMMARY ***
Total pot $18 | Rake $0.36
Board [As 7h 9s 8c]
Seat 1: _fayzulllo_ (big blind) folded on the Turn
Seat 2: mdif (button) (small blind) collected ($17.64)


PokerStars Hand #146675695428:  Hold'em Limit ($3/$6 USD) - 2016/01/08 8:29:01 ET
Table 'Calvinia III' 2-max Seat #1 is the button
Seat 1: _fayzulllo_ ($29 in chips)
Seat 2: mdif ($161.64 in chips)
_fayzulllo_: posts small blind $1
mdif: posts big blind $3
*** HOLE CARDS ***
_fayzulllo_: raises $3 to $6
mdif: calls $3
*** FLOP *** [4s 9s Ks]
mdif: checks
_fayzulllo_: checks
*** TURN *** [4s 9s Ks] [2d]
mdif: bets $6
_fayzulllo_: folds
Uncalled bet ($6) returned to mdif
mdif collected $11.76 from pot
mdif: doesn't show hand
*** SUMMARY ***
Total pot $12 | Rake $0.24
Board [4s 9s Ks 2d]
Seat 1: _fayzulllo_ (button) (small blind) folded on the Turn
Seat 2: mdif (big blind) collected ($11.76)


PokerStars Hand #146675704998:  Hold'em Limit ($3/$6 USD) - 2016/01/08 8:29:15 ET
Table 'Calvinia III' 2-max Seat #2 is the button
Seat 1: _fayzulllo_ ($23 in chips)
Seat 2: mdif ($167.40 in chips)
mdif: posts small blind $1
_fayzulllo_: posts big blind $3
*** HOLE CARDS ***
mdif: raises $3 to $6
_fayzulllo_: raises $3 to $9
mdif: calls $3
*** FLOP *** [6c Kd Ad]
_fayzulllo_: bets $3
mdif: calls $3
*** TURN *** [6c Kd Ad] [8s]
_fayzulllo_: checks
mdif: checks
*** RIVER *** [6c Kd Ad 8s] [9h]
_fayzulllo_: bets $6
mdif: calls $6
*** SHOW DOWN ***
_fayzulllo_: shows [7c 7h] (a pair of Sevens)
mdif: mucks hand
_fayzulllo_ collected $35.50 from pot
*** SUMMARY ***
Total pot $36 | Rake $0.50
Board [6c Kd Ad 8s 9h]
Seat 1: _fayzulllo_ (big blind) showed [7c 7h] and won ($35.50) with a pair of Sevens
Seat 2: mdif (button) (small blind) mucked


PokerStars Hand #146675717177:  Hold'em Limit ($3/$6 USD) - 2016/01/08 8:29:33 ET
Table 'Calvinia III' 2-max Seat #1 is the button
Seat 1: _fayzulllo_ ($40.50 in chips)
Seat 2: mdif ($149.40 in chips)
_fayzulllo_: posts small blind $1
mdif: posts big blind $3
*** HOLE CARDS ***
_fayzulllo_: calls $2
mdif: raises $3 to $6
_fayzulllo_: calls $3
*** FLOP *** [5s 7c Ks]
mdif: bets $3
_fayzulllo_: calls $3
*** TURN *** [5s 7c Ks] [2h]
mdif: checks
_fayzulllo_: checks
*** RIVER *** [5s 7c Ks 2h] [Jh]
mdif: checks
_fayzulllo_: checks
*** SHOW DOWN ***
mdif: shows [4h 4d] (a pair of Fours)
_fayzulllo_: mucks hand
mdif collected $17.64 from pot
*** SUMMARY ***
Total pot $18 | Rake $0.36
Board [5s 7c Ks 2h Jh]
Seat 1: _fayzulllo_ (button) (small blind) mucked
Seat 2: mdif (big blind) showed [4h 4d] and won ($17.64) with a pair of Fours


PokerStars Hand #146675731662:  Hold'em Limit ($3/$6 USD) - 2016/01/08 8:29:55 ET
Table 'Calvinia III' 2-max Seat #2 is the button
Seat 1: _fayzulllo_ ($31.50 in chips)
Seat 2: mdif ($158.04 in chips)
mdif: posts small blind $1
_fayzulllo_: posts big blind $3
*** HOLE CARDS ***
mdif: raises $3 to $6
_fayzulllo_: folds
Uncalled bet ($3) returned to mdif
mdif collected $6 from pot
mdif: doesn't show hand
*** SUMMARY ***
Total pot $6 | Rake $0
Seat 1: _fayzulllo_ (big blind) folded before Flop
Seat 2: mdif (button) (small blind) collected ($6)


PokerStars Hand #146675735797:  Hold'em Limit ($3/$6 USD) - 2016/01/08 8:30:01 ET
Table 'Calvinia III' 2-max Seat #1 is the button
Seat 1: _fayzulllo_ ($28.50 in chips)
Seat 2: mdif ($161.04 in chips)
_fayzulllo_: posts small blind $1
mdif: posts big blind $3
*** HOLE CARDS ***
_fayzulllo_: calls $2
mdif: checks
*** FLOP *** [5d Ah Jh]
mdif: bets $3
_fayzulllo_: folds
Uncalled bet ($3) returned to mdif
mdif collected $5.88 from pot
mdif: doesn't show hand
*** SUMMARY ***
Total pot $6 | Rake $0.12
Board [5d Ah Jh]
Seat 1: _fayzulllo_ (button) (small blind) folded on the Flop
Seat 2: mdif (big blind) collected ($5.88)


PokerStars Hand #146675746514:  Hold'em Limit ($3/$6 USD) - 2016/01/08 8:30:15 ET
Table 'Calvinia III' 2-max Seat #2 is the button
Seat 1: _fayzulllo_ ($25.50 in chips)
Seat 2: mdif ($163.92 in chips)
mdif: posts small blind $1
_fayzulllo_: posts big blind $3
*** HOLE CARDS ***
mdif: raises $3 to $6
_fayzulllo_: folds
Uncalled bet ($3) returned to mdif
mdif collected $6 from pot
mdif: doesn't show hand
*** SUMMARY ***
Total pot $6 | Rake $0
Seat 1: _fayzulllo_ (big blind) folded before Flop
Seat 2: mdif (button) (small blind) collected ($6)


PokerStars Hand #146675753030:  Hold'em Limit ($3/$6 USD) - 2016/01/08 8:30:24 ET
Table 'Calvinia III' 2-max Seat #1 is the button
Seat 1: _fayzulllo_ ($22.50 in chips)
Seat 2: mdif ($166.92 in chips)
_fayzulllo_: posts small blind $1
mdif: posts big blind $3
*** HOLE CARDS ***
_fayzulllo_: raises $3 to $6
mdif: folds
Uncalled bet ($3) returned to _fayzulllo_
_fayzulllo_ collected $6 from pot
_fayzulllo_: doesn't show hand
*** SUMMARY ***
Total pot $6 | Rake $0
Seat 1: _fayzulllo_ (button) (small blind) collected ($6)
Seat 2: mdif (big blind) folded before Flop


PokerStars Hand #146675760028:  Hold'em Limit ($3/$6 USD) - 2016/01/08 8:30:34 ET
Table 'Calvinia III' 2-max Seat #2 is the button
Seat 1: _fayzulllo_ ($25.50 in chips)
Seat 2: mdif ($163.92 in chips)
mdif: posts small blind $1
_fayzulllo_: posts big blind $3
*** HOLE CARDS ***
mdif: raises $3 to $6
_fayzulllo_: calls $3
*** FLOP *** [Js Ks Kh]
_fayzulllo_: checks
mdif: bets $3
_fayzulllo_: calls $3
*** TURN *** [Js Ks Kh] [3d]
_fayzulllo_: checks
mdif: checks
*** RIVER *** [Js Ks Kh 3d] [5c]
_fayzulllo_: bets $6
mdif: calls $6
*** SHOW DOWN ***
_fayzulllo_: shows [8s Ad] (a pair of Kings)
mdif: mucks hand
_fayzulllo_ collected $29.50 from pot
*** SUMMARY ***
Total pot $30 | Rake $0.50
Board [Js Ks Kh 3d 5c]
Seat 1: _fayzulllo_ (big blind) showed [8s Ad] and won ($29.50) with a pair of Kings
Seat 2: mdif (button) (small blind) mucked


PokerStars Hand #146675788088:  Hold'em Limit ($3/$6 USD) - 2016/01/08 8:31:14 ET
Table 'Calvinia III' 2-max Seat #2 is the button
Seat 1: _fayzulllo_ ($45.76 in chips)
Seat 2: mdif ($142.92 in chips)
mdif: posts small blind $1
_fayzulllo_: posts big blind $3
*** HOLE CARDS ***
mdif: folds
Uncalled bet ($2) returned to _fayzulllo_
_fayzulllo_ collected $2 from pot
_fayzulllo_: doesn't show hand
*** SUMMARY ***
Total pot $2 | Rake $0
Seat 1: _fayzulllo_ (big blind) collected ($2)
Seat 2: mdif (button) (small blind) folded before Flop


PokerStars Hand #146675774679:  Hold'em Limit ($3/$6 USD) - 2016/01/08 8:30:55 ET
Table 'Calvinia III' 2-max Seat #1 is the button
Seat 1: _fayzulllo_ ($40 in chips)
Seat 2: mdif ($148.92 in chips)
_fayzulllo_: posts small blind $1
mdif: posts big blind $3
*** HOLE CARDS ***
_fayzulllo_: calls $2
mdif: checks
*** FLOP *** [5s 8c 9h]
mdif: bets $3
_fayzulllo_: calls $3
*** TURN *** [5s 8c 9h] [Th]
mdif: checks
_fayzulllo_: bets $6
mdif: folds
Uncalled bet ($6) returned to _fayzulllo_
_fayzulllo_ collected $11.76 from pot
_fayzulllo_: doesn't show hand
*** SUMMARY ***
Total pot $12 | Rake $0.24
Board [5s 8c 9h Th]
Seat 1: _fayzulllo_ (button) (small blind) collected ($11.76)
Seat 2: mdif (big blind) folded on the Turn


PokerStars Hand #146675791826:  Hold'em Limit ($3/$6 USD) - 2016/01/08 8:31:19 ET
Table 'Calvinia III' 2-max Seat #1 is the button
Seat 1: _fayzulllo_ ($46.76 in chips)
Seat 2: mdif ($141.92 in chips)
_fayzulllo_: posts small blind $1
mdif: posts big blind $3
*** HOLE CARDS ***
_fayzulllo_: folds
Uncalled bet ($2) returned to mdif
mdif collected $2 from pot
mdif: doesn't show hand
*** SUMMARY ***
Total pot $2 | Rake $0
Seat 1: _fayzulllo_ (button) (small blind) folded before Flop
Seat 2: mdif (big blind) collected ($2)


PokerStars Hand #146675795568:  Hold'em Limit ($3/$6 USD) - 2016/01/08 8:31:24 ET
Table 'Calvinia III' 2-max Seat #2 is the button
Seat 1: _fayzulllo_ ($45.76 in chips)
Seat 2: mdif ($142.92 in chips)
mdif: posts small blind $1
_fayzulllo_: posts big blind $3
*** HOLE CARDS ***
mdif: raises $3 to $6
_fayzulllo_: calls $3
*** FLOP *** [2d 2s Ks]
_fayzulllo_: checks
mdif: bets $3
_fayzulllo_: calls $3
*** TURN *** [2d 2s Ks] [5s]
_fayzulllo_: checks
mdif: checks
*** RIVER *** [2d 2s Ks 5s] [9c]
_fayzulllo_: bets $6
mdif: calls $6
*** SHOW DOWN ***
_fayzulllo_: shows [2c Jc] (three of a kind, Deuces)
mdif: mucks hand
_fayzulllo_ collected $29.50 from pot
*** SUMMARY ***
Total pot $30 | Rake $0.50
Board [2d 2s Ks 5s 9c]
Seat 1: _fayzulllo_ (big blind) showed [2c Jc] and won ($29.50) with three of a kind, Deuces
Seat 2: mdif (button) (small blind) mucked


PokerStars Hand #146675807589:  Hold'em Limit ($3/$6 USD) - 2016/01/08 8:31:41 ET
Table 'Calvinia III' 2-max Seat #1 is the button
Seat 1: _fayzulllo_ ($60.26 in chips)
Seat 2: mdif ($127.92 in chips)
_fayzulllo_: posts small blind $1
mdif: posts big blind $3
*** HOLE CARDS ***
_fayzulllo_: raises $3 to $6
mdif: calls $3
*** FLOP *** [8d 2d 5d]
mdif: checks
_fayzulllo_: checks
*** TURN *** [8d 2d 5d] [Kh]
mdif: bets $6
_fayzulllo_: folds
Uncalled bet ($6) returned to mdif
mdif collected $11.76 from pot
mdif: doesn't show hand
*** SUMMARY ***
Total pot $12 | Rake $0.24
Board [8d 2d 5d Kh]
Seat 1: _fayzulllo_ (button) (small blind) folded on the Turn
Seat 2: mdif (big blind) collected ($11.76)


PokerStars Hand #146675829431:  Hold'em Limit ($3/$6 USD) - 2016/01/08 8:32:11 ET
Table 'Calvinia III' 2-max Seat #1 is the button
Seat 1: _fayzulllo_ ($62.90 in chips)
Seat 2: mdif ($124.68 in chips)
_fayzulllo_: posts small blind $1
mdif: posts big blind $3
*** HOLE CARDS ***
_fayzulllo_: raises $3 to $6
mdif: folds
Uncalled bet ($3) returned to _fayzulllo_
_fayzulllo_ collected $6 from pot
_fayzulllo_: doesn't show hand
*** SUMMARY ***
Total pot $6 | Rake $0
Seat 1: _fayzulllo_ (button) (small blind) collected ($6)
Seat 2: mdif (big blind) folded before Flop


PokerStars Hand #146675818477:  Hold'em Limit ($3/$6 USD) - 2016/01/08 8:31:56 ET
Table 'Calvinia III' 2-max Seat #2 is the button
Seat 1: _fayzulllo_ ($54.26 in chips)
Seat 2: mdif ($133.68 in chips)
mdif: posts small blind $1
_fayzulllo_: posts big blind $3
*** HOLE CARDS ***
mdif: raises $3 to $6
_fayzulllo_: calls $3
*** FLOP *** [8c 3d Qd]
_fayzulllo_: checks
mdif: bets $3
_fayzulllo_: raises $3 to $6
mdif: folds
Uncalled bet ($3) returned to _fayzulllo_
_fayzulllo_ collected $17.64 from pot
_fayzulllo_: doesn't show hand
*** SUMMARY ***
Total pot $18 | Rake $0.36
Board [8c 3d Qd]
Seat 1: _fayzulllo_ (big blind) collected ($17.64)
Seat 2: mdif (button) (small blind) folded on the Flop


PokerStars Hand #146675834781:  Hold'em Limit ($3/$6 USD) - 2016/01/08 8:32:19 ET
Table 'Calvinia III' 2-max Seat #2 is the button
Seat 1: _fayzulllo_ ($65.90 in chips)
Seat 2: mdif ($121.68 in chips)
mdif: posts small blind $1
_fayzulllo_: posts big blind $3
*** HOLE CARDS ***
mdif: raises $3 to $6
_fayzulllo_: calls $3
*** FLOP *** [2s Kh 3s]
_fayzulllo_: checks
mdif: bets $3
_fayzulllo_: calls $3
*** TURN *** [2s Kh 3s] [3c]
_fayzulllo_: checks
mdif: bets $6
_fayzulllo_: raises $6 to $12
mdif: folds
Uncalled bet ($6) returned to _fayzulllo_
_fayzulllo_ collected $29.50 from pot
_fayzulllo_: doesn't show hand
*** SUMMARY ***
Total pot $30 | Rake $0.50
Board [2s Kh 3s 3c]
Seat 1: _fayzulllo_ (big blind) collected ($29.50)
Seat 2: mdif (button) (small blind) folded on the Turn


PokerStars Hand #146675846726:  Hold'em Limit ($3/$6 USD) - 2016/01/08 8:32:36 ET
Table 'Calvinia III' 2-max Seat #1 is the button
Seat 1: _fayzulllo_ ($80.40 in chips)
Seat 2: mdif ($120 in chips)
_fayzulllo_: posts small blind $1
mdif: posts big blind $3
*** HOLE CARDS ***
_fayzulllo_: raises $3 to $6
mdif: folds
Uncalled bet ($3) returned to _fayzulllo_
_fayzulllo_ collected $6 from pot
_fayzulllo_: doesn't show hand
*** SUMMARY ***
Total pot $6 | Rake $0
Seat 1: _fayzulllo_ (button) (small blind) collected ($6)
Seat 2: mdif (big blind) folded before Flop


PokerStars Hand #146675851152:  Hold'em Limit ($3/$6 USD) - 2016/01/08 8:32:42 ET
Table 'Calvinia III' 2-max Seat #2 is the button
Seat 1: _fayzulllo_ ($83.40 in chips)
Seat 2: mdif ($120 in chips)
mdif: posts small blind $1
_fayzulllo_: posts big blind $3
*** HOLE CARDS ***
mdif: raises $3 to $6
_fayzulllo_: calls $3
*** FLOP *** [5c 4c 6c]
_fayzulllo_: checks
mdif: bets $3
_fayzulllo_: calls $3
*** TURN *** [5c 4c 6c] [Jh]
_fayzulllo_: checks
mdif: bets $6
_fayzulllo_: folds
Uncalled bet ($6) returned to mdif
mdif collected $17.64 from pot
mdif: doesn't show hand
*** SUMMARY ***
Total pot $18 | Rake $0.36
Board [5c 4c 6c Jh]
Seat 1: _fayzulllo_ (big blind) folded on the Turn
Seat 2: mdif (button) (small blind) collected ($17.64)


PokerStars Hand #146675866505:  Hold'em Limit ($3/$6 USD) - 2016/01/08 8:33:03 ET
Table 'Calvinia III' 2-max Seat #2 is the button
Seat 1: _fayzulllo_ ($73.40 in chips)
Seat 2: mdif ($129.64 in chips)
mdif: posts small blind $1
_fayzulllo_: posts big blind $3
*** HOLE CARDS ***
mdif: folds
Uncalled bet ($2) returned to _fayzulllo_
_fayzulllo_ collected $2 from pot
_fayzulllo_: doesn't show hand
*** SUMMARY ***
Total pot $2 | Rake $0
Seat 1: _fayzulllo_ (big blind) collected ($2)
Seat 2: mdif (button) (small blind) folded before Flop


PokerStars Hand #146675861866:  Hold'em Limit ($3/$6 USD) - 2016/01/08 8:32:57 ET
Table 'Calvinia III' 2-max Seat #1 is the button
Seat 1: _fayzulllo_ ($74.40 in chips)
Seat 2: mdif ($128.64 in chips)
_fayzulllo_: posts small blind $1
mdif: posts big blind $3
*** HOLE CARDS ***
_fayzulllo_: folds
Uncalled bet ($2) returned to mdif
mdif collected $2 from pot
mdif: doesn't show hand
*** SUMMARY ***
Total pot $2 | Rake $0
Seat 1: _fayzulllo_ (button) (small blind) folded before Flop
Seat 2: mdif (big blind) collected ($2)


PokerStars Hand #146675870410:  Hold'em Limit ($3/$6 USD) - 2016/01/08 8:33:09 ET
Table 'Calvinia III' 2-max Seat #1 is the button
Seat 1: _fayzulllo_ ($74.40 in chips)
Seat 2: mdif ($128.64 in chips)
_fayzulllo_: posts small blind $1
mdif: posts big blind $3
*** HOLE CARDS ***
_fayzulllo_: raises $3 to $6
mdif: folds
Uncalled bet ($3) returned to _fayzulllo_
_fayzulllo_ collected $6 from pot
_fayzulllo_: doesn't show hand
*** SUMMARY ***
Total pot $6 | Rake $0
Seat 1: _fayzulllo_ (button) (small blind) collected ($6)
Seat 2: mdif (big blind) folded before Flop


PokerStars Hand #146675874791:  Hold'em Limit ($3/$6 USD) - 2016/01/08 8:33:15 ET
Table 'Calvinia III' 2-max Seat #2 is the button
Seat 1: _fayzulllo_ ($77.40 in chips)
Seat 2: mdif ($125.64 in chips)
mdif: posts small blind $1
_fayzulllo_: posts big blind $3
*** HOLE CARDS ***
mdif: raises $3 to $6
_fayzulllo_: calls $3
*** FLOP *** [3d Ac 7s]
_fayzulllo_: checks
mdif: bets $3
_fayzulllo_: calls $3
*** TURN *** [3d Ac 7s] [4h]
_fayzulllo_: checks
mdif: checks
*** RIVER *** [3d Ac 7s 4h] [Ah]
_fayzulllo_: bets $6
mdif: folds
Uncalled bet ($6) returned to _fayzulllo_
_fayzulllo_ collected $17.64 from pot
_fayzulllo_: doesn't show hand
*** SUMMARY ***
Total pot $18 | Rake $0.36
Board [3d Ac 7s 4h Ah]
Seat 1: _fayzulllo_ (big blind) collected ($17.64)
Seat 2: mdif (button) (small blind) folded on the River


PokerStars Hand #146675888543:  Hold'em Limit ($3/$6 USD) - 2016/01/08 8:33:34 ET
Table 'Calvinia III' 2-max Seat #1 is the button
Seat 1: _fayzulllo_ ($86.04 in chips)
Seat 2: mdif ($120 in chips)
_fayzulllo_: posts small blind $1
mdif: posts big blind $3
*** HOLE CARDS ***
_fayzulllo_: calls $2
mdif: checks
*** FLOP *** [Kd 4c 9h]
mdif: bets $3
_fayzulllo_: folds
Uncalled bet ($3) returned to mdif
mdif collected $5.88 from pot
mdif: doesn't show hand
*** SUMMARY ***
Total pot $6 | Rake $0.12
Board [Kd 4c 9h]
Seat 1: _fayzulllo_ (button) (small blind) folded on the Flop
Seat 2: mdif (big blind) collected ($5.88)


PokerStars Hand #146675896599:  Hold'em Limit ($3/$6 USD) - 2016/01/08 8:33:46 ET
Table 'Calvinia III' 2-max Seat #2 is the button
Seat 1: _fayzulllo_ ($83.04 in chips)
Seat 2: mdif ($122.88 in chips)
mdif: posts small blind $1
_fayzulllo_: posts big blind $3
*** HOLE CARDS ***
mdif: raises $3 to $6
_fayzulllo_: calls $3
*** FLOP *** [2d Jh 8c]
_fayzulllo_: checks
mdif: bets $3
_fayzulllo_: calls $3
*** TURN *** [2d Jh 8c] [5s]
_fayzulllo_: checks
mdif: bets $6
_fayzulllo_: calls $6
*** RIVER *** [2d Jh 8c 5s] [Ks]
_fayzulllo_: checks
mdif: bets $6
_fayzulllo_: raises $6 to $12
mdif: folds
Uncalled bet ($6) returned to _fayzulllo_
_fayzulllo_ collected $41.50 from pot
_fayzulllo_: doesn't show hand
*** SUMMARY ***
Total pot $42 | Rake $0.50
Board [2d Jh 8c 5s Ks]
Seat 1: _fayzulllo_ (big blind) collected ($41.50)
Seat 2: mdif (button) (small blind) folded on the River


