PokerStars Hand #176552113612:  Hold'em Limit ($3/$6 USD) - 2017/10/06 3:30:33 ET
Table 'Calypso' 6-max Seat #4 is the button
Seat 1: Chessnok ($120.56 in chips)
Seat 4: Agrotait ($66 in chips)
Agrotait: posts small blind $1
Chessnok: posts big blind $3
*** HOLE CARDS ***
Agrotait: raises $3 to $6
Anchig leaves the table
Chessnok: calls $3
*** FLOP *** [6h Th 8d]
Chessnok: checks
Agrotait: bets $3
Chessnok: calls $3
*** TURN *** [6h Th 8d] [8s]
Chessnok: checks
Agrotait: bets $6
Chessnok: calls $6
*** RIVER *** [6h Th 8d 8s] [Ad]
Chessnok: checks
Agrotait: bets $6
Chessnok: calls $6
*** SHOW DOWN ***
Agrotait: shows [Qs 8h] (three of a kind, Eights)
Chessnok: mucks hand
Agrotait collected $41.50 from pot
*** SUMMARY ***
Total pot $42 | Rake $0.50
Board [6h Th 8d 8s Ad]
Seat 1: Chessnok (big blind) mucked
Seat 4: Agrotait (button) (small blind) showed [Qs 8h] and won ($41.50) with three of a kind, Eights


PokerStars Hand #176552131308:  Hold'em Limit ($3/$6 USD) - 2017/10/06 3:31:40 ET
Table 'Calypso' 6-max Seat #1 is the button
Seat 1: Chessnok ($111.20 in chips)
Seat 6: HAOYUN88888 ($107.89 in chips)
Chessnok: posts small blind $1
HAOYUN88888: posts big blind $3
*** HOLE CARDS ***
Chessnok: raises $3 to $6
HAOYUN88888: calls $3
*** FLOP *** [Kd 9h 4d]
HAOYUN88888: checks
Chessnok: bets $3
HAOYUN88888: calls $3
*** TURN *** [Kd 9h 4d] [Kc]
HAOYUN88888: checks
Chessnok: checks
*** RIVER *** [Kd 9h 4d Kc] [Th]
HAOYUN88888: checks
Chessnok: checks
*** SHOW DOWN ***
HAOYUN88888: shows [Ah 2h] (a pair of Kings)
Chessnok: mucks hand
HAOYUN88888 collected $17.64 from pot
*** SUMMARY ***
Total pot $18 | Rake $0.36
Board [Kd 9h 4d Kc Th]
Seat 1: Chessnok (button) (small blind) mucked
Seat 6: HAOYUN88888 (big blind) showed [Ah 2h] and won ($17.64) with a pair of Kings


PokerStars Hand #176552125462:  Hold'em Limit ($3/$6 USD) - 2017/10/06 3:31:18 ET
Table 'Calypso' 6-max Seat #1 is the button
Seat 1: Chessnok ($99.56 in chips)
Seat 6: HAOYUN88888 ($119.89 in chips)
Chessnok: posts small blind $1
HAOYUN88888: posts big blind $3
*** HOLE CARDS ***
Chessnok: raises $3 to $6
HAOYUN88888: folds
Uncalled bet ($3) returned to Chessnok
Chessnok collected $6 from pot
Chessnok: doesn't show hand
*** SUMMARY ***
Total pot $6 | Rake $0
Seat 1: Chessnok (button) (small blind) collected ($6)
Seat 6: HAOYUN88888 (big blind) folded before Flop


PokerStars Hand #176552127335:  Hold'em Limit ($3/$6 USD) - 2017/10/06 3:31:25 ET
Table 'Calypso' 6-max Seat #6 is the button
Seat 1: Chessnok ($102.56 in chips)
Seat 6: HAOYUN88888 ($116.89 in chips)
HAOYUN88888: posts small blind $1
Chessnok: posts big blind $3
*** HOLE CARDS ***
HAOYUN88888: raises $3 to $6
Chessnok: calls $3
*** FLOP *** [Ad 2c Tc]
Chessnok: checks
HAOYUN88888: bets $3
Chessnok: calls $3
*** TURN *** [Ad 2c Tc] [As]
Chessnok: checks
HAOYUN88888: checks
*** RIVER *** [Ad 2c Tc As] [Qh]
Chessnok: bets $6
HAOYUN88888: folds
Uncalled bet ($6) returned to Chessnok
Chessnok collected $17.64 from pot
Chessnok: doesn't show hand
*** SUMMARY ***
Total pot $18 | Rake $0.36
Board [Ad 2c Tc As Qh]
Seat 1: Chessnok (big blind) collected ($17.64)
Seat 6: HAOYUN88888 (button) (small blind) folded on the River


PokerStars Hand #176552135524:  Hold'em Limit ($3/$6 USD) - 2017/10/06 3:31:57 ET
Table 'Calypso' 6-max Seat #6 is the button
Seat 1: Chessnok ($102.20 in chips)
Seat 6: HAOYUN88888 ($116.53 in chips)
HAOYUN88888: posts small blind $1
Chessnok: posts big blind $3
*** HOLE CARDS ***
HAOYUN88888: raises $3 to $6
Chessnok: calls $3
*** FLOP *** [4s 9c 8h]
Chessnok: checks
HAOYUN88888: bets $3
Chessnok: calls $3
*** TURN *** [4s 9c 8h] [6h]
Chessnok: checks
HAOYUN88888: checks
*** RIVER *** [4s 9c 8h 6h] [6s]
Chessnok: bets $6
HAOYUN88888: calls $6
*** SHOW DOWN ***
Chessnok: shows [2h Ah] (a pair of Sixes)
HAOYUN88888: mucks hand
Chessnok collected $29.50 from pot
*** SUMMARY ***
Total pot $30 | Rake $0.50
Board [4s 9c 8h 6h 6s]
Seat 1: Chessnok (big blind) showed [2h Ah] and won ($29.50) with a pair of Sixes
Seat 6: HAOYUN88888 (button) (small blind) mucked


PokerStars Hand #176552145752:  Hold'em Limit ($3/$6 USD) - 2017/10/06 3:32:36 ET
Table 'Calypso' 6-max Seat #5 is the button
Seat 1: Chessnok ($130.89 in chips)
Seat 5: zlodeyka_70 ($136.49 in chips)
zlodeyka_70: posts small blind $1
Chessnok: posts big blind $3
*** HOLE CARDS ***
zlodeyka_70: folds
Uncalled bet ($2) returned to Chessnok
Chessnok collected $2 from pot
Chessnok: doesn't show hand
*** SUMMARY ***
Total pot $2 | Rake $0
Seat 1: Chessnok (big blind) collected ($2)
Seat 5: zlodeyka_70 (button) (small blind) folded before Flop


PokerStars Hand #176552150231:  Hold'em Limit ($3/$6 USD) - 2017/10/06 3:32:54 ET
Table 'Calypso' 6-max Seat #5 is the button
Seat 1: Chessnok ($137.65 in chips)
Seat 5: zlodeyka_70 ($129.49 in chips)
zlodeyka_70: posts small blind $1
Chessnok: posts big blind $3
*** HOLE CARDS ***
zlodeyka_70: folds
Uncalled bet ($2) returned to Chessnok
Chessnok collected $2 from pot
Chessnok: doesn't show hand
*** SUMMARY ***
Total pot $2 | Rake $0
Seat 1: Chessnok (big blind) collected ($2)
Seat 5: zlodeyka_70 (button) (small blind) folded before Flop


PokerStars Hand #176552147037:  Hold'em Limit ($3/$6 USD) - 2017/10/06 3:32:41 ET
Table 'Calypso' 6-max Seat #1 is the button
Seat 1: Chessnok ($131.89 in chips)
Seat 5: zlodeyka_70 ($135.49 in chips)
Chessnok: posts small blind $1
zlodeyka_70: posts big blind $3
*** HOLE CARDS ***
Chessnok: raises $3 to $6
zlodeyka_70: calls $3
*** FLOP *** [Qs Ts 5d]
zlodeyka_70: checks
Chessnok: bets $3
zlodeyka_70: folds
Uncalled bet ($3) returned to Chessnok
Chessnok collected $11.76 from pot
Chessnok: doesn't show hand
*** SUMMARY ***
Total pot $12 | Rake $0.24
Board [Qs Ts 5d]
Seat 1: Chessnok (button) (small blind) collected ($11.76)
Seat 5: zlodeyka_70 (big blind) folded on the Flop


