PokerStars Hand #150752174048:  Hold'em Limit ($3/$6 USD) - 2016/03/22 9:18:23 ET
Table 'Calypso II' 6-max Seat #3 is the button
Seat 3: tomhradil112 ($90 in chips)
Seat 4: Actionni13 ($150 in chips)
tomhradil112: posts small blind $1
Actionni13: posts big blind $3
*** HOLE CARDS ***
tomhradil112: folds
Uncalled bet ($2) returned to Actionni13
Actionni13 collected $2 from pot
Actionni13: doesn't show hand
*** SUMMARY ***
Total pot $2 | Rake $0
Seat 3: tomhradil112 (button) (small blind) folded before Flop
Seat 4: Actionni13 (big blind) collected ($2)


PokerStars Hand #150752192134:  Hold'em Limit ($3/$6 USD) - 2016/03/22 9:18:53 ET
Table 'Calypso II' 6-max Seat #3 is the button
Seat 3: tomhradil112 ($97.64 in chips)
Seat 4: Actionni13 ($150 in chips)
tomhradil112: posts small blind $1
Actionni13: posts big blind $3
*** HOLE CARDS ***
tomhradil112: folds
Uncalled bet ($2) returned to Actionni13
Actionni13 collected $2 from pot
Actionni13: doesn't show hand
*** SUMMARY ***
Total pot $2 | Rake $0
Seat 3: tomhradil112 (button) (small blind) folded before Flop
Seat 4: Actionni13 (big blind) collected ($2)


PokerStars Hand #150752176750:  Hold'em Limit ($3/$6 USD) - 2016/03/22 9:18:28 ET
Table 'Calypso II' 6-max Seat #4 is the button
Seat 3: tomhradil112 ($89 in chips)
Seat 4: Actionni13 ($151 in chips)
Actionni13: posts small blind $1
tomhradil112: posts big blind $3
*** HOLE CARDS ***
Actionni13: raises $3 to $6
tomhradil112: calls $3
*** FLOP *** [4h 5h Qc]
tomhradil112: checks
Actionni13: bets $3
tomhradil112: calls $3
*** TURN *** [4h 5h Qc] [3s]
tomhradil112: checks
Actionni13: checks
*** RIVER *** [4h 5h Qc 3s] [Jh]
tomhradil112: bets $6
Actionni13: folds
Uncalled bet ($6) returned to tomhradil112
tomhradil112 collected $17.64 from pot
tomhradil112: doesn't show hand
*** SUMMARY ***
Total pot $18 | Rake $0.36
Board [4h 5h Qc 3s Jh]
Seat 3: tomhradil112 (big blind) collected ($17.64)
Seat 4: Actionni13 (button) (small blind) folded on the River


PokerStars Hand #150752275839:  Hold'em Limit ($3/$6 USD) - 2016/03/22 9:21:10 ET
Table 'Calypso II' 6-max Seat #3 is the button
Seat 3: Zpeeder89 ($45 in chips)
Seat 4: Actionni13 ($165.50 in chips)
Zpeeder89: posts small blind $1
Actionni13: posts big blind $3
*** HOLE CARDS ***
Zpeeder89: raises $3 to $6
Actionni13: folds
Uncalled bet ($3) returned to Zpeeder89
Zpeeder89 collected $6 from pot
*** SUMMARY ***
Total pot $6 | Rake $0
Seat 3: Zpeeder89 (button) (small blind) collected ($6)
Seat 4: Actionni13 (big blind) folded before Flop


PokerStars Hand #150752490354:  Hold'em Limit ($3/$6 USD) - 2016/03/22 9:26:58 ET
Table 'Calypso II' 6-max Seat #3 is the button
Seat 1: Randers14 ($248.25 in chips)
Seat 3: je0602 ($21.77 in chips)
je0602: posts small blind $1
B_loJkl: is sitting out
Randers14: posts big blind $3
*** HOLE CARDS ***
je0602: calls $2
Randers14: checks
*** FLOP *** [Jd 3s 5s]
Randers14: checks
B_loJkl leaves the table
je0602: checks
*** TURN *** [Jd 3s 5s] [9h]
Randers14: bets $6
HAL9QQQ joins the table at seat #2
je0602: calls $6
*** RIVER *** [Jd 3s 5s 9h] [6h]
B_loJkl joins the table at seat #4
Randers14: checks
je0602: bets $6
Randers14: calls $6
*** SHOW DOWN ***
je0602: shows [Qh 8s] (high card Queen)
Randers14: shows [4d 4h] (a pair of Fours)
Randers14 collected $29.50 from pot
*** SUMMARY ***
Total pot $30 | Rake $0.50
Board [Jd 3s 5s 9h 6h]
Seat 1: Randers14 (big blind) showed [4d 4h] and won ($29.50) with a pair of Fours
Seat 3: je0602 (button) (small blind) showed [Qh 8s] and lost with high card Queen


PokerStars Hand #150752827193:  Hold'em Limit ($3/$6 USD) - 2016/03/22 9:35:56 ET
Table 'Calypso II' 6-max Seat #6 is the button
Seat 4: parnishka11 ($39.81 in chips)
Seat 6: B_loJkl ($111.64 in chips)
B_loJkl: posts small blind $1
parnishka11: posts big blind $3
*** HOLE CARDS ***
B_loJkl: raises $3 to $6
parnishka11: calls $3
*** FLOP *** [2h Ks 3d]
parnishka11: checks
B_loJkl: bets $3
parnishka11: calls $3
*** TURN *** [2h Ks 3d] [Qh]
parnishka11: checks
B_loJkl: bets $6
parnishka11: folds
Uncalled bet ($6) returned to B_loJkl
B_loJkl collected $17.64 from pot
B_loJkl: doesn't show hand
*** SUMMARY ***
Total pot $18 | Rake $0.36
Board [2h Ks 3d Qh]
Seat 4: parnishka11 (big blind) folded on the Turn
Seat 6: B_loJkl (button) (small blind) collected ($17.64)


PokerStars Hand #150752814875:  Hold'em Limit ($3/$6 USD) - 2016/03/22 9:35:37 ET
Table 'Calypso II' 6-max Seat #4 is the button
Seat 4: parnishka11 ($40.06 in chips)
Seat 6: B_loJkl ($111.89 in chips)
parnishka11: posts small blind $1
B_loJkl: posts big blind $3
*** HOLE CARDS ***
tomhradil112 leaves the table
parnishka11: raises $3 to $6
B_loJkl: calls $3
*** FLOP *** [8c 8s 7d]
B_loJkl: checks
parnishka11: bets $3
B_loJkl: raises $3 to $6
parnishka11: raises $3 to $9
B_loJkl: raises $3 to $12
Betting is capped
parnishka11: calls $3
*** TURN *** [8c 8s 7d] [Qc]
B_loJkl: bets $6
parnishka11: calls $6
*** RIVER *** [8c 8s 7d Qc] [8h]
B_loJkl: bets $6
parnishka11: calls $6
*** SHOW DOWN ***
B_loJkl: shows [7s Jh] (a full house, Eights full of Sevens)
parnishka11: shows [7c Kd] (a full house, Eights full of Sevens)
B_loJkl collected $29.75 from pot
parnishka11 collected $29.75 from pot
*** SUMMARY ***
Total pot $60 | Rake $0.50
Board [8c 8s 7d Qc 8h]
Seat 4: parnishka11 (button) (small blind) showed [7c Kd] and won ($29.75) with a full house, Eights full of Sevens
Seat 6: B_loJkl (big blind) showed [7s Jh] and won ($29.75) with a full house, Eights full of Sevens


PokerStars Hand #150752838216:  Hold'em Limit ($3/$6 USD) - 2016/03/22 9:36:14 ET
Table 'Calypso II' 6-max Seat #4 is the button
Seat 4: parnishka11 ($30.81 in chips)
Seat 6: B_loJkl ($120.28 in chips)
parnishka11: posts small blind $1
B_loJkl: posts big blind $3
*** HOLE CARDS ***
parnishka11: raises $3 to $6
B_loJkl: raises $3 to $9
parnishka11: calls $3
*** FLOP *** [8d 2h Td]
B_loJkl: bets $3
parnishka11: raises $3 to $6
B_loJkl: calls $3
*** TURN *** [8d 2h Td] [Jh]
B_loJkl: checks
parnishka11: bets $6
B_loJkl: calls $6
*** RIVER *** [8d 2h Td Jh] [6s]
B_loJkl: checks
parnishka11: checks
*** SHOW DOWN ***
B_loJkl: shows [As Qc] (high card Ace)
parnishka11: shows [5d 2d] (a pair of Deuces)
parnishka11 collected $41.50 from pot
*** SUMMARY ***
Total pot $42 | Rake $0.50
Board [8d 2h Td Jh 6s]
Seat 4: parnishka11 (button) (small blind) showed [5d 2d] and won ($41.50) with a pair of Deuces
Seat 6: B_loJkl (big blind) showed [As Qc] and lost with high card Ace


PokerStars Hand #150752861943:  Hold'em Limit ($3/$6 USD) - 2016/03/22 9:36:51 ET
Table 'Calypso II' 6-max Seat #6 is the button
Seat 4: parnishka11 ($51.31 in chips)
Seat 6: B_loJkl ($99.28 in chips)
B_loJkl: posts small blind $1
parnishka11: posts big blind $3
*** HOLE CARDS ***
B_loJkl: raises $3 to $6
parnishka11: calls $3
*** FLOP *** [5h 4c 6h]
parnishka11: checks
B_loJkl: bets $3
parnishka11: calls $3
*** TURN *** [5h 4c 6h] [8d]
parnishka11: checks
B_loJkl: checks
*** RIVER *** [5h 4c 6h 8d] [3c]
parnishka11: checks
B_loJkl: checks
*** SHOW DOWN ***
parnishka11: shows [Js Kc] (high card King)
B_loJkl: shows [3s Qs] (a pair of Threes)
B_loJkl collected $17.64 from pot
*** SUMMARY ***
Total pot $18 | Rake $0.36
Board [5h 4c 6h 8d 3c]
Seat 4: parnishka11 (big blind) showed [Js Kc] and lost with high card King
Seat 6: B_loJkl (button) (small blind) showed [3s Qs] and won ($17.64) with a pair of Threes


PokerStars Hand #150752876728:  Hold'em Limit ($3/$6 USD) - 2016/03/22 9:37:15 ET
Table 'Calypso II' 6-max Seat #4 is the button
Seat 4: parnishka11 ($42.31 in chips)
Seat 6: B_loJkl ($107.92 in chips)
parnishka11: posts small blind $1
B_loJkl: posts big blind $3
*** HOLE CARDS ***
parnishka11: folds
Uncalled bet ($2) returned to B_loJkl
B_loJkl collected $2 from pot
B_loJkl: doesn't show hand
*** SUMMARY ***
Total pot $2 | Rake $0
Seat 4: parnishka11 (button) (small blind) folded before Flop
Seat 6: B_loJkl (big blind) collected ($2)


PokerStars Hand #150752903098:  Hold'em Limit ($3/$6 USD) - 2016/03/22 9:37:57 ET
Table 'Calypso II' 6-max Seat #4 is the button
Seat 4: parnishka11 ($55.81 in chips)
Seat 6: B_loJkl ($93.92 in chips)
parnishka11: posts small blind $1
B_loJkl: posts big blind $3
*** HOLE CARDS ***
parnishka11: folds
Uncalled bet ($2) returned to B_loJkl
B_loJkl collected $2 from pot
B_loJkl: doesn't show hand
*** SUMMARY ***
Total pot $2 | Rake $0
Seat 4: parnishka11 (button) (small blind) folded before Flop
Seat 6: B_loJkl (big blind) collected ($2)


PokerStars Hand #150752882416:  Hold'em Limit ($3/$6 USD) - 2016/03/22 9:37:24 ET
Table 'Calypso II' 6-max Seat #6 is the button
Seat 4: parnishka11 ($41.31 in chips)
Seat 6: B_loJkl ($108.92 in chips)
B_loJkl: posts small blind $1
parnishka11: posts big blind $3
*** HOLE CARDS ***
B_loJkl: raises $3 to $6
parnishka11: calls $3
*** FLOP *** [3s 6c 7h]
parnishka11: bets $3
B_loJkl: calls $3
*** TURN *** [3s 6c 7h] [Jc]
parnishka11: bets $6
B_loJkl: calls $6
*** RIVER *** [3s 6c 7h Jc] [Ah]
parnishka11: checks
B_loJkl: checks
*** SHOW DOWN ***
parnishka11: shows [6h 4c] (a pair of Sixes)
B_loJkl: mucks hand
parnishka11 collected $29.50 from pot
*** SUMMARY ***
Total pot $30 | Rake $0.50
Board [3s 6c 7h Jc Ah]
Seat 4: parnishka11 (big blind) showed [6h 4c] and won ($29.50) with a pair of Sixes
Seat 6: B_loJkl (button) (small blind) mucked


PokerStars Hand #150752923107:  Hold'em Limit ($3/$6 USD) - 2016/03/22 9:38:29 ET
Table 'Calypso II' 6-max Seat #4 is the button
Seat 4: parnishka11 ($66.33 in chips)
Seat 6: B_loJkl ($82.92 in chips)
parnishka11: posts small blind $1
B_loJkl: posts big blind $3
*** HOLE CARDS ***
parnishka11: folds
Uncalled bet ($2) returned to B_loJkl
B_loJkl collected $2 from pot
B_loJkl: doesn't show hand
*** SUMMARY ***
Total pot $2 | Rake $0
Seat 4: parnishka11 (button) (small blind) folded before Flop
Seat 6: B_loJkl (big blind) collected ($2)


PokerStars Hand #150752906434:  Hold'em Limit ($3/$6 USD) - 2016/03/22 9:38:02 ET
Table 'Calypso II' 6-max Seat #6 is the button
Seat 4: parnishka11 ($54.81 in chips)
Seat 6: B_loJkl ($94.92 in chips)
B_loJkl: posts small blind $1
parnishka11: posts big blind $3
*** HOLE CARDS ***
B_loJkl: raises $3 to $6
parnishka11: raises $3 to $9
B_loJkl: calls $3
*** FLOP *** [Js 3c 7s]
parnishka11: bets $3
B_loJkl: calls $3
*** TURN *** [Js 3c 7s] [9s]
parnishka11: bets $6
B_loJkl: folds
Uncalled bet ($6) returned to parnishka11
parnishka11 collected $23.52 from pot
parnishka11: doesn't show hand
*** SUMMARY ***
Total pot $24 | Rake $0.48
Board [Js 3c 7s 9s]
Seat 4: parnishka11 (big blind) collected ($23.52)
Seat 6: B_loJkl (button) (small blind) folded on the Turn


