PokerStars Hand #176065651018:  Hold'em Limit ($3/$6 USD) - 2017/09/24 13:01:48 ET
Table 'Calypso' 6-max Seat #3 is the button
Seat 3: DirtyBernerd ($106 in chips)
Seat 4: Agrotait ($66 in chips)
DirtyBernerd: posts small blind $1
Agrotait: posts big blind $3
*** HOLE CARDS ***
DirtyBernerd: folds
Uncalled bet ($2) returned to Agrotait
Agrotait collected $2 from pot
Agrotait: doesn't show hand
*** SUMMARY ***
Total pot $2 | Rake $0
Seat 3: DirtyBernerd (button) (small blind) folded before Flop
Seat 4: Agrotait (big blind) collected ($2)


PokerStars Hand #176065672627:  Hold'em Limit ($3/$6 USD) - 2017/09/24 13:02:15 ET
Table 'Calypso' 6-max Seat #3 is the button
Seat 3: DirtyBernerd ($90 in chips)
Seat 4: Agrotait ($81.50 in chips)
DirtyBernerd: posts small blind $1
Agrotait: posts big blind $3
*** HOLE CARDS ***
DirtyBernerd: folds
Uncalled bet ($2) returned to Agrotait
Agrotait collected $2 from pot
Agrotait: doesn't show hand
*** SUMMARY ***
Total pot $2 | Rake $0
Seat 3: DirtyBernerd (button) (small blind) folded before Flop
Seat 4: Agrotait (big blind) collected ($2)


PokerStars Hand #176065657714:  Hold'em Limit ($3/$6 USD) - 2017/09/24 13:01:57 ET
Table 'Calypso' 6-max Seat #4 is the button
Seat 3: DirtyBernerd ($105 in chips)
Seat 4: Agrotait ($67 in chips)
Agrotait: posts small blind $1
DirtyBernerd: posts big blind $3
*** HOLE CARDS ***
Agrotait: raises $3 to $6
DirtyBernerd: calls $3
*** FLOP *** [7c 2d 5c]
DirtyBernerd: checks
Agrotait: bets $3
DirtyBernerd: calls $3
*** TURN *** [7c 2d 5c] [4s]
DirtyBernerd: checks
Agrotait: checks
*** RIVER *** [7c 2d 5c 4s] [Ts]
DirtyBernerd: bets $6
Agrotait: calls $6
*** SHOW DOWN ***
DirtyBernerd: shows [Kc 9s] (high card King)
Agrotait: shows [Ks 2c] (a pair of Deuces)
Agrotait collected $29.50 from pot
*** SUMMARY ***
Total pot $30 | Rake $0.50
Board [7c 2d 5c 4s Ts]
Seat 3: DirtyBernerd (big blind) showed [Kc 9s] and lost with high card King
Seat 4: Agrotait (button) (small blind) showed [Ks 2c] and won ($29.50) with a pair of Deuces


PokerStars Hand #176065676088:  Hold'em Limit ($3/$6 USD) - 2017/09/24 13:02:20 ET
Table 'Calypso' 6-max Seat #4 is the button
Seat 3: DirtyBernerd ($89 in chips)
Seat 4: Agrotait ($82.50 in chips)
Agrotait: posts small blind $1
DirtyBernerd: posts big blind $3
*** HOLE CARDS ***
Agrotait: raises $3 to $6
DirtyBernerd: calls $3
*** FLOP *** [6s 4h Qs]
DirtyBernerd: checks
Agrotait: bets $3
DirtyBernerd: calls $3
*** TURN *** [6s 4h Qs] [4d]
DirtyBernerd: checks
Agrotait: bets $6
DirtyBernerd: calls $6
*** RIVER *** [6s 4h Qs 4d] [5c]
DirtyBernerd: checks
Agrotait: bets $6
DirtyBernerd: calls $6
*** SHOW DOWN ***
Agrotait: shows [Th 9d] (a pair of Fours)
DirtyBernerd: shows [5s Ks] (two pair, Fives and Fours)
DirtyBernerd collected $41.50 from pot
*** SUMMARY ***
Total pot $42 | Rake $0.50
Board [6s 4h Qs 4d 5c]
Seat 3: DirtyBernerd (big blind) showed [5s Ks] and won ($41.50) with two pair, Fives and Fours
Seat 4: Agrotait (button) (small blind) showed [Th 9d] and lost with a pair of Fours


PokerStars Hand #176065704191:  Hold'em Limit ($3/$6 USD) - 2017/09/24 13:02:56 ET
Table 'Calypso' 6-max Seat #4 is the button
Seat 3: DirtyBernerd ($108.50 in chips)
Seat 4: Agrotait ($62.50 in chips)
Agrotait: posts small blind $1
DirtyBernerd: posts big blind $3
*** HOLE CARDS ***
Agrotait: folds
Uncalled bet ($2) returned to DirtyBernerd
DirtyBernerd collected $2 from pot
DirtyBernerd: doesn't show hand
*** SUMMARY ***
Total pot $2 | Rake $0
Seat 3: DirtyBernerd (big blind) collected ($2)
Seat 4: Agrotait (button) (small blind) folded before Flop


PokerStars Hand #176065699143:  Hold'em Limit ($3/$6 USD) - 2017/09/24 13:02:50 ET
Table 'Calypso' 6-max Seat #3 is the button
Seat 3: DirtyBernerd ($109.50 in chips)
Seat 4: Agrotait ($61.50 in chips)
DirtyBernerd: posts small blind $1
Agrotait: posts big blind $3
*** HOLE CARDS ***
DirtyBernerd: folds
Uncalled bet ($2) returned to Agrotait
Agrotait collected $2 from pot
Agrotait: doesn't show hand
*** SUMMARY ***
Total pot $2 | Rake $0
Seat 3: DirtyBernerd (button) (small blind) folded before Flop
Seat 4: Agrotait (big blind) collected ($2)


PokerStars Hand #176065713183:  Hold'em Limit ($3/$6 USD) - 2017/09/24 13:03:06 ET
Table 'Calypso' 6-max Seat #4 is the button
Seat 3: DirtyBernerd ($108.50 in chips)
Seat 4: Agrotait ($62.50 in chips)
Agrotait: posts small blind $1
DirtyBernerd: posts big blind $3
*** HOLE CARDS ***
Agrotait: raises $3 to $6
DirtyBernerd: folds
Uncalled bet ($3) returned to Agrotait
Agrotait collected $6 from pot
Agrotait: doesn't show hand
*** SUMMARY ***
Total pot $6 | Rake $0
Seat 3: DirtyBernerd (big blind) folded before Flop
Seat 4: Agrotait (button) (small blind) collected ($6)


PokerStars Hand #176065708497:  Hold'em Limit ($3/$6 USD) - 2017/09/24 13:03:00 ET
Table 'Calypso' 6-max Seat #3 is the button
Seat 3: DirtyBernerd ($109.50 in chips)
Seat 4: Agrotait ($61.50 in chips)
DirtyBernerd: posts small blind $1
Agrotait: posts big blind $3
*** HOLE CARDS ***
DirtyBernerd: folds
Uncalled bet ($2) returned to Agrotait
Agrotait collected $2 from pot
Agrotait: doesn't show hand
*** SUMMARY ***
Total pot $2 | Rake $0
Seat 3: DirtyBernerd (button) (small blind) folded before Flop
Seat 4: Agrotait (big blind) collected ($2)


PokerStars Hand #176065718429:  Hold'em Limit ($3/$6 USD) - 2017/09/24 13:03:12 ET
Table 'Calypso' 6-max Seat #3 is the button
Seat 3: DirtyBernerd ($105.50 in chips)
Seat 4: Agrotait ($65.50 in chips)
DirtyBernerd: posts small blind $1
Agrotait: posts big blind $3
*** HOLE CARDS ***
DirtyBernerd: folds
Uncalled bet ($2) returned to Agrotait
Agrotait collected $2 from pot
Agrotait: doesn't show hand
*** SUMMARY ***
Total pot $2 | Rake $0
Seat 3: DirtyBernerd (button) (small blind) folded before Flop
Seat 4: Agrotait (big blind) collected ($2)


PokerStars Hand #176065723804:  Hold'em Limit ($3/$6 USD) - 2017/09/24 13:03:19 ET
Table 'Calypso' 6-max Seat #4 is the button
Seat 3: DirtyBernerd ($104.50 in chips)
Seat 4: Agrotait ($66.50 in chips)
Agrotait: posts small blind $1
DirtyBernerd: posts big blind $3
*** HOLE CARDS ***
Agrotait: raises $3 to $6
DirtyBernerd: calls $3
*** FLOP *** [4h Jd 9h]
DirtyBernerd: checks
Agrotait: bets $3
DirtyBernerd: calls $3
*** TURN *** [4h Jd 9h] [Kc]
DirtyBernerd: checks
Agrotait: bets $6
DirtyBernerd: calls $6
*** RIVER *** [4h Jd 9h Kc] [4c]
DirtyBernerd: checks
Agrotait: bets $6
DirtyBernerd: folds
Uncalled bet ($6) returned to Agrotait
Agrotait collected $29.50 from pot
Agrotait: doesn't show hand
*** SUMMARY ***
Total pot $30 | Rake $0.50
Board [4h Jd 9h Kc 4c]
Seat 3: DirtyBernerd (big blind) folded on the River
Seat 4: Agrotait (button) (small blind) collected ($29.50)


PokerStars Hand #176065747141:  Hold'em Limit ($3/$6 USD) - 2017/09/24 13:03:48 ET
Table 'Calypso' 6-max Seat #3 is the button
Seat 3: DirtyBernerd ($89.50 in chips)
Seat 4: Agrotait ($81 in chips)
DirtyBernerd: posts small blind $1
Agrotait: posts big blind $3
*** HOLE CARDS ***
DirtyBernerd: raises $3 to $6
Agrotait: calls $3
*** FLOP *** [Th Ac 4d]
Agrotait: checks
DirtyBernerd: bets $3
Agrotait: folds
Uncalled bet ($3) returned to DirtyBernerd
DirtyBernerd collected $11.76 from pot
DirtyBernerd: doesn't show hand
*** SUMMARY ***
Total pot $12 | Rake $0.24
Board [Th Ac 4d]
Seat 3: DirtyBernerd (button) (small blind) collected ($11.76)
Seat 4: Agrotait (big blind) folded on the Flop


PokerStars Hand #176065759563:  Hold'em Limit ($3/$6 USD) - 2017/09/24 13:04:03 ET
Table 'Calypso' 6-max Seat #4 is the button
Seat 3: DirtyBernerd ($95.26 in chips)
Seat 4: Agrotait ($75 in chips)
Agrotait: posts small blind $1
DirtyBernerd: posts big blind $3
*** HOLE CARDS ***
Agrotait: raises $3 to $6
DirtyBernerd: folds
Uncalled bet ($3) returned to Agrotait
Agrotait collected $6 from pot
Agrotait: doesn't show hand
*** SUMMARY ***
Total pot $6 | Rake $0
Seat 3: DirtyBernerd (big blind) folded before Flop
Seat 4: Agrotait (button) (small blind) collected ($6)


PokerStars Hand #176065785228:  Hold'em Limit ($3/$6 USD) - 2017/09/24 13:04:34 ET
Table 'Calypso' 6-max Seat #4 is the button
Seat 3: DirtyBernerd ($115.76 in chips)
Seat 4: Agrotait ($54 in chips)
Agrotait: posts small blind $1
DirtyBernerd: posts big blind $3
*** HOLE CARDS ***
Agrotait: raises $3 to $6
DirtyBernerd: folds
Uncalled bet ($3) returned to Agrotait
Agrotait collected $6 from pot
Agrotait: doesn't show hand
*** SUMMARY ***
Total pot $6 | Rake $0
Seat 3: DirtyBernerd (big blind) folded before Flop
Seat 4: Agrotait (button) (small blind) collected ($6)


PokerStars Hand #176065764084:  Hold'em Limit ($3/$6 USD) - 2017/09/24 13:04:08 ET
Table 'Calypso' 6-max Seat #3 is the button
Seat 3: DirtyBernerd ($92.26 in chips)
Seat 4: Agrotait ($78 in chips)
DirtyBernerd: posts small blind $1
Agrotait: posts big blind $3
*** HOLE CARDS ***
DirtyBernerd: raises $3 to $6
Agrotait: calls $3
*** FLOP *** [4s 8d 9s]
Agrotait: bets $3
DirtyBernerd: raises $3 to $6
Agrotait: raises $3 to $9
DirtyBernerd: raises $3 to $12
Betting is capped
Agrotait: calls $3
*** TURN *** [4s 8d 9s] [As]
Agrotait: checks
DirtyBernerd: checks
*** RIVER *** [4s 8d 9s As] [6s]
Agrotait: bets $6
DirtyBernerd: calls $6
*** SHOW DOWN ***
Agrotait: shows [9c 6c] (two pair, Nines and Sixes)
DirtyBernerd: shows [Ad 9d] (two pair, Aces and Nines)
DirtyBernerd collected $47.50 from pot
*** SUMMARY ***
Total pot $48 | Rake $0.50
Board [4s 8d 9s As 6s]
Seat 3: DirtyBernerd (button) (small blind) showed [Ad 9d] and won ($47.50) with two pair, Aces and Nines
Seat 4: Agrotait (big blind) showed [9c 6c] and lost with two pair, Nines and Sixes


PokerStars Hand #176065790860:  Hold'em Limit ($3/$6 USD) - 2017/09/24 13:04:41 ET
Table 'Calypso' 6-max Seat #3 is the button
Seat 3: DirtyBernerd ($112.76 in chips)
Seat 4: Agrotait ($57 in chips)
DirtyBernerd: posts small blind $1
Agrotait: posts big blind $3
*** HOLE CARDS ***
DirtyBernerd: calls $2
Agrotait: raises $3 to $6
DirtyBernerd: calls $3
*** FLOP *** [5d Kd Ks]
Agrotait: bets $3
DirtyBernerd: folds
Uncalled bet ($3) returned to Agrotait
Agrotait collected $11.76 from pot
Agrotait: doesn't show hand
*** SUMMARY ***
Total pot $12 | Rake $0.24
Board [5d Kd Ks]
Seat 3: DirtyBernerd (button) (small blind) folded on the Flop
Seat 4: Agrotait (big blind) collected ($11.76)


PokerStars Hand #176065799013:  Hold'em Limit ($3/$6 USD) - 2017/09/24 13:04:51 ET
Table 'Calypso' 6-max Seat #4 is the button
Seat 3: DirtyBernerd ($106.76 in chips)
Seat 4: Agrotait ($62.76 in chips)
Agrotait: posts small blind $1
DirtyBernerd: posts big blind $3
*** HOLE CARDS ***
Agrotait: raises $3 to $6
DirtyBernerd: calls $3
*** FLOP *** [8s 3s 5s]
DirtyBernerd: checks
Agrotait: bets $3
DirtyBernerd: raises $3 to $6
Agrotait: calls $3
*** TURN *** [8s 3s 5s] [Qc]
DirtyBernerd: bets $6
Agrotait: calls $6
*** RIVER *** [8s 3s 5s Qc] [5c]
DirtyBernerd: bets $6
Agrotait: calls $6
*** SHOW DOWN ***
DirtyBernerd: shows [As 7h] (a pair of Fives)
Agrotait: shows [9s 8d] (two pair, Eights and Fives)
Agrotait collected $47.50 from pot
*** SUMMARY ***
Total pot $48 | Rake $0.50
Board [8s 3s 5s Qc 5c]
Seat 3: DirtyBernerd (big blind) showed [As 7h] and lost with a pair of Fives
Seat 4: Agrotait (button) (small blind) showed [9s 8d] and won ($47.50) with two pair, Eights and Fives


PokerStars Hand #176065818535:  Hold'em Limit ($3/$6 USD) - 2017/09/24 13:05:13 ET
Table 'Calypso' 6-max Seat #3 is the button
Seat 3: DirtyBernerd ($82.76 in chips)
Seat 4: Agrotait ($86.26 in chips)
DirtyBernerd: posts small blind $1
Agrotait: posts big blind $3
*** HOLE CARDS ***
DirtyBernerd: raises $3 to $6
Agrotait: calls $3
*** FLOP *** [2s Kc 2d]
Agrotait: checks
DirtyBernerd: checks
*** TURN *** [2s Kc 2d] [6s]
Agrotait: bets $6
DirtyBernerd: calls $6
*** RIVER *** [2s Kc 2d 6s] [5s]
Agrotait: checks
DirtyBernerd: bets $6
Agrotait: folds
Uncalled bet ($6) returned to DirtyBernerd
DirtyBernerd collected $23.52 from pot
DirtyBernerd: doesn't show hand
*** SUMMARY ***
Total pot $24 | Rake $0.48
Board [2s Kc 2d 6s 5s]
Seat 3: DirtyBernerd (button) (small blind) collected ($23.52)
Seat 4: Agrotait (big blind) folded on the River


PokerStars Hand #176065857202:  Hold'em Limit ($3/$6 USD) - 2017/09/24 13:05:58 ET
Table 'Calypso' 6-max Seat #3 is the button
Seat 3: DirtyBernerd ($85.28 in chips)
Seat 4: Agrotait ($82.90 in chips)
DirtyBernerd: posts small blind $1
Agrotait: posts big blind $3
*** HOLE CARDS ***
DirtyBernerd: folds
Uncalled bet ($2) returned to Agrotait
Agrotait collected $2 from pot
*** SUMMARY ***
Total pot $2 | Rake $0
Seat 3: DirtyBernerd (button) (small blind) folded before Flop
Seat 4: Agrotait (big blind) collected ($2)


PokerStars Hand #176065839246:  Hold'em Limit ($3/$6 USD) - 2017/09/24 13:05:37 ET
Table 'Calypso' 6-max Seat #4 is the button
Seat 3: DirtyBernerd ($94.28 in chips)
Seat 4: Agrotait ($74.26 in chips)
Agrotait: posts small blind $1
DirtyBernerd: posts big blind $3
*** HOLE CARDS ***
Agrotait: raises $3 to $6
DirtyBernerd: calls $3
*** FLOP *** [4d 3c 5s]
DirtyBernerd: checks
Agrotait: bets $3
DirtyBernerd: calls $3
*** TURN *** [4d 3c 5s] [8h]
DirtyBernerd: checks
Agrotait: checks
*** RIVER *** [4d 3c 5s 8h] [5d]
DirtyBernerd: checks
Agrotait: checks
*** SHOW DOWN ***
DirtyBernerd: shows [6c Qc] (a pair of Fives)
Agrotait: shows [Kh 2d] (a pair of Fives - King kicker)
Agrotait collected $17.64 from pot
*** SUMMARY ***
Total pot $18 | Rake $0.36
Board [4d 3c 5s 8h 5d]
Seat 3: DirtyBernerd (big blind) showed [6c Qc] and lost with a pair of Fives
Seat 4: Agrotait (button) (small blind) showed [Kh 2d] and won ($17.64) with a pair of Fives


PokerStars Hand #176065861776:  Hold'em Limit ($3/$6 USD) - 2017/09/24 13:06:03 ET
Table 'Calypso' 6-max Seat #4 is the button
Seat 3: DirtyBernerd ($84.28 in chips)
Seat 4: Agrotait ($83.90 in chips)
Agrotait: posts small blind $1
DirtyBernerd: posts big blind $3
*** HOLE CARDS ***
Agrotait: raises $3 to $6
DirtyBernerd: calls $3
*** FLOP *** [7h 5c 8h]
DirtyBernerd: checks
Agrotait: bets $3
DirtyBernerd: calls $3
*** TURN *** [7h 5c 8h] [7d]
DirtyBernerd: checks
Agrotait: bets $6
DirtyBernerd: calls $6
*** RIVER *** [7h 5c 8h 7d] [3c]
DirtyBernerd: checks
Agrotait: checks
*** SHOW DOWN ***
DirtyBernerd: shows [4c 4d] (two pair, Sevens and Fours)
Agrotait: mucks hand
DirtyBernerd collected $29.50 from pot
*** SUMMARY ***
Total pot $30 | Rake $0.50
Board [7h 5c 8h 7d 3c]
Seat 3: DirtyBernerd (big blind) showed [4c 4d] and won ($29.50) with two pair, Sevens and Fours
Seat 4: Agrotait (button) (small blind) mucked


PokerStars Hand #176065885642:  Hold'em Limit ($3/$6 USD) - 2017/09/24 13:06:31 ET
Table 'Calypso' 6-max Seat #3 is the button
Seat 3: DirtyBernerd ($98.78 in chips)
Seat 4: Agrotait ($68.90 in chips)
DirtyBernerd: posts small blind $1
Agrotait: posts big blind $3
*** HOLE CARDS ***
DirtyBernerd: raises $3 to $6
Agrotait: calls $3
*** FLOP *** [4s Kh Kc]
Agrotait: checks
DirtyBernerd: checks
*** TURN *** [4s Kh Kc] [6h]
Agrotait: checks
DirtyBernerd: bets $6
Agrotait: folds
Uncalled bet ($6) returned to DirtyBernerd
DirtyBernerd collected $11.76 from pot
DirtyBernerd: doesn't show hand
*** SUMMARY ***
Total pot $12 | Rake $0.24
Board [4s Kh Kc 6h]
Seat 3: DirtyBernerd (button) (small blind) collected ($11.76)
Seat 4: Agrotait (big blind) folded on the Turn


PokerStars Hand #176065897826:  Hold'em Limit ($3/$6 USD) - 2017/09/24 13:06:45 ET
Table 'Calypso' 6-max Seat #4 is the button
Seat 3: DirtyBernerd ($104.54 in chips)
Seat 4: Agrotait ($62.90 in chips)
Agrotait: posts small blind $1
DirtyBernerd: posts big blind $3
*** HOLE CARDS ***
Agrotait: raises $3 to $6
DirtyBernerd: calls $3
*** FLOP *** [Kh Tc 4h]
DirtyBernerd: checks
Agrotait: bets $3
DirtyBernerd: calls $3
*** TURN *** [Kh Tc 4h] [Kd]
DirtyBernerd: checks
Agrotait: bets $6
DirtyBernerd: calls $6
*** RIVER *** [Kh Tc 4h Kd] [3c]
DirtyBernerd: checks
Agrotait: bets $6
DirtyBernerd: calls $6
*** SHOW DOWN ***
Agrotait: shows [Kc 6c] (three of a kind, Kings)
DirtyBernerd: mucks hand
Agrotait collected $41.50 from pot
*** SUMMARY ***
Total pot $42 | Rake $0.50
Board [Kh Tc 4h Kd 3c]
Seat 3: DirtyBernerd (big blind) mucked
Seat 4: Agrotait (button) (small blind) showed [Kc 6c] and won ($41.50) with three of a kind, Kings


PokerStars Hand #176065915196:  Hold'em Limit ($3/$6 USD) - 2017/09/24 13:07:05 ET
Table 'Calypso' 6-max Seat #3 is the button
Seat 3: DirtyBernerd ($83.54 in chips)
Seat 4: Agrotait ($83.40 in chips)
DirtyBernerd: posts small blind $1
Agrotait: posts big blind $3
*** HOLE CARDS ***
DirtyBernerd: raises $3 to $6
Agrotait: calls $3
*** FLOP *** [3d Kc Jh]
Agrotait: checks
DirtyBernerd: bets $3
Agrotait: folds
Uncalled bet ($3) returned to DirtyBernerd
DirtyBernerd collected $11.76 from pot
DirtyBernerd: doesn't show hand
*** SUMMARY ***
Total pot $12 | Rake $0.24
Board [3d Kc Jh]
Seat 3: DirtyBernerd (button) (small blind) collected ($11.76)
Seat 4: Agrotait (big blind) folded on the Flop


PokerStars Hand #176065924323:  Hold'em Limit ($3/$6 USD) - 2017/09/24 13:07:16 ET
Table 'Calypso' 6-max Seat #4 is the button
Seat 3: DirtyBernerd ($89.30 in chips)
Seat 4: Agrotait ($77.40 in chips)
Agrotait: posts small blind $1
DirtyBernerd: posts big blind $3
*** HOLE CARDS ***
Agrotait: raises $3 to $6
DirtyBernerd: calls $3
*** FLOP *** [Qh Ad Ah]
DirtyBernerd: checks
Agrotait: bets $3
DirtyBernerd: calls $3
*** TURN *** [Qh Ad Ah] [3h]
DirtyBernerd: checks
Agrotait: checks
*** RIVER *** [Qh Ad Ah 3h] [4s]
DirtyBernerd: bets $6
Agrotait: folds
Uncalled bet ($6) returned to DirtyBernerd
DirtyBernerd collected $17.64 from pot
DirtyBernerd: doesn't show hand
*** SUMMARY ***
Total pot $18 | Rake $0.36
Board [Qh Ad Ah 3h 4s]
Seat 3: DirtyBernerd (big blind) collected ($17.64)
Seat 4: Agrotait (button) (small blind) folded on the River


PokerStars Hand #176065938889:  Hold'em Limit ($3/$6 USD) - 2017/09/24 13:07:33 ET
Table 'Calypso' 6-max Seat #3 is the button
Seat 3: DirtyBernerd ($97.94 in chips)
Seat 4: Agrotait ($68.40 in chips)
DirtyBernerd: posts small blind $1
Agrotait: posts big blind $3
*** HOLE CARDS ***
DirtyBernerd: folds
Uncalled bet ($2) returned to Agrotait
Agrotait collected $2 from pot
Agrotait: doesn't show hand
*** SUMMARY ***
Total pot $2 | Rake $0
Seat 3: DirtyBernerd (button) (small blind) folded before Flop
Seat 4: Agrotait (big blind) collected ($2)


PokerStars Hand #176065950311:  Hold'em Limit ($3/$6 USD) - 2017/09/24 13:07:46 ET
Table 'Calypso' 6-max Seat #3 is the button
Seat 3: DirtyBernerd ($93.94 in chips)
Seat 4: Agrotait ($72.40 in chips)
DirtyBernerd: posts small blind $1
Agrotait: posts big blind $3
*** HOLE CARDS ***
DirtyBernerd: folds
Uncalled bet ($2) returned to Agrotait
Agrotait collected $2 from pot
Agrotait: doesn't show hand
*** SUMMARY ***
Total pot $2 | Rake $0
Seat 3: DirtyBernerd (button) (small blind) folded before Flop
Seat 4: Agrotait (big blind) collected ($2)


PokerStars Hand #176065945201:  Hold'em Limit ($3/$6 USD) - 2017/09/24 13:07:40 ET
Table 'Calypso' 6-max Seat #4 is the button
Seat 3: DirtyBernerd ($96.94 in chips)
Seat 4: Agrotait ($69.40 in chips)
Agrotait: posts small blind $1
DirtyBernerd: posts big blind $3
*** HOLE CARDS ***
Agrotait: raises $3 to $6
DirtyBernerd: folds
Uncalled bet ($3) returned to Agrotait
Agrotait collected $6 from pot
Agrotait: doesn't show hand
*** SUMMARY ***
Total pot $6 | Rake $0
Seat 3: DirtyBernerd (big blind) folded before Flop
Seat 4: Agrotait (button) (small blind) collected ($6)


PokerStars Hand #176065956940:  Hold'em Limit ($3/$6 USD) - 2017/09/24 13:07:54 ET
Table 'Calypso' 6-max Seat #4 is the button
Seat 3: DirtyBernerd ($92.94 in chips)
Seat 4: Agrotait ($73.40 in chips)
Agrotait: posts small blind $1
DirtyBernerd: posts big blind $3
*** HOLE CARDS ***
Agrotait: raises $3 to $6
DirtyBernerd: raises $3 to $9
Agrotait: calls $3
*** FLOP *** [7c 3s 6d]
DirtyBernerd: bets $3
Agrotait: calls $3
*** TURN *** [7c 3s 6d] [3d]
DirtyBernerd: bets $6
Agrotait: raises $6 to $12
DirtyBernerd: calls $6
*** RIVER *** [7c 3s 6d 3d] [4d]
DirtyBernerd: checks
Agrotait: bets $6
DirtyBernerd: raises $6 to $12
Agrotait: calls $6
*** SHOW DOWN ***
DirtyBernerd: shows [Td Ad] (a flush, Ace high)
Agrotait: mucks hand
DirtyBernerd collected $71.50 from pot
*** SUMMARY ***
Total pot $72 | Rake $0.50
Board [7c 3s 6d 3d 4d]
Seat 3: DirtyBernerd (big blind) showed [Td Ad] and won ($71.50) with a flush, Ace high
Seat 4: Agrotait (button) (small blind) mucked


PokerStars Hand #176065977895:  Hold'em Limit ($3/$6 USD) - 2017/09/24 13:08:18 ET
Table 'Calypso' 6-max Seat #3 is the button
Seat 3: DirtyBernerd ($128.44 in chips)
Seat 4: Agrotait ($37.40 in chips)
DirtyBernerd: posts small blind $1
Agrotait: posts big blind $3
*** HOLE CARDS ***
DirtyBernerd: folds
Uncalled bet ($2) returned to Agrotait
Agrotait collected $2 from pot
Agrotait: doesn't show hand
*** SUMMARY ***
Total pot $2 | Rake $0
Seat 3: DirtyBernerd (button) (small blind) folded before Flop
Seat 4: Agrotait (big blind) collected ($2)


PokerStars Hand #176066001924:  Hold'em Limit ($3/$6 USD) - 2017/09/24 13:08:46 ET
Table 'Calypso' 6-max Seat #3 is the button
Seat 3: DirtyBernerd ($147.94 in chips)
Seat 4: Agrotait ($66 in chips)
DirtyBernerd: posts small blind $1
Agrotait: posts big blind $3
*** HOLE CARDS ***
DirtyBernerd: folds
Uncalled bet ($2) returned to Agrotait
Agrotait collected $2 from pot
Agrotait: doesn't show hand
*** SUMMARY ***
Total pot $2 | Rake $0
Seat 3: DirtyBernerd (button) (small blind) folded before Flop
Seat 4: Agrotait (big blind) collected ($2)


PokerStars Hand #176065984603:  Hold'em Limit ($3/$6 USD) - 2017/09/24 13:08:26 ET
Table 'Calypso' 6-max Seat #4 is the button
Seat 3: DirtyBernerd ($127.44 in chips)
Seat 4: Agrotait ($38.40 in chips)
Agrotait: posts small blind $1
DirtyBernerd: posts big blind $3
*** HOLE CARDS ***
Agrotait: raises $3 to $6
DirtyBernerd: raises $3 to $9
Agrotait: calls $3
*** FLOP *** [7h 8c Kc]
DirtyBernerd: bets $3
Agrotait: raises $3 to $6
DirtyBernerd: calls $3
*** TURN *** [7h 8c Kc] [8s]
DirtyBernerd: checks
Agrotait: bets $6
DirtyBernerd: calls $6
*** RIVER *** [7h 8c Kc 8s] [4h]
DirtyBernerd: checks
Agrotait: checks
*** SHOW DOWN ***
DirtyBernerd: shows [9c 9h] (two pair, Nines and Eights)
Agrotait: mucks hand
DirtyBernerd collected $41.50 from pot
*** SUMMARY ***
Total pot $42 | Rake $0.50
Board [7h 8c Kc 8s 4h]
Seat 3: DirtyBernerd (big blind) showed [9c 9h] and won ($41.50) with two pair, Nines and Eights
Seat 4: Agrotait (button) (small blind) mucked


PokerStars Hand #176066007028:  Hold'em Limit ($3/$6 USD) - 2017/09/24 13:08:52 ET
Table 'Calypso' 6-max Seat #4 is the button
Seat 3: DirtyBernerd ($146.94 in chips)
Seat 4: Agrotait ($67 in chips)
Agrotait: posts small blind $1
DirtyBernerd: posts big blind $3
*** HOLE CARDS ***
Agrotait: raises $3 to $6
DirtyBernerd: raises $3 to $9
Agrotait: calls $3
*** FLOP *** [2s 5s Js]
DirtyBernerd: bets $3
Agrotait: calls $3
*** TURN *** [2s 5s Js] [2d]
DirtyBernerd: bets $6
Agrotait: raises $6 to $12
DirtyBernerd: calls $6
*** RIVER *** [2s 5s Js 2d] [Th]
DirtyBernerd: checks
Agrotait: bets $6
DirtyBernerd: calls $6
*** SHOW DOWN ***
Agrotait: shows [Tc Jd] (two pair, Jacks and Tens)
DirtyBernerd: mucks hand
Agrotait collected $59.50 from pot
*** SUMMARY ***
Total pot $60 | Rake $0.50
Board [2s 5s Js 2d Th]
Seat 3: DirtyBernerd (big blind) mucked
Seat 4: Agrotait (button) (small blind) showed [Tc Jd] and won ($59.50) with two pair, Jacks and Tens


PokerStars Hand #176066023375:  Hold'em Limit ($3/$6 USD) - 2017/09/24 13:09:11 ET
Table 'Calypso' 6-max Seat #3 is the button
Seat 3: DirtyBernerd ($116.94 in chips)
Seat 4: Agrotait ($96.50 in chips)
DirtyBernerd: posts small blind $1
Agrotait: posts big blind $3
*** HOLE CARDS ***
DirtyBernerd: raises $3 to $6
Agrotait: raises $3 to $9
DirtyBernerd: calls $3
*** FLOP *** [6s Qd As]
Agrotait: bets $3
DirtyBernerd: calls $3
*** TURN *** [6s Qd As] [2c]
Agrotait: checks
DirtyBernerd: checks
*** RIVER *** [6s Qd As 2c] [8d]
Agrotait: bets $6
DirtyBernerd: calls $6
*** SHOW DOWN ***
Agrotait: shows [7c Tc] (high card Ace)
DirtyBernerd: shows [4c 4h] (a pair of Fours)
DirtyBernerd collected $35.50 from pot
*** SUMMARY ***
Total pot $36 | Rake $0.50
Board [6s Qd As 2c 8d]
Seat 3: DirtyBernerd (button) (small blind) showed [4c 4h] and won ($35.50) with a pair of Fours
Seat 4: Agrotait (big blind) showed [7c Tc] and lost with high card Ace


PokerStars Hand #176066061257:  Hold'em Limit ($3/$6 USD) - 2017/09/24 13:09:56 ET
Table 'Calypso' 6-max Seat #3 is the button
Seat 3: DirtyBernerd ($113.44 in chips)
Seat 4: Agrotait ($99 in chips)
DirtyBernerd: posts small blind $1
Agrotait: posts big blind $3
*** HOLE CARDS ***
DirtyBernerd: folds
Uncalled bet ($2) returned to Agrotait
Agrotait collected $2 from pot
Agrotait: doesn't show hand
*** SUMMARY ***
Total pot $2 | Rake $0
Seat 3: DirtyBernerd (button) (small blind) folded before Flop
Seat 4: Agrotait (big blind) collected ($2)


PokerStars Hand #176066041306:  Hold'em Limit ($3/$6 USD) - 2017/09/24 13:09:33 ET
Table 'Calypso' 6-max Seat #4 is the button
Seat 3: DirtyBernerd ($134.44 in chips)
Seat 4: Agrotait ($78.50 in chips)
Agrotait: posts small blind $1
DirtyBernerd: posts big blind $3
*** HOLE CARDS ***
Agrotait: raises $3 to $6
DirtyBernerd: calls $3
*** FLOP *** [7c 3s Ah]
DirtyBernerd: checks
Agrotait: bets $3
DirtyBernerd: calls $3
*** TURN *** [7c 3s Ah] [6c]
DirtyBernerd: checks
Agrotait: checks
*** RIVER *** [7c 3s Ah 6c] [4c]
DirtyBernerd: bets $6
Agrotait: raises $6 to $12
DirtyBernerd: calls $6
*** SHOW DOWN ***
Agrotait: shows [9h 5c] (a straight, Three to Seven)
DirtyBernerd: mucks hand
Agrotait collected $41.50 from pot
*** SUMMARY ***
Total pot $42 | Rake $0.50
Board [7c 3s Ah 6c 4c]
Seat 3: DirtyBernerd (big blind) mucked
Seat 4: Agrotait (button) (small blind) showed [9h 5c] and won ($41.50) with a straight, Three to Seven


PokerStars Hand #176066065508:  Hold'em Limit ($3/$6 USD) - 2017/09/24 13:10:01 ET
Table 'Calypso' 6-max Seat #4 is the button
Seat 3: DirtyBernerd ($112.44 in chips)
Seat 4: Agrotait ($100 in chips)
Agrotait: posts small blind $1
DirtyBernerd: posts big blind $3
*** HOLE CARDS ***
Agrotait: raises $3 to $6
DirtyBernerd: folds
Uncalled bet ($3) returned to Agrotait
Agrotait collected $6 from pot
Agrotait: doesn't show hand
*** SUMMARY ***
Total pot $6 | Rake $0
Seat 3: DirtyBernerd (big blind) folded before Flop
Seat 4: Agrotait (button) (small blind) collected ($6)


PokerStars Hand #176066070641:  Hold'em Limit ($3/$6 USD) - 2017/09/24 13:10:07 ET
Table 'Calypso' 6-max Seat #3 is the button
Seat 3: DirtyBernerd ($109.44 in chips)
Seat 4: Agrotait ($103 in chips)
DirtyBernerd: posts small blind $1
Agrotait: posts big blind $3
*** HOLE CARDS ***
DirtyBernerd: raises $3 to $6
Agrotait: calls $3
*** FLOP *** [5d Qs 2h]
Agrotait: checks
DirtyBernerd: bets $3
Agrotait: raises $3 to $6
DirtyBernerd: calls $3
*** TURN *** [5d Qs 2h] [3c]
Agrotait: bets $6
DirtyBernerd: calls $6
*** RIVER *** [5d Qs 2h 3c] [Ah]
Agrotait: checks
DirtyBernerd: bets $6
Agrotait: calls $6
*** SHOW DOWN ***
DirtyBernerd: shows [Js Ac] (a pair of Aces)
Agrotait: mucks hand
DirtyBernerd collected $47.50 from pot
*** SUMMARY ***
Total pot $48 | Rake $0.50
Board [5d Qs 2h 3c Ah]
Seat 3: DirtyBernerd (button) (small blind) showed [Js Ac] and won ($47.50) with a pair of Aces
Seat 4: Agrotait (big blind) mucked


PokerStars Hand #176066097978:  Hold'em Limit ($3/$6 USD) - 2017/09/24 13:10:39 ET
Table 'Calypso' 6-max Seat #3 is the button
Seat 3: DirtyBernerd ($133.94 in chips)
Seat 4: Agrotait ($78 in chips)
DirtyBernerd: posts small blind $1
Agrotait: posts big blind $3
*** HOLE CARDS ***
DirtyBernerd: folds
Uncalled bet ($2) returned to Agrotait
Agrotait collected $2 from pot
Agrotait: doesn't show hand
*** SUMMARY ***
Total pot $2 | Rake $0
Seat 3: DirtyBernerd (button) (small blind) folded before Flop
Seat 4: Agrotait (big blind) collected ($2)


PokerStars Hand #176066091476:  Hold'em Limit ($3/$6 USD) - 2017/09/24 13:10:32 ET
Table 'Calypso' 6-max Seat #4 is the button
Seat 3: DirtyBernerd ($132.94 in chips)
Seat 4: Agrotait ($79 in chips)
Agrotait: posts small blind $1
DirtyBernerd: posts big blind $3
*** HOLE CARDS ***
Agrotait: folds
Uncalled bet ($2) returned to DirtyBernerd
DirtyBernerd collected $2 from pot
DirtyBernerd: doesn't show hand
*** SUMMARY ***
Total pot $2 | Rake $0
Seat 3: DirtyBernerd (big blind) collected ($2)
Seat 4: Agrotait (button) (small blind) folded before Flop


PokerStars Hand #176066102048:  Hold'em Limit ($3/$6 USD) - 2017/09/24 13:10:44 ET
Table 'Calypso' 6-max Seat #4 is the button
Seat 3: DirtyBernerd ($132.94 in chips)
Seat 4: Agrotait ($79 in chips)
Agrotait: posts small blind $1
DirtyBernerd: posts big blind $3
*** HOLE CARDS ***
Agrotait: raises $3 to $6
DirtyBernerd: folds
Uncalled bet ($3) returned to Agrotait
Agrotait collected $6 from pot
Agrotait: doesn't show hand
*** SUMMARY ***
Total pot $6 | Rake $0
Seat 3: DirtyBernerd (big blind) folded before Flop
Seat 4: Agrotait (button) (small blind) collected ($6)


PokerStars Hand #176066121135:  Hold'em Limit ($3/$6 USD) - 2017/09/24 13:11:07 ET
Table 'Calypso' 6-max Seat #4 is the button
Seat 3: DirtyBernerd ($135.70 in chips)
Seat 4: Agrotait ($76 in chips)
Agrotait: posts small blind $1
DirtyBernerd: posts big blind $3
*** HOLE CARDS ***
Agrotait: raises $3 to $6
DirtyBernerd: folds
Uncalled bet ($3) returned to Agrotait
Agrotait collected $6 from pot
Agrotait: doesn't show hand
*** SUMMARY ***
Total pot $6 | Rake $0
Seat 3: DirtyBernerd (big blind) folded before Flop
Seat 4: Agrotait (button) (small blind) collected ($6)


PokerStars Hand #176066107017:  Hold'em Limit ($3/$6 USD) - 2017/09/24 13:10:50 ET
Table 'Calypso' 6-max Seat #3 is the button
Seat 3: DirtyBernerd ($129.94 in chips)
Seat 4: Agrotait ($82 in chips)
DirtyBernerd: posts small blind $1
Agrotait: posts big blind $3
*** HOLE CARDS ***
DirtyBernerd: calls $2
Agrotait: checks
*** FLOP *** [Ac Ts 6h]
Agrotait: bets $3
DirtyBernerd: calls $3
*** TURN *** [Ac Ts 6h] [5s]
Agrotait: checks
DirtyBernerd: checks
*** RIVER *** [Ac Ts 6h 5s] [6c]
Agrotait: checks
DirtyBernerd: checks
*** SHOW DOWN ***
Agrotait: shows [4h Qh] (a pair of Sixes)
DirtyBernerd: shows [3d 3h] (two pair, Sixes and Threes)
DirtyBernerd collected $11.76 from pot
*** SUMMARY ***
Total pot $12 | Rake $0.24
Board [Ac Ts 6h 5s 6c]
Seat 3: DirtyBernerd (button) (small blind) showed [3d 3h] and won ($11.76) with two pair, Sixes and Threes
Seat 4: Agrotait (big blind) showed [4h Qh] and lost with a pair of Sixes


PokerStars Hand #176066129774:  Hold'em Limit ($3/$6 USD) - 2017/09/24 13:11:16 ET
Table 'Calypso' 6-max Seat #4 is the button
Seat 3: DirtyBernerd ($131.70 in chips)
Seat 4: Agrotait ($80 in chips)
Agrotait: posts small blind $1
DirtyBernerd: posts big blind $3
*** HOLE CARDS ***
Agrotait: raises $3 to $6
DirtyBernerd: folds
Uncalled bet ($3) returned to Agrotait
Agrotait collected $6 from pot
Agrotait: doesn't show hand
*** SUMMARY ***
Total pot $6 | Rake $0
Seat 3: DirtyBernerd (big blind) folded before Flop
Seat 4: Agrotait (button) (small blind) collected ($6)


PokerStars Hand #176066125725:  Hold'em Limit ($3/$6 USD) - 2017/09/24 13:11:12 ET
Table 'Calypso' 6-max Seat #3 is the button
Seat 3: DirtyBernerd ($132.70 in chips)
Seat 4: Agrotait ($79 in chips)
DirtyBernerd: posts small blind $1
Agrotait: posts big blind $3
*** HOLE CARDS ***
DirtyBernerd: folds
Uncalled bet ($2) returned to Agrotait
Agrotait collected $2 from pot
Agrotait: doesn't show hand
*** SUMMARY ***
Total pot $2 | Rake $0
Seat 3: DirtyBernerd (button) (small blind) folded before Flop
Seat 4: Agrotait (big blind) collected ($2)


PokerStars Hand #176066133738:  Hold'em Limit ($3/$6 USD) - 2017/09/24 13:11:21 ET
Table 'Calypso' 6-max Seat #3 is the button
Seat 3: DirtyBernerd ($128.70 in chips)
Seat 4: Agrotait ($83 in chips)
DirtyBernerd: posts small blind $1
Agrotait: posts big blind $3
*** HOLE CARDS ***
DirtyBernerd: calls $2
Agrotait: checks
*** FLOP *** [5s 7h 4s]
Agrotait: checks
DirtyBernerd: bets $3
Agrotait: calls $3
*** TURN *** [5s 7h 4s] [3d]
Agrotait: checks
DirtyBernerd: checks
*** RIVER *** [5s 7h 4s 3d] [2d]
Agrotait: checks
DirtyBernerd: bets $6
Agrotait: folds
Uncalled bet ($6) returned to DirtyBernerd
DirtyBernerd collected $11.76 from pot
DirtyBernerd: doesn't show hand
*** SUMMARY ***
Total pot $12 | Rake $0.24
Board [5s 7h 4s 3d 2d]
Seat 3: DirtyBernerd (button) (small blind) collected ($11.76)
Seat 4: Agrotait (big blind) folded on the River


PokerStars Hand #176066161389:  Hold'em Limit ($3/$6 USD) - 2017/09/24 13:11:53 ET
Table 'Calypso' 6-max Seat #4 is the button
Seat 3: DirtyBernerd ($134.46 in chips)
Seat 4: Agrotait ($77 in chips)
Agrotait: posts small blind $1
DirtyBernerd: posts big blind $3
*** HOLE CARDS ***
Agrotait: raises $3 to $6
DirtyBernerd: calls $3
*** FLOP *** [9h 2d Td]
DirtyBernerd: checks
Agrotait: bets $3
DirtyBernerd: calls $3
*** TURN *** [9h 2d Td] [2s]
DirtyBernerd: checks
Agrotait: bets $6
DirtyBernerd: calls $6
*** RIVER *** [9h 2d Td 2s] [3h]
DirtyBernerd: checks
Agrotait: bets $6
DirtyBernerd: folds
Uncalled bet ($6) returned to Agrotait
Agrotait collected $29.50 from pot
Agrotait: doesn't show hand
*** SUMMARY ***
Total pot $30 | Rake $0.50
Board [9h 2d Td 2s 3h]
Seat 3: DirtyBernerd (big blind) folded on the River
Seat 4: Agrotait (button) (small blind) collected ($29.50)


PokerStars Hand #176066177800:  Hold'em Limit ($3/$6 USD) - 2017/09/24 13:12:12 ET
Table 'Calypso' 6-max Seat #3 is the button
Seat 3: DirtyBernerd ($119.46 in chips)
Seat 4: Agrotait ($91.50 in chips)
DirtyBernerd: posts small blind $1
Agrotait: posts big blind $3
*** HOLE CARDS ***
DirtyBernerd: folds
Uncalled bet ($2) returned to Agrotait
Agrotait collected $2 from pot
Agrotait: doesn't show hand
*** SUMMARY ***
Total pot $2 | Rake $0
Seat 3: DirtyBernerd (button) (small blind) folded before Flop
Seat 4: Agrotait (big blind) collected ($2)


PokerStars Hand #176066181562:  Hold'em Limit ($3/$6 USD) - 2017/09/24 13:12:17 ET
Table 'Calypso' 6-max Seat #4 is the button
Seat 3: DirtyBernerd ($118.46 in chips)
Seat 4: Agrotait ($92.50 in chips)
Agrotait: posts small blind $1
DirtyBernerd: posts big blind $3
*** HOLE CARDS ***
Agrotait: raises $3 to $6
DirtyBernerd: calls $3
*** FLOP *** [Ts 5c Ah]
DirtyBernerd: checks
Agrotait: bets $3
DirtyBernerd: folds
Uncalled bet ($3) returned to Agrotait
Agrotait collected $11.76 from pot
Agrotait: doesn't show hand
*** SUMMARY ***
Total pot $12 | Rake $0.24
Board [Ts 5c Ah]
Seat 3: DirtyBernerd (big blind) folded on the Flop
Seat 4: Agrotait (button) (small blind) collected ($11.76)


PokerStars Hand #176066191683:  Hold'em Limit ($3/$6 USD) - 2017/09/24 13:12:29 ET
Table 'Calypso' 6-max Seat #3 is the button
Seat 3: DirtyBernerd ($112.46 in chips)
Seat 4: Agrotait ($98.26 in chips)
DirtyBernerd: posts small blind $1
Agrotait: posts big blind $3
*** HOLE CARDS ***
DirtyBernerd: raises $3 to $6
Agrotait: calls $3
*** FLOP *** [Kh 3c Jc]
Agrotait: checks
DirtyBernerd: checks
*** TURN *** [Kh 3c Jc] [2d]
Agrotait: checks
DirtyBernerd: bets $6
Agrotait: calls $6
*** RIVER *** [Kh 3c Jc 2d] [3d]
Agrotait: checks
DirtyBernerd: checks
*** SHOW DOWN ***
Agrotait: shows [Ah 5s] (a pair of Threes)
DirtyBernerd: shows [7d 7c] (two pair, Sevens and Threes)
DirtyBernerd collected $23.52 from pot
*** SUMMARY ***
Total pot $24 | Rake $0.48
Board [Kh 3c Jc 2d 3d]
Seat 3: DirtyBernerd (button) (small blind) showed [7d 7c] and won ($23.52) with two pair, Sevens and Threes
Seat 4: Agrotait (big blind) showed [Ah 5s] and lost with a pair of Threes


PokerStars Hand #176066204910:  Hold'em Limit ($3/$6 USD) - 2017/09/24 13:12:44 ET
Table 'Calypso' 6-max Seat #4 is the button
Seat 3: DirtyBernerd ($123.98 in chips)
Seat 4: Agrotait ($86.26 in chips)
Agrotait: posts small blind $1
DirtyBernerd: posts big blind $3
*** HOLE CARDS ***
Agrotait: raises $3 to $6
DirtyBernerd: folds
Uncalled bet ($3) returned to Agrotait
Agrotait collected $6 from pot
Agrotait: doesn't show hand
*** SUMMARY ***
Total pot $6 | Rake $0
Seat 3: DirtyBernerd (big blind) folded before Flop
Seat 4: Agrotait (button) (small blind) collected ($6)


PokerStars Hand #176066210050:  Hold'em Limit ($3/$6 USD) - 2017/09/24 13:12:50 ET
Table 'Calypso' 6-max Seat #3 is the button
Seat 3: DirtyBernerd ($120.98 in chips)
Seat 4: Agrotait ($89.26 in chips)
DirtyBernerd: posts small blind $1
Agrotait: posts big blind $3
*** HOLE CARDS ***
DirtyBernerd: calls $2
Agrotait: checks
*** FLOP *** [Kd As Ts]
Agrotait: bets $3
DirtyBernerd: folds
Uncalled bet ($3) returned to Agrotait
Agrotait collected $5.88 from pot
Agrotait: doesn't show hand
*** SUMMARY ***
Total pot $6 | Rake $0.12
Board [Kd As Ts]
Seat 3: DirtyBernerd (button) (small blind) folded on the Flop
Seat 4: Agrotait (big blind) collected ($5.88)


PokerStars Hand #176066232992:  Hold'em Limit ($3/$6 USD) - 2017/09/24 13:13:17 ET
Table 'Calypso' 6-max Seat #3 is the button
Seat 3: DirtyBernerd ($108.98 in chips)
Seat 4: Agrotait ($100.78 in chips)
DirtyBernerd: posts small blind $1
Agrotait: posts big blind $3
*** HOLE CARDS ***
DirtyBernerd: folds
Uncalled bet ($2) returned to Agrotait
Agrotait collected $2 from pot
*** SUMMARY ***
Total pot $2 | Rake $0
Seat 3: DirtyBernerd (button) (small blind) folded before Flop
Seat 4: Agrotait (big blind) collected ($2)


PokerStars Hand #176066221183:  Hold'em Limit ($3/$6 USD) - 2017/09/24 13:13:03 ET
Table 'Calypso' 6-max Seat #4 is the button
Seat 3: DirtyBernerd ($117.98 in chips)
Seat 4: Agrotait ($92.14 in chips)
Agrotait: posts small blind $1
DirtyBernerd: posts big blind $3
*** HOLE CARDS ***
Agrotait: raises $3 to $6
DirtyBernerd: calls $3
*** FLOP *** [4s 5c 8s]
DirtyBernerd: checks
Agrotait: bets $3
DirtyBernerd: calls $3
*** TURN *** [4s 5c 8s] [4d]
DirtyBernerd: checks
Agrotait: bets $6
DirtyBernerd: folds
Uncalled bet ($6) returned to Agrotait
Agrotait collected $17.64 from pot
Agrotait: doesn't show hand
*** SUMMARY ***
Total pot $18 | Rake $0.36
Board [4s 5c 8s 4d]
Seat 3: DirtyBernerd (big blind) folded on the Turn
Seat 4: Agrotait (button) (small blind) collected ($17.64)


PokerStars Hand #176066243411:  Hold'em Limit ($3/$6 USD) - 2017/09/24 13:13:29 ET
Table 'Calypso' 6-max Seat #3 is the button
Seat 3: DirtyBernerd ($104.98 in chips)
Seat 4: Agrotait ($104.78 in chips)
DirtyBernerd: posts small blind $1
Agrotait: posts big blind $3
*** HOLE CARDS ***
DirtyBernerd: folds
Uncalled bet ($2) returned to Agrotait
Agrotait collected $2 from pot
Agrotait: doesn't show hand
*** SUMMARY ***
Total pot $2 | Rake $0
Seat 3: DirtyBernerd (button) (small blind) folded before Flop
Seat 4: Agrotait (big blind) collected ($2)


PokerStars Hand #176066237589:  Hold'em Limit ($3/$6 USD) - 2017/09/24 13:13:22 ET
Table 'Calypso' 6-max Seat #4 is the button
Seat 3: DirtyBernerd ($107.98 in chips)
Seat 4: Agrotait ($101.78 in chips)
Agrotait: posts small blind $1
DirtyBernerd: posts big blind $3
*** HOLE CARDS ***
Agrotait: raises $3 to $6
DirtyBernerd: folds
Uncalled bet ($3) returned to Agrotait
Agrotait collected $6 from pot
Agrotait: doesn't show hand
*** SUMMARY ***
Total pot $6 | Rake $0
Seat 3: DirtyBernerd (big blind) folded before Flop
Seat 4: Agrotait (button) (small blind) collected ($6)


PokerStars Hand #176066247403:  Hold'em Limit ($3/$6 USD) - 2017/09/24 13:13:34 ET
Table 'Calypso' 6-max Seat #4 is the button
Seat 3: DirtyBernerd ($103.98 in chips)
Seat 4: Agrotait ($105.78 in chips)
Agrotait: posts small blind $1
DirtyBernerd: posts big blind $3
*** HOLE CARDS ***
Agrotait: raises $3 to $6
DirtyBernerd: folds
Uncalled bet ($3) returned to Agrotait
Agrotait collected $6 from pot
Agrotait: doesn't show hand
*** SUMMARY ***
Total pot $6 | Rake $0
Seat 3: DirtyBernerd (big blind) folded before Flop
Seat 4: Agrotait (button) (small blind) collected ($6)


PokerStars Hand #176066285645:  Hold'em Limit ($3/$6 USD) - 2017/09/24 13:14:19 ET
Table 'Calypso' 6-max Seat #3 is the button
Seat 3: DirtyBernerd ($89.98 in chips)
Seat 4: Agrotait ($119.54 in chips)
DirtyBernerd: posts small blind $1
Agrotait: posts big blind $3
*** HOLE CARDS ***
DirtyBernerd: raises $3 to $6
Agrotait: calls $3
*** FLOP *** [Kc Qs 7h]
Agrotait: checks
DirtyBernerd: checks
*** TURN *** [Kc Qs 7h] [Tc]
Agrotait: checks
DirtyBernerd: checks
*** RIVER *** [Kc Qs 7h Tc] [5s]
Agrotait: checks
DirtyBernerd: bets $6
Agrotait: folds
Uncalled bet ($6) returned to DirtyBernerd
DirtyBernerd collected $11.76 from pot
DirtyBernerd: doesn't show hand
*** SUMMARY ***
Total pot $12 | Rake $0.24
Board [Kc Qs 7h Tc 5s]
Seat 3: DirtyBernerd (button) (small blind) collected ($11.76)
Seat 4: Agrotait (big blind) folded on the River


PokerStars Hand #176066280863:  Hold'em Limit ($3/$6 USD) - 2017/09/24 13:14:13 ET
Table 'Calypso' 6-max Seat #4 is the button
Seat 3: DirtyBernerd ($92.98 in chips)
Seat 4: Agrotait ($116.54 in chips)
Agrotait: posts small blind $1
DirtyBernerd: posts big blind $3
*** HOLE CARDS ***
Agrotait: raises $3 to $6
DirtyBernerd: folds
Uncalled bet ($3) returned to Agrotait
Agrotait collected $6 from pot
Agrotait: doesn't show hand
*** SUMMARY ***
Total pot $6 | Rake $0
Seat 3: DirtyBernerd (big blind) folded before Flop
Seat 4: Agrotait (button) (small blind) collected ($6)


PokerStars Hand #176066276732:  Hold'em Limit ($3/$6 USD) - 2017/09/24 13:14:08 ET
Table 'Calypso' 6-max Seat #3 is the button
Seat 3: DirtyBernerd ($93.98 in chips)
Seat 4: Agrotait ($115.54 in chips)
DirtyBernerd: posts small blind $1
Agrotait: posts big blind $3
*** HOLE CARDS ***
DirtyBernerd: folds
Uncalled bet ($2) returned to Agrotait
Agrotait collected $2 from pot
Agrotait: doesn't show hand
*** SUMMARY ***
Total pot $2 | Rake $0
Seat 3: DirtyBernerd (button) (small blind) folded before Flop
Seat 4: Agrotait (big blind) collected ($2)


PokerStars Hand #176066267931:  Hold'em Limit ($3/$6 USD) - 2017/09/24 13:13:58 ET
Table 'Calypso' 6-max Seat #4 is the button
Seat 3: DirtyBernerd ($99.98 in chips)
Seat 4: Agrotait ($109.78 in chips)
Agrotait: posts small blind $1
DirtyBernerd: posts big blind $3
*** HOLE CARDS ***
Agrotait: raises $3 to $6
DirtyBernerd: calls $3
*** FLOP *** [3s 6d Tc]
DirtyBernerd: checks
Agrotait: bets $3
DirtyBernerd: folds
Uncalled bet ($3) returned to Agrotait
Agrotait collected $11.76 from pot
Agrotait: doesn't show hand
*** SUMMARY ***
Total pot $12 | Rake $0.24
Board [3s 6d Tc]
Seat 3: DirtyBernerd (big blind) folded on the Flop
Seat 4: Agrotait (button) (small blind) collected ($11.76)


PokerStars Hand #176066262062:  Hold'em Limit ($3/$6 USD) - 2017/09/24 13:13:51 ET
Table 'Calypso' 6-max Seat #3 is the button
Seat 3: DirtyBernerd ($96.98 in chips)
Seat 4: Agrotait ($112.78 in chips)
DirtyBernerd: posts small blind $1
Agrotait: posts big blind $3
*** HOLE CARDS ***
DirtyBernerd: raises $3 to $6
Agrotait: folds
Uncalled bet ($3) returned to DirtyBernerd
DirtyBernerd collected $6 from pot
DirtyBernerd: doesn't show hand
*** SUMMARY ***
Total pot $6 | Rake $0
Seat 3: DirtyBernerd (button) (small blind) collected ($6)
Seat 4: Agrotait (big blind) folded before Flop


PokerStars Hand #176066256810:  Hold'em Limit ($3/$6 USD) - 2017/09/24 13:13:45 ET
Table 'Calypso' 6-max Seat #4 is the button
Seat 3: DirtyBernerd ($99.98 in chips)
Seat 4: Agrotait ($109.78 in chips)
Agrotait: posts small blind $1
DirtyBernerd: posts big blind $3
*** HOLE CARDS ***
Agrotait: raises $3 to $6
DirtyBernerd: folds
Uncalled bet ($3) returned to Agrotait
Agrotait collected $6 from pot
Agrotait: doesn't show hand
*** SUMMARY ***
Total pot $6 | Rake $0
Seat 3: DirtyBernerd (big blind) folded before Flop
Seat 4: Agrotait (button) (small blind) collected ($6)


PokerStars Hand #176066253200:  Hold'em Limit ($3/$6 USD) - 2017/09/24 13:13:41 ET
Table 'Calypso' 6-max Seat #3 is the button
Seat 3: DirtyBernerd ($100.98 in chips)
Seat 4: Agrotait ($108.78 in chips)
DirtyBernerd: posts small blind $1
Agrotait: posts big blind $3
*** HOLE CARDS ***
DirtyBernerd: folds
Uncalled bet ($2) returned to Agrotait
Agrotait collected $2 from pot
Agrotait: doesn't show hand
*** SUMMARY ***
Total pot $2 | Rake $0
Seat 3: DirtyBernerd (button) (small blind) folded before Flop
Seat 4: Agrotait (big blind) collected ($2)


PokerStars Hand #176066333142:  Hold'em Limit ($3/$6 USD) - 2017/09/24 13:15:14 ET
Table 'Calypso' 6-max Seat #4 is the button
Seat 3: DirtyBernerd ($107.38 in chips)
Seat 4: Agrotait ($101.54 in chips)
Agrotait: posts small blind $1
DirtyBernerd: posts big blind $3
*** HOLE CARDS ***
Agrotait: raises $3 to $6
DirtyBernerd: folds
Uncalled bet ($3) returned to Agrotait
Agrotait collected $6 from pot
Agrotait: doesn't show hand
*** SUMMARY ***
Total pot $6 | Rake $0
Seat 3: DirtyBernerd (big blind) folded before Flop
Seat 4: Agrotait (button) (small blind) collected ($6)


PokerStars Hand #176066327967:  Hold'em Limit ($3/$6 USD) - 2017/09/24 13:15:08 ET
Table 'Calypso' 6-max Seat #3 is the button
Seat 3: DirtyBernerd ($104.38 in chips)
Seat 4: Agrotait ($104.54 in chips)
DirtyBernerd: posts small blind $1
Agrotait: posts big blind $3
*** HOLE CARDS ***
DirtyBernerd: raises $3 to $6
Agrotait: folds
Uncalled bet ($3) returned to DirtyBernerd
DirtyBernerd collected $6 from pot
DirtyBernerd: doesn't show hand
*** SUMMARY ***
Total pot $6 | Rake $0
Seat 3: DirtyBernerd (button) (small blind) collected ($6)
Seat 4: Agrotait (big blind) folded before Flop


PokerStars Hand #176066302619:  Hold'em Limit ($3/$6 USD) - 2017/09/24 13:14:39 ET
Table 'Calypso' 6-max Seat #4 is the button
Seat 3: DirtyBernerd ($95.74 in chips)
Seat 4: Agrotait ($113.54 in chips)
Agrotait: posts small blind $1
DirtyBernerd: posts big blind $3
*** HOLE CARDS ***
Agrotait: raises $3 to $6
DirtyBernerd: calls $3
*** FLOP *** [Qc Ks Qd]
DirtyBernerd: checks
Agrotait: bets $3
DirtyBernerd: calls $3
*** TURN *** [Qc Ks Qd] [7s]
DirtyBernerd: checks
Agrotait: checks
*** RIVER *** [Qc Ks Qd 7s] [3d]
DirtyBernerd: checks
Agrotait: checks
*** SHOW DOWN ***
DirtyBernerd: shows [6d Ah] (a pair of Queens)
Agrotait: mucks hand
DirtyBernerd collected $17.64 from pot
*** SUMMARY ***
Total pot $18 | Rake $0.36
Board [Qc Ks Qd 7s 3d]
Seat 3: DirtyBernerd (big blind) showed [6d Ah] and won ($17.64) with a pair of Queens
Seat 4: Agrotait (button) (small blind) mucked


PokerStars Hand #176066352727:  Hold'em Limit ($3/$6 USD) - 2017/09/24 13:15:36 ET
Table 'Calypso' 6-max Seat #4 is the button
Seat 3: DirtyBernerd ($110.14 in chips)
Seat 4: Agrotait ($98.54 in chips)
Agrotait: posts small blind $1
DirtyBernerd: posts big blind $3
*** HOLE CARDS ***
Agrotait: raises $3 to $6
DirtyBernerd: folds
Uncalled bet ($3) returned to Agrotait
Agrotait collected $6 from pot
Agrotait: doesn't show hand
*** SUMMARY ***
Total pot $6 | Rake $0
Seat 3: DirtyBernerd (big blind) folded before Flop
Seat 4: Agrotait (button) (small blind) collected ($6)


PokerStars Hand #176066338493:  Hold'em Limit ($3/$6 USD) - 2017/09/24 13:15:20 ET
Table 'Calypso' 6-max Seat #3 is the button
Seat 3: DirtyBernerd ($104.38 in chips)
Seat 4: Agrotait ($104.54 in chips)
DirtyBernerd: posts small blind $1
Agrotait: posts big blind $3
*** HOLE CARDS ***
DirtyBernerd: raises $3 to $6
Agrotait: calls $3
*** FLOP *** [2d Kc 9s]
Agrotait: checks
DirtyBernerd: checks
*** TURN *** [2d Kc 9s] [Ah]
Agrotait: checks
DirtyBernerd: checks
*** RIVER *** [2d Kc 9s Ah] [6c]
Agrotait: checks
DirtyBernerd: checks
*** SHOW DOWN ***
Agrotait: shows [4d Qh] (high card Ace)
DirtyBernerd: shows [8h 8c] (a pair of Eights)
DirtyBernerd collected $11.76 from pot
*** SUMMARY ***
Total pot $12 | Rake $0.24
Board [2d Kc 9s Ah 6c]
Seat 3: DirtyBernerd (button) (small blind) showed [8h 8c] and won ($11.76) with a pair of Eights
Seat 4: Agrotait (big blind) showed [4d Qh] and lost with high card Ace


PokerStars Hand #176066366910:  Hold'em Limit ($3/$6 USD) - 2017/09/24 13:15:53 ET
Table 'Calypso' 6-max Seat #3 is the button
Seat 3: DirtyBernerd ($103.14 in chips)
Seat 4: Agrotait ($105.54 in chips)
DirtyBernerd: posts small blind $1
Agrotait: posts big blind $3
*** HOLE CARDS ***
DirtyBernerd: calls $2
Agrotait: checks
*** FLOP *** [Ac 9h Ks]
Puzanchik 11 joins the table at seat #6
Agrotait: bets $3
DirtyBernerd: folds
Uncalled bet ($3) returned to Agrotait
Agrotait collected $5.88 from pot
Agrotait: doesn't show hand
*** SUMMARY ***
Total pot $6 | Rake $0.12
Board [Ac 9h Ks]
Seat 3: DirtyBernerd (button) (small blind) folded on the Flop
Seat 4: Agrotait (big blind) collected ($5.88)


PokerStars Hand #176066361835:  Hold'em Limit ($3/$6 USD) - 2017/09/24 13:15:47 ET
Table 'Calypso' 6-max Seat #4 is the button
Seat 3: DirtyBernerd ($106.14 in chips)
Seat 4: Agrotait ($102.54 in chips)
Agrotait: posts small blind $1
DirtyBernerd: posts big blind $3
*** HOLE CARDS ***
Agrotait: raises $3 to $6
DirtyBernerd: folds
Uncalled bet ($3) returned to Agrotait
Agrotait collected $6 from pot
Agrotait: doesn't show hand
*** SUMMARY ***
Total pot $6 | Rake $0
Seat 3: DirtyBernerd (big blind) folded before Flop
Seat 4: Agrotait (button) (small blind) collected ($6)


PokerStars Hand #176066357126:  Hold'em Limit ($3/$6 USD) - 2017/09/24 13:15:41 ET
Table 'Calypso' 6-max Seat #3 is the button
Seat 3: DirtyBernerd ($107.14 in chips)
Seat 4: Agrotait ($101.54 in chips)
DirtyBernerd: posts small blind $1
Agrotait: posts big blind $3
*** HOLE CARDS ***
DirtyBernerd: folds
Uncalled bet ($2) returned to Agrotait
Agrotait collected $2 from pot
Agrotait: doesn't show hand
*** SUMMARY ***
Total pot $2 | Rake $0
Seat 3: DirtyBernerd (button) (small blind) folded before Flop
Seat 4: Agrotait (big blind) collected ($2)


PokerStars Hand #176066426580:  Hold'em Limit ($3/$6 USD) - 2017/09/24 13:16:59 ET
Table 'Calypso' 6-max Seat #3 is the button
Seat 3: DirtyBernerd ($90.75 in chips)
Seat 6: Puzanchik 11 ($28.95 in chips)
Velbor107 will be allowed to play after the button
DirtyBernerd: posts small blind $1
Puzanchik 11: posts big blind $3
*** HOLE CARDS ***
Agrotait leaves the table
DirtyBernerd: folds
Uncalled bet ($2) returned to Puzanchik 11
Puzanchik 11 collected $2 from pot
*** SUMMARY ***
Total pot $2 | Rake $0
Seat 3: DirtyBernerd (button) (small blind) folded before Flop
Seat 6: Puzanchik 11 (big blind) collected ($2)


PokerStars Hand #176066827851:  Hold'em Limit ($3/$6 USD) - 2017/09/24 13:24:29 ET
Table 'Calypso' 6-max Seat #4 is the button
Seat 3: DirtyBernerd ($88.15 in chips)
Seat 4: Psynto ($87.19 in chips)
Psynto: posts small blind $1
Velbor107: is sitting out
DirtyBernerd: posts big blind $3
*** HOLE CARDS ***
Psynto: raises $3 to $6
DirtyBernerd: folds
Uncalled bet ($3) returned to Psynto
Velbor107 leaves the table
Psynto collected $6 from pot
Psynto: doesn't show hand
*** SUMMARY ***
Total pot $6 | Rake $0
Seat 3: DirtyBernerd (big blind) folded before Flop
Seat 4: Psynto (button) (small blind) collected ($6)


PokerStars Hand #176066879522:  Hold'em Limit ($3/$6 USD) - 2017/09/24 13:25:27 ET
Table 'Calypso' 6-max Seat #3 is the button
Seat 3: DirtyBernerd ($40.15 in chips)
Seat 4: Psynto ($133.83 in chips)
DirtyBernerd: posts small blind $1
Psynto: posts big blind $3
*** HOLE CARDS ***
DirtyBernerd: folds
Uncalled bet ($2) returned to Psynto
Psynto collected $2 from pot
Psynto: doesn't show hand
*** SUMMARY ***
Total pot $2 | Rake $0
Seat 3: DirtyBernerd (button) (small blind) folded before Flop
Seat 4: Psynto (big blind) collected ($2)


PokerStars Hand #176066865091:  Hold'em Limit ($3/$6 USD) - 2017/09/24 13:25:11 ET
Table 'Calypso' 6-max Seat #4 is the button
Seat 3: DirtyBernerd ($55.15 in chips)
Seat 4: Psynto ($119.33 in chips)
Psynto: posts small blind $1
DirtyBernerd: posts big blind $3
*** HOLE CARDS ***
stalin512 joins the table at seat #2
Psynto: raises $3 to $6
DirtyBernerd: calls $3
*** FLOP *** [2c 7c Tc]
DirtyBernerd: checks
Psynto: bets $3
DirtyBernerd: calls $3
*** TURN *** [2c 7c Tc] [4c]
rieg07 joins the table at seat #5
DirtyBernerd: checks
Psynto: checks
*** RIVER *** [2c 7c Tc 4c] [Ah]
DirtyBernerd: bets $6
Psynto: calls $6
*** SHOW DOWN ***
DirtyBernerd: shows [Td 6d] (a pair of Tens)
Psynto: shows [9h 5c] (a flush, Ten high)
Psynto collected $29.50 from pot
*** SUMMARY ***
Total pot $30 | Rake $0.50
Board [2c 7c Tc 4c Ah]
Seat 3: DirtyBernerd (big blind) showed [Td 6d] and lost with a pair of Tens
Seat 4: Psynto (button) (small blind) showed [9h 5c] and won ($29.50) with a flush, Ten high


PokerStars Hand #176066851331:  Hold'em Limit ($3/$6 USD) - 2017/09/24 13:24:56 ET
Table 'Calypso' 6-max Seat #3 is the button
Seat 3: DirtyBernerd ($73.15 in chips)
Seat 4: Psynto ($101.83 in chips)
DirtyBernerd: posts small blind $1
Psynto: posts big blind $3
*** HOLE CARDS ***
DirtyBernerd: raises $3 to $6
Psynto: calls $3
*** FLOP *** [Td Qd 8c]
Psynto: checks
DirtyBernerd: bets $3
Psynto: raises $3 to $6
DirtyBernerd: calls $3
*** TURN *** [Td Qd 8c] [2d]
Psynto: bets $6
DirtyBernerd: calls $6
*** RIVER *** [Td Qd 8c 2d] [5d]
Psynto: checks
DirtyBernerd: checks
*** SHOW DOWN ***
Psynto: shows [Qs Jc] (a pair of Queens)
DirtyBernerd: mucks hand
Psynto collected $35.50 from pot
*** SUMMARY ***
Total pot $36 | Rake $0.50
Board [Td Qd 8c 2d 5d]
Seat 3: DirtyBernerd (button) (small blind) mucked
Seat 4: Psynto (big blind) showed [Qs Jc] and won ($35.50) with a pair of Queens


PokerStars Hand #176066847085:  Hold'em Limit ($3/$6 USD) - 2017/09/24 13:24:51 ET
Table 'Calypso' 6-max Seat #4 is the button
Seat 3: DirtyBernerd ($76.15 in chips)
Seat 4: Psynto ($98.83 in chips)
Psynto: posts small blind $1
DirtyBernerd: posts big blind $3
*** HOLE CARDS ***
Psynto: raises $3 to $6
DirtyBernerd: folds
Uncalled bet ($3) returned to Psynto
Psynto collected $6 from pot
Psynto: doesn't show hand
*** SUMMARY ***
Total pot $6 | Rake $0
Seat 3: DirtyBernerd (big blind) folded before Flop
Seat 4: Psynto (button) (small blind) collected ($6)


PokerStars Hand #176066833283:  Hold'em Limit ($3/$6 USD) - 2017/09/24 13:24:36 ET
Table 'Calypso' 6-max Seat #3 is the button
Seat 3: DirtyBernerd ($85.15 in chips)
Seat 4: Psynto ($90.19 in chips)
DirtyBernerd: posts small blind $1
Psynto: posts big blind $3
*** HOLE CARDS ***
DirtyBernerd: raises $3 to $6
Psynto: calls $3
*** FLOP *** [Th 5d 5s]
Psynto: checks
DirtyBernerd: bets $3
Psynto: calls $3
*** TURN *** [Th 5d 5s] [8d]
Psynto: checks
DirtyBernerd: checks
*** RIVER *** [Th 5d 5s 8d] [4s]
Psynto: checks
DirtyBernerd: checks
*** SHOW DOWN ***
Psynto: shows [2d Kc] (a pair of Fives)
DirtyBernerd: mucks hand
Psynto collected $17.64 from pot
*** SUMMARY ***
Total pot $18 | Rake $0.36
Board [Th 5d 5s 8d 4s]
Seat 3: DirtyBernerd (button) (small blind) mucked
Seat 4: Psynto (big blind) showed [2d Kc] and won ($17.64) with a pair of Fives


PokerStars Hand #176070759748:  Hold'em Limit ($3/$6 USD) - 2017/09/24 14:37:46 ET
Table 'Calypso' 6-max Seat #1 is the button
Seat 1: parnishka11 ($39.75 in chips)
Seat 4: zimin10 ($277.03 in chips)
parnishka11: posts small blind $1
Pelurile: is sitting out
zimin10: posts big blind $3
*** HOLE CARDS ***
parnishka11: folds
Uncalled bet ($2) returned to zimin10
zimin10 collected $2 from pot
*** SUMMARY ***
Total pot $2 | Rake $0
Seat 1: parnishka11 (button) (small blind) folded before Flop
Seat 4: zimin10 (big blind) collected ($2)


PokerStars Hand #176070764446:  Hold'em Limit ($3/$6 USD) - 2017/09/24 14:37:51 ET
Table 'Calypso' 6-max Seat #4 is the button
Seat 1: parnishka11 ($38.75 in chips)
Seat 4: zimin10 ($278.03 in chips)
zimin10: posts small blind $1
KAKA1 was removed from the table for failing to post
parnishka11: posts big blind $3
*** HOLE CARDS ***
zimin10: raises $3 to $6
parnishka11: calls $3
*** FLOP *** [2d 7s 6s]
parnishka11: checks
zimin10: bets $3
parnishka11: raises $3 to $6
zimin10: calls $3
*** TURN *** [2d 7s 6s] [4h]
parnishka11: bets $6
zimin10: folds
Uncalled bet ($6) returned to parnishka11
parnishka11 collected $23.52 from pot
parnishka11: doesn't show hand
*** SUMMARY ***
Total pot $24 | Rake $0.48
Board [2d 7s 6s 4h]
Seat 1: parnishka11 (big blind) collected ($23.52)
Seat 4: zimin10 (button) (small blind) folded on the Turn


PokerStars Hand #176078746015:  Hold'em Limit ($3/$6 USD) - 2017/09/24 17:06:03 ET
Table 'Calypso' 6-max Seat #5 is the button
Seat 3: chebob ($78.13 in chips)
Seat 5: SEQUOIA2012 ($148.77 in chips)
SEQUOIA2012: posts small blind $1
belik555: is sitting out
chebob: posts big blind $3
*** HOLE CARDS ***
belik555 leaves the table
SEQUOIA2012: folds
Uncalled bet ($2) returned to chebob
chebob collected $2 from pot
chebob: doesn't show hand
*** SUMMARY ***
Total pot $2 | Rake $0
Seat 3: chebob (big blind) collected ($2)
Seat 5: SEQUOIA2012 (button) (small blind) folded before Flop


