PokerStars Hand #155315547622:  Hold'em Limit ($3/$6 USD) - 2016/06/28 16:09:49 ET
Table 'Calypso II' 6-max Seat #4 is the button
Seat 1: VolkovDmitri ($120 in chips)
Seat 4: buddhasway ($128.64 in chips)
buddhasway: posts small blind $1
VolkovDmitri: posts big blind $3
*** HOLE CARDS ***
buddhasway: raises $3 to $6
VolkovDmitri: folds
Uncalled bet ($3) returned to buddhasway
buddhasway collected $6 from pot
buddhasway: doesn't show hand
*** SUMMARY ***
Total pot $6 | Rake $0
Seat 1: VolkovDmitri (big blind) folded before Flop
Seat 4: buddhasway (button) (small blind) collected ($6)


PokerStars Hand #155315526062:  Hold'em Limit ($3/$6 USD) - 2016/06/28 16:09:23 ET
Table 'Calypso II' 6-max Seat #1 is the button
Seat 1: VolkovDmitri ($120 in chips)
Seat 4: buddhasway ($120 in chips)
VolkovDmitri: posts small blind $1
buddhasway: posts big blind $3
*** HOLE CARDS ***
VolkovDmitri: raises $3 to $6
buddhasway: raises $3 to $9
VolkovDmitri: calls $3
*** FLOP *** [2h 3s 7d]
buddhasway: checks
VolkovDmitri: checks
*** TURN *** [2h 3s 7d] [3c]
buddhasway: bets $6
VolkovDmitri: folds
Uncalled bet ($6) returned to buddhasway
buddhasway collected $17.64 from pot
buddhasway: doesn't show hand
*** SUMMARY ***
Total pot $18 | Rake $0.36
Board [2h 3s 7d 3c]
Seat 1: VolkovDmitri (button) (small blind) folded on the Turn
Seat 4: buddhasway (big blind) collected ($17.64)


PokerStars Hand #155315555797:  Hold'em Limit ($3/$6 USD) - 2016/06/28 16:09:59 ET
Table 'Calypso II' 6-max Seat #1 is the button
Seat 1: VolkovDmitri ($120 in chips)
Seat 4: buddhasway ($131.64 in chips)
VolkovDmitri: posts small blind $1
buddhasway: posts big blind $3
*** HOLE CARDS ***
VolkovDmitri: raises $3 to $6
buddhasway: calls $3
*** FLOP *** [5d 5s 3s]
buddhasway: checks
VolkovDmitri: bets $3
buddhasway: calls $3
*** TURN *** [5d 5s 3s] [6h]
buddhasway: checks
VolkovDmitri: checks
*** RIVER *** [5d 5s 3s 6h] [4s]
buddhasway: checks
VolkovDmitri: bets $6
BrownieSpy joins the table at seat #5
buddhasway: folds
Uncalled bet ($6) returned to VolkovDmitri
VolkovDmitri collected $17.64 from pot
VolkovDmitri: doesn't show hand
*** SUMMARY ***
Total pot $18 | Rake $0.36
Board [5d 5s 3s 6h 4s]
Seat 1: VolkovDmitri (button) (small blind) collected ($17.64)
Seat 4: buddhasway (big blind) folded on the River


