PokerStars Hand #151947268691:  Hold'em Limit ($3/$6 USD) - 2016/04/15 9:51:07 ET
Table 'Camelia III' 10-max Seat #7 is the button
Seat 6: trentin@ruim ($48.58 in chips)
Seat 7: BuzovaPro ($74.88 in chips)
BuzovaPro: posts small blind $1
trentin@ruim: posts big blind $3
*** HOLE CARDS ***
BuzovaPro: folds
Uncalled bet ($2) returned to trentin@ruim
trentin@ruim collected $2 from pot
trentin@ruim: doesn't show hand
*** SUMMARY ***
Total pot $2 | Rake $0
Seat 6: trentin@ruim (big blind) collected ($2)
Seat 7: BuzovaPro (button) (small blind) folded before Flop


PokerStars Hand #151947250460:  Hold'em Limit ($3/$6 USD) - 2016/04/15 9:50:36 ET
Table 'Camelia III' 10-max Seat #6 is the button
Seat 6: trentin@ruim ($51.58 in chips)
Seat 7: BuzovaPro ($72 in chips)
trentin@ruim: posts small blind $1
BuzovaPro: posts big blind $3
*** HOLE CARDS ***
trentin@ruim: calls $2
BuzovaPro: checks
*** FLOP *** [Jc Ts Qd]
BuzovaPro: bets $3
trentin@ruim: folds
Uncalled bet ($3) returned to BuzovaPro
BuzovaPro collected $5.88 from pot
BuzovaPro: doesn't show hand
*** SUMMARY ***
Total pot $6 | Rake $0.12
Board [Jc Ts Qd]
Seat 6: trentin@ruim (button) (small blind) folded on the Flop
Seat 7: BuzovaPro (big blind) collected ($5.88)


PokerStars Hand #151947274978:  Hold'em Limit ($3/$6 USD) - 2016/04/15 9:51:18 ET
Table 'Camelia III' 10-max Seat #6 is the button
Seat 6: trentin@ruim ($49.58 in chips)
Seat 7: BuzovaPro ($73.88 in chips)
trentin@ruim: posts small blind $1
BuzovaPro: posts big blind $3
*** HOLE CARDS ***
trentin@ruim: calls $2
BuzovaPro: raises $3 to $6
trentin@ruim: calls $3
*** FLOP *** [Td 6d Ac]
BuzovaPro: bets $3
trentin@ruim: calls $3
*** TURN *** [Td 6d Ac] [Ad]
BuzovaPro: bets $6
trentin@ruim: calls $6
*** RIVER *** [Td 6d Ac Ad] [3c]
BuzovaPro: bets $6
trentin@ruim: calls $6
*** SHOW DOWN ***
BuzovaPro: shows [Qh Ts] (two pair, Aces and Tens)
trentin@ruim: mucks hand
BuzovaPro collected $41.50 from pot
*** SUMMARY ***
Total pot $42 | Rake $0.50
Board [Td 6d Ac Ad 3c]
Seat 6: trentin@ruim (button) (small blind) mucked
Seat 7: BuzovaPro (big blind) showed [Qh Ts] and won ($41.50) with two pair, Aces and Tens


PokerStars Hand #151947293497:  Hold'em Limit ($3/$6 USD) - 2016/04/15 9:51:48 ET
Table 'Camelia III' 10-max Seat #7 is the button
Seat 6: trentin@ruim ($28.58 in chips)
Seat 7: BuzovaPro ($94.38 in chips)
BuzovaPro: posts small blind $1
trentin@ruim: posts big blind $3
*** HOLE CARDS ***
BuzovaPro: folds
Uncalled bet ($2) returned to trentin@ruim
trentin@ruim collected $2 from pot
trentin@ruim: doesn't show hand
*** SUMMARY ***
Total pot $2 | Rake $0
Seat 6: trentin@ruim (big blind) collected ($2)
Seat 7: BuzovaPro (button) (small blind) folded before Flop


PokerStars Hand #151947297685:  Hold'em Limit ($3/$6 USD) - 2016/04/15 9:51:55 ET
Table 'Camelia III' 10-max Seat #6 is the button
Seat 6: trentin@ruim ($29.58 in chips)
Seat 7: BuzovaPro ($93.38 in chips)
trentin@ruim: posts small blind $1
BuzovaPro: posts big blind $3
*** HOLE CARDS ***
trentin@ruim: calls $2
BuzovaPro: raises $3 to $6
trentin@ruim: calls $3
*** FLOP *** [As Jh 5d]
BuzovaPro: bets $3
trentin@ruim: raises $3 to $6
BuzovaPro: calls $3
*** TURN *** [As Jh 5d] [2d]
BuzovaPro: checks
trentin@ruim: checks
*** RIVER *** [As Jh 5d 2d] [9c]
BuzovaPro: bets $6
trentin@ruim: calls $6
*** SHOW DOWN ***
BuzovaPro: shows [Jd Kc] (a pair of Jacks)
trentin@ruim: mucks hand
BuzovaPro collected $35.50 from pot
*** SUMMARY ***
Total pot $36 | Rake $0.50
Board [As Jh 5d 2d 9c]
Seat 6: trentin@ruim (button) (small blind) mucked
Seat 7: BuzovaPro (big blind) showed [Jd Kc] and won ($35.50) with a pair of Jacks


PokerStars Hand #151947313400:  Hold'em Limit ($3/$6 USD) - 2016/04/15 9:52:22 ET
Table 'Camelia III' 10-max Seat #7 is the button
Seat 6: trentin@ruim ($11.58 in chips)
Seat 7: BuzovaPro ($110.88 in chips)
BuzovaPro: posts small blind $1
trentin@ruim: posts big blind $3
*** HOLE CARDS ***
BuzovaPro: raises $3 to $6
trentin@ruim: folds
Uncalled bet ($3) returned to BuzovaPro
trentin@ruim leaves the table
BuzovaPro collected $6 from pot
BuzovaPro: doesn't show hand
*** SUMMARY ***
Total pot $6 | Rake $0
Seat 6: trentin@ruim (big blind) folded before Flop
Seat 7: BuzovaPro (button) (small blind) collected ($6)


