PokerStars Hand #146437199697:  Hold'em Limit ($3/$6 USD) - 2016/01/04 3:57:25 ET
Table 'Camelia' 2-max Seat #2 is the button
Seat 1: VolkovDmitri ($120 in chips)
Seat 2: jl45259071 ($166.64 in chips)
jl45259071: posts small blind $1
VolkovDmitri: posts big blind $3
*** HOLE CARDS ***
jl45259071: calls $2
VolkovDmitri: raises $3 to $6
jl45259071: calls $3
*** FLOP *** [Qh 4c Td]
VolkovDmitri: bets $3
jl45259071: calls $3
*** TURN *** [Qh 4c Td] [7s]
VolkovDmitri: bets $6
jl45259071: calls $6
*** RIVER *** [Qh 4c Td 7s] [8c]
VolkovDmitri: bets $6
jl45259071: folds
Uncalled bet ($6) returned to VolkovDmitri
VolkovDmitri collected $29.50 from pot
VolkovDmitri: doesn't show hand
*** SUMMARY ***
Total pot $30 | Rake $0.50
Board [Qh 4c Td 7s 8c]
Seat 1: VolkovDmitri (big blind) collected ($29.50)
Seat 2: jl45259071 (button) (small blind) folded on the River


PokerStars Hand #146437192655:  Hold'em Limit ($3/$6 USD) - 2016/01/04 3:57:03 ET
Table 'Camelia' 2-max Seat #1 is the button
Seat 1: VolkovDmitri ($128.64 in chips)
Seat 2: jl45259071 ($158 in chips)
VolkovDmitri: posts small blind $1
jl45259071: posts big blind $3
*** HOLE CARDS ***
VolkovDmitri: raises $3 to $6
jl45259071: calls $3
*** FLOP *** [7s 6h 6c]
jl45259071: checks
VolkovDmitri: bets $3
jl45259071: calls $3
*** TURN *** [7s 6h 6c] [7c]
jl45259071: checks
VolkovDmitri: checks
*** RIVER *** [7s 6h 6c 7c] [4c]
jl45259071: bets $6
VolkovDmitri: folds
Uncalled bet ($6) returned to jl45259071
jl45259071 collected $17.64 from pot
*** SUMMARY ***
Total pot $18 | Rake $0.36
Board [7s 6h 6c 7c 4c]
Seat 1: VolkovDmitri (button) (small blind) folded on the River
Seat 2: jl45259071 (big blind) collected ($17.64)


PokerStars Hand #146437209889:  Hold'em Limit ($3/$6 USD) - 2016/01/04 3:57:57 ET
Table 'Camelia' 2-max Seat #1 is the button
Seat 1: VolkovDmitri ($134.50 in chips)
Seat 2: jl45259071 ($151.64 in chips)
VolkovDmitri: posts small blind $1
jl45259071: posts big blind $3
*** HOLE CARDS ***
VolkovDmitri: raises $3 to $6
jl45259071: raises $3 to $9
VolkovDmitri: calls $3
*** FLOP *** [9h 7h Td]
jl45259071: bets $3
VolkovDmitri: calls $3
*** TURN *** [9h 7h Td] [8d]
jl45259071: bets $6
VolkovDmitri: calls $6
*** RIVER *** [9h 7h Td 8d] [Qd]
jl45259071: bets $6
VolkovDmitri: calls $6
*** SHOW DOWN ***
jl45259071: shows [Jh Kh] (a straight, Nine to King)
VolkovDmitri: mucks hand
jl45259071 collected $47.50 from pot
*** SUMMARY ***
Total pot $48 | Rake $0.50
Board [9h 7h Td 8d Qd]
Seat 1: VolkovDmitri (button) (small blind) mucked
Seat 2: jl45259071 (big blind) showed [Jh Kh] and won ($47.50) with a straight, Nine to King


PokerStars Hand #146437226296:  Hold'em Limit ($3/$6 USD) - 2016/01/04 3:58:49 ET
Table 'Camelia' 2-max Seat #2 is the button
Seat 1: VolkovDmitri ($120 in chips)
Seat 2: jl45259071 ($175.14 in chips)
jl45259071: posts small blind $1
VolkovDmitri: posts big blind $3
*** HOLE CARDS ***
jl45259071: calls $2
VolkovDmitri: raises $3 to $6
jl45259071: raises $3 to $9
VolkovDmitri: calls $3
*** FLOP *** [9s 5d 9c]
VolkovDmitri: checks
jl45259071: bets $3
VolkovDmitri: calls $3
*** TURN *** [9s 5d 9c] [2h]
VolkovDmitri: checks
jl45259071 is disconnected
jl45259071 has timed out while disconnected
jl45259071: checks
*** RIVER *** [9s 5d 9c 2h] [Ah]
VolkovDmitri: checks
jl45259071 has timed out while disconnected
jl45259071: checks
*** SHOW DOWN ***
VolkovDmitri: shows [8c Kc] (a pair of Nines)
jl45259071: shows [Kh Qh] (a pair of Nines - Ace+King+Queen kicker)
jl45259071 collected $23.52 from pot
*** SUMMARY ***
Total pot $24 | Rake $0.48
Board [9s 5d 9c 2h Ah]
Seat 1: VolkovDmitri (big blind) showed [8c Kc] and lost with a pair of Nines
Seat 2: jl45259071 (button) (small blind) showed [Kh Qh] and won ($23.52) with a pair of Nines


