PokerStars Hand #174680978191:  Hold'em Limit ($3/$6 USD) - 2017/08/23 0:02:10 ET
Table 'Camelia II' 6-max Seat #5 is the button
Seat 3: banita51 ($475.79 in chips)
Seat 5: play4uron ($128.64 in chips)
play4uron: posts small blind $1
banita51: posts big blind $3
*** HOLE CARDS ***
play4uron: raises $3 to $6
banita51: calls $3
*** FLOP *** [Js 7d 9d]
banita51: checks
play4uron: bets $3
banita51: calls $3
*** TURN *** [Js 7d 9d] [8d]
banita51: bets $6
play4uron: raises $6 to $12
banita51: calls $6
*** RIVER *** [Js 7d 9d 8d] [Jh]
banita51: checks
play4uron: bets $6
banita51: calls $6
*** SHOW DOWN ***
play4uron: shows [Ts 2s] (a straight, Seven to Jack)
banita51: mucks hand
play4uron collected $53.50 from pot
*** SUMMARY ***
Total pot $54 | Rake $0.50
Board [Js 7d 9d 8d Jh]
Seat 3: banita51 (big blind) mucked
Seat 5: play4uron (button) (small blind) showed [Ts 2s] and won ($53.50) with a straight, Seven to Jack


PokerStars Hand #174680972329:  Hold'em Limit ($3/$6 USD) - 2017/08/23 0:01:48 ET
Table 'Camelia II' 6-max Seat #3 is the button
Seat 3: banita51 ($484.79 in chips)
Seat 5: play4uron ($120 in chips)
banita51: posts small blind $1
play4uron: posts big blind $3
*** HOLE CARDS ***
banita51: raises $3 to $6
play4uron: calls $3
*** FLOP *** [3d 9c Kd]
fender676 leaves the table
play4uron: checks
banita51: bets $3
play4uron: calls $3
*** TURN *** [3d 9c Kd] [6s]
play4uron: bets $6
banita51: folds
Uncalled bet ($6) returned to play4uron
play4uron collected $17.64 from pot
play4uron: doesn't show hand
*** SUMMARY ***
Total pot $18 | Rake $0.36
Board [3d 9c Kd 6s]
Seat 3: banita51 (button) (small blind) folded on the Turn
Seat 5: play4uron (big blind) collected ($17.64)


PokerStars Hand #174681002424:  Hold'em Limit ($3/$6 USD) - 2017/08/23 0:03:43 ET
Table 'Camelia II' 6-max Seat #3 is the button
Seat 3: banita51 ($448.79 in chips)
Seat 4: kogaymg ($105.89 in chips)
banita51: posts small blind $1
kogaymg: posts big blind $3
*** HOLE CARDS ***
banita51: raises $3 to $6
kogaymg: raises $3 to $9
banita51: calls $3
*** FLOP *** [Kc 2d 5d]
kogaymg: bets $3
banita51: calls $3
*** TURN *** [Kc 2d 5d] [2s]
kogaymg: bets $6
banita51: folds
Uncalled bet ($6) returned to kogaymg
kogaymg collected $23.52 from pot
kogaymg: doesn't show hand
*** SUMMARY ***
Total pot $24 | Rake $0.48
Board [Kc 2d 5d 2s]
Seat 3: banita51 (button) (small blind) folded on the Turn
Seat 4: kogaymg (big blind) collected ($23.52)


PokerStars Hand #174681008155:  Hold'em Limit ($3/$6 USD) - 2017/08/23 0:04:04 ET
Table 'Camelia II' 6-max Seat #4 is the button
Seat 3: banita51 ($436.79 in chips)
Seat 4: kogaymg ($117.41 in chips)
kogaymg: posts small blind $1
banita51: posts big blind $3
*** HOLE CARDS ***
kogaymg: raises $3 to $6
banita51: calls $3
*** FLOP *** [3s 6h 6c]
banita51: bets $3
kogaymg: raises $3 to $6
banita51: calls $3
*** TURN *** [3s 6h 6c] [5c]
banita51: checks
kogaymg: bets $6
banita51: calls $6
*** RIVER *** [3s 6h 6c 5c] [Jc]
banita51: checks
kogaymg: bets $6
banita51: folds
Uncalled bet ($6) returned to kogaymg
kogaymg collected $35.50 from pot
kogaymg: doesn't show hand
*** SUMMARY ***
Total pot $36 | Rake $0.50
Board [3s 6h 6c 5c Jc]
Seat 3: banita51 (big blind) folded on the River
Seat 4: kogaymg (button) (small blind) collected ($35.50)


PokerStars Hand #174681012992:  Hold'em Limit ($3/$6 USD) - 2017/08/23 0:04:23 ET
Table 'Camelia II' 6-max Seat #3 is the button
Seat 3: banita51 ($418.79 in chips)
Seat 4: kogaymg ($134.91 in chips)
banita51: posts small blind $1
kogaymg: posts big blind $3
*** HOLE CARDS ***
banita51: raises $3 to $6
kogaymg: calls $3
*** FLOP *** [2c 7h As]
kogaymg: checks
banita51: checks
*** TURN *** [2c 7h As] [Td]
kogaymg: checks
banita51: bets $6
kogaymg: calls $6
*** RIVER *** [2c 7h As Td] [3d]
kogaymg: checks
banita51: bets $6
kogaymg: calls $6
*** SHOW DOWN ***
banita51: shows [Qc Ah] (a pair of Aces)
kogaymg: mucks hand
banita51 collected $35.50 from pot
*** SUMMARY ***
Total pot $36 | Rake $0.50
Board [2c 7h As Td 3d]
Seat 3: banita51 (button) (small blind) showed [Qc Ah] and won ($35.50) with a pair of Aces
Seat 4: kogaymg (big blind) mucked


PokerStars Hand #174681018211:  Hold'em Limit ($3/$6 USD) - 2017/08/23 0:04:43 ET
Table 'Camelia II' 6-max Seat #4 is the button
Seat 3: banita51 ($436.29 in chips)
Seat 4: kogaymg ($116.91 in chips)
kogaymg: posts small blind $1
banita51: posts big blind $3
*** HOLE CARDS ***
kogaymg: raises $3 to $6
banita51: folds
Uncalled bet ($3) returned to kogaymg
kogaymg collected $6 from pot
kogaymg: doesn't show hand
*** SUMMARY ***
Total pot $6 | Rake $0
Seat 3: banita51 (big blind) folded before Flop
Seat 4: kogaymg (button) (small blind) collected ($6)


PokerStars Hand #174681028992:  Hold'em Limit ($3/$6 USD) - 2017/08/23 0:05:24 ET
Table 'Camelia II' 6-max Seat #3 is the button
Seat 3: banita51 ($422.29 in chips)
Seat 4: kogaymg ($130.43 in chips)
banita51: posts small blind $1
kogaymg: posts big blind $3
*** HOLE CARDS ***
banita51: raises $3 to $6
kogaymg: calls $3
*** FLOP *** [7d Ts 2s]
kogaymg: checks
banita51: bets $3
kogaymg: folds
Uncalled bet ($3) returned to banita51
banita51 collected $11.76 from pot
*** SUMMARY ***
Total pot $12 | Rake $0.24
Board [7d Ts 2s]
Seat 3: banita51 (button) (small blind) collected ($11.76)
Seat 4: kogaymg (big blind) folded on the Flop


PokerStars Hand #174681019903:  Hold'em Limit ($3/$6 USD) - 2017/08/23 0:04:49 ET
Table 'Camelia II' 6-max Seat #3 is the button
Seat 3: banita51 ($433.29 in chips)
Seat 4: kogaymg ($119.91 in chips)
banita51: posts small blind $1
kogaymg: posts big blind $3
*** HOLE CARDS ***
banita51: raises $3 to $6
kogaymg: raises $3 to $9
banita51: calls $3
*** FLOP *** [Qc 6h 9h]
kogaymg: bets $3
banita51: calls $3
*** TURN *** [Qc 6h 9h] [Jh]
kogaymg: checks
banita51: checks
*** RIVER *** [Qc 6h 9h Jh] [6d]
kogaymg: bets $6
banita51: folds
Uncalled bet ($6) returned to kogaymg
kogaymg collected $23.52 from pot
kogaymg: doesn't show hand
*** SUMMARY ***
Total pot $24 | Rake $0.48
Board [Qc 6h 9h Jh 6d]
Seat 3: banita51 (button) (small blind) folded on the River
Seat 4: kogaymg (big blind) collected ($23.52)


PokerStars Hand #174682973200:  Hold'em Limit ($3/$6 USD) - 2017/08/23 2:22:33 ET
Table 'Camelia II' 6-max Seat #4 is the button
Seat 2: HAL9QQQ ($120 in chips)
Seat 4: Zazi ($310.82 in chips)
Zazi: posts small blind $1
Pelurile: is sitting out
HAL9QQQ: posts big blind $3
*** HOLE CARDS ***
Zazi: raises $3 to $6
HAL9QQQ: folds
Uncalled bet ($3) returned to Zazi
Zazi collected $6 from pot
Zazi: doesn't show hand
*** SUMMARY ***
Total pot $6 | Rake $0
Seat 2: HAL9QQQ (big blind) folded before Flop
Seat 4: Zazi (button) (small blind) collected ($6)


