PokerStars Hand #146048331466:  Hold'em Limit ($3/$6 USD) - 2015/12/28 5:11:14 ET
Table 'Camilla III' 2-max Seat #1 is the button
Seat 1: Rus29APX ($121 in chips)
Seat 2: melyh82 ($59 in chips)
Rus29APX: posts small blind $1
melyh82: posts big blind $3
*** HOLE CARDS ***
Rus29APX: raises $3 to $6
melyh82: calls $3
*** FLOP *** [8s 9h Qh]
melyh82: checks
Rus29APX: bets $3
melyh82: calls $3
*** TURN *** [8s 9h Qh] [6c]
melyh82: checks
Rus29APX: checks
*** RIVER *** [8s 9h Qh 6c] [4d]
melyh82: bets $6
Rus29APX: calls $6
*** SHOW DOWN ***
melyh82: shows [7h 9c] (a pair of Nines)
Rus29APX: mucks hand
melyh82 collected $29.50 from pot
*** SUMMARY ***
Total pot $30 | Rake $0.50
Board [8s 9h Qh 6c 4d]
Seat 1: Rus29APX (button) (small blind) mucked
Seat 2: melyh82 (big blind) showed [7h 9c] and won ($29.50) with a pair of Nines


PokerStars Hand #146048327057:  Hold'em Limit ($3/$6 USD) - 2015/12/28 5:11:03 ET
Table 'Camilla III' 2-max Seat #2 is the button
Seat 1: Rus29APX ($120 in chips)
Seat 2: melyh82 ($60 in chips)
melyh82: posts small blind $1
Rus29APX: posts big blind $3
*** HOLE CARDS ***
melyh82: folds
Uncalled bet ($2) returned to Rus29APX
Rus29APX collected $2 from pot
Rus29APX: doesn't show hand
*** SUMMARY ***
Total pot $2 | Rake $0
Seat 1: Rus29APX (big blind) collected ($2)
Seat 2: melyh82 (button) (small blind) folded before Flop


PokerStars Hand #146048358750:  Hold'em Limit ($3/$6 USD) - 2015/12/28 5:12:17 ET
Table 'Camilla III' 2-max Seat #2 is the button
Seat 1: Rus29APX ($88 in chips)
Seat 2: melyh82 ($90.78 in chips)
melyh82: posts small blind $1
Rus29APX: posts big blind $3
*** HOLE CARDS ***
melyh82: raises $3 to $6
Rus29APX: raises $3 to $9
melyh82: calls $3
*** FLOP *** [5d Qd 8d]
Rus29APX: bets $3
melyh82: folds
Uncalled bet ($3) returned to Rus29APX
Rus29APX collected $17.64 from pot
Rus29APX: doesn't show hand
*** SUMMARY ***
Total pot $18 | Rake $0.36
Board [5d Qd 8d]
Seat 1: Rus29APX (big blind) collected ($17.64)
Seat 2: melyh82 (button) (small blind) folded on the Flop


PokerStars Hand #146048350480:  Hold'em Limit ($3/$6 USD) - 2015/12/28 5:11:58 ET
Table 'Camilla III' 2-max Seat #1 is the button
Seat 1: Rus29APX ($97 in chips)
Seat 2: melyh82 ($82.14 in chips)
Rus29APX: posts small blind $1
melyh82: posts big blind $3
*** HOLE CARDS ***
Rus29APX: raises $3 to $6
melyh82: calls $3
*** FLOP *** [6h Ah Qd]
melyh82: checks
Rus29APX: bets $3
melyh82: calls $3
*** TURN *** [6h Ah Qd] [Js]
melyh82: checks
Rus29APX: checks
*** RIVER *** [6h Ah Qd Js] [6c]
melyh82: bets $6
Rus29APX: folds
Uncalled bet ($6) returned to melyh82
melyh82 collected $17.64 from pot
melyh82: doesn't show hand
*** SUMMARY ***
Total pot $18 | Rake $0.36
Board [6h Ah Qd Js 6c]
Seat 1: Rus29APX (button) (small blind) folded on the River
Seat 2: melyh82 (big blind) collected ($17.64)


PokerStars Hand #146048340029:  Hold'em Limit ($3/$6 USD) - 2015/12/28 5:11:33 ET
Table 'Camilla III' 2-max Seat #2 is the button
Seat 1: Rus29APX ($106 in chips)
Seat 2: melyh82 ($73.50 in chips)
melyh82: posts small blind $1
Rus29APX: posts big blind $3
*** HOLE CARDS ***
melyh82: raises $3 to $6
Rus29APX: calls $3
*** FLOP *** [Ac Kd 4h]
Rus29APX: checks
melyh82: bets $3
Rus29APX: calls $3
*** TURN *** [Ac Kd 4h] [6s]
Rus29APX: checks
melyh82: checks
*** RIVER *** [Ac Kd 4h 6s] [Jd]
Rus29APX: checks
melyh82: checks
*** SHOW DOWN ***
Rus29APX: shows [Qc 2c] (high card Ace)
melyh82: shows [Qd 8s] (high card Ace - King+Queen+Jack+Eight kicker)
melyh82 collected $17.64 from pot
*** SUMMARY ***
Total pot $18 | Rake $0.36
Board [Ac Kd 4h 6s Jd]
Seat 1: Rus29APX (big blind) showed [Qc 2c] and lost with high card Ace
Seat 2: melyh82 (button) (small blind) showed [Qd 8s] and won ($17.64) with high card Ace


PokerStars Hand #146048377551:  Hold'em Limit ($3/$6 USD) - 2015/12/28 5:13:00 ET
Table 'Camilla III' 2-max Seat #2 is the button
Seat 1: Rus29APX ($132.14 in chips)
Seat 2: melyh82 ($45.78 in chips)
melyh82: posts small blind $1
Rus29APX: posts big blind $3
*** HOLE CARDS ***
melyh82: raises $3 to $6
Rus29APX: calls $3
*** FLOP *** [Ts 7s Ah]
Rus29APX: checks
melyh82: checks
*** TURN *** [Ts 7s Ah] [Qc]
Rus29APX: checks
melyh82: checks
*** RIVER *** [Ts 7s Ah Qc] [5s]
Rus29APX: bets $6
melyh82: folds
Uncalled bet ($6) returned to Rus29APX
Rus29APX collected $11.76 from pot
Rus29APX: doesn't show hand
*** SUMMARY ***
Total pot $12 | Rake $0.24
Board [Ts 7s Ah Qc 5s]
Seat 1: Rus29APX (big blind) collected ($11.76)
Seat 2: melyh82 (button) (small blind) folded on the River


PokerStars Hand #146048363420:  Hold'em Limit ($3/$6 USD) - 2015/12/28 5:12:28 ET
Table 'Camilla III' 2-max Seat #1 is the button
Seat 1: Rus29APX ($96.64 in chips)
Seat 2: melyh82 ($81.78 in chips)
Rus29APX: posts small blind $1
melyh82: posts big blind $3
*** HOLE CARDS ***
Rus29APX: raises $3 to $6
melyh82: calls $3
*** FLOP *** [Tc Qs Jh]
melyh82: checks
Rus29APX: bets $3
melyh82: raises $3 to $6
Rus29APX: calls $3
*** TURN *** [Tc Qs Jh] [4s]
melyh82: bets $6
Rus29APX: calls $6
*** RIVER *** [Tc Qs Jh 4s] [Kd]
melyh82: bets $6
Rus29APX: raises $6 to $12
melyh82: raises $6 to $18
Rus29APX: raises $6 to $24
Betting is capped
melyh82: folds
Uncalled bet ($6) returned to Rus29APX
Rus29APX collected $71.50 from pot
Rus29APX: doesn't show hand
*** SUMMARY ***
Total pot $72 | Rake $0.50
Board [Tc Qs Jh 4s Kd]
Seat 1: Rus29APX (button) (small blind) collected ($71.50)
Seat 2: melyh82 (big blind) folded on the River


PokerStars Hand #146048416953:  Hold'em Limit ($3/$6 USD) - 2015/12/28 5:14:31 ET
Table 'Camilla III' 2-max Seat #1 is the button
Seat 1: Rus29APX ($85.90 in chips)
Seat 2: melyh82 ($114.91 in chips)
Rus29APX: posts small blind $1
melyh82: posts big blind $3
*** HOLE CARDS ***
Rus29APX: folds
Uncalled bet ($2) returned to melyh82
melyh82 collected $2 from pot
melyh82: doesn't show hand
*** SUMMARY ***
Total pot $2 | Rake $0
Seat 1: Rus29APX (button) (small blind) folded before Flop
Seat 2: melyh82 (big blind) collected ($2)


PokerStars Hand #146048408576:  Hold'em Limit ($3/$6 USD) - 2015/12/28 5:14:12 ET
Table 'Camilla III' 2-max Seat #2 is the button
Seat 1: Rus29APX ($109.90 in chips)
Seat 2: melyh82 ($91.41 in chips)
melyh82: posts small blind $1
Rus29APX: posts big blind $3
*** HOLE CARDS ***
melyh82: raises $3 to $6
Rus29APX: calls $3
*** FLOP *** [7c Qh 2h]
Rus29APX: checks
melyh82: bets $3
Rus29APX: raises $3 to $6
melyh82: calls $3
*** TURN *** [7c Qh 2h] [As]
Rus29APX: bets $6
melyh82: raises $6 to $12
Rus29APX: calls $6
*** RIVER *** [7c Qh 2h As] [8h]
Rus29APX: checks
melyh82: checks
*** SHOW DOWN ***
Rus29APX: shows [6c 7s] (a pair of Sevens)
melyh82: shows [Ac 6h] (a pair of Aces)
melyh82 collected $47.50 from pot
*** SUMMARY ***
Total pot $48 | Rake $0.50
Board [7c Qh 2h As 8h]
Seat 1: Rus29APX (big blind) showed [6c 7s] and lost with a pair of Sevens
Seat 2: melyh82 (button) (small blind) showed [Ac 6h] and won ($47.50) with a pair of Aces


PokerStars Hand #146048406482:  Hold'em Limit ($3/$6 USD) - 2015/12/28 5:14:07 ET
Table 'Camilla III' 2-max Seat #1 is the button
Seat 1: Rus29APX ($110.90 in chips)
Seat 2: melyh82 ($90.41 in chips)
Rus29APX: posts small blind $1
melyh82: posts big blind $3
*** HOLE CARDS ***
Rus29APX: folds
Uncalled bet ($2) returned to melyh82
melyh82 collected $2 from pot
melyh82: doesn't show hand
*** SUMMARY ***
Total pot $2 | Rake $0
Seat 1: Rus29APX (button) (small blind) folded before Flop
Seat 2: melyh82 (big blind) collected ($2)


PokerStars Hand #146048404516:  Hold'em Limit ($3/$6 USD) - 2015/12/28 5:14:02 ET
Table 'Camilla III' 2-max Seat #2 is the button
Seat 1: Rus29APX ($109.90 in chips)
Seat 2: melyh82 ($91.41 in chips)
melyh82: posts small blind $1
Rus29APX: posts big blind $3
*** HOLE CARDS ***
melyh82: folds
Uncalled bet ($2) returned to Rus29APX
Rus29APX collected $2 from pot
Rus29APX: doesn't show hand
*** SUMMARY ***
Total pot $2 | Rake $0
Seat 1: Rus29APX (big blind) collected ($2)
Seat 2: melyh82 (button) (small blind) folded before Flop


PokerStars Hand #146048402199:  Hold'em Limit ($3/$6 USD) - 2015/12/28 5:13:57 ET
Table 'Camilla III' 2-max Seat #1 is the button
Seat 1: Rus29APX ($110.90 in chips)
Seat 2: melyh82 ($90.41 in chips)
Rus29APX: posts small blind $1
melyh82: posts big blind $3
*** HOLE CARDS ***
Rus29APX: folds
Uncalled bet ($2) returned to melyh82
melyh82 collected $2 from pot
melyh82: doesn't show hand
*** SUMMARY ***
Total pot $2 | Rake $0
Seat 1: Rus29APX (button) (small blind) folded before Flop
Seat 2: melyh82 (big blind) collected ($2)


PokerStars Hand #146048399476:  Hold'em Limit ($3/$6 USD) - 2015/12/28 5:13:51 ET
Table 'Camilla III' 2-max Seat #2 is the button
Seat 1: Rus29APX ($113.90 in chips)
Seat 2: melyh82 ($87.41 in chips)
melyh82: posts small blind $1
Rus29APX: posts big blind $3
*** HOLE CARDS ***
melyh82: raises $3 to $6
Rus29APX: folds
Uncalled bet ($3) returned to melyh82
melyh82 collected $6 from pot
melyh82: doesn't show hand
*** SUMMARY ***
Total pot $6 | Rake $0
Seat 1: Rus29APX (big blind) folded before Flop
Seat 2: melyh82 (button) (small blind) collected ($6)


PokerStars Hand #146048388121:  Hold'em Limit ($3/$6 USD) - 2015/12/28 5:13:24 ET
Table 'Camilla III' 2-max Seat #1 is the button
Seat 1: Rus29APX ($137.90 in chips)
Seat 2: melyh82 ($63.91 in chips)
Rus29APX: posts small blind $1
melyh82: posts big blind $3
*** HOLE CARDS ***
Rus29APX: raises $3 to $6
melyh82: raises $3 to $9
Rus29APX: calls $3
*** FLOP *** [Kc 5h 3h]
melyh82: bets $3
Rus29APX: calls $3
*** TURN *** [Kc 5h 3h] [Qs]
melyh82: bets $6
Rus29APX: calls $6
*** RIVER *** [Kc 5h 3h Qs] [6h]
melyh82: bets $6
Rus29APX: calls $6
*** SHOW DOWN ***
melyh82: shows [6d Ah] (a pair of Sixes)
Rus29APX: mucks hand
melyh82 collected $47.50 from pot
*** SUMMARY ***
Total pot $48 | Rake $0.50
Board [Kc 5h 3h Qs 6h]
Seat 1: Rus29APX (button) (small blind) mucked
Seat 2: melyh82 (big blind) showed [6d Ah] and won ($47.50) with a pair of Sixes


PokerStars Hand #146048440279:  Hold'em Limit ($3/$6 USD) - 2015/12/28 5:15:24 ET
Table 'Camilla III' 2-max Seat #2 is the button
Seat 1: Rus29APX ($71.66 in chips)
Seat 2: melyh82 ($128.41 in chips)
melyh82: posts small blind $1
Rus29APX: posts big blind $3
*** HOLE CARDS ***
melyh82: raises $3 to $6
Rus29APX: raises $3 to $9
melyh82: calls $3
*** FLOP *** [5s 7c Jh]
Rus29APX: bets $3
melyh82: calls $3
*** TURN *** [5s 7c Jh] [8d]
Rus29APX: bets $6
melyh82: calls $6
*** RIVER *** [5s 7c Jh 8d] [9s]
Rus29APX: checks
melyh82: bets $6
Rus29APX: folds
Uncalled bet ($6) returned to melyh82
melyh82 collected $35.50 from pot
melyh82: doesn't show hand
*** SUMMARY ***
Total pot $36 | Rake $0.50
Board [5s 7c Jh 8d 9s]
Seat 1: Rus29APX (big blind) folded on the River
Seat 2: melyh82 (button) (small blind) collected ($35.50)


PokerStars Hand #146048438142:  Hold'em Limit ($3/$6 USD) - 2015/12/28 5:15:20 ET
Table 'Camilla III' 2-max Seat #1 is the button
Seat 1: Rus29APX ($72.66 in chips)
Seat 2: melyh82 ($127.41 in chips)
Rus29APX: posts small blind $1
melyh82: posts big blind $3
*** HOLE CARDS ***
Rus29APX: folds
Uncalled bet ($2) returned to melyh82
melyh82 collected $2 from pot
melyh82: doesn't show hand
*** SUMMARY ***
Total pot $2 | Rake $0
Seat 1: Rus29APX (button) (small blind) folded before Flop
Seat 2: melyh82 (big blind) collected ($2)


PokerStars Hand #146048428885:  Hold'em Limit ($3/$6 USD) - 2015/12/28 5:14:59 ET
Table 'Camilla III' 2-max Seat #2 is the button
Seat 1: Rus29APX ($93.66 in chips)
Seat 2: melyh82 ($106.91 in chips)
melyh82: posts small blind $1
Rus29APX: posts big blind $3
*** HOLE CARDS ***
melyh82: raises $3 to $6
Rus29APX: calls $3
*** FLOP *** [6d 8c 3c]
Rus29APX: checks
melyh82: bets $3
Rus29APX: calls $3
*** TURN *** [6d 8c 3c] [4s]
Rus29APX: checks
melyh82: bets $6
Rus29APX: calls $6
*** RIVER *** [6d 8c 3c 4s] [3h]
Rus29APX: checks
melyh82: bets $6
Rus29APX: calls $6
*** SHOW DOWN ***
melyh82: shows [8s 4h] (two pair, Eights and Fours)
Rus29APX: mucks hand
melyh82 collected $41.50 from pot
*** SUMMARY ***
Total pot $42 | Rake $0.50
Board [6d 8c 3c 4s 3h]
Seat 1: Rus29APX (big blind) mucked
Seat 2: melyh82 (button) (small blind) showed [8s 4h] and won ($41.50) with two pair, Eights and Fours


PokerStars Hand #146048426417:  Hold'em Limit ($3/$6 USD) - 2015/12/28 5:14:53 ET
Table 'Camilla III' 2-max Seat #1 is the button
Seat 1: Rus29APX ($90.66 in chips)
Seat 2: melyh82 ($109.91 in chips)
Rus29APX: posts small blind $1
melyh82: posts big blind $3
*** HOLE CARDS ***
Rus29APX: raises $3 to $6
melyh82: folds
Uncalled bet ($3) returned to Rus29APX
Rus29APX collected $6 from pot
Rus29APX: doesn't show hand
*** SUMMARY ***
Total pot $6 | Rake $0
Seat 1: Rus29APX (button) (small blind) collected ($6)
Seat 2: melyh82 (big blind) folded before Flop


PokerStars Hand #146048418992:  Hold'em Limit ($3/$6 USD) - 2015/12/28 5:14:36 ET
Table 'Camilla III' 2-max Seat #2 is the button
Seat 1: Rus29APX ($84.90 in chips)
Seat 2: melyh82 ($115.91 in chips)
melyh82: posts small blind $1
Rus29APX: posts big blind $3
*** HOLE CARDS ***
melyh82: raises $3 to $6
Rus29APX: calls $3
*** FLOP *** [4s 6s Jh]
Rus29APX: checks
melyh82: checks
*** TURN *** [4s 6s Jh] [9s]
Rus29APX: checks
melyh82: checks
*** RIVER *** [4s 6s Jh 9s] [6c]
Rus29APX: checks
melyh82: checks
*** SHOW DOWN ***
Rus29APX: shows [Kh 3s] (a pair of Sixes)
melyh82: mucks hand
Rus29APX collected $11.76 from pot
*** SUMMARY ***
Total pot $12 | Rake $0.24
Board [4s 6s Jh 9s 6c]
Seat 1: Rus29APX (big blind) showed [Kh 3s] and won ($11.76) with a pair of Sixes
Seat 2: melyh82 (button) (small blind) mucked


PokerStars Hand #146048447576:  Hold'em Limit ($3/$6 USD) - 2015/12/28 5:15:41 ET
Table 'Camilla III' 2-max Seat #1 is the button
Seat 1: Rus29APX ($53.66 in chips)
Seat 2: melyh82 ($145.91 in chips)
Rus29APX: posts small blind $1
melyh82: posts big blind $3
*** HOLE CARDS ***
Rus29APX: raises $3 to $6
melyh82: calls $3
*** FLOP *** [3d 8h 4c]
melyh82: checks
Rus29APX: bets $3
melyh82: raises $3 to $6
Rus29APX: calls $3
*** TURN *** [3d 8h 4c] [8s]
melyh82: bets $6
Rus29APX: raises $6 to $12
melyh82: calls $6
*** RIVER *** [3d 8h 4c 8s] [Qd]
melyh82: bets $6
Rus29APX: calls $6
*** SHOW DOWN ***
melyh82: shows [9h 8c] (three of a kind, Eights)
Rus29APX: mucks hand
melyh82 collected $59.50 from pot
*** SUMMARY ***
Total pot $60 | Rake $0.50
Board [3d 8h 4c 8s Qd]
Seat 1: Rus29APX (button) (small blind) mucked
Seat 2: melyh82 (big blind) showed [9h 8c] and won ($59.50) with three of a kind, Eights


