PokerStars Hand #156970982554:  Hold'em Limit ($3/$6 USD) - 2016/08/07 7:27:28 ET
Table 'Camilla' 10-max Seat #6 is the button
Seat 6: hudecam ($30 in chips)
Seat 7: VolkovDmitri ($120 in chips)
hudecam: posts small blind $1
VolkovDmitri: posts big blind $3
*** HOLE CARDS ***
hudecam: raises $3 to $6
VolkovDmitri: raises $3 to $9
hudecam: calls $3
*** FLOP *** [Ac Qh Kd]
VolkovDmitri: bets $3
hudecam: raises $3 to $6
VolkovDmitri: calls $3
*** TURN *** [Ac Qh Kd] [7h]
VolkovDmitri: checks
hudecam: bets $6
VolkovDmitri: calls $6
*** RIVER *** [Ac Qh Kd 7h] [7d]
VolkovDmitri: checks
hudecam: bets $6
VolkovDmitri: calls $6
*** SHOW DOWN ***
hudecam: shows [3c Ad] (two pair, Aces and Sevens)
VolkovDmitri: mucks hand
hudecam collected $53.50 from pot
*** SUMMARY ***
Total pot $54 | Rake $0.50
Board [Ac Qh Kd 7h 7d]
Seat 6: hudecam (button) (small blind) showed [3c Ad] and won ($53.50) with two pair, Aces and Sevens
Seat 7: VolkovDmitri (big blind) mucked


PokerStars Hand #156973417333:  Hold'em Limit ($3/$6 USD) - 2016/08/07 8:50:58 ET
Table 'Camilla' 10-max Seat #7 is the button
Seat 6: hudecam ($30 in chips)
Seat 7: VolkovDmitri ($120 in chips)
VolkovDmitri: posts small blind $1
hudecam: posts big blind $3
*** HOLE CARDS ***
VolkovDmitri: folds
Uncalled bet ($2) returned to hudecam
hudecam collected $2 from pot
hudecam: doesn't show hand
*** SUMMARY ***
Total pot $2 | Rake $0
Seat 6: hudecam (big blind) collected ($2)
Seat 7: VolkovDmitri (button) (small blind) folded before Flop


PokerStars Hand #156973427185:  Hold'em Limit ($3/$6 USD) - 2016/08/07 8:51:17 ET
Table 'Camilla' 10-max Seat #7 is the button
Seat 6: hudecam ($34 in chips)
Seat 7: VolkovDmitri ($120 in chips)
VolkovDmitri: posts small blind $1
hudecam: posts big blind $3
*** HOLE CARDS ***
VolkovDmitri: raises $3 to $6
hudecam: calls $3
*** FLOP *** [3d Ah 9c]
hudecam: checks
VolkovDmitri: bets $3
hudecam: folds
Uncalled bet ($3) returned to VolkovDmitri
VolkovDmitri collected $11.76 from pot
VolkovDmitri: doesn't show hand
*** SUMMARY ***
Total pot $12 | Rake $0.24
Board [3d Ah 9c]
Seat 6: hudecam (big blind) folded on the Flop
Seat 7: VolkovDmitri (button) (small blind) collected ($11.76)


PokerStars Hand #156973424528:  Hold'em Limit ($3/$6 USD) - 2016/08/07 8:51:12 ET
Table 'Camilla' 10-max Seat #6 is the button
Seat 6: hudecam ($31 in chips)
Seat 7: VolkovDmitri ($120 in chips)
hudecam: posts small blind $1
VolkovDmitri: posts big blind $3
*** HOLE CARDS ***
hudecam: raises $3 to $6
VolkovDmitri: folds
Uncalled bet ($3) returned to hudecam
hudecam collected $6 from pot
hudecam: doesn't show hand
*** SUMMARY ***
Total pot $6 | Rake $0
Seat 6: hudecam (button) (small blind) collected ($6)
Seat 7: VolkovDmitri (big blind) folded before Flop


PokerStars Hand #156973431623:  Hold'em Limit ($3/$6 USD) - 2016/08/07 8:51:25 ET
Table 'Camilla' 10-max Seat #6 is the button
Seat 6: hudecam ($28 in chips)
Seat 7: VolkovDmitri ($125.76 in chips)
hudecam: posts small blind $1
VolkovDmitri: posts big blind $3
*** HOLE CARDS ***
hudecam: raises $3 to $6
VolkovDmitri: calls $3
*** FLOP *** [Jc Ad Ac]
VolkovDmitri: checks
hudecam: bets $3
VolkovDmitri: folds
Uncalled bet ($3) returned to hudecam
hudecam collected $11.76 from pot
hudecam: doesn't show hand
*** SUMMARY ***
Total pot $12 | Rake $0.24
Board [Jc Ad Ac]
Seat 6: hudecam (button) (small blind) collected ($11.76)
Seat 7: VolkovDmitri (big blind) folded on the Flop


PokerStars Hand #156973448273:  Hold'em Limit ($3/$6 USD) - 2016/08/07 8:51:57 ET
Table 'Camilla' 10-max Seat #6 is the button
Seat 6: hudecam ($48.26 in chips)
Seat 7: VolkovDmitri ($120 in chips)
hudecam: posts small blind $1
VolkovDmitri: posts big blind $3
*** HOLE CARDS ***
hudecam: raises $3 to $6
VolkovDmitri: calls $3
*** FLOP *** [8d 8h Td]
VolkovDmitri: checks
hudecam: bets $3
VolkovDmitri: raises $3 to $6
hudecam: calls $3
*** TURN *** [8d 8h Td] [2h]
VolkovDmitri: bets $6
hudecam: calls $6
*** RIVER *** [8d 8h Td 2h] [8c]
VolkovDmitri: bets $6
hudecam: calls $6
*** SHOW DOWN ***
VolkovDmitri: shows [5h Tc] (a full house, Eights full of Tens)
hudecam: mucks hand
VolkovDmitri collected $47.50 from pot
*** SUMMARY ***
Total pot $48 | Rake $0.50
Board [8d 8h Td 2h 8c]
Seat 6: hudecam (button) (small blind) mucked
Seat 7: VolkovDmitri (big blind) showed [5h Tc] and won ($47.50) with a full house, Eights full of Tens


PokerStars Hand #156973437121:  Hold'em Limit ($3/$6 USD) - 2016/08/07 8:51:36 ET
Table 'Camilla' 10-max Seat #7 is the button
Seat 6: hudecam ($33.76 in chips)
Seat 7: VolkovDmitri ($120 in chips)
VolkovDmitri: posts small blind $1
hudecam: posts big blind $3
*** HOLE CARDS ***
VolkovDmitri: raises $3 to $6
hudecam: calls $3
*** FLOP *** [Qc 6d 3c]
hudecam: checks
VolkovDmitri: bets $3
hudecam: calls $3
*** TURN *** [Qc 6d 3c] [7d]
hudecam: checks
VolkovDmitri: bets $6
hudecam: calls $6
*** RIVER *** [Qc 6d 3c 7d] [4c]
hudecam: checks
VolkovDmitri: checks
*** SHOW DOWN ***
hudecam: shows [4d Qh] (two pair, Queens and Fours)
VolkovDmitri: mucks hand
hudecam collected $29.50 from pot
*** SUMMARY ***
Total pot $30 | Rake $0.50
Board [Qc 6d 3c 7d 4c]
Seat 6: hudecam (big blind) showed [4d Qh] and won ($29.50) with two pair, Queens and Fours
Seat 7: VolkovDmitri (button) (small blind) mucked


PokerStars Hand #156973459484:  Hold'em Limit ($3/$6 USD) - 2016/08/07 8:52:19 ET
Table 'Camilla' 10-max Seat #7 is the button
Seat 6: hudecam ($24.26 in chips)
Seat 7: VolkovDmitri ($143.50 in chips)
VolkovDmitri: posts small blind $1
hudecam: posts big blind $3
*** HOLE CARDS ***
VolkovDmitri: raises $3 to $6
hudecam: raises $3 to $9
VolkovDmitri: raises $3 to $12
Betting is capped
hudecam: calls $3
*** FLOP *** [Ad 8d Ac]
hudecam: bets $3
VolkovDmitri: calls $3
*** TURN *** [Ad 8d Ac] [6h]
hudecam: bets $6
VolkovDmitri: calls $6
*** RIVER *** [Ad 8d Ac 6h] [6s]
hudecam: bets $3.26 and is all-in
VolkovDmitri: calls $3.26
*** SHOW DOWN ***
hudecam: shows [Td Jc] (two pair, Aces and Sixes)
VolkovDmitri: shows [Kc Ks] (two pair, Aces and Kings)
hudecam leaves the table
VolkovDmitri collected $48.02 from pot
*** SUMMARY ***
Total pot $48.52 | Rake $0.50
Board [Ad 8d Ac 6h 6s]
Seat 6: hudecam (big blind) showed [Td Jc] and lost with two pair, Aces and Sixes
Seat 7: VolkovDmitri (button) (small blind) showed [Kc Ks] and won ($48.02) with two pair, Aces and Kings


PokerStars Hand #156973491967:  Hold'em Limit ($3/$6 USD) - 2016/08/07 8:53:22 ET
Table 'Camilla' 10-max Seat #6 is the button
Seat 6: hudecam ($30 in chips)
Seat 7: VolkovDmitri ($167.26 in chips)
hudecam: posts small blind $1
VolkovDmitri: posts big blind $3
*** HOLE CARDS ***
hudecam: raises $3 to $6
VolkovDmitri: calls $3
*** FLOP *** [Jh 2s Ts]
VolkovDmitri: checks
hudecam: bets $3
VolkovDmitri: raises $3 to $6
hudecam: calls $3
*** TURN *** [Jh 2s Ts] [2c]
VolkovDmitri: bets $6
hudecam: calls $6
*** RIVER *** [Jh 2s Ts 2c] [6d]
VolkovDmitri: bets $6
hudecam: calls $6
*** SHOW DOWN ***
VolkovDmitri: shows [5s 9s] (a pair of Deuces)
hudecam: shows [Td 8c] (two pair, Tens and Deuces)
hudecam collected $47.50 from pot
*** SUMMARY ***
Total pot $48 | Rake $0.50
Board [Jh 2s Ts 2c 6d]
Seat 6: hudecam (button) (small blind) showed [Td 8c] and won ($47.50) with two pair, Tens and Deuces
Seat 7: VolkovDmitri (big blind) showed [5s 9s] and lost with a pair of Deuces


PokerStars Hand #156973515977:  Hold'em Limit ($3/$6 USD) - 2016/08/07 8:54:08 ET
Table 'Camilla' 10-max Seat #7 is the button
Seat 6: hudecam ($53.50 in chips)
Seat 7: VolkovDmitri ($143.26 in chips)
VolkovDmitri: posts small blind $1
hudecam: posts big blind $3
*** HOLE CARDS ***
VolkovDmitri: raises $3 to $6
hudecam: calls $3
*** FLOP *** [8c Kd 6c]
hudecam: checks
VolkovDmitri: bets $3
hudecam: calls $3
*** TURN *** [8c Kd 6c] [4h]
hudecam: checks
VolkovDmitri: bets $6
hudecam: calls $6
*** RIVER *** [8c Kd 6c 4h] [Ks]
hudecam: checks
VolkovDmitri: bets $6
hudecam: calls $6
*** SHOW DOWN ***
VolkovDmitri: shows [Kc 9s] (three of a kind, Kings)
hudecam: mucks hand
VolkovDmitri collected $41.50 from pot
*** SUMMARY ***
Total pot $42 | Rake $0.50
Board [8c Kd 6c 4h Ks]
Seat 6: hudecam (big blind) mucked
Seat 7: VolkovDmitri (button) (small blind) showed [Kc 9s] and won ($41.50) with three of a kind, Kings


PokerStars Hand #156973647470:  Hold'em Limit ($3/$6 USD) - 2016/08/07 8:59:00 ET
Table 'Camilla' 10-max Seat #7 is the button
Seat 6: hudecam ($23.05 in chips)
Seat 7: VolkovDmitri ($169.50 in chips)
VolkovDmitri: posts small blind $1
hudecam: posts big blind $3
*** HOLE CARDS ***
VolkovDmitri: raises $3 to $6
hudecam: raises $3 to $9
VolkovDmitri: raises $3 to $12
Betting is capped
hudecam: calls $3
*** FLOP *** [8c 8d Ad]
hudecam: bets $3
VolkovDmitri: calls $3
*** TURN *** [8c 8d Ad] [Jh]
hudecam: bets $6
VolkovDmitri: raises $6 to $12
hudecam: calls $2.05 and is all-in
Uncalled bet ($3.95) returned to VolkovDmitri
*** RIVER *** [8c 8d Ad Jh] [Ts]
*** SHOW DOWN ***
hudecam: shows [7s 7d] (two pair, Eights and Sevens)
VolkovDmitri: shows [3d 3s] (two pair, Eights and Threes)
hudecam collected $45.60 from pot
*** SUMMARY ***
Total pot $46.10 | Rake $0.50
Board [8c 8d Ad Jh Ts]
Seat 6: hudecam (big blind) showed [7s 7d] and won ($45.60) with two pair, Eights and Sevens
Seat 7: VolkovDmitri (button) (small blind) showed [3d 3s] and lost with two pair, Eights and Threes


PokerStars Hand #156973641272:  Hold'em Limit ($3/$6 USD) - 2016/08/07 8:58:46 ET
Table 'Camilla' 10-max Seat #6 is the button
Seat 6: hudecam ($11.76 in chips)
Seat 7: VolkovDmitri ($181.26 in chips)
hudecam: posts small blind $1
VolkovDmitri: posts big blind $3
*** HOLE CARDS ***
hudecam: raises $3 to $6
VolkovDmitri: calls $3
*** FLOP *** [4d 9s 8s]
VolkovDmitri: checks
hudecam: checks
*** TURN *** [4d 9s 8s] [Ah]
VolkovDmitri: bets $6
hudecam: calls $5.76 and is all-in
Uncalled bet ($0.24) returned to VolkovDmitri
*** RIVER *** [4d 9s 8s Ah] [As]
*** SHOW DOWN ***
VolkovDmitri: shows [6c 7d] (a pair of Aces)
hudecam: shows [4h Ks] (two pair, Aces and Fours)
hudecam collected $23.05 from pot
*** SUMMARY ***
Total pot $23.52 | Rake $0.47
Board [4d 9s 8s Ah As]
Seat 6: hudecam (button) (small blind) showed [4h Ks] and won ($23.05) with two pair, Aces and Fours
Seat 7: VolkovDmitri (big blind) showed [6c 7d] and lost with a pair of Aces


PokerStars Hand #156973636090:  Hold'em Limit ($3/$6 USD) - 2016/08/07 8:58:34 ET
Table 'Camilla' 10-max Seat #7 is the button
Seat 6: hudecam ($6 in chips)
Seat 7: VolkovDmitri ($187.26 in chips)
VolkovDmitri: posts small blind $1
hudecam: posts big blind $3
*** HOLE CARDS ***
VolkovDmitri: raises $3 to $6
hudecam: calls $3 and is all-in
*** FLOP *** [8d Ah Qs]
*** TURN *** [8d Ah Qs] [Js]
*** RIVER *** [8d Ah Qs Js] [7c]
*** SHOW DOWN ***
hudecam: shows [7d 4h] (a pair of Sevens)
VolkovDmitri: shows [6s Kc] (high card Ace)
hudecam collected $11.76 from pot
*** SUMMARY ***
Total pot $12 | Rake $0.24
Board [8d Ah Qs Js 7c]
Seat 6: hudecam (big blind) showed [7d 4h] and won ($11.76) with a pair of Sevens
Seat 7: VolkovDmitri (button) (small blind) showed [6s Kc] and lost with high card Ace


PokerStars Hand #156973629442:  Hold'em Limit ($3/$6 USD) - 2016/08/07 8:58:19 ET
Table 'Camilla' 10-max Seat #6 is the button
Seat 6: hudecam ($30 in chips)
Seat 7: VolkovDmitri ($163.76 in chips)
hudecam: posts small blind $1
VolkovDmitri: posts big blind $3
*** HOLE CARDS ***
hudecam: raises $3 to $6
VolkovDmitri: raises $3 to $9
hudecam: calls $3
*** FLOP *** [Jc 6c 5d]
VolkovDmitri: bets $3
hudecam: calls $3
*** TURN *** [Jc 6c 5d] [Ks]
VolkovDmitri: bets $6
hudecam: calls $6
*** RIVER *** [Jc 6c 5d Ks] [4h]
VolkovDmitri: bets $6
hudecam: calls $6
*** SHOW DOWN ***
VolkovDmitri: shows [Kc Ts] (a pair of Kings)
hudecam: mucks hand
VolkovDmitri collected $47.50 from pot
*** SUMMARY ***
Total pot $48 | Rake $0.50
Board [Jc 6c 5d Ks 4h]
Seat 6: hudecam (button) (small blind) mucked
Seat 7: VolkovDmitri (big blind) showed [Kc Ts] and won ($47.50) with a pair of Kings


PokerStars Hand #156973664763:  Hold'em Limit ($3/$6 USD) - 2016/08/07 8:59:39 ET
Table 'Camilla' 10-max Seat #7 is the button
Seat 6: hudecam ($54.24 in chips)
Seat 7: VolkovDmitri ($137.45 in chips)
VolkovDmitri: posts small blind $1
hudecam: posts big blind $3
*** HOLE CARDS ***
VolkovDmitri: raises $3 to $6
hudecam: folds
Uncalled bet ($3) returned to VolkovDmitri
VolkovDmitri collected $6 from pot
hudecam leaves the table
*** SUMMARY ***
Total pot $6 | Rake $0
Seat 6: hudecam (big blind) folded before Flop
Seat 7: VolkovDmitri (button) (small blind) collected ($6)


PokerStars Hand #156973654172:  Hold'em Limit ($3/$6 USD) - 2016/08/07 8:59:15 ET
Table 'Camilla' 10-max Seat #6 is the button
Seat 6: hudecam ($45.60 in chips)
Seat 7: VolkovDmitri ($146.45 in chips)
hudecam: posts small blind $1
VolkovDmitri: posts big blind $3
*** HOLE CARDS ***
hudecam: calls $2
VolkovDmitri: raises $3 to $6
hudecam: calls $3
*** FLOP *** [2c Kd Qc]
VolkovDmitri: bets $3
hudecam: calls $3
*** TURN *** [2c Kd Qc] [2d]
VolkovDmitri: checks
hudecam: checks
*** RIVER *** [2c Kd Qc 2d] [7d]
VolkovDmitri: checks
hudecam: bets $6
VolkovDmitri: folds
Uncalled bet ($6) returned to hudecam
hudecam collected $17.64 from pot
hudecam: doesn't show hand
*** SUMMARY ***
Total pot $18 | Rake $0.36
Board [2c Kd Qc 2d 7d]
Seat 6: hudecam (button) (small blind) collected ($17.64)
Seat 7: VolkovDmitri (big blind) folded on the River


PokerStars Hand #156981658037:  Hold'em Limit ($3/$6 USD) - 2016/08/07 12:33:58 ET
Table 'Camilla' 10-max Seat #10 is the button
Seat 6: Murrrr_@T ($100 in chips)
Seat 10: hudecam ($30 in chips)
hudecam: posts small blind $1
Murrrr_@T: posts big blind $3
*** HOLE CARDS ***
hudecam: raises $3 to $6
Murrrr_@T: raises $3 to $9
hudecam: raises $3 to $12
Betting is capped
Murrrr_@T: calls $3
*** FLOP *** [9d Qs As]
Murrrr_@T: checks
hudecam: bets $3
Murrrr_@T: calls $3
*** TURN *** [9d Qs As] [Jc]
Murrrr_@T: checks
hudecam: checks
*** RIVER *** [9d Qs As Jc] [9c]
Murrrr_@T: bets $6
hudecam: calls $6
*** SHOW DOWN ***
Murrrr_@T: shows [Ad 5s] (two pair, Aces and Nines)
hudecam: mucks hand
Murrrr_@T collected $41.50 from pot
*** SUMMARY ***
Total pot $42 | Rake $0.50
Board [9d Qs As Jc 9c]
Seat 6: Murrrr_@T (big blind) showed [Ad 5s] and won ($41.50) with two pair, Aces and Nines
Seat 10: hudecam (button) (small blind) mucked


PokerStars Hand #156981671903:  Hold'em Limit ($3/$6 USD) - 2016/08/07 12:34:17 ET
Table 'Camilla' 10-max Seat #6 is the button
Seat 6: Murrrr_@T ($120.50 in chips)
Seat 10: hudecam ($9 in chips)
Murrrr_@T: posts small blind $1
hudecam: posts big blind $3
*** HOLE CARDS ***
Murrrr_@T: raises $3 to $6
hudecam: raises $3 to $9 and is all-in
Murrrr_@T: calls $3
*** FLOP *** [Qh 3c 3h]
*** TURN *** [Qh 3c 3h] [4h]
*** RIVER *** [Qh 3c 3h 4h] [Td]
*** SHOW DOWN ***
hudecam: shows [9s Ks] (a pair of Threes)
Murrrr_@T: shows [6s Th] (two pair, Tens and Threes)
Murrrr_@T collected $17.64 from pot
*** SUMMARY ***
Total pot $18 | Rake $0.36
Board [Qh 3c 3h 4h Td]
Seat 6: Murrrr_@T (button) (small blind) showed [6s Th] and won ($17.64) with two pair, Tens and Threes
Seat 10: hudecam (big blind) showed [9s Ks] and lost with a pair of Threes


PokerStars Hand #156981950089:  Hold'em Limit ($3/$6 USD) - 2016/08/07 12:40:51 ET
Table 'Camilla' 10-max Seat #7 is the button
Seat 6: hudecam ($30 in chips)
Seat 7: Murrrr_@T ($100 in chips)
Murrrr_@T: posts small blind $1
hudecam: posts big blind $3
*** HOLE CARDS ***
Murrrr_@T: raises $3 to $6
hudecam: raises $3 to $9
Murrrr_@T: calls $3
*** FLOP *** [9s 6c Th]
hudecam: bets $3
Murrrr_@T: calls $3
*** TURN *** [9s 6c Th] [Jd]
hudecam: bets $6
Murrrr_@T: calls $6
*** RIVER *** [9s 6c Th Jd] [5c]
hudecam: bets $6
Murrrr_@T: calls $6
*** SHOW DOWN ***
hudecam: shows [Kc Ah] (high card Ace)
Murrrr_@T: shows [4h 6h] (a pair of Sixes)
Murrrr_@T collected $47.50 from pot
*** SUMMARY ***
Total pot $48 | Rake $0.50
Board [9s 6c Th Jd 5c]
Seat 6: hudecam (big blind) showed [Kc Ah] and lost with high card Ace
Seat 7: Murrrr_@T (button) (small blind) showed [4h 6h] and won ($47.50) with a pair of Sixes


PokerStars Hand #156981964616:  Hold'em Limit ($3/$6 USD) - 2016/08/07 12:41:11 ET
Table 'Camilla' 10-max Seat #6 is the button
Seat 6: hudecam ($6 in chips)
Seat 7: Murrrr_@T ($123.50 in chips)
hudecam: posts small blind $1
Murrrr_@T: posts big blind $3
*** HOLE CARDS ***
hudecam: raises $3 to $6 and is all-in
Murrrr_@T: calls $3
*** FLOP *** [7c Ah 4s]
*** TURN *** [7c Ah 4s] [3c]
*** RIVER *** [7c Ah 4s 3c] [6s]
*** SHOW DOWN ***
Murrrr_@T: shows [Qd 5h] (a straight, Three to Seven)
hudecam: shows [Tc 2c] (high card Ace)
Murrrr_@T collected $11.76 from pot
hudecam leaves the table
*** SUMMARY ***
Total pot $12 | Rake $0.24
Board [7c Ah 4s 3c 6s]
Seat 6: hudecam (button) (small blind) showed [Tc 2c] and lost with high card Ace
Seat 7: Murrrr_@T (big blind) showed [Qd 5h] and won ($11.76) with a straight, Three to Seven


PokerStars Hand #156982021968:  Hold'em Limit ($3/$6 USD) - 2016/08/07 12:42:31 ET
Table 'Camilla' 10-max Seat #6 is the button
Seat 6: hudecam ($31 in chips)
Seat 7: Murrrr_@T ($128.26 in chips)
hudecam: posts small blind $1
Murrrr_@T: posts big blind $3
*** HOLE CARDS ***
hudecam: folds
Uncalled bet ($2) returned to Murrrr_@T
Murrrr_@T collected $2 from pot
Murrrr_@T: doesn't show hand
*** SUMMARY ***
Total pot $2 | Rake $0
Seat 6: hudecam (button) (small blind) folded before Flop
Seat 7: Murrrr_@T (big blind) collected ($2)


PokerStars Hand #156982002774:  Hold'em Limit ($3/$6 USD) - 2016/08/07 12:42:05 ET
Table 'Camilla' 10-max Seat #7 is the button
Seat 6: hudecam ($30 in chips)
Seat 7: Murrrr_@T ($129.26 in chips)
Murrrr_@T: posts small blind $1
hudecam: posts big blind $3
*** HOLE CARDS ***
Murrrr_@T: folds
Uncalled bet ($2) returned to hudecam
hudecam collected $2 from pot
hudecam: doesn't show hand
*** SUMMARY ***
Total pot $2 | Rake $0
Seat 6: hudecam (big blind) collected ($2)
Seat 7: Murrrr_@T (button) (small blind) folded before Flop


PokerStars Hand #156982024817:  Hold'em Limit ($3/$6 USD) - 2016/08/07 12:42:35 ET
Table 'Camilla' 10-max Seat #7 is the button
Seat 6: hudecam ($30 in chips)
Seat 7: Murrrr_@T ($129.26 in chips)
Murrrr_@T: posts small blind $1
hudecam: posts big blind $3
*** HOLE CARDS ***
Murrrr_@T: raises $3 to $6
hudecam: folds
Uncalled bet ($3) returned to Murrrr_@T
Murrrr_@T collected $6 from pot
Murrrr_@T: doesn't show hand
*** SUMMARY ***
Total pot $6 | Rake $0
Seat 6: hudecam (big blind) folded before Flop
Seat 7: Murrrr_@T (button) (small blind) collected ($6)


PokerStars Hand #156982031622:  Hold'em Limit ($3/$6 USD) - 2016/08/07 12:42:45 ET
Table 'Camilla' 10-max Seat #6 is the button
Seat 6: hudecam ($27 in chips)
Seat 7: Murrrr_@T ($132.26 in chips)
hudecam: posts small blind $1
Murrrr_@T: posts big blind $3
*** HOLE CARDS ***
hudecam: raises $3 to $6
Murrrr_@T: calls $3
*** FLOP *** [5s 4d Ks]
Murrrr_@T: checks
hudecam: bets $3
Murrrr_@T: calls $3
*** TURN *** [5s 4d Ks] [6h]
Murrrr_@T: checks
hudecam: bets $6
Murrrr_@T: calls $6
*** RIVER *** [5s 4d Ks 6h] [3c]
Murrrr_@T: checks
hudecam: bets $6
Murrrr_@T: folds
Uncalled bet ($6) returned to hudecam
hudecam collected $29.50 from pot
hudecam: doesn't show hand
*** SUMMARY ***
Total pot $30 | Rake $0.50
Board [5s 4d Ks 6h 3c]
Seat 6: hudecam (button) (small blind) collected ($29.50)
Seat 7: Murrrr_@T (big blind) folded on the River


PokerStars Hand #156982096293:  Hold'em Limit ($3/$6 USD) - 2016/08/07 12:44:16 ET
Table 'Camilla' 10-max Seat #6 is the button
Seat 6: hudecam ($64.64 in chips)
Seat 7: Murrrr_@T ($100 in chips)
hudecam: posts small blind $1
Murrrr_@T: posts big blind $3
*** HOLE CARDS ***
hudecam: calls $2
Murrrr_@T: checks
*** FLOP *** [Ks Tc Th]
Murrrr_@T: bets $3
hudecam: calls $3
*** TURN *** [Ks Tc Th] [Jh]
Murrrr_@T: checks
hudecam: checks
*** RIVER *** [Ks Tc Th Jh] [Jd]
Murrrr_@T: bets $6
hudecam: calls $6
*** SHOW DOWN ***
Murrrr_@T: shows [Js 5h] (a full house, Jacks full of Tens)
hudecam: mucks hand
Murrrr_@T collected $23.52 from pot
*** SUMMARY ***
Total pot $24 | Rake $0.48
Board [Ks Tc Th Jh Jd]
Seat 6: hudecam (button) (small blind) mucked
Seat 7: Murrrr_@T (big blind) showed [Js 5h] and won ($23.52) with a full house, Jacks full of Tens


PokerStars Hand #156982064528:  Hold'em Limit ($3/$6 USD) - 2016/08/07 12:43:31 ET
Table 'Camilla' 10-max Seat #6 is the button
Seat 6: hudecam ($50.14 in chips)
Seat 7: Murrrr_@T ($108.26 in chips)
hudecam: posts small blind $1
Murrrr_@T: posts big blind $3
*** HOLE CARDS ***
hudecam: calls $2
Murrrr_@T: checks
*** FLOP *** [7c Ah 3h]
Murrrr_@T: checks
hudecam: checks
*** TURN *** [7c Ah 3h] [8c]
Murrrr_@T: checks
hudecam: checks
*** RIVER *** [7c Ah 3h 8c] [7d]
Murrrr_@T: checks
hudecam: checks
*** SHOW DOWN ***
Murrrr_@T: shows [2c Qs] (a pair of Sevens)
hudecam: mucks hand
Murrrr_@T collected $5.88 from pot
*** SUMMARY ***
Total pot $6 | Rake $0.12
Board [7c Ah 3h 8c 7d]
Seat 6: hudecam (button) (small blind) mucked
Seat 7: Murrrr_@T (big blind) showed [2c Qs] and won ($5.88) with a pair of Sevens


PokerStars Hand #156982055657:  Hold'em Limit ($3/$6 USD) - 2016/08/07 12:43:19 ET
Table 'Camilla' 10-max Seat #7 is the button
Seat 6: hudecam ($41.50 in chips)
Seat 7: Murrrr_@T ($117.26 in chips)
Murrrr_@T: posts small blind $1
hudecam: posts big blind $3
*** HOLE CARDS ***
Murrrr_@T: raises $3 to $6
hudecam: calls $3
*** FLOP *** [As 7d 7c]
hudecam: checks
Murrrr_@T: bets $3
hudecam: calls $3
*** TURN *** [As 7d 7c] [Qc]
hudecam: checks
Murrrr_@T: checks
*** RIVER *** [As 7d 7c Qc] [Ad]
hudecam: bets $6
Murrrr_@T: folds
Uncalled bet ($6) returned to hudecam
hudecam collected $17.64 from pot
hudecam: doesn't show hand
*** SUMMARY ***
Total pot $18 | Rake $0.36
Board [As 7d 7c Qc Ad]
Seat 6: hudecam (big blind) collected ($17.64)
Seat 7: Murrrr_@T (button) (small blind) folded on the River


PokerStars Hand #156982081889:  Hold'em Limit ($3/$6 USD) - 2016/08/07 12:43:56 ET
Table 'Camilla' 10-max Seat #7 is the button
Seat 6: hudecam ($47.14 in chips)
Seat 7: Murrrr_@T ($111.14 in chips)
Murrrr_@T: posts small blind $1
hudecam: posts big blind $3
*** HOLE CARDS ***
Murrrr_@T: raises $3 to $6
hudecam: raises $3 to $9
Murrrr_@T: calls $3
*** FLOP *** [8s Jh 9c]
hudecam: bets $3
Murrrr_@T: calls $3
*** TURN *** [8s Jh 9c] [5c]
hudecam: bets $6
Murrrr_@T: calls $6
*** RIVER *** [8s Jh 9c 5c] [Qh]
hudecam: bets $6
Murrrr_@T: folds
Uncalled bet ($6) returned to hudecam
hudecam collected $35.50 from pot
hudecam: doesn't show hand
*** SUMMARY ***
Total pot $36 | Rake $0.50
Board [8s Jh 9c 5c Qh]
Seat 6: hudecam (big blind) collected ($35.50)
Seat 7: Murrrr_@T (button) (small blind) folded on the River


PokerStars Hand #156982107223:  Hold'em Limit ($3/$6 USD) - 2016/08/07 12:44:32 ET
Table 'Camilla' 10-max Seat #7 is the button
Seat 6: hudecam ($52.64 in chips)
Seat 7: Murrrr_@T ($111.52 in chips)
Murrrr_@T: posts small blind $1
hudecam: posts big blind $3
*** HOLE CARDS ***
Murrrr_@T: raises $3 to $6
hudecam: folds
Uncalled bet ($3) returned to Murrrr_@T
Murrrr_@T collected $6 from pot
Murrrr_@T: doesn't show hand
hudecam leaves the table
*** SUMMARY ***
Total pot $6 | Rake $0
Seat 6: hudecam (big blind) folded before Flop
Seat 7: Murrrr_@T (button) (small blind) collected ($6)


PokerStars Hand #156982174587:  Hold'em Limit ($3/$6 USD) - 2016/08/07 12:46:04 ET
Table 'Camilla' 10-max Seat #6 is the button
Seat 6: hudecam ($30 in chips)
Seat 8: Murrrr_@T ($100 in chips)
hudecam: posts small blind $1
Murrrr_@T: posts big blind $3
*** HOLE CARDS ***
hudecam: raises $3 to $6
Murrrr_@T: calls $3
*** FLOP *** [Qd 8s 9d]
Murrrr_@T: checks
hudecam: bets $3
Murrrr_@T: calls $3
*** TURN *** [Qd 8s 9d] [7c]
Murrrr_@T: checks
hudecam: bets $6
Murrrr_@T: raises $6 to $12
hudecam: raises $6 to $18
Murrrr_@T: raises $6 to $24
Betting is capped
hudecam: calls $3 and is all-in
Uncalled bet ($3) returned to Murrrr_@T
*** RIVER *** [Qd 8s 9d 7c] [4c]
*** SHOW DOWN ***
Murrrr_@T: shows [6d 5h] (a straight, Five to Nine)
hudecam: shows [9s Ac] (a pair of Nines)
hudecam leaves the table
Murrrr_@T collected $59.50 from pot
*** SUMMARY ***
Total pot $60 | Rake $0.50
Board [Qd 8s 9d 7c 4c]
Seat 6: hudecam (button) (small blind) showed [9s Ac] and lost with a pair of Nines
Seat 8: Murrrr_@T (big blind) showed [6d 5h] and won ($59.50) with a straight, Five to Nine


PokerStars Hand #156982770356:  Hold'em Limit ($3/$6 USD) - 2016/08/07 13:00:44 ET
Table 'Camilla' 10-max Seat #9 is the button
Seat 8: Murrrr_@T ($125.26 in chips)
Seat 9: ELSUPREMO999 ($830.51 in chips)
ELSUPREMO999: posts small blind $1
Murrrr_@T: posts big blind $3
*** HOLE CARDS ***
ELSUPREMO999: folds
Uncalled bet ($2) returned to Murrrr_@T
Murrrr_@T collected $2 from pot
Murrrr_@T: doesn't show hand
*** SUMMARY ***
Total pot $2 | Rake $0
Seat 8: Murrrr_@T (big blind) collected ($2)
Seat 9: ELSUPREMO999 (button) (small blind) folded before Flop


PokerStars Hand #156982762281:  Hold'em Limit ($3/$6 USD) - 2016/08/07 13:00:31 ET
Table 'Camilla' 10-max Seat #8 is the button
Seat 8: Murrrr_@T ($119.50 in chips)
Seat 9: ELSUPREMO999 ($836.51 in chips)
Murrrr_@T: posts small blind $1
ELSUPREMO999: posts big blind $3
*** HOLE CARDS ***
Murrrr_@T: raises $3 to $6
ELSUPREMO999: calls $3
*** FLOP *** [2d Kh 8h]
ELSUPREMO999: checks
Murrrr_@T: bets $3
ELSUPREMO999: folds
Uncalled bet ($3) returned to Murrrr_@T
Murrrr_@T collected $11.76 from pot
Murrrr_@T: doesn't show hand
*** SUMMARY ***
Total pot $12 | Rake $0.24
Board [2d Kh 8h]
Seat 8: Murrrr_@T (button) (small blind) collected ($11.76)
Seat 9: ELSUPREMO999 (big blind) folded on the Flop


PokerStars Hand #156982754336:  Hold'em Limit ($3/$6 USD) - 2016/08/07 13:00:17 ET
Table 'Camilla' 10-max Seat #9 is the button
Seat 8: Murrrr_@T ($128.50 in chips)
Seat 9: ELSUPREMO999 ($827.87 in chips)
ELSUPREMO999: posts small blind $1
Murrrr_@T: posts big blind $3
*** HOLE CARDS ***
ELSUPREMO999: calls $2
Murrrr_@T: raises $3 to $6
ELSUPREMO999: calls $3
*** FLOP *** [Qs 8h As]
Murrrr_@T: bets $3
ELSUPREMO999: calls $3
*** TURN *** [Qs 8h As] [Jd]
Murrrr_@T: checks
ELSUPREMO999: bets $6
Murrrr_@T: folds
Uncalled bet ($6) returned to ELSUPREMO999
ELSUPREMO999 collected $17.64 from pot
ELSUPREMO999: doesn't show hand
*** SUMMARY ***
Total pot $18 | Rake $0.36
Board [Qs 8h As Jd]
Seat 8: Murrrr_@T (big blind) folded on the Turn
Seat 9: ELSUPREMO999 (button) (small blind) collected ($17.64)


PokerStars Hand #156982750601:  Hold'em Limit ($3/$6 USD) - 2016/08/07 13:00:10 ET
Table 'Camilla' 10-max Seat #8 is the button
Seat 8: Murrrr_@T ($129.50 in chips)
Seat 9: ELSUPREMO999 ($826.87 in chips)
Murrrr_@T: posts small blind $1
ELSUPREMO999: posts big blind $3
*** HOLE CARDS ***
Murrrr_@T: folds
Uncalled bet ($2) returned to ELSUPREMO999
ELSUPREMO999 collected $2 from pot
ELSUPREMO999: doesn't show hand
*** SUMMARY ***
Total pot $2 | Rake $0
Seat 8: Murrrr_@T (button) (small blind) folded before Flop
Seat 9: ELSUPREMO999 (big blind) collected ($2)


PokerStars Hand #156986736615:  Hold'em Limit ($3/$6 USD) - 2016/08/07 14:25:29 ET
Table 'Camilla' 10-max Seat #10 is the button
Seat 5: Basi_001 ($48 in chips)
Seat 10: RaisemyNut$ ($120 in chips)
RaisemyNut$: posts small blind $1
Basi_001: posts big blind $3
*** HOLE CARDS ***
RaisemyNut$: raises $3 to $6
Basi_001: calls $3
*** FLOP *** [3d Kc 6d]
Basi_001: checks
RaisemyNut$: bets $3
Basi_001: calls $3
*** TURN *** [3d Kc 6d] [9c]
Basi_001: checks
RaisemyNut$: checks
*** RIVER *** [3d Kc 6d 9c] [3c]
Basi_001: bets $6
RaisemyNut$: calls $6
*** SHOW DOWN ***
Basi_001: shows [3s Ac] (three of a kind, Threes)
RaisemyNut$: mucks hand
Basi_001 collected $29.50 from pot
*** SUMMARY ***
Total pot $30 | Rake $0.50
Board [3d Kc 6d 9c 3c]
Seat 5: Basi_001 (big blind) showed [3s Ac] and won ($29.50) with three of a kind, Threes
Seat 10: RaisemyNut$ (button) (small blind) mucked


PokerStars Hand #156986795046:  Hold'em Limit ($3/$6 USD) - 2016/08/07 14:26:40 ET
Table 'Camilla' 10-max Seat #5 is the button
Seat 5: Basi_001 ($51.50 in chips)
Seat 10: RaisemyNut$ ($115.76 in chips)
Basi_001: posts small blind $1
RaisemyNut$: posts big blind $3
*** HOLE CARDS ***
Basi_001: raises $3 to $6
RaisemyNut$: calls $3
*** FLOP *** [4h Jh 5d]
RaisemyNut$: checks
Basi_001: bets $3
RaisemyNut$: calls $3
*** TURN *** [4h Jh 5d] [Kc]
RaisemyNut$: checks
Basi_001: bets $6
RaisemyNut$: calls $6
*** RIVER *** [4h Jh 5d Kc] [7s]
RaisemyNut$: checks
Basi_001: bets $6
RaisemyNut$: calls $6
*** SHOW DOWN ***
Basi_001: shows [7h 7c] (three of a kind, Sevens)
RaisemyNut$: mucks hand
Basi_001 collected $41.50 from pot
*** SUMMARY ***
Total pot $42 | Rake $0.50
Board [4h Jh 5d Kc 7s]
Seat 5: Basi_001 (button) (small blind) showed [7h 7c] and won ($41.50) with three of a kind, Sevens
Seat 10: RaisemyNut$ (big blind) mucked


PokerStars Hand #156986790606:  Hold'em Limit ($3/$6 USD) - 2016/08/07 14:26:35 ET
Table 'Camilla' 10-max Seat #10 is the button
Seat 5: Basi_001 ($54.50 in chips)
Seat 10: RaisemyNut$ ($112.76 in chips)
RaisemyNut$: posts small blind $1
Basi_001: posts big blind $3
*** HOLE CARDS ***
RaisemyNut$: raises $3 to $6
Basi_001: folds
Uncalled bet ($3) returned to RaisemyNut$
RaisemyNut$ collected $6 from pot
RaisemyNut$: doesn't show hand
*** SUMMARY ***
Total pot $6 | Rake $0
Seat 5: Basi_001 (big blind) folded before Flop
Seat 10: RaisemyNut$ (button) (small blind) collected ($6)


PokerStars Hand #156986786423:  Hold'em Limit ($3/$6 USD) - 2016/08/07 14:26:29 ET
Table 'Camilla' 10-max Seat #5 is the button
Seat 5: Basi_001 ($55.50 in chips)
Seat 10: RaisemyNut$ ($111.76 in chips)
Basi_001: posts small blind $1
RaisemyNut$: posts big blind $3
*** HOLE CARDS ***
Basi_001: folds
Uncalled bet ($2) returned to RaisemyNut$
RaisemyNut$ collected $2 from pot
RaisemyNut$: doesn't show hand
*** SUMMARY ***
Total pot $2 | Rake $0
Seat 5: Basi_001 (button) (small blind) folded before Flop
Seat 10: RaisemyNut$ (big blind) collected ($2)


PokerStars Hand #156986765280:  Hold'em Limit ($3/$6 USD) - 2016/08/07 14:26:04 ET
Table 'Camilla' 10-max Seat #5 is the button
Seat 5: Basi_001 ($62.50 in chips)
Seat 10: RaisemyNut$ ($105 in chips)
Basi_001: posts small blind $1
RaisemyNut$: posts big blind $3
*** HOLE CARDS ***
Basi_001: folds
Uncalled bet ($2) returned to RaisemyNut$
RaisemyNut$ collected $2 from pot
RaisemyNut$: doesn't show hand
*** SUMMARY ***
Total pot $2 | Rake $0
Seat 5: Basi_001 (button) (small blind) folded before Flop
Seat 10: RaisemyNut$ (big blind) collected ($2)


PokerStars Hand #156986856318:  Hold'em Limit ($3/$6 USD) - 2016/08/07 14:27:48 ET
Table 'Camilla' 10-max Seat #10 is the button
Seat 5: Basi_001 ($89.28 in chips)
Seat 10: RaisemyNut$ ($76.76 in chips)
RaisemyNut$: posts small blind $1
Basi_001: posts big blind $3
*** HOLE CARDS ***
RaisemyNut$: raises $3 to $6
Basi_001: folds
Uncalled bet ($3) returned to RaisemyNut$
RaisemyNut$ collected $6 from pot
RaisemyNut$: doesn't show hand
*** SUMMARY ***
Total pot $6 | Rake $0
Seat 5: Basi_001 (big blind) folded before Flop
Seat 10: RaisemyNut$ (button) (small blind) collected ($6)


PokerStars Hand #156986842057:  Hold'em Limit ($3/$6 USD) - 2016/08/07 14:27:31 ET
Table 'Camilla' 10-max Seat #5 is the button
Seat 5: Basi_001 ($80.64 in chips)
Seat 10: RaisemyNut$ ($85.76 in chips)
Basi_001: posts small blind $1
RaisemyNut$: posts big blind $3
*** HOLE CARDS ***
Basi_001: raises $3 to $6
RaisemyNut$: calls $3
*** FLOP *** [8h Ac Ah]
RaisemyNut$: checks
Basi_001: bets $3
RaisemyNut$: calls $3
*** TURN *** [8h Ac Ah] [4d]
RaisemyNut$: checks
Basi_001: bets $6
RaisemyNut$: folds
Uncalled bet ($6) returned to Basi_001
Basi_001 collected $17.64 from pot
Basi_001: doesn't show hand
*** SUMMARY ***
Total pot $18 | Rake $0.36
Board [8h Ac Ah 4d]
Seat 5: Basi_001 (button) (small blind) collected ($17.64)
Seat 10: RaisemyNut$ (big blind) folded on the Turn


PokerStars Hand #156986822908:  Hold'em Limit ($3/$6 USD) - 2016/08/07 14:27:07 ET
Table 'Camilla' 10-max Seat #10 is the button
Seat 5: Basi_001 ($72 in chips)
Seat 10: RaisemyNut$ ($94.76 in chips)
RaisemyNut$: posts small blind $1
Basi_001: posts big blind $3
*** HOLE CARDS ***
RaisemyNut$: raises $3 to $6
Basi_001: calls $3
*** FLOP *** [5d Ks 9s]
Basi_001: checks
RaisemyNut$: bets $3
Basi_001: calls $3
*** TURN *** [5d Ks 9s] [7d]
Basi_001: checks
RaisemyNut$: checks
*** RIVER *** [5d Ks 9s 7d] [2h]
Basi_001: bets $6
RaisemyNut$: folds
Uncalled bet ($6) returned to Basi_001
Basi_001 collected $17.64 from pot
Basi_001: doesn't show hand
*** SUMMARY ***
Total pot $18 | Rake $0.36
Board [5d Ks 9s 7d 2h]
Seat 5: Basi_001 (big blind) collected ($17.64)
Seat 10: RaisemyNut$ (button) (small blind) folded on the River


PokerStars Hand #156986903982:  Hold'em Limit ($3/$6 USD) - 2016/08/07 14:28:47 ET
Table 'Camilla' 10-max Seat #10 is the button
Seat 5: Basi_001 ($82.78 in chips)
Seat 10: RaisemyNut$ ($81.92 in chips)
RaisemyNut$: posts small blind $1
Basi_001: posts big blind $3
*** HOLE CARDS ***
RaisemyNut$: raises $3 to $6
Basi_001: folds
Uncalled bet ($3) returned to RaisemyNut$
RaisemyNut$ collected $6 from pot
RaisemyNut$: doesn't show hand
*** SUMMARY ***
Total pot $6 | Rake $0
Seat 5: Basi_001 (big blind) folded before Flop
Seat 10: RaisemyNut$ (button) (small blind) collected ($6)


PokerStars Hand #156986891882:  Hold'em Limit ($3/$6 USD) - 2016/08/07 14:28:32 ET
Table 'Camilla' 10-max Seat #5 is the button
Seat 5: Basi_001 ($94.78 in chips)
Seat 10: RaisemyNut$ ($70.40 in chips)
Basi_001: posts small blind $1
RaisemyNut$: posts big blind $3
*** HOLE CARDS ***
Basi_001: raises $3 to $6
RaisemyNut$: raises $3 to $9
Basi_001: calls $3
*** FLOP *** [6c 5c As]
RaisemyNut$: bets $3
Basi_001: calls $3
*** TURN *** [6c 5c As] [Jd]
RockKillerTY joins the table at seat #6
RaisemyNut$: bets $6
Basi_001: folds
Uncalled bet ($6) returned to RaisemyNut$
RaisemyNut$ collected $23.52 from pot
RaisemyNut$: doesn't show hand
*** SUMMARY ***
Total pot $24 | Rake $0.48
Board [6c 5c As Jd]
Seat 5: Basi_001 (button) (small blind) folded on the Turn
Seat 10: RaisemyNut$ (big blind) collected ($23.52)


PokerStars Hand #156986876422:  Hold'em Limit ($3/$6 USD) - 2016/08/07 14:28:13 ET
Table 'Camilla' 10-max Seat #10 is the button
Seat 5: Basi_001 ($103.78 in chips)
Seat 10: RaisemyNut$ ($61.76 in chips)
RaisemyNut$: posts small blind $1
Basi_001: posts big blind $3
*** HOLE CARDS ***
RaisemyNut$: raises $3 to $6
Basi_001: calls $3
*** FLOP *** [Td 8c 7d]
Basi_001: checks
RaisemyNut$: bets $3
Basi_001: calls $3
*** TURN *** [Td 8c 7d] [As]
Basi_001: checks
RaisemyNut$: bets $6
Basi_001: folds
Uncalled bet ($6) returned to RaisemyNut$
RaisemyNut$ collected $17.64 from pot
RaisemyNut$: doesn't show hand
*** SUMMARY ***
Total pot $18 | Rake $0.36
Board [Td 8c 7d As]
Seat 5: Basi_001 (big blind) folded on the Turn
Seat 10: RaisemyNut$ (button) (small blind) collected ($17.64)


PokerStars Hand #156986861821:  Hold'em Limit ($3/$6 USD) - 2016/08/07 14:27:55 ET
Table 'Camilla' 10-max Seat #5 is the button
Seat 5: Basi_001 ($86.28 in chips)
Seat 10: RaisemyNut$ ($79.76 in chips)
Basi_001: posts small blind $1
RaisemyNut$: posts big blind $3
*** HOLE CARDS ***
Basi_001: raises $3 to $6
RaisemyNut$: raises $3 to $9
Basi_001: calls $3
*** FLOP *** [9c 5s 6d]
RaisemyNut$: bets $3
Basi_001: calls $3
*** TURN *** [9c 5s 6d] [8d]
RaisemyNut$: bets $6
Basi_001: calls $6
*** RIVER *** [9c 5s 6d 8d] [Qs]
RaisemyNut$: checks
Basi_001: checks
*** SHOW DOWN ***
RaisemyNut$: shows [Jc Kc] (high card King)
Basi_001: shows [9h Td] (a pair of Nines)
Basi_001 collected $35.50 from pot
*** SUMMARY ***
Total pot $36 | Rake $0.50
Board [9c 5s 6d 8d Qs]
Seat 5: Basi_001 (button) (small blind) showed [9h Td] and won ($35.50) with a pair of Nines
Seat 10: RaisemyNut$ (big blind) showed [Jc Kc] and lost with high card King


PokerStars Hand #156987199721:  Hold'em Limit ($3/$6 USD) - 2016/08/07 14:34:44 ET
Table 'Camilla' 10-max Seat #5 is the button
Seat 5: Basi_001 ($122.38 in chips)
Seat 10: RaisemyNut$ ($119.27 in chips)
Basi_001: posts small blind $1
RockKillerTY: is sitting out
RaisemyNut$: posts big blind $3
*** HOLE CARDS ***
Basi_001: raises $3 to $6
RaisemyNut$: raises $3 to $9
Basi_001: calls $3
*** FLOP *** [Th As 2h]
RaisemyNut$: bets $3
Basi_001: calls $3
*** TURN *** [Th As 2h] [8d]
RaisemyNut$: bets $6
Basi_001: calls $6
*** RIVER *** [Th As 2h 8d] [Js]
RaisemyNut$: checks
Basi_001: checks
*** SHOW DOWN ***
RaisemyNut$: shows [8h 9h] (a pair of Eights)
Basi_001: shows [Qs Tc] (a pair of Tens)
Basi_001 collected $35.50 from pot
*** SUMMARY ***
Total pot $36 | Rake $0.50
Board [Th As 2h 8d Js]
Seat 5: Basi_001 (button) (small blind) showed [Qs Tc] and won ($35.50) with a pair of Tens
Seat 10: RaisemyNut$ (big blind) showed [8h 9h] and lost with a pair of Eights


PokerStars Hand #156987247554:  Hold'em Limit ($3/$6 USD) - 2016/08/07 14:35:41 ET
Table 'Camilla' 10-max Seat #10 is the button
Seat 5: Basi_001 ($166.14 in chips)
Seat 10: RaisemyNut$ ($74.27 in chips)
RaisemyNut$: posts small blind $1
Basi_001: posts big blind $3
*** HOLE CARDS ***
RaisemyNut$: raises $3 to $6
Basi_001: calls $3
*** FLOP *** [Jd 6s Kd]
Basi_001: checks
RaisemyNut$: bets $3
Basi_001: calls $3
*** TURN *** [Jd 6s Kd] [2s]
Basi_001: checks
RaisemyNut$: bets $6
Basi_001: raises $6 to $12
RaisemyNut$: calls $6
*** RIVER *** [Jd 6s Kd 2s] [9c]
Basi_001: bets $6
RaisemyNut$: calls $6
*** SHOW DOWN ***
Basi_001: shows [Ks Qh] (a pair of Kings)
RaisemyNut$: mucks hand
Basi_001 collected $53.50 from pot
*** SUMMARY ***
Total pot $54 | Rake $0.50
Board [Jd 6s Kd 2s 9c]
Seat 5: Basi_001 (big blind) showed [Ks Qh] and won ($53.50) with a pair of Kings
Seat 10: RaisemyNut$ (button) (small blind) mucked


PokerStars Hand #156987235142:  Hold'em Limit ($3/$6 USD) - 2016/08/07 14:35:26 ET
Table 'Camilla' 10-max Seat #5 is the button
Seat 5: Basi_001 ($160.38 in chips)
Seat 10: RaisemyNut$ ($80.27 in chips)
Basi_001: posts small blind $1
RaisemyNut$: posts big blind $3
*** HOLE CARDS ***
Basi_001: raises $3 to $6
RaisemyNut$: calls $3
*** FLOP *** [3h 7d 3s]
RaisemyNut$: checks
Basi_001: bets $3
RaisemyNut$: folds
Uncalled bet ($3) returned to Basi_001
Basi_001 collected $11.76 from pot
Basi_001: doesn't show hand
*** SUMMARY ***
Total pot $12 | Rake $0.24
Board [3h 7d 3s]
Seat 5: Basi_001 (button) (small blind) collected ($11.76)
Seat 10: RaisemyNut$ (big blind) folded on the Flop


PokerStars Hand #156987216756:  Hold'em Limit ($3/$6 USD) - 2016/08/07 14:35:04 ET
Table 'Camilla' 10-max Seat #10 is the button
Seat 5: Basi_001 ($139.88 in chips)
Seat 10: RaisemyNut$ ($101.27 in chips)
RaisemyNut$: posts small blind $1
Basi_001: posts big blind $3
*** HOLE CARDS ***
RaisemyNut$: raises $3 to $6
Basi_001: calls $3
*** FLOP *** [6s 5h 5c]
Basi_001: checks
RaisemyNut$: bets $3
Basi_001: calls $3
*** TURN *** [6s 5h 5c] [8h]
Basi_001: checks
RaisemyNut$: bets $6
Basi_001: calls $6
*** RIVER *** [6s 5h 5c 8h] [As]
Basi_001: checks
RaisemyNut$: bets $6
Basi_001: raises $6 to $12
RaisemyNut$: folds
Uncalled bet ($6) returned to Basi_001
Basi_001 collected $41.50 from pot
Basi_001: doesn't show hand
*** SUMMARY ***
Total pot $42 | Rake $0.50
Board [6s 5h 5c 8h As]
Seat 5: Basi_001 (big blind) collected ($41.50)
Seat 10: RaisemyNut$ (button) (small blind) folded on the River


PokerStars Hand #156987295454:  Hold'em Limit ($3/$6 USD) - 2016/08/07 14:36:38 ET
Table 'Camilla' 10-max Seat #10 is the button
Seat 5: Basi_001 ($185.40 in chips)
Seat 10: RaisemyNut$ ($72.52 in chips)
RaisemyNut$: posts small blind $1
Basi_001: posts big blind $3
*** HOLE CARDS ***
RaisemyNut$: raises $3 to $6
Basi_001: calls $3
*** FLOP *** [Ac Jc 2d]
Basi_001: checks
RaisemyNut$: bets $3
Basi_001: calls $3
*** TURN *** [Ac Jc 2d] [Kh]
Basi_001: checks
RaisemyNut$: bets $6
Basi_001: raises $6 to $12
RaisemyNut$: calls $6
*** RIVER *** [Ac Jc 2d Kh] [5s]
Basi_001: bets $6
RaisemyNut$: calls $6
*** SHOW DOWN ***
Basi_001: shows [Ts Qc] (a straight, Ten to Ace)
RaisemyNut$: mucks hand
Basi_001 collected $53.50 from pot
*** SUMMARY ***
Total pot $54 | Rake $0.50
Board [Ac Jc 2d Kh 5s]
Seat 5: Basi_001 (big blind) showed [Ts Qc] and won ($53.50) with a straight, Ten to Ace
Seat 10: RaisemyNut$ (button) (small blind) mucked


PokerStars Hand #156987291023:  Hold'em Limit ($3/$6 USD) - 2016/08/07 14:36:33 ET
Table 'Camilla' 10-max Seat #5 is the button
Seat 5: Basi_001 ($186.40 in chips)
Seat 10: RaisemyNut$ ($71.52 in chips)
Basi_001: posts small blind $1
RaisemyNut$: posts big blind $3
*** HOLE CARDS ***
Basi_001: folds
Uncalled bet ($2) returned to RaisemyNut$
RaisemyNut$ collected $2 from pot
RaisemyNut$: doesn't show hand
*** SUMMARY ***
Total pot $2 | Rake $0
Seat 5: Basi_001 (button) (small blind) folded before Flop
Seat 10: RaisemyNut$ (big blind) collected ($2)


PokerStars Hand #156987275294:  Hold'em Limit ($3/$6 USD) - 2016/08/07 14:36:14 ET
Table 'Camilla' 10-max Seat #10 is the button
Seat 5: Basi_001 ($198.40 in chips)
Seat 10: RaisemyNut$ ($60 in chips)
RaisemyNut$: posts small blind $1
Basi_001: posts big blind $3
*** HOLE CARDS ***
RaisemyNut$: raises $3 to $6
Basi_001: calls $3
*** FLOP *** [3h Ac 7s]
Basi_001: checks
RaisemyNut$: bets $3
RockKillerTY leaves the table
Basi_001: raises $3 to $6
RaisemyNut$: raises $3 to $9
Basi_001: folds
Uncalled bet ($3) returned to RaisemyNut$
RaisemyNut$ collected $23.52 from pot
RaisemyNut$: doesn't show hand
*** SUMMARY ***
Total pot $24 | Rake $0.48
Board [3h Ac 7s]
Seat 5: Basi_001 (big blind) folded on the Flop
Seat 10: RaisemyNut$ (button) (small blind) collected ($23.52)


PokerStars Hand #156987265375:  Hold'em Limit ($3/$6 USD) - 2016/08/07 14:36:02 ET
Table 'Camilla' 10-max Seat #5 is the button
Seat 5: Basi_001 ($192.64 in chips)
Seat 10: RaisemyNut$ ($60 in chips)
Basi_001: posts small blind $1
RaisemyNut$: posts big blind $3
*** HOLE CARDS ***
Basi_001: raises $3 to $6
RaisemyNut$: calls $3
*** FLOP *** [8c 3s Qd]
RaisemyNut$: checks
Basi_001: bets $3
RaisemyNut$: folds
Uncalled bet ($3) returned to Basi_001
Basi_001 collected $11.76 from pot
Basi_001: doesn't show hand
*** SUMMARY ***
Total pot $12 | Rake $0.24
Board [8c 3s Qd]
Seat 5: Basi_001 (button) (small blind) collected ($11.76)
Seat 10: RaisemyNut$ (big blind) folded on the Flop


PokerStars Hand #156987367347:  Hold'em Limit ($3/$6 USD) - 2016/08/07 14:38:05 ET
Table 'Camilla' 10-max Seat #10 is the button
Seat 5: Basi_001 ($170.90 in chips)
Seat 10: RaisemyNut$ ($100 in chips)
RaisemyNut$: posts small blind $1
Basi_001: posts big blind $3
*** HOLE CARDS ***
RaisemyNut$: raises $3 to $6
Basi_001: folds
Uncalled bet ($3) returned to RaisemyNut$
RaisemyNut$ collected $6 from pot
RaisemyNut$: doesn't show hand
*** SUMMARY ***
Total pot $6 | Rake $0
Seat 5: Basi_001 (big blind) folded before Flop
Seat 10: RaisemyNut$ (button) (small blind) collected ($6)


PokerStars Hand #156987348499:  Hold'em Limit ($3/$6 USD) - 2016/08/07 14:37:42 ET
Table 'Camilla' 10-max Seat #5 is the button
Seat 5: Basi_001 ($194.90 in chips)
Seat 10: RaisemyNut$ ($76.50 in chips)
Basi_001: posts small blind $1
RaisemyNut$: posts big blind $3
*** HOLE CARDS ***
Basi_001: raises $3 to $6
RaisemyNut$: raises $3 to $9
Basi_001: calls $3
*** FLOP *** [5c Jh 7s]
RaisemyNut$: bets $3
Basi_001: calls $3
*** TURN *** [5c Jh 7s] [8c]
RaisemyNut$: bets $6
Basi_001: calls $6
*** RIVER *** [5c Jh 7s 8c] [9h]
RaisemyNut$: bets $6
Basi_001: calls $6
*** SHOW DOWN ***
RaisemyNut$: shows [8h 8s] (three of a kind, Eights)
Basi_001: mucks hand
RaisemyNut$ collected $47.50 from pot
*** SUMMARY ***
Total pot $48 | Rake $0.50
Board [5c Jh 7s 8c 9h]
Seat 5: Basi_001 (button) (small blind) mucked
Seat 10: RaisemyNut$ (big blind) showed [8h 8s] and won ($47.50) with three of a kind, Eights


PokerStars Hand #156987342859:  Hold'em Limit ($3/$6 USD) - 2016/08/07 14:37:35 ET
Table 'Camilla' 10-max Seat #10 is the button
Seat 5: Basi_001 ($193.90 in chips)
Seat 10: RaisemyNut$ ($77.50 in chips)
RaisemyNut$: posts small blind $1
Basi_001: posts big blind $3
*** HOLE CARDS ***
RaisemyNut$: folds
Uncalled bet ($2) returned to Basi_001
Basi_001 collected $2 from pot
Basi_001: doesn't show hand
*** SUMMARY ***
Total pot $2 | Rake $0
Seat 5: Basi_001 (big blind) collected ($2)
Seat 10: RaisemyNut$ (button) (small blind) folded before Flop


PokerStars Hand #156987317354:  Hold'em Limit ($3/$6 USD) - 2016/08/07 14:37:05 ET
Table 'Camilla' 10-max Seat #5 is the button
Seat 5: Basi_001 ($211.90 in chips)
Seat 10: RaisemyNut$ ($60 in chips)
Basi_001: posts small blind $1
RaisemyNut$: posts big blind $3
*** HOLE CARDS ***
Basi_001: raises $3 to $6
RaisemyNut$: raises $3 to $9
Basi_001: calls $3
*** FLOP *** [2d Kc Kd]
RaisemyNut$: bets $3
Basi_001: calls $3
*** TURN *** [2d Kc Kd] [5s]
RaisemyNut$: checks
Basi_001: bets $6
RaisemyNut$: calls $6
*** RIVER *** [2d Kc Kd 5s] [Qc]
RaisemyNut$: checks
Basi_001: checks
*** SHOW DOWN ***
RaisemyNut$: shows [Ad Jh] (a pair of Kings)
Basi_001: mucks hand
RaisemyNut$ collected $35.50 from pot
*** SUMMARY ***
Total pot $36 | Rake $0.50
Board [2d Kc Kd 5s Qc]
Seat 5: Basi_001 (button) (small blind) mucked
Seat 10: RaisemyNut$ (big blind) showed [Ad Jh] and won ($35.50) with a pair of Kings


PokerStars Hand #156993076848:  Hold'em Limit ($3/$6 USD) - 2016/08/07 16:32:45 ET
Table 'Camilla' 10-max Seat #2 is the button
Seat 1: TheLoneWolf1992 ($23 in chips)
Seat 2: BuzovaPro ($78.76 in chips)
BuzovaPro: posts small blind $1
TheLoneWolf1992: posts big blind $3
*** HOLE CARDS ***
BuzovaPro: folds
Uncalled bet ($2) returned to TheLoneWolf1992
TheLoneWolf1992 collected $2 from pot
TheLoneWolf1992: doesn't show hand
*** SUMMARY ***
Total pot $2 | Rake $0
Seat 1: TheLoneWolf1992 (big blind) collected ($2)
Seat 2: BuzovaPro (button) (small blind) folded before Flop


PokerStars Hand #156993065749:  Hold'em Limit ($3/$6 USD) - 2016/08/07 16:32:32 ET
Table 'Camilla' 10-max Seat #1 is the button
Seat 1: TheLoneWolf1992 ($24 in chips)
Seat 2: BuzovaPro ($77.76 in chips)
TheLoneWolf1992: posts small blind $1
BuzovaPro: posts big blind $3
*** HOLE CARDS ***
TheLoneWolf1992: folds
Uncalled bet ($2) returned to BuzovaPro
BuzovaPro collected $2 from pot
BuzovaPro: doesn't show hand
*** SUMMARY ***
Total pot $2 | Rake $0
Seat 1: TheLoneWolf1992 (button) (small blind) folded before Flop
Seat 2: BuzovaPro (big blind) collected ($2)


PokerStars Hand #156993042597:  Hold'em Limit ($3/$6 USD) - 2016/08/07 16:32:04 ET
Table 'Camilla' 10-max Seat #2 is the button
Seat 1: TheLoneWolf1992 ($30 in chips)
Seat 2: BuzovaPro ($72 in chips)
BuzovaPro: posts small blind $1
TheLoneWolf1992: posts big blind $3
*** HOLE CARDS ***
BuzovaPro: raises $3 to $6
TheLoneWolf1992: calls $3
*** FLOP *** [6h Jd As]
TheLoneWolf1992: checks
BuzovaPro: bets $3
TheLoneWolf1992: folds
Uncalled bet ($3) returned to BuzovaPro
BuzovaPro collected $11.76 from pot
BuzovaPro: doesn't show hand
*** SUMMARY ***
Total pot $12 | Rake $0.24
Board [6h Jd As]
Seat 1: TheLoneWolf1992 (big blind) folded on the Flop
Seat 2: BuzovaPro (button) (small blind) collected ($11.76)


PokerStars Hand #156994339064:  Hold'em Limit ($3/$6 USD) - 2016/08/07 16:58:59 ET
Table 'Camilla' 10-max Seat #10 is the button
Seat 3: mylifeluvsol ($29 in chips)
Seat 10: RaisemyNut$ ($104 in chips)
RaisemyNut$: posts small blind $1
mylifeluvsol: posts big blind $3
*** HOLE CARDS ***
RaisemyNut$: raises $3 to $6
mylifeluvsol: calls $3
*** FLOP *** [Jh 9c 5c]
mylifeluvsol: checks
RaisemyNut$: bets $3
mylifeluvsol: calls $3
*** TURN *** [Jh 9c 5c] [Tc]
mylifeluvsol: checks
RaisemyNut$: bets $6
mylifeluvsol: calls $6
*** RIVER *** [Jh 9c 5c Tc] [Js]
mylifeluvsol: bets $6
RaisemyNut$: raises $6 to $12
mylifeluvsol: calls $6
*** SHOW DOWN ***
RaisemyNut$: shows [2c Qc] (a flush, Queen high)
mylifeluvsol: mucks hand
RaisemyNut$ collected $53.50 from pot
*** SUMMARY ***
Total pot $54 | Rake $0.50
Board [Jh 9c 5c Tc Js]
Seat 3: mylifeluvsol (big blind) mucked
Seat 10: RaisemyNut$ (button) (small blind) showed [2c Qc] and won ($53.50) with a flush, Queen high


PokerStars Hand #156999759526:  Hold'em Limit ($3/$6 USD) - 2016/08/07 19:04:01 ET
Table 'Camilla' 10-max Seat #9 is the button
Seat 5: Airbag999 ($120 in chips)
Seat 9: CE3000 ($51.30 in chips)
CE3000: posts small blind $1
Airbag999: posts big blind $3
*** HOLE CARDS ***
CE3000: calls $2
Airbag999: checks
*** FLOP *** [Jc Td Ks]
Airbag999: checks
CE3000: bets $3
Airbag999: folds
Uncalled bet ($3) returned to CE3000
CE3000 collected $5.88 from pot
CE3000: doesn't show hand
*** SUMMARY ***
Total pot $6 | Rake $0.12
Board [Jc Td Ks]
Seat 5: Airbag999 (big blind) folded on the Flop
Seat 9: CE3000 (button) (small blind) collected ($5.88)


PokerStars Hand #156999798701:  Hold'em Limit ($3/$6 USD) - 2016/08/07 19:05:07 ET
Table 'Camilla' 10-max Seat #5 is the button
Seat 5: Airbag999 ($124 in chips)
Seat 9: CE3000 ($70.68 in chips)
Airbag999: posts small blind $1
CE3000: posts big blind $3
*** HOLE CARDS ***
Airbag999: raises $3 to $6
CE3000: raises $3 to $9
Airbag999: calls $3
*** FLOP *** [9s 2c 5s]
CE3000: bets $3
Airbag999: folds
Uncalled bet ($3) returned to CE3000
CE3000 collected $17.64 from pot
CE3000: doesn't show hand
*** SUMMARY ***
Total pot $18 | Rake $0.36
Board [9s 2c 5s]
Seat 5: Airbag999 (button) (small blind) folded on the Flop
Seat 9: CE3000 (big blind) collected ($17.64)


PokerStars Hand #156999795862:  Hold'em Limit ($3/$6 USD) - 2016/08/07 19:05:03 ET
Table 'Camilla' 10-max Seat #9 is the button
Seat 5: Airbag999 ($123 in chips)
Seat 9: CE3000 ($71.68 in chips)
CE3000: posts small blind $1
Airbag999: posts big blind $3
*** HOLE CARDS ***
CE3000: folds
Uncalled bet ($2) returned to Airbag999
Airbag999 collected $2 from pot
Airbag999: doesn't show hand
*** SUMMARY ***
Total pot $2 | Rake $0
Seat 5: Airbag999 (big blind) collected ($2)
Seat 9: CE3000 (button) (small blind) folded before Flop


PokerStars Hand #156999791973:  Hold'em Limit ($3/$6 USD) - 2016/08/07 19:04:56 ET
Table 'Camilla' 10-max Seat #5 is the button
Seat 5: Airbag999 ($120 in chips)
Seat 9: CE3000 ($74.68 in chips)
Airbag999: posts small blind $1
CE3000: posts big blind $3
*** HOLE CARDS ***
Airbag999: raises $3 to $6
CE3000: folds
Uncalled bet ($3) returned to Airbag999
Airbag999 collected $6 from pot
Airbag999: doesn't show hand
*** SUMMARY ***
Total pot $6 | Rake $0
Seat 5: Airbag999 (button) (small blind) collected ($6)
Seat 9: CE3000 (big blind) folded before Flop


PokerStars Hand #156999777408:  Hold'em Limit ($3/$6 USD) - 2016/08/07 19:04:31 ET
Table 'Camilla' 10-max Seat #9 is the button
Seat 5: Airbag999 ($122.76 in chips)
Seat 9: CE3000 ($48.18 in chips)
CE3000: posts small blind $1
Airbag999: posts big blind $3
*** HOLE CARDS ***
CE3000: raises $3 to $6
Airbag999: raises $3 to $9
CE3000: raises $3 to $12
Betting is capped
Airbag999: calls $3
*** FLOP *** [Td 9h 2c]
Airbag999: checks
CE3000: bets $3
Airbag999: calls $3
*** TURN *** [Td 9h 2c] [7d]
Airbag999: checks
CE3000: bets $6
Airbag999: calls $6
*** RIVER *** [Td 9h 2c 7d] [6c]
Airbag999: checks
CE3000: bets $6
Airbag999: calls $6
*** SHOW DOWN ***
CE3000: shows [Qh Ts] (a pair of Tens)
Airbag999: mucks hand
CE3000 collected $53.50 from pot
*** SUMMARY ***
Total pot $54 | Rake $0.50
Board [Td 9h 2c 7d 6c]
Seat 5: Airbag999 (big blind) mucked
Seat 9: CE3000 (button) (small blind) showed [Qh Ts] and won ($53.50) with a pair of Tens


PokerStars Hand #156999770033:  Hold'em Limit ($3/$6 USD) - 2016/08/07 19:04:19 ET
Table 'Camilla' 10-max Seat #5 is the button
Seat 5: Airbag999 ($117 in chips)
Seat 9: CE3000 ($54.18 in chips)
Airbag999: posts small blind $1
CE3000: posts big blind $3
*** HOLE CARDS ***
Airbag999: raises $3 to $6
CE3000: calls $3
*** FLOP *** [8d As Tc]
CE3000: checks
Airbag999: bets $3
CE3000: folds
Uncalled bet ($3) returned to Airbag999
Airbag999 collected $11.76 from pot
Airbag999: doesn't show hand
*** SUMMARY ***
Total pot $12 | Rake $0.24
Board [8d As Tc]
Seat 5: Airbag999 (button) (small blind) collected ($11.76)
Seat 9: CE3000 (big blind) folded on the Flop


PokerStars Hand #156999837195:  Hold'em Limit ($3/$6 USD) - 2016/08/07 19:06:11 ET
Table 'Camilla' 10-max Seat #5 is the button
Seat 5: Airbag999 ($100.76 in chips)
Seat 9: CE3000 ($92.82 in chips)
Airbag999: posts small blind $1
CE3000: posts big blind $3
*** HOLE CARDS ***
Airbag999: raises $3 to $6
CE3000: calls $3
*** FLOP *** [7s Jh 5d]
CE3000: checks
Airbag999: bets $3
CE3000: folds
Uncalled bet ($3) returned to Airbag999
Airbag999 collected $11.76 from pot
Airbag999: doesn't show hand
*** SUMMARY ***
Total pot $12 | Rake $0.24
Board [7s Jh 5d]
Seat 5: Airbag999 (button) (small blind) collected ($11.76)
Seat 9: CE3000 (big blind) folded on the Flop


PokerStars Hand #156999834170:  Hold'em Limit ($3/$6 USD) - 2016/08/07 19:06:06 ET
Table 'Camilla' 10-max Seat #9 is the button
Seat 5: Airbag999 ($99.76 in chips)
Seat 9: CE3000 ($93.82 in chips)
CE3000: posts small blind $1
Airbag999: posts big blind $3
*** HOLE CARDS ***
CE3000: folds
Uncalled bet ($2) returned to Airbag999
Airbag999 collected $2 from pot
Airbag999: doesn't show hand
*** SUMMARY ***
Total pot $2 | Rake $0
Seat 5: Airbag999 (big blind) collected ($2)
Seat 9: CE3000 (button) (small blind) folded before Flop


PokerStars Hand #156999830511:  Hold'em Limit ($3/$6 USD) - 2016/08/07 19:06:00 ET
Table 'Camilla' 10-max Seat #5 is the button
Seat 5: Airbag999 ($100.76 in chips)
Seat 9: CE3000 ($92.82 in chips)
Airbag999: posts small blind $1
CE3000: posts big blind $3
*** HOLE CARDS ***
Airbag999: folds
Uncalled bet ($2) returned to CE3000
CE3000 collected $2 from pot
CE3000: doesn't show hand
*** SUMMARY ***
Total pot $2 | Rake $0
Seat 5: Airbag999 (button) (small blind) folded before Flop
Seat 9: CE3000 (big blind) collected ($2)


PokerStars Hand #156999817633:  Hold'em Limit ($3/$6 USD) - 2016/08/07 19:05:39 ET
Table 'Camilla' 10-max Seat #9 is the button
Seat 5: Airbag999 ($121.76 in chips)
Seat 9: CE3000 ($72.32 in chips)
CE3000: posts small blind $1
Airbag999: posts big blind $3
*** HOLE CARDS ***
CE3000: raises $3 to $6
Airbag999: raises $3 to $9
CE3000: raises $3 to $12
Betting is capped
Airbag999: calls $3
*** FLOP *** [8d 2c 3c]
Airbag999: checks
CE3000: bets $3
Airbag999: calls $3
*** TURN *** [8d 2c 3c] [7h]
Airbag999: checks
CE3000: bets $6
Airbag999: calls $6
*** RIVER *** [8d 2c 3c 7h] [6s]
Airbag999: checks
CE3000: bets $6
Airbag999: folds
Uncalled bet ($6) returned to CE3000
CE3000 collected $41.50 from pot
CE3000: doesn't show hand
*** SUMMARY ***
Total pot $42 | Rake $0.50
Board [8d 2c 3c 7h 6s]
Seat 5: Airbag999 (big blind) folded on the River
Seat 9: CE3000 (button) (small blind) collected ($41.50)


PokerStars Hand #156999810722:  Hold'em Limit ($3/$6 USD) - 2016/08/07 19:05:27 ET
Table 'Camilla' 10-max Seat #5 is the button
Seat 5: Airbag999 ($116 in chips)
Seat 9: CE3000 ($78.32 in chips)
Airbag999: posts small blind $1
CE3000: posts big blind $3
*** HOLE CARDS ***
Airbag999: raises $3 to $6
CE3000: calls $3
*** FLOP *** [Jc Jh 2d]
CE3000: checks
Airbag999: bets $3
CE3000: folds
Uncalled bet ($3) returned to Airbag999
Airbag999 collected $11.76 from pot
Airbag999: doesn't show hand
*** SUMMARY ***
Total pot $12 | Rake $0.24
Board [Jc Jh 2d]
Seat 5: Airbag999 (button) (small blind) collected ($11.76)
Seat 9: CE3000 (big blind) folded on the Flop


PokerStars Hand #156999807018:  Hold'em Limit ($3/$6 USD) - 2016/08/07 19:05:21 ET
Table 'Camilla' 10-max Seat #9 is the button
Seat 5: Airbag999 ($115 in chips)
Seat 9: CE3000 ($79.32 in chips)
CE3000: posts small blind $1
Airbag999: posts big blind $3
*** HOLE CARDS ***
CE3000: folds
Uncalled bet ($2) returned to Airbag999
Airbag999 collected $2 from pot
Airbag999: doesn't show hand
*** SUMMARY ***
Total pot $2 | Rake $0
Seat 5: Airbag999 (big blind) collected ($2)
Seat 9: CE3000 (button) (small blind) folded before Flop


PokerStars Hand #156999875220:  Hold'em Limit ($3/$6 USD) - 2016/08/07 19:07:16 ET
Table 'Camilla' 10-max Seat #5 is the button
Seat 5: Airbag999 ($125 in chips)
Seat 9: CE3000 ($102.32 in chips)
Airbag999: posts small blind $1
CE3000: posts big blind $3
*** HOLE CARDS ***
Airbag999: raises $3 to $6
CE3000: folds
Uncalled bet ($3) returned to Airbag999
Airbag999 collected $6 from pot
Airbag999: doesn't show hand
*** SUMMARY ***
Total pot $6 | Rake $0
Seat 5: Airbag999 (button) (small blind) collected ($6)
Seat 9: CE3000 (big blind) folded before Flop


PokerStars Hand #156999872320:  Hold'em Limit ($3/$6 USD) - 2016/08/07 19:07:11 ET
Table 'Camilla' 10-max Seat #9 is the button
Seat 5: Airbag999 ($124 in chips)
Seat 9: CE3000 ($103.32 in chips)
CE3000: posts small blind $1
Airbag999: posts big blind $3
*** HOLE CARDS ***
CE3000: folds
Uncalled bet ($2) returned to Airbag999
Airbag999 collected $2 from pot
Airbag999: doesn't show hand
*** SUMMARY ***
Total pot $2 | Rake $0
Seat 5: Airbag999 (big blind) collected ($2)
Seat 9: CE3000 (button) (small blind) folded before Flop


PokerStars Hand #156999868468:  Hold'em Limit ($3/$6 USD) - 2016/08/07 19:07:04 ET
Table 'Camilla' 10-max Seat #5 is the button
Seat 5: Airbag999 ($121 in chips)
Seat 9: CE3000 ($106.32 in chips)
Airbag999: posts small blind $1
CE3000: posts big blind $3
*** HOLE CARDS ***
Airbag999: raises $3 to $6
CE3000: folds
Uncalled bet ($3) returned to Airbag999
Airbag999 collected $6 from pot
Airbag999: doesn't show hand
*** SUMMARY ***
Total pot $6 | Rake $0
Seat 5: Airbag999 (button) (small blind) collected ($6)
Seat 9: CE3000 (big blind) folded before Flop


PokerStars Hand #156999865434:  Hold'em Limit ($3/$6 USD) - 2016/08/07 19:06:59 ET
Table 'Camilla' 10-max Seat #9 is the button
Seat 5: Airbag999 ($120 in chips)
Seat 9: CE3000 ($107.32 in chips)
CE3000: posts small blind $1
Airbag999: posts big blind $3
*** HOLE CARDS ***
CE3000: folds
Uncalled bet ($2) returned to Airbag999
Airbag999 collected $2 from pot
Airbag999: doesn't show hand
*** SUMMARY ***
Total pot $2 | Rake $0
Seat 5: Airbag999 (big blind) collected ($2)
Seat 9: CE3000 (button) (small blind) folded before Flop


PokerStars Hand #156999851140:  Hold'em Limit ($3/$6 USD) - 2016/08/07 19:06:35 ET
Table 'Camilla' 10-max Seat #5 is the button
Seat 5: Airbag999 ($112.28 in chips)
Seat 9: CE3000 ($80.82 in chips)
Airbag999: posts small blind $1
CE3000: posts big blind $3
*** HOLE CARDS ***
Airbag999: raises $3 to $6
CE3000: raises $3 to $9
Airbag999: calls $3
*** FLOP *** [Jc Qs 9c]
CE3000: checks
Airbag999: bets $3
CE3000: raises $3 to $6
Airbag999: calls $3
*** TURN *** [Jc Qs 9c] [8d]
CE3000: bets $6
Airbag999: calls $6
*** RIVER *** [Jc Qs 9c 8d] [Ks]
CE3000: bets $6
Airbag999: calls $6
*** SHOW DOWN ***
CE3000: shows [9s 9h] (three of a kind, Nines)
Airbag999: mucks hand
CE3000 collected $53.50 from pot
*** SUMMARY ***
Total pot $54 | Rake $0.50
Board [Jc Qs 9c 8d Ks]
Seat 5: Airbag999 (button) (small blind) mucked
Seat 9: CE3000 (big blind) showed [9s 9h] and won ($53.50) with three of a kind, Nines


PokerStars Hand #156999843120:  Hold'em Limit ($3/$6 USD) - 2016/08/07 19:06:22 ET
Table 'Camilla' 10-max Seat #9 is the button
Seat 5: Airbag999 ($106.52 in chips)
Seat 9: CE3000 ($86.82 in chips)
CE3000: posts small blind $1
Airbag999: posts big blind $3
*** HOLE CARDS ***
CE3000: calls $2
Airbag999: checks
*** FLOP *** [Ah 5h 6d]
Airbag999: checks
CE3000: bets $3
Airbag999: raises $3 to $6
CE3000: folds
Uncalled bet ($3) returned to Airbag999
Airbag999 collected $11.76 from pot
Airbag999: doesn't show hand
*** SUMMARY ***
Total pot $12 | Rake $0.24
Board [Ah 5h 6d]
Seat 5: Airbag999 (big blind) collected ($11.76)
Seat 9: CE3000 (button) (small blind) folded on the Flop


PokerStars Hand #156999892762:  Hold'em Limit ($3/$6 USD) - 2016/08/07 19:07:45 ET
Table 'Camilla' 10-max Seat #5 is the button
Seat 5: Airbag999 ($142.50 in chips)
Seat 9: CE3000 ($84.32 in chips)
Airbag999: posts small blind $1
CE3000: posts big blind $3
*** HOLE CARDS ***
Airbag999: raises $3 to $6
CE3000: raises $3 to $9
Airbag999: calls $3
*** FLOP *** [6h Kh 2h]
CE3000: bets $3
Airbag999: calls $3
*** TURN *** [6h Kh 2h] [5s]
CE3000: bets $6
Airbag999: calls $6
*** RIVER *** [6h Kh 2h 5s] [Ts]
CE3000: bets $6
Airbag999: calls $6
*** SHOW DOWN ***
CE3000: shows [Kd Jh] (a pair of Kings)
Airbag999: mucks hand
CE3000 collected $47.50 from pot
*** SUMMARY ***
Total pot $48 | Rake $0.50
Board [6h Kh 2h 5s Ts]
Seat 5: Airbag999 (button) (small blind) mucked
Seat 9: CE3000 (big blind) showed [Kd Jh] and won ($47.50) with a pair of Kings


PokerStars Hand #156999879174:  Hold'em Limit ($3/$6 USD) - 2016/08/07 19:07:23 ET
Table 'Camilla' 10-max Seat #9 is the button
Seat 5: Airbag999 ($128 in chips)
Seat 9: CE3000 ($99.32 in chips)
CE3000: posts small blind $1
Airbag999: posts big blind $3
*** HOLE CARDS ***
CE3000: raises $3 to $6
Airbag999: calls $3
*** FLOP *** [4s 9d 5d]
Airbag999: checks
CE3000: bets $3
Airbag999: calls $3
*** TURN *** [4s 9d 5d] [5s]
Airbag999: checks
CE3000: bets $6
Airbag999: calls $6
*** RIVER *** [4s 9d 5d 5s] [4c]
Airbag999: checks
CE3000: checks
*** SHOW DOWN ***
Airbag999: shows [2c As] (two pair, Fives and Fours)
CE3000: mucks hand
Airbag999 collected $29.50 from pot
*** SUMMARY ***
Total pot $30 | Rake $0.50
Board [4s 9d 5d 5s 4c]
Seat 5: Airbag999 (big blind) showed [2c As] and won ($29.50) with two pair, Fives and Fours
Seat 9: CE3000 (button) (small blind) mucked


PokerStars Hand #156999902500:  Hold'em Limit ($3/$6 USD) - 2016/08/07 19:08:02 ET
Table 'Camilla' 10-max Seat #9 is the button
Seat 5: Airbag999 ($118.50 in chips)
Seat 9: CE3000 ($107.82 in chips)
CE3000: posts small blind $1
Airbag999: posts big blind $3
*** HOLE CARDS ***
CE3000: raises $3 to $6
Airbag999: calls $3
*** FLOP *** [4d Ks 8c]
Airbag999: checks
CE3000: checks
*** TURN *** [4d Ks 8c] [Tc]
Airbag999: bets $6
CE3000: folds
Uncalled bet ($6) returned to Airbag999
Airbag999 collected $11.76 from pot
Airbag999: doesn't show hand
*** SUMMARY ***
Total pot $12 | Rake $0.24
Board [4d Ks 8c Tc]
Seat 5: Airbag999 (big blind) collected ($11.76)
Seat 9: CE3000 (button) (small blind) folded on the Turn


PokerStars Hand #156999939836:  Hold'em Limit ($3/$6 USD) - 2016/08/07 19:09:06 ET
Table 'Camilla' 10-max Seat #5 is the button
Seat 5: Airbag999 ($112.26 in chips)
Seat 9: CE3000 ($113.32 in chips)
Airbag999: posts small blind $1
CE3000: posts big blind $3
*** HOLE CARDS ***
Airbag999: raises $3 to $6
CE3000: folds
Uncalled bet ($3) returned to Airbag999
Airbag999 collected $6 from pot
Airbag999: doesn't show hand
*** SUMMARY ***
Total pot $6 | Rake $0
Seat 5: Airbag999 (button) (small blind) collected ($6)
Seat 9: CE3000 (big blind) folded before Flop


PokerStars Hand #156999937022:  Hold'em Limit ($3/$6 USD) - 2016/08/07 19:09:01 ET
Table 'Camilla' 10-max Seat #9 is the button
Seat 5: Airbag999 ($111.26 in chips)
Seat 9: CE3000 ($114.32 in chips)
CE3000: posts small blind $1
Airbag999: posts big blind $3
*** HOLE CARDS ***
CE3000: folds
Uncalled bet ($2) returned to Airbag999
Airbag999 collected $2 from pot
Airbag999: doesn't show hand
*** SUMMARY ***
Total pot $2 | Rake $0
Seat 5: Airbag999 (big blind) collected ($2)
Seat 9: CE3000 (button) (small blind) folded before Flop


PokerStars Hand #156999918971:  Hold'em Limit ($3/$6 USD) - 2016/08/07 19:08:30 ET
Table 'Camilla' 10-max Seat #9 is the button
Seat 5: Airbag999 ($127.26 in chips)
Seat 9: CE3000 ($98.82 in chips)
CE3000: posts small blind $1
Airbag999: posts big blind $3
*** HOLE CARDS ***
CE3000: raises $3 to $6
Airbag999: raises $3 to $9
CE3000: calls $3
*** FLOP *** [5s 9s 2h]
Airbag999: bets $3
CE3000: raises $3 to $6
Airbag999: calls $3
*** TURN *** [5s 9s 2h] [Qd]
Airbag999: checks
CE3000: checks
*** RIVER *** [5s 9s 2h Qd] [Js]
Airbag999: checks
CE3000: checks
*** SHOW DOWN ***
Airbag999: shows [3d Kd] (high card King)
CE3000: shows [9h 7d] (a pair of Nines)
CE3000 collected $29.50 from pot
*** SUMMARY ***
Total pot $30 | Rake $0.50
Board [5s 9s 2h Qd Js]
Seat 5: Airbag999 (big blind) showed [3d Kd] and lost with high card King
Seat 9: CE3000 (button) (small blind) showed [9h 7d] and won ($29.50) with a pair of Nines


PokerStars Hand #156999931624:  Hold'em Limit ($3/$6 USD) - 2016/08/07 19:08:51 ET
Table 'Camilla' 10-max Seat #5 is the button
Seat 5: Airbag999 ($112.26 in chips)
Seat 9: CE3000 ($113.32 in chips)
Airbag999: posts small blind $1
CE3000: posts big blind $3
*** HOLE CARDS ***
Airbag999: folds
Uncalled bet ($2) returned to CE3000
CE3000 collected $2 from pot
CE3000: doesn't show hand
*** SUMMARY ***
Total pot $2 | Rake $0
Seat 5: Airbag999 (button) (small blind) folded before Flop
Seat 9: CE3000 (big blind) collected ($2)


PokerStars Hand #156999914800:  Hold'em Limit ($3/$6 USD) - 2016/08/07 19:08:23 ET
Table 'Camilla' 10-max Seat #5 is the button
Seat 5: Airbag999 ($124.26 in chips)
Seat 9: CE3000 ($101.82 in chips)
Airbag999: posts small blind $1
CE3000: posts big blind $3
*** HOLE CARDS ***
Airbag999: raises $3 to $6
CE3000: folds
Uncalled bet ($3) returned to Airbag999
Airbag999 collected $6 from pot
Airbag999: doesn't show hand
*** SUMMARY ***
Total pot $6 | Rake $0
Seat 5: Airbag999 (button) (small blind) collected ($6)
Seat 9: CE3000 (big blind) folded before Flop


PokerStars Hand #156999974859:  Hold'em Limit ($3/$6 USD) - 2016/08/07 19:10:05 ET
Table 'Camilla' 10-max Seat #9 is the button
Seat 5: Airbag999 ($102.02 in chips)
Seat 9: CE3000 ($122.82 in chips)
CE3000: posts small blind $1
Airbag999: posts big blind $3
*** HOLE CARDS ***
CE3000: raises $3 to $6
Airbag999: calls $3
*** FLOP *** [5c 8h 8d]
Airbag999: checks
CE3000: checks
*** TURN *** [5c 8h 8d] [6s]
Airbag999: bets $6
CE3000: folds
Uncalled bet ($6) returned to Airbag999
Airbag999 collected $11.76 from pot
Airbag999: doesn't show hand
*** SUMMARY ***
Total pot $12 | Rake $0.24
Board [5c 8h 8d 6s]
Seat 5: Airbag999 (big blind) collected ($11.76)
Seat 9: CE3000 (button) (small blind) folded on the Turn


PokerStars Hand #156999971376:  Hold'em Limit ($3/$6 USD) - 2016/08/07 19:09:59 ET
Table 'Camilla' 10-max Seat #5 is the button
Seat 5: Airbag999 ($103.02 in chips)
Seat 9: CE3000 ($121.82 in chips)
Airbag999: posts small blind $1
CE3000: posts big blind $3
*** HOLE CARDS ***
Airbag999: folds
Uncalled bet ($2) returned to CE3000
CE3000 collected $2 from pot
CE3000: doesn't show hand
*** SUMMARY ***
Total pot $2 | Rake $0
Seat 5: Airbag999 (button) (small blind) folded before Flop
Seat 9: CE3000 (big blind) collected ($2)


PokerStars Hand #156999953303:  Hold'em Limit ($3/$6 USD) - 2016/08/07 19:09:28 ET
Table 'Camilla' 10-max Seat #5 is the button
Seat 5: Airbag999 ($121.02 in chips)
Seat 9: CE3000 ($104.32 in chips)
Airbag999: posts small blind $1
CE3000: posts big blind $3
*** HOLE CARDS ***
Airbag999: raises $3 to $6
CE3000: folds
Uncalled bet ($3) returned to Airbag999
Airbag999 collected $6 from pot
Airbag999: doesn't show hand
*** SUMMARY ***
Total pot $6 | Rake $0
Seat 5: Airbag999 (button) (small blind) collected ($6)
Seat 9: CE3000 (big blind) folded before Flop


PokerStars Hand #156999957762:  Hold'em Limit ($3/$6 USD) - 2016/08/07 19:09:36 ET
Table 'Camilla' 10-max Seat #9 is the button
Seat 5: Airbag999 ($124.02 in chips)
Seat 9: CE3000 ($101.32 in chips)
CE3000: posts small blind $1
Airbag999: posts big blind $3
*** HOLE CARDS ***
CE3000: raises $3 to $6
Airbag999: calls $3
*** FLOP *** [Qd 6d 4d]
Airbag999: checks
CE3000: bets $3
Airbag999: calls $3
*** TURN *** [Qd 6d 4d] [4h]
Airbag999: checks
CE3000: bets $6
Airbag999: raises $6 to $12
CE3000: calls $6
*** RIVER *** [Qd 6d 4d 4h] [5d]
Airbag999: checks
CE3000: checks
*** SHOW DOWN ***
Airbag999: shows [3c 5s] (two pair, Fives and Fours)
CE3000: shows [6s Kh] (two pair, Sixes and Fours)
CE3000 collected $41.50 from pot
*** SUMMARY ***
Total pot $42 | Rake $0.50
Board [Qd 6d 4d 4h 5d]
Seat 5: Airbag999 (big blind) showed [3c 5s] and lost with two pair, Fives and Fours
Seat 9: CE3000 (button) (small blind) showed [6s Kh] and won ($41.50) with two pair, Sixes and Fours


PokerStars Hand #156999943990:  Hold'em Limit ($3/$6 USD) - 2016/08/07 19:09:13 ET
Table 'Camilla' 10-max Seat #9 is the button
Seat 5: Airbag999 ($115.26 in chips)
Seat 9: CE3000 ($110.32 in chips)
CE3000: posts small blind $1
Airbag999: posts big blind $3
*** HOLE CARDS ***
CE3000: raises $3 to $6
Airbag999: calls $3
*** FLOP *** [Ac Th 5s]
Airbag999: checks
CE3000: checks
*** TURN *** [Ac Th 5s] [4s]
Airbag999: bets $6
CE3000: folds
Uncalled bet ($6) returned to Airbag999
Airbag999 collected $11.76 from pot
Airbag999: doesn't show hand
*** SUMMARY ***
Total pot $12 | Rake $0.24
Board [Ac Th 5s 4s]
Seat 5: Airbag999 (big blind) collected ($11.76)
Seat 9: CE3000 (button) (small blind) folded on the Turn


PokerStars Hand #156999982768:  Hold'em Limit ($3/$6 USD) - 2016/08/07 19:10:19 ET
Table 'Camilla' 10-max Seat #5 is the button
Seat 5: Airbag999 ($107.78 in chips)
Seat 9: CE3000 ($116.82 in chips)
Airbag999: posts small blind $1
CE3000: posts big blind $3
*** HOLE CARDS ***
Airbag999: raises $3 to $6
CE3000: folds
Uncalled bet ($3) returned to Airbag999
Airbag999 collected $6 from pot
Airbag999: doesn't show hand
*** SUMMARY ***
Total pot $6 | Rake $0
Seat 5: Airbag999 (button) (small blind) collected ($6)
Seat 9: CE3000 (big blind) folded before Flop


PokerStars Hand #156999998028:  Hold'em Limit ($3/$6 USD) - 2016/08/07 19:10:46 ET
Table 'Camilla' 10-max Seat #9 is the button
Seat 5: Airbag999 ($103.78 in chips)
Seat 9: CE3000 ($120.58 in chips)
CE3000: posts small blind $1
Airbag999: posts big blind $3
*** HOLE CARDS ***
CE3000: folds
Uncalled bet ($2) returned to Airbag999
Airbag999 collected $2 from pot
Airbag999: doesn't show hand
*** SUMMARY ***
Total pot $2 | Rake $0
Seat 5: Airbag999 (big blind) collected ($2)
Seat 9: CE3000 (button) (small blind) folded before Flop


PokerStars Hand #156999994134:  Hold'em Limit ($3/$6 USD) - 2016/08/07 19:10:39 ET
Table 'Camilla' 10-max Seat #5 is the button
Seat 5: Airbag999 ($104.78 in chips)
Seat 9: CE3000 ($119.58 in chips)
Airbag999: posts small blind $1
CE3000: posts big blind $3
*** HOLE CARDS ***
Airbag999: folds
Uncalled bet ($2) returned to CE3000
CE3000 collected $2 from pot
CE3000: doesn't show hand
*** SUMMARY ***
Total pot $2 | Rake $0
Seat 5: Airbag999 (button) (small blind) folded before Flop
Seat 9: CE3000 (big blind) collected ($2)


PokerStars Hand #157000006792:  Hold'em Limit ($3/$6 USD) - 2016/08/07 19:11:00 ET
Table 'Camilla' 10-max Seat #9 is the button
Seat 5: Airbag999 ($107.78 in chips)
Seat 9: CE3000 ($116.58 in chips)
CE3000: posts small blind $1
Airbag999: posts big blind $3
*** HOLE CARDS ***
CE3000: folds
Uncalled bet ($2) returned to Airbag999
Airbag999 collected $2 from pot
Airbag999: doesn't show hand
*** SUMMARY ***
Total pot $2 | Rake $0
Seat 5: Airbag999 (big blind) collected ($2)
Seat 9: CE3000 (button) (small blind) folded before Flop


PokerStars Hand #157000001574:  Hold'em Limit ($3/$6 USD) - 2016/08/07 19:10:52 ET
Table 'Camilla' 10-max Seat #5 is the button
Seat 5: Airbag999 ($104.78 in chips)
Seat 9: CE3000 ($119.58 in chips)
Airbag999: posts small blind $1
CE3000: posts big blind $3
*** HOLE CARDS ***
Airbag999: raises $3 to $6
CE3000: folds
Uncalled bet ($3) returned to Airbag999
Airbag999 collected $6 from pot
Airbag999: doesn't show hand
*** SUMMARY ***
Total pot $6 | Rake $0
Seat 5: Airbag999 (button) (small blind) collected ($6)
Seat 9: CE3000 (big blind) folded before Flop


PokerStars Hand #157000009735:  Hold'em Limit ($3/$6 USD) - 2016/08/07 19:11:06 ET
Table 'Camilla' 10-max Seat #5 is the button
Seat 5: Airbag999 ($108.78 in chips)
Seat 9: CE3000 ($115.58 in chips)
Airbag999: posts small blind $1
CE3000: posts big blind $3
*** HOLE CARDS ***
Airbag999: raises $3 to $6
CE3000: calls $3
*** FLOP *** [5d Qd Ad]
CE3000: bets $3
Airbag999: calls $3
*** TURN *** [5d Qd Ad] [5c]
CE3000: checks
Airbag999: checks
*** RIVER *** [5d Qd Ad 5c] [9s]
CE3000: checks
Airbag999: bets $6
CE3000: folds
Uncalled bet ($6) returned to Airbag999
Airbag999 collected $17.64 from pot
Airbag999: doesn't show hand
*** SUMMARY ***
Total pot $18 | Rake $0.36
Board [5d Qd Ad 5c 9s]
Seat 5: Airbag999 (button) (small blind) collected ($17.64)
Seat 9: CE3000 (big blind) folded on the River


PokerStars Hand #156999986619:  Hold'em Limit ($3/$6 USD) - 2016/08/07 19:10:26 ET
Table 'Camilla' 10-max Seat #9 is the button
Seat 5: Airbag999 ($110.78 in chips)
Seat 9: CE3000 ($113.82 in chips)
CE3000: posts small blind $1
Airbag999: posts big blind $3
*** HOLE CARDS ***
CE3000: raises $3 to $6
Airbag999: calls $3
*** FLOP *** [Jc 3d 6h]
Airbag999: checks
CE3000: bets $3
Airbag999: folds
Uncalled bet ($3) returned to CE3000
CE3000 collected $11.76 from pot
CE3000: doesn't show hand
*** SUMMARY ***
Total pot $12 | Rake $0.24
Board [Jc 3d 6h]
Seat 5: Airbag999 (big blind) folded on the Flop
Seat 9: CE3000 (button) (small blind) collected ($11.76)


PokerStars Hand #157000019934:  Hold'em Limit ($3/$6 USD) - 2016/08/07 19:11:23 ET
Table 'Camilla' 10-max Seat #9 is the button
Seat 5: Airbag999 ($117.42 in chips)
Seat 9: CE3000 ($106.58 in chips)
CE3000: posts small blind $1
Airbag999: posts big blind $3
*** HOLE CARDS ***
CE3000: raises $3 to $6
Airbag999: calls $3
*** FLOP *** [Td Ad 8h]
Airbag999: checks
CE3000: checks
*** TURN *** [Td Ad 8h] [6h]
Airbag999: bets $6
CE3000: calls $6
*** RIVER *** [Td Ad 8h 6h] [4c]
Airbag999: bets $6
CE3000: folds
Uncalled bet ($6) returned to Airbag999
Airbag999 collected $23.52 from pot
Airbag999: doesn't show hand
*** SUMMARY ***
Total pot $24 | Rake $0.48
Board [Td Ad 8h 6h 4c]
Seat 5: Airbag999 (big blind) collected ($23.52)
Seat 9: CE3000 (button) (small blind) folded on the River


PokerStars Hand #157000030713:  Hold'em Limit ($3/$6 USD) - 2016/08/07 19:11:42 ET
Table 'Camilla' 10-max Seat #5 is the button
Seat 5: Airbag999 ($128.94 in chips)
Seat 9: CE3000 ($94.58 in chips)
Airbag999: posts small blind $1
CE3000: posts big blind $3
*** HOLE CARDS ***
Airbag999: raises $3 to $6
CE3000: raises $3 to $9
Airbag999: calls $3
*** FLOP *** [7h 4c Kc]
CE3000: bets $3
Airbag999: folds
Uncalled bet ($3) returned to CE3000
CE3000 collected $17.64 from pot
CE3000: doesn't show hand
*** SUMMARY ***
Total pot $18 | Rake $0.36
Board [7h 4c Kc]
Seat 5: Airbag999 (button) (small blind) folded on the Flop
Seat 9: CE3000 (big blind) collected ($17.64)


PokerStars Hand #157000037290:  Hold'em Limit ($3/$6 USD) - 2016/08/07 19:11:53 ET
Table 'Camilla' 10-max Seat #9 is the button
Seat 5: Airbag999 ($119.94 in chips)
Seat 9: CE3000 ($103.22 in chips)
CE3000: posts small blind $1
Airbag999: posts big blind $3
*** HOLE CARDS ***
CE3000: folds
Uncalled bet ($2) returned to Airbag999
Airbag999 collected $2 from pot
Airbag999: doesn't show hand
*** SUMMARY ***
Total pot $2 | Rake $0
Seat 5: Airbag999 (big blind) collected ($2)
Seat 9: CE3000 (button) (small blind) folded before Flop


PokerStars Hand #157000040198:  Hold'em Limit ($3/$6 USD) - 2016/08/07 19:11:58 ET
Table 'Camilla' 10-max Seat #5 is the button
Seat 5: Airbag999 ($120.94 in chips)
Seat 9: CE3000 ($102.22 in chips)
Airbag999: posts small blind $1
CE3000: posts big blind $3
*** HOLE CARDS ***
Airbag999: raises $3 to $6
CE3000: raises $3 to $9
Airbag999: calls $3
*** FLOP *** [Qs Tc Jh]
CE3000: bets $3
Airbag999: calls $3
*** TURN *** [Qs Tc Jh] [3s]
CE3000: checks
Airbag999: checks
*** RIVER *** [Qs Tc Jh 3s] [8h]
CE3000: checks
Airbag999: bets $6
CE3000: calls $6
*** SHOW DOWN ***
Airbag999: shows [9h 6d] (a straight, Eight to Queen)
CE3000: mucks hand
Airbag999 collected $35.50 from pot
*** SUMMARY ***
Total pot $36 | Rake $0.50
Board [Qs Tc Jh 3s 8h]
Seat 5: Airbag999 (button) (small blind) showed [9h 6d] and won ($35.50) with a straight, Eight to Queen
Seat 9: CE3000 (big blind) mucked


PokerStars Hand #157000063675:  Hold'em Limit ($3/$6 USD) - 2016/08/07 19:12:39 ET
Table 'Camilla' 10-max Seat #5 is the button
Seat 5: Airbag999 ($167.94 in chips)
Seat 9: CE3000 ($54.22 in chips)
Airbag999: posts small blind $1
CE3000: posts big blind $3
*** HOLE CARDS ***
Airbag999: raises $3 to $6
CE3000: calls $3
*** FLOP *** [6s 6c 3h]
CE3000: bets $3
Airbag999: raises $3 to $6
CE3000: raises $3 to $9
Airbag999: raises $3 to $12
Betting is capped
CE3000: calls $3
*** TURN *** [6s 6c 3h] [Ad]
CE3000: bets $6
Airbag999: raises $6 to $12
CE3000: calls $6
*** RIVER *** [6s 6c 3h Ad] [9c]
CE3000: checks
Airbag999: bets $6
CE3000: calls $6
*** SHOW DOWN ***
Airbag999: shows [Jc 6d] (three of a kind, Sixes)
CE3000: mucks hand
Airbag999 collected $71.50 from pot
*** SUMMARY ***
Total pot $72 | Rake $0.50
Board [6s 6c 3h Ad 9c]
Seat 5: Airbag999 (button) (small blind) showed [Jc 6d] and won ($71.50) with three of a kind, Sixes
Seat 9: CE3000 (big blind) mucked


PokerStars Hand #157000082446:  Hold'em Limit ($3/$6 USD) - 2016/08/07 19:13:01 ET
Table 'Camilla' 10-max Seat #9 is the button
Seat 5: Airbag999 ($203.44 in chips)
Seat 9: CE3000 ($18.22 in chips)
CE3000: posts small blind $1
printzfcm joins the table at seat #8
Airbag999: posts big blind $3
*** HOLE CARDS ***
CE3000: folds
Uncalled bet ($2) returned to Airbag999
Airbag999 collected $2 from pot
Airbag999: doesn't show hand
*** SUMMARY ***
Total pot $2 | Rake $0
Seat 5: Airbag999 (big blind) collected ($2)
Seat 9: CE3000 (button) (small blind) folded before Flop


PokerStars Hand #157000052741:  Hold'em Limit ($3/$6 USD) - 2016/08/07 19:12:20 ET
Table 'Camilla' 10-max Seat #9 is the button
Seat 5: Airbag999 ($138.44 in chips)
Seat 9: CE3000 ($84.22 in chips)
CE3000: posts small blind $1
Airbag999: posts big blind $3
*** HOLE CARDS ***
CE3000: raises $3 to $6
Airbag999: calls $3
*** FLOP *** [Td 6s 4d]
Airbag999: checks
CE3000: checks
*** TURN *** [Td 6s 4d] [Qh]
Airbag999: bets $6
CE3000: raises $6 to $12
Airbag999: raises $6 to $18
CE3000: calls $6
*** RIVER *** [Td 6s 4d Qh] [8s]
Airbag999: bets $6
CE3000: calls $6
*** SHOW DOWN ***
Airbag999: shows [Qs 6h] (two pair, Queens and Sixes)
CE3000: mucks hand
Airbag999 collected $59.50 from pot
*** SUMMARY ***
Total pot $60 | Rake $0.50
Board [Td 6s 4d Qh 8s]
Seat 5: Airbag999 (big blind) showed [Qs 6h] and won ($59.50) with two pair, Queens and Sixes
Seat 9: CE3000 (button) (small blind) mucked


