PokerStars Hand #156359351721:  Hold'em Limit ($3/$6 USD) - 2016/07/23 19:08:16 ET
Table 'Camilla' 10-max Seat #5 is the button
Seat 5: simper11 ($120 in chips)
Seat 6: ELSUPREMO999 ($120 in chips)
simper11: posts small blind $1
ELSUPREMO999: posts big blind $3
*** HOLE CARDS ***
simper11: folds
Uncalled bet ($2) returned to ELSUPREMO999
ELSUPREMO999 collected $2 from pot
*** SUMMARY ***
Total pot $2 | Rake $0
Seat 5: simper11 (button) (small blind) folded before Flop
Seat 6: ELSUPREMO999 (big blind) collected ($2)


PokerStars Hand #156359354969:  Hold'em Limit ($3/$6 USD) - 2016/07/23 19:08:22 ET
Table 'Camilla' 10-max Seat #6 is the button
Seat 5: simper11 ($120 in chips)
Seat 6: ELSUPREMO999 ($121 in chips)
ELSUPREMO999: posts small blind $1
simper11: posts big blind $3
*** HOLE CARDS ***
ELSUPREMO999: folds
Uncalled bet ($2) returned to simper11
simper11 collected $2 from pot
simper11: doesn't show hand
*** SUMMARY ***
Total pot $2 | Rake $0
Seat 5: simper11 (big blind) collected ($2)
Seat 6: ELSUPREMO999 (button) (small blind) folded before Flop


PokerStars Hand #156359359917:  Hold'em Limit ($3/$6 USD) - 2016/07/23 19:08:30 ET
Table 'Camilla' 10-max Seat #5 is the button
Seat 5: simper11 ($121 in chips)
Seat 6: ELSUPREMO999 ($120 in chips)
simper11: posts small blind $1
ELSUPREMO999: posts big blind $3
*** HOLE CARDS ***
simper11: raises $3 to $6
ELSUPREMO999: calls $3
*** FLOP *** [Ac 2h 4c]
ELSUPREMO999: checks
simper11: bets $3
ELSUPREMO999: folds
Uncalled bet ($3) returned to simper11
simper11 collected $11.76 from pot
simper11: doesn't show hand
*** SUMMARY ***
Total pot $12 | Rake $0.24
Board [Ac 2h 4c]
Seat 5: simper11 (button) (small blind) collected ($11.76)
Seat 6: ELSUPREMO999 (big blind) folded on the Flop


PokerStars Hand #156359370974:  Hold'em Limit ($3/$6 USD) - 2016/07/23 19:08:50 ET
Table 'Camilla' 10-max Seat #5 is the button
Seat 5: simper11 ($120 in chips)
Seat 6: ELSUPREMO999 ($122.64 in chips)
simper11: posts small blind $1
ELSUPREMO999: posts big blind $3
*** HOLE CARDS ***
simper11: folds
Uncalled bet ($2) returned to ELSUPREMO999
ELSUPREMO999 collected $2 from pot
ELSUPREMO999: doesn't show hand
*** SUMMARY ***
Total pot $2 | Rake $0
Seat 5: simper11 (button) (small blind) folded before Flop
Seat 6: ELSUPREMO999 (big blind) collected ($2)


PokerStars Hand #156359364480:  Hold'em Limit ($3/$6 USD) - 2016/07/23 19:08:38 ET
Table 'Camilla' 10-max Seat #6 is the button
Seat 5: simper11 ($126.76 in chips)
Seat 6: ELSUPREMO999 ($114 in chips)
ELSUPREMO999: posts small blind $1
simper11: posts big blind $3
*** HOLE CARDS ***
ELSUPREMO999: raises $3 to $6
simper11: calls $3
*** FLOP *** [Kc 9h 7d]
simper11: checks
ELSUPREMO999: bets $3
simper11: calls $3
*** TURN *** [Kc 9h 7d] [Qd]
simper11: checks
ELSUPREMO999: bets $6
simper11: folds
Uncalled bet ($6) returned to ELSUPREMO999
ELSUPREMO999 collected $17.64 from pot
ELSUPREMO999: doesn't show hand
*** SUMMARY ***
Total pot $18 | Rake $0.36
Board [Kc 9h 7d Qd]
Seat 5: simper11 (big blind) folded on the Turn
Seat 6: ELSUPREMO999 (button) (small blind) collected ($17.64)


PokerStars Hand #156359373432:  Hold'em Limit ($3/$6 USD) - 2016/07/23 19:08:54 ET
Table 'Camilla' 10-max Seat #6 is the button
Seat 5: simper11 ($120 in chips)
Seat 6: ELSUPREMO999 ($123.64 in chips)
ELSUPREMO999: posts small blind $1
simper11: posts big blind $3
*** HOLE CARDS ***
ELSUPREMO999: folds
Uncalled bet ($2) returned to simper11
simper11 collected $2 from pot
simper11: doesn't show hand
*** SUMMARY ***
Total pot $2 | Rake $0
Seat 5: simper11 (big blind) collected ($2)
Seat 6: ELSUPREMO999 (button) (small blind) folded before Flop


PokerStars Hand #156359375786:  Hold'em Limit ($3/$6 USD) - 2016/07/23 19:08:58 ET
Table 'Camilla' 10-max Seat #5 is the button
Seat 5: simper11 ($121 in chips)
Seat 6: ELSUPREMO999 ($122.64 in chips)
simper11: posts small blind $1
ELSUPREMO999: posts big blind $3
*** HOLE CARDS ***
simper11: raises $3 to $6
ELSUPREMO999: calls $3
*** FLOP *** [Td Jc 9d]
ELSUPREMO999: checks
simper11: bets $3
ELSUPREMO999: calls $3
*** TURN *** [Td Jc 9d] [7d]
ELSUPREMO999: checks
simper11: bets $6
ELSUPREMO999: raises $6 to $12
simper11: raises $6 to $18
ELSUPREMO999: raises $6 to $24
Betting is capped
simper11: calls $6
*** RIVER *** [Td Jc 9d 7d] [5s]
ELSUPREMO999: bets $6
simper11: calls $6
*** SHOW DOWN ***
ELSUPREMO999: shows [2c 8c] (a straight, Seven to Jack)
simper11: mucks hand
ELSUPREMO999 collected $77.50 from pot
*** SUMMARY ***
Total pot $78 | Rake $0.50
Board [Td Jc 9d 7d 5s]
Seat 5: simper11 (button) (small blind) mucked
Seat 6: ELSUPREMO999 (big blind) showed [2c 8c] and won ($77.50) with a straight, Seven to Jack


PokerStars Hand #156359384080:  Hold'em Limit ($3/$6 USD) - 2016/07/23 19:09:12 ET
Table 'Camilla' 10-max Seat #6 is the button
Seat 5: simper11 ($120 in chips)
Seat 6: ELSUPREMO999 ($161.14 in chips)
ELSUPREMO999: posts small blind $1
simper11: posts big blind $3
*** HOLE CARDS ***
ELSUPREMO999: folds
Uncalled bet ($2) returned to simper11
simper11 collected $2 from pot
simper11: doesn't show hand
*** SUMMARY ***
Total pot $2 | Rake $0
Seat 5: simper11 (big blind) collected ($2)
Seat 6: ELSUPREMO999 (button) (small blind) folded before Flop


PokerStars Hand #156359387969:  Hold'em Limit ($3/$6 USD) - 2016/07/23 19:09:19 ET
Table 'Camilla' 10-max Seat #5 is the button
Seat 5: simper11 ($121 in chips)
Seat 6: ELSUPREMO999 ($160.14 in chips)
simper11: posts small blind $1
ELSUPREMO999: posts big blind $3
*** HOLE CARDS ***
simper11: raises $3 to $6
ELSUPREMO999: calls $3
*** FLOP *** [4s 9s 4h]
ELSUPREMO999: checks
simper11: bets $3
ELSUPREMO999: calls $3
*** TURN *** [4s 9s 4h] [2s]
ELSUPREMO999: checks
simper11: bets $6
ELSUPREMO999: raises $6 to $12
simper11: calls $6
*** RIVER *** [4s 9s 4h 2s] [5s]
ELSUPREMO999: bets $6
simper11: calls $6
*** SHOW DOWN ***
ELSUPREMO999: shows [Th 9h] (two pair, Nines and Fours)
simper11: shows [9c Kc] (two pair, Nines and Fours - King kicker)
simper11 collected $53.50 from pot
*** SUMMARY ***
Total pot $54 | Rake $0.50
Board [4s 9s 4h 2s 5s]
Seat 5: simper11 (button) (small blind) showed [9c Kc] and won ($53.50) with two pair, Nines and Fours
Seat 6: ELSUPREMO999 (big blind) showed [Th 9h] and lost with two pair, Nines and Fours


PokerStars Hand #156359398177:  Hold'em Limit ($3/$6 USD) - 2016/07/23 19:09:37 ET
Table 'Camilla' 10-max Seat #5 is the button
Seat 5: simper11 ($148.50 in chips)
Seat 6: ELSUPREMO999 ($132.14 in chips)
simper11: posts small blind $1
ELSUPREMO999: posts big blind $3
*** HOLE CARDS ***
simper11: folds
Uncalled bet ($2) returned to ELSUPREMO999
ELSUPREMO999 collected $2 from pot
ELSUPREMO999: doesn't show hand
*** SUMMARY ***
Total pot $2 | Rake $0
Seat 5: simper11 (button) (small blind) folded before Flop
Seat 6: ELSUPREMO999 (big blind) collected ($2)


PokerStars Hand #156359395336:  Hold'em Limit ($3/$6 USD) - 2016/07/23 19:09:32 ET
Table 'Camilla' 10-max Seat #6 is the button
Seat 5: simper11 ($147.50 in chips)
Seat 6: ELSUPREMO999 ($133.14 in chips)
ELSUPREMO999: posts small blind $1
simper11: posts big blind $3
*** HOLE CARDS ***
ELSUPREMO999: folds
Uncalled bet ($2) returned to simper11
simper11 collected $2 from pot
simper11: doesn't show hand
*** SUMMARY ***
Total pot $2 | Rake $0
Seat 5: simper11 (big blind) collected ($2)
Seat 6: ELSUPREMO999 (button) (small blind) folded before Flop


PokerStars Hand #156359411279:  Hold'em Limit ($3/$6 USD) - 2016/07/23 19:09:59 ET
Table 'Camilla' 10-max Seat #5 is the button
Seat 5: simper11 ($135.50 in chips)
Seat 6: ELSUPREMO999 ($144.66 in chips)
simper11: posts small blind $1
ELSUPREMO999: posts big blind $3
*** HOLE CARDS ***
simper11: folds
Uncalled bet ($2) returned to ELSUPREMO999
ELSUPREMO999 collected $2 from pot
ELSUPREMO999: doesn't show hand
*** SUMMARY ***
Total pot $2 | Rake $0
Seat 5: simper11 (button) (small blind) folded before Flop
Seat 6: ELSUPREMO999 (big blind) collected ($2)


PokerStars Hand #156359400878:  Hold'em Limit ($3/$6 USD) - 2016/07/23 19:09:41 ET
Table 'Camilla' 10-max Seat #6 is the button
Seat 5: simper11 ($147.50 in chips)
Seat 6: ELSUPREMO999 ($133.14 in chips)
ELSUPREMO999: posts small blind $1
simper11: posts big blind $3
*** HOLE CARDS ***
Chessnok joins the table at seat #7
ELSUPREMO999: calls $2
simper11: checks
*** FLOP *** [Qd 4d Tc]
simper11: checks
ELSUPREMO999: bets $3
simper11: calls $3
*** TURN *** [Qd 4d Tc] [Ad]
simper11: checks
ELSUPREMO999: bets $6
simper11: calls $6
*** RIVER *** [Qd 4d Tc Ad] [7s]
simper11: checks
ELSUPREMO999: bets $6
simper11: folds
Uncalled bet ($6) returned to ELSUPREMO999
ELSUPREMO999 collected $23.52 from pot
ELSUPREMO999: doesn't show hand
*** SUMMARY ***
Total pot $24 | Rake $0.48
Board [Qd 4d Tc Ad 7s]
Seat 5: simper11 (big blind) folded on the River
Seat 6: ELSUPREMO999 (button) (small blind) collected ($23.52)


