PokerStars Hand #169181523263:  Hold'em Limit ($3/$6 USD) - 2017/04/17 15:23:20 ET
Table 'Camilla II' 6-max Seat #3 is the button
Seat 3: helenaki ($11.76 in chips)
Seat 4: Great_Kang ($294.49 in chips)
helenaki: posts small blind $1
Great_Kang: posts big blind $3
*** HOLE CARDS ***
helenaki: folds
Uncalled bet ($2) returned to Great_Kang
Great_Kang collected $2 from pot
Great_Kang: doesn't show hand
*** SUMMARY ***
Total pot $2 | Rake $0
Seat 3: helenaki (button) (small blind) folded before Flop
Seat 4: Great_Kang (big blind) collected ($2)


PokerStars Hand #169181507666:  Hold'em Limit ($3/$6 USD) - 2017/04/17 15:23:03 ET
Table 'Camilla II' 6-max Seat #4 is the button
Seat 3: helenaki ($6 in chips)
Seat 4: Great_Kang ($300.49 in chips)
Great_Kang: posts small blind $1
Chessnok: is sitting out
vestimokrec: is sitting out
helenaki: posts big blind $3
*** HOLE CARDS ***
Great_Kang: raises $3 to $6
helenaki: calls $3 and is all-in
vestimokrec leaves the table
*** FLOP *** [3c 5c As]
*** TURN *** [3c 5c As] [5s]
*** RIVER *** [3c 5c As 5s] [Kh]
*** SHOW DOWN ***
helenaki: shows [Qs 2s] (a pair of Fives)
Great_Kang: shows [6s 7s] (a pair of Fives - lower kicker)
helenaki collected $11.76 from pot
*** SUMMARY ***
Total pot $12 | Rake $0.24
Board [3c 5c As 5s Kh]
Seat 3: helenaki (big blind) showed [Qs 2s] and won ($11.76) with a pair of Fives
Seat 4: Great_Kang (button) (small blind) showed [6s 7s] and lost with a pair of Fives


PokerStars Hand #169181527704:  Hold'em Limit ($3/$6 USD) - 2017/04/17 15:23:25 ET
Table 'Camilla II' 6-max Seat #4 is the button
Seat 3: helenaki ($10.76 in chips)
Seat 4: Great_Kang ($295.49 in chips)
Great_Kang: posts small blind $1
helenaki: posts big blind $3
*** HOLE CARDS ***
Great_Kang: raises $3 to $6
helenaki: raises $3 to $9
Great_Kang: calls $3
*** FLOP *** [6h 3h 9c]
helenaki: bets $1.76 and is all-in
Great_Kang: calls $1.76
*** TURN *** [6h 3h 9c] [4d]
*** RIVER *** [6h 3h 9c 4d] [2d]
*** SHOW DOWN ***
helenaki: shows [Kc Qs] (high card King)
Great_Kang: shows [Qd 8c] (high card Queen)
helenaki collected $21.09 from pot
*** SUMMARY ***
Total pot $21.52 | Rake $0.43
Board [6h 3h 9c 4d 2d]
Seat 3: helenaki (big blind) showed [Kc Qs] and won ($21.09) with high card King
Seat 4: Great_Kang (button) (small blind) showed [Qd 8c] and lost with high card Queen


PokerStars Hand #169181543660:  Hold'em Limit ($3/$6 USD) - 2017/04/17 15:23:43 ET
Table 'Camilla II' 6-max Seat #3 is the button
Seat 3: helenaki ($21.09 in chips)
Seat 4: Great_Kang ($284.73 in chips)
helenaki: posts small blind $1
Great_Kang: posts big blind $3
*** HOLE CARDS ***
helenaki: raises $3 to $6
Great_Kang: folds
Uncalled bet ($3) returned to helenaki
helenaki collected $6 from pot
helenaki: doesn't show hand
*** SUMMARY ***
Total pot $6 | Rake $0
Seat 3: helenaki (button) (small blind) collected ($6)
Seat 4: Great_Kang (big blind) folded before Flop


PokerStars Hand #169181556828:  Hold'em Limit ($3/$6 USD) - 2017/04/17 15:23:58 ET
Table 'Camilla II' 6-max Seat #4 is the button
Seat 3: helenaki ($24.09 in chips)
Seat 4: Great_Kang ($281.73 in chips)
Great_Kang: posts small blind $1
helenaki: posts big blind $3
*** HOLE CARDS ***
Great_Kang: raises $3 to $6
helenaki: calls $3
*** FLOP *** [Kd 9s 2s]
helenaki: checks
Great_Kang: bets $3
helenaki: calls $3
*** TURN *** [Kd 9s 2s] [3c]
helenaki: checks
Great_Kang: bets $6
helenaki: raises $6 to $12
Great_Kang: calls $6
*** RIVER *** [Kd 9s 2s 3c] [Qh]
helenaki: bets $3.09 and is all-in
Great_Kang: calls $3.09
*** SHOW DOWN ***
helenaki: shows [Jc Kh] (a pair of Kings)
Great_Kang: shows [9d Ac] (a pair of Nines)
helenaki collected $47.68 from pot
*** SUMMARY ***
Total pot $48.18 | Rake $0.50
Board [Kd 9s 2s 3c Qh]
Seat 3: helenaki (big blind) showed [Jc Kh] and won ($47.68) with a pair of Kings
Seat 4: Great_Kang (button) (small blind) showed [9d Ac] and lost with a pair of Nines


PokerStars Hand #169181645527:  Hold'em Limit ($3/$6 USD) - 2017/04/17 15:25:36 ET
Table 'Camilla II' 6-max Seat #4 is the button
Seat 3: helenaki ($26.68 in chips)
Seat 4: Great_Kang ($278.14 in chips)
Great_Kang: posts small blind $1
helenaki: posts big blind $3
*** HOLE CARDS ***
Great_Kang: raises $3 to $6
helenaki: folds
Uncalled bet ($3) returned to Great_Kang
Great_Kang collected $6 from pot
Great_Kang: doesn't show hand
*** SUMMARY ***
Total pot $6 | Rake $0
Seat 3: helenaki (big blind) folded before Flop
Seat 4: Great_Kang (button) (small blind) collected ($6)


PokerStars Hand #169181609840:  Hold'em Limit ($3/$6 USD) - 2017/04/17 15:24:56 ET
Table 'Camilla II' 6-max Seat #3 is the button
Seat 3: helenaki ($47.68 in chips)
Seat 4: Great_Kang ($257.64 in chips)
helenaki: posts small blind $1
Great_Kang: posts big blind $3
*** HOLE CARDS ***
helenaki: raises $3 to $6
Great_Kang: calls $3
*** FLOP *** [5d 6h Ah]
Great_Kang: checks
helenaki: bets $3
Great_Kang: calls $3
*** TURN *** [5d 6h Ah] [3d]
Great_Kang: checks
helenaki: bets $6
Great_Kang: calls $6
*** RIVER *** [5d 6h Ah 3d] [Ts]
Great_Kang: checks
helenaki: bets $6
Great_Kang: calls $6
*** SHOW DOWN ***
helenaki: shows [Kd 3s] (a pair of Threes)
Great_Kang: shows [6s 8d] (a pair of Sixes)
Great_Kang collected $41.50 from pot
*** SUMMARY ***
Total pot $42 | Rake $0.50
Board [5d 6h Ah 3d Ts]
Seat 3: helenaki (button) (small blind) showed [Kd 3s] and lost with a pair of Threes
Seat 4: Great_Kang (big blind) showed [6s 8d] and won ($41.50) with a pair of Sixes


PokerStars Hand #169181655172:  Hold'em Limit ($3/$6 USD) - 2017/04/17 15:25:47 ET
Table 'Camilla II' 6-max Seat #3 is the button
Seat 3: helenaki ($23.68 in chips)
Seat 4: Great_Kang ($281.14 in chips)
helenaki: posts small blind $1
Great_Kang: posts big blind $3
*** HOLE CARDS ***
helenaki: raises $3 to $6
Chessnok leaves the table
Great_Kang: calls $3
*** FLOP *** [9d 9s Qh]
Great_Kang: bets $3
helenaki: calls $3
*** TURN *** [9d 9s Qh] [7c]
Great_Kang: bets $6
helenaki: raises $6 to $12
Great_Kang: raises $6 to $18
helenaki: calls $2.68 and is all-in
Uncalled bet ($3.32) returned to Great_Kang
*** RIVER *** [9d 9s Qh 7c] [Ah]
*** SHOW DOWN ***
Great_Kang: shows [Jc Qs] (two pair, Queens and Nines)
helenaki: shows [Th 7s] (two pair, Nines and Sevens)
Great_Kang collected $46.86 from pot
*** SUMMARY ***
Total pot $47.36 | Rake $0.50
Board [9d 9s Qh 7c Ah]
Seat 3: helenaki (button) (small blind) showed [Th 7s] and lost with two pair, Nines and Sevens
Seat 4: Great_Kang (big blind) showed [Jc Qs] and won ($46.86) with two pair, Queens and Nines


