PokerStars Hand #156360977713:  Hold'em Limit ($3/$6 USD) - 2016/07/23 20:00:13 ET
Table 'Camilla' 10-max Seat #2 is the button
Seat 2: Brama Br ($250.86 in chips)
Seat 5: simper11 ($195.47 in chips)
Brama Br: posts small blind $1
simper11: posts big blind $3
*** HOLE CARDS ***
Brama Br: raises $3 to $6
simper11: folds
Uncalled bet ($3) returned to Brama Br
Brama Br collected $6 from pot
Brama Br: doesn't show hand
*** SUMMARY ***
Total pot $6 | Rake $0
Seat 2: Brama Br (button) (small blind) collected ($6)
Seat 5: simper11 (big blind) folded before Flop


PokerStars Hand #156360973950:  Hold'em Limit ($3/$6 USD) - 2016/07/23 20:00:04 ET
Table 'Camilla' 10-max Seat #5 is the button
Seat 2: Brama Br ($253.86 in chips)
Seat 5: simper11 ($192.47 in chips)
simper11: posts small blind $1
Brama Br: posts big blind $3
*** HOLE CARDS ***
simper11: raises $3 to $6
Brama Br: folds
Uncalled bet ($3) returned to simper11
simper11 collected $6 from pot
simper11: doesn't show hand
*** SUMMARY ***
Total pot $6 | Rake $0
Seat 2: Brama Br (big blind) folded before Flop
Seat 5: simper11 (button) (small blind) collected ($6)


PokerStars Hand #156360971582:  Hold'em Limit ($3/$6 USD) - 2016/07/23 19:59:59 ET
Table 'Camilla' 10-max Seat #2 is the button
Seat 2: Brama Br ($254.86 in chips)
Seat 5: simper11 ($191.47 in chips)
Brama Br: posts small blind $1
simper11: posts big blind $3
*** HOLE CARDS ***
Brama Br: folds
Uncalled bet ($2) returned to simper11
simper11 collected $2 from pot
simper11: doesn't show hand
*** SUMMARY ***
Total pot $2 | Rake $0
Seat 2: Brama Br (button) (small blind) folded before Flop
Seat 5: simper11 (big blind) collected ($2)


PokerStars Hand #156360963773:  Hold'em Limit ($3/$6 USD) - 2016/07/23 19:59:40 ET
Table 'Camilla' 10-max Seat #5 is the button
Seat 2: Brama Br ($269.86 in chips)
Seat 5: simper11 ($176.97 in chips)
simper11: posts small blind $1
Chessnok: is sitting out
Brama Br: posts big blind $3
*** HOLE CARDS ***
simper11: raises $3 to $6
Brama Br: calls $3
*** FLOP *** [Qs Kd 6s]
MARIBORO8 leaves the table
Brama Br: checks
simper11: bets $3
Chessnok leaves the table
Brama Br: calls $3
*** TURN *** [Qs Kd 6s] [Ac]
Brama Br: checks
simper11: bets $6
Brama Br: calls $6
*** RIVER *** [Qs Kd 6s Ac] [4d]
Brama Br: checks
simper11: bets $6
Brama Br: folds
Uncalled bet ($6) returned to simper11
simper11 collected $29.50 from pot
simper11: doesn't show hand
*** SUMMARY ***
Total pot $30 | Rake $0.50
Board [Qs Kd 6s Ac 4d]
Seat 2: Brama Br (big blind) folded on the River
Seat 5: simper11 (button) (small blind) collected ($29.50)


PokerStars Hand #156360994630:  Hold'em Limit ($3/$6 USD) - 2016/07/23 20:00:52 ET
Table 'Camilla' 10-max Seat #5 is the button
Seat 2: Brama Br ($292 in chips)
Seat 5: simper11 ($153.47 in chips)
simper11: posts small blind $1
Brama Br: posts big blind $3
*** HOLE CARDS ***
simper11: raises $3 to $6
Brama Br: calls $3
*** FLOP *** [3h 6s Ks]
Brama Br: checks
simper11: bets $3
Brama Br: folds
Uncalled bet ($3) returned to simper11
simper11 collected $11.76 from pot
simper11: doesn't show hand
*** SUMMARY ***
Total pot $12 | Rake $0.24
Board [3h 6s Ks]
Seat 2: Brama Br (big blind) folded on the Flop
Seat 5: simper11 (button) (small blind) collected ($11.76)


PokerStars Hand #156360986839:  Hold'em Limit ($3/$6 USD) - 2016/07/23 20:00:35 ET
Table 'Camilla' 10-max Seat #2 is the button
Seat 2: Brama Br ($262.50 in chips)
Seat 5: simper11 ($183.47 in chips)
Brama Br: posts small blind $1
simper11: posts big blind $3
*** HOLE CARDS ***
Brama Br: raises $3 to $6
simper11: calls $3
*** FLOP *** [Jc 9h 4s]
simper11: checks
Brama Br: bets $3
simper11: raises $3 to $6
Brama Br: calls $3
*** TURN *** [Jc 9h 4s] [7h]
simper11: bets $6
Brama Br: raises $6 to $12
simper11: raises $6 to $18
Brama Br: raises $6 to $24
Betting is capped
simper11: folds
Uncalled bet ($6) returned to Brama Br
Brama Br collected $59.50 from pot
Brama Br: doesn't show hand
*** SUMMARY ***
Total pot $60 | Rake $0.50
Board [Jc 9h 4s 7h]
Seat 2: Brama Br (button) (small blind) collected ($59.50)
Seat 5: simper11 (big blind) folded on the Turn


PokerStars Hand #156360979906:  Hold'em Limit ($3/$6 USD) - 2016/07/23 20:00:18 ET
Table 'Camilla' 10-max Seat #5 is the button
Seat 2: Brama Br ($253.86 in chips)
Seat 5: simper11 ($192.47 in chips)
simper11: posts small blind $1
Brama Br: posts big blind $3
*** HOLE CARDS ***
simper11: raises $3 to $6
Brama Br: calls $3
*** FLOP *** [7d 2s 4c]
Brama Br: checks
simper11: bets $3
Brama Br: calls $3
*** TURN *** [7d 2s 4c] [6c]
Brama Br: checks
simper11: checks
*** RIVER *** [7d 2s 4c 6c] [Qs]
Brama Br: bets $6
simper11: folds
Uncalled bet ($6) returned to Brama Br
Brama Br collected $17.64 from pot
Brama Br: doesn't show hand
*** SUMMARY ***
Total pot $18 | Rake $0.36
Board [7d 2s 4c 6c Qs]
Seat 2: Brama Br (big blind) collected ($17.64)
Seat 5: simper11 (button) (small blind) folded on the River


PokerStars Hand #156361022848:  Hold'em Limit ($3/$6 USD) - 2016/07/23 20:01:53 ET
Table 'Camilla' 10-max Seat #5 is the button
Seat 2: Brama Br ($241 in chips)
Seat 5: simper11 ($203.23 in chips)
simper11: posts small blind $1
Brama Br: posts big blind $3
*** HOLE CARDS ***
simper11: raises $3 to $6
Brama Br: calls $3
*** FLOP *** [7c 3c 9c]
Brama Br: checks
simper11: bets $3
Brama Br: folds
Uncalled bet ($3) returned to simper11
simper11 collected $11.76 from pot
simper11: doesn't show hand
*** SUMMARY ***
Total pot $12 | Rake $0.24
Board [7c 3c 9c]
Seat 2: Brama Br (big blind) folded on the Flop
Seat 5: simper11 (button) (small blind) collected ($11.76)


PokerStars Hand #156361020331:  Hold'em Limit ($3/$6 USD) - 2016/07/23 20:01:48 ET
Table 'Camilla' 10-max Seat #2 is the button
Seat 2: Brama Br ($238 in chips)
Seat 5: simper11 ($206.23 in chips)
Brama Br: posts small blind $1
simper11: posts big blind $3
*** HOLE CARDS ***
Brama Br: raises $3 to $6
simper11: folds
Uncalled bet ($3) returned to Brama Br
Brama Br collected $6 from pot
Brama Br: doesn't show hand
*** SUMMARY ***
Total pot $6 | Rake $0
Seat 2: Brama Br (button) (small blind) collected ($6)
Seat 5: simper11 (big blind) folded before Flop


PokerStars Hand #156361009699:  Hold'em Limit ($3/$6 USD) - 2016/07/23 20:01:25 ET
Table 'Camilla' 10-max Seat #5 is the button
Seat 2: Brama Br ($259 in chips)
Seat 5: simper11 ($185.73 in chips)
simper11: posts small blind $1
Brama Br: posts big blind $3
*** HOLE CARDS ***
simper11: raises $3 to $6
Brama Br: calls $3
*** FLOP *** [Ac 6h Jc]
Brama Br: checks
simper11: bets $3
Brama Br: raises $3 to $6
simper11: raises $3 to $9
Brama Br: calls $3
*** TURN *** [Ac 6h Jc] [4s]
Brama Br: checks
simper11: bets $6
Brama Br: calls $6
*** RIVER *** [Ac 6h Jc 4s] [6c]
Brama Br: checks
simper11: checks
*** SHOW DOWN ***
Brama Br: shows [Kh Td] (a pair of Sixes)
simper11: shows [8d Ah] (two pair, Aces and Sixes)
simper11 collected $41.50 from pot
*** SUMMARY ***
Total pot $42 | Rake $0.50
Board [Ac 6h Jc 4s 6c]
Seat 2: Brama Br (big blind) showed [Kh Td] and lost with a pair of Sixes
Seat 5: simper11 (button) (small blind) showed [8d Ah] and won ($41.50) with two pair, Aces and Sixes


PokerStars Hand #156360998697:  Hold'em Limit ($3/$6 USD) - 2016/07/23 20:01:01 ET
Table 'Camilla' 10-max Seat #2 is the button
Seat 2: Brama Br ($286 in chips)
Seat 5: simper11 ($159.23 in chips)
Brama Br: posts small blind $1
simper11: posts big blind $3
*** HOLE CARDS ***
Brama Br: raises $3 to $6
simper11: calls $3
*** FLOP *** [Th 8s 2s]
simper11: checks
Brama Br: bets $3
simper11: raises $3 to $6
Brama Br: raises $3 to $9
simper11: calls $3
*** TURN *** [Th 8s 2s] [5d]
simper11: checks
Brama Br: bets $6
simper11: raises $6 to $12
Brama Br: calls $6
*** RIVER *** [Th 8s 2s 5d] [Ad]
simper11: bets $6
Brama Br: folds
Uncalled bet ($6) returned to simper11
simper11 collected $53.50 from pot
simper11: doesn't show hand
*** SUMMARY ***
Total pot $54 | Rake $0.50
Board [Th 8s 2s 5d Ad]
Seat 2: Brama Br (button) (small blind) folded on the River
Seat 5: simper11 (big blind) collected ($53.50)


PokerStars Hand #156361059362:  Hold'em Limit ($3/$6 USD) - 2016/07/23 20:03:09 ET
Table 'Camilla' 10-max Seat #5 is the button
Seat 2: Brama Br ($246.14 in chips)
Seat 5: simper11 ($196.49 in chips)
simper11: posts small blind $1
Brama Br: posts big blind $3
*** HOLE CARDS ***
simper11: raises $3 to $6
Brama Br: folds
Uncalled bet ($3) returned to simper11
simper11 collected $6 from pot
simper11: doesn't show hand
*** SUMMARY ***
Total pot $6 | Rake $0
Seat 2: Brama Br (big blind) folded before Flop
Seat 5: simper11 (button) (small blind) collected ($6)


PokerStars Hand #156361056485:  Hold'em Limit ($3/$6 USD) - 2016/07/23 20:03:03 ET
Table 'Camilla' 10-max Seat #2 is the button
Seat 2: Brama Br ($243.14 in chips)
Seat 5: simper11 ($199.49 in chips)
Brama Br: posts small blind $1
simper11: posts big blind $3
*** HOLE CARDS ***
Brama Br: raises $3 to $6
simper11: folds
Uncalled bet ($3) returned to Brama Br
Brama Br collected $6 from pot
Brama Br: doesn't show hand
*** SUMMARY ***
Total pot $6 | Rake $0
Seat 2: Brama Br (button) (small blind) collected ($6)
Seat 5: simper11 (big blind) folded before Flop


PokerStars Hand #156361046960:  Hold'em Limit ($3/$6 USD) - 2016/07/23 20:02:43 ET
Table 'Camilla' 10-max Seat #5 is the button
Seat 2: Brama Br ($219.64 in chips)
Seat 5: simper11 ($223.49 in chips)
simper11: posts small blind $1
Brama Br: posts big blind $3
*** HOLE CARDS ***
simper11: raises $3 to $6
Brama Br: calls $3
*** FLOP *** [Js Qh Qs]
Brama Br: checks
simper11: bets $3
Brama Br: raises $3 to $6
simper11: calls $3
*** TURN *** [Js Qh Qs] [Ks]
Brama Br: bets $6
simper11: raises $6 to $12
Brama Br: calls $6
*** RIVER *** [Js Qh Qs Ks] [Ah]
Brama Br: checks
simper11: checks
*** SHOW DOWN ***
Brama Br: shows [9d Tc] (a straight, Ten to Ace)
simper11: mucks hand
Brama Br collected $47.50 from pot
*** SUMMARY ***
Total pot $48 | Rake $0.50
Board [Js Qh Qs Ks Ah]
Seat 2: Brama Br (big blind) showed [9d Tc] and won ($47.50) with a straight, Ten to Ace
Seat 5: simper11 (button) (small blind) mucked


PokerStars Hand #156361042672:  Hold'em Limit ($3/$6 USD) - 2016/07/23 20:02:34 ET
Table 'Camilla' 10-max Seat #2 is the button
Seat 2: Brama Br ($213.88 in chips)
Seat 5: simper11 ($229.49 in chips)
Brama Br: posts small blind $1
simper11: posts big blind $3
*** HOLE CARDS ***
Brama Br: raises $3 to $6
simper11: calls $3
*** FLOP *** [5d Ah Kh]
simper11: checks
Brama Br: bets $3
simper11: folds
Uncalled bet ($3) returned to Brama Br
Brama Br collected $11.76 from pot
Brama Br: doesn't show hand
*** SUMMARY ***
Total pot $12 | Rake $0.24
Board [5d Ah Kh]
Seat 2: Brama Br (button) (small blind) collected ($11.76)
Seat 5: simper11 (big blind) folded on the Flop


PokerStars Hand #156361036222:  Hold'em Limit ($3/$6 USD) - 2016/07/23 20:02:21 ET
Table 'Camilla' 10-max Seat #5 is the button
Seat 2: Brama Br ($211 in chips)
Seat 5: simper11 ($232.49 in chips)
simper11: posts small blind $1
Brama Br: posts big blind $3
*** HOLE CARDS ***
simper11: calls $2
Brama Br: checks
*** FLOP *** [4h 6c 3s]
Brama Br: checks
simper11: checks
*** TURN *** [4h 6c 3s] [2s]
Brama Br: bets $6
simper11: folds
Uncalled bet ($6) returned to Brama Br
Brama Br collected $5.88 from pot
Brama Br: doesn't show hand
*** SUMMARY ***
Total pot $6 | Rake $0.12
Board [4h 6c 3s 2s]
Seat 2: Brama Br (big blind) collected ($5.88)
Seat 5: simper11 (button) (small blind) folded on the Turn


PokerStars Hand #156361028157:  Hold'em Limit ($3/$6 USD) - 2016/07/23 20:02:04 ET
Table 'Camilla' 10-max Seat #2 is the button
Seat 2: Brama Br ($235 in chips)
Seat 5: simper11 ($208.99 in chips)
Brama Br: posts small blind $1
simper11: posts big blind $3
*** HOLE CARDS ***
Brama Br: raises $3 to $6
simper11: calls $3
*** FLOP *** [Jh Js Jc]
simper11: checks
Brama Br: bets $3
simper11: raises $3 to $6
Brama Br: calls $3
*** TURN *** [Jh Js Jc] [3d]
simper11: bets $6
Brama Br: calls $6
*** RIVER *** [Jh Js Jc 3d] [3s]
simper11: bets $6
Brama Br: calls $6
*** SHOW DOWN ***
simper11: shows [Ts Jd] (four of a kind, Jacks)
Brama Br: mucks hand
simper11 collected $47.50 from pot
*** SUMMARY ***
Total pot $48 | Rake $0.50
Board [Jh Js Jc 3d 3s]
Seat 2: Brama Br (button) (small blind) mucked
Seat 5: simper11 (big blind) showed [Ts Jd] and won ($47.50) with four of a kind, Jacks


PokerStars Hand #156361087014:  Hold'em Limit ($3/$6 USD) - 2016/07/23 20:04:07 ET
Table 'Camilla' 10-max Seat #2 is the button
Seat 2: Brama Br ($245.40 in chips)
Seat 5: simper11 ($195.99 in chips)
Brama Br: posts small blind $1
simper11: posts big blind $3
*** HOLE CARDS ***
Brama Br: folds
Uncalled bet ($2) returned to simper11
simper11 collected $2 from pot
simper11: doesn't show hand
*** SUMMARY ***
Total pot $2 | Rake $0
Seat 2: Brama Br (button) (small blind) folded before Flop
Seat 5: simper11 (big blind) collected ($2)


PokerStars Hand #156361084193:  Hold'em Limit ($3/$6 USD) - 2016/07/23 20:04:01 ET
Table 'Camilla' 10-max Seat #5 is the button
Seat 2: Brama Br ($248.40 in chips)
Seat 5: simper11 ($192.99 in chips)
simper11: posts small blind $1
Brama Br: posts big blind $3
*** HOLE CARDS ***
simper11: raises $3 to $6
Brama Br: folds
Uncalled bet ($3) returned to simper11
simper11 collected $6 from pot
simper11: doesn't show hand
*** SUMMARY ***
Total pot $6 | Rake $0
Seat 2: Brama Br (big blind) folded before Flop
Seat 5: simper11 (button) (small blind) collected ($6)


PokerStars Hand #156361078938:  Hold'em Limit ($3/$6 USD) - 2016/07/23 20:03:50 ET
Table 'Camilla' 10-max Seat #2 is the button
Seat 2: Brama Br ($242.64 in chips)
Seat 5: simper11 ($198.99 in chips)
Brama Br: posts small blind $1
simper11: posts big blind $3
*** HOLE CARDS ***
Brama Br: raises $3 to $6
simper11: calls $3
*** FLOP *** [5h Qs 7c]
simper11: checks
Brama Br: bets $3
simper11: folds
Uncalled bet ($3) returned to Brama Br
Brama Br collected $11.76 from pot
Brama Br: doesn't show hand
*** SUMMARY ***
Total pot $12 | Rake $0.24
Board [5h Qs 7c]
Seat 2: Brama Br (button) (small blind) collected ($11.76)
Seat 5: simper11 (big blind) folded on the Flop


PokerStars Hand #156361070586:  Hold'em Limit ($3/$6 USD) - 2016/07/23 20:03:32 ET
Table 'Camilla' 10-max Seat #5 is the button
Seat 2: Brama Br ($219.14 in chips)
Seat 5: simper11 ($222.99 in chips)
simper11: posts small blind $1
Brama Br: posts big blind $3
*** HOLE CARDS ***
simper11: raises $3 to $6
Brama Br: raises $3 to $9
simper11: calls $3
*** FLOP *** [2d 5s 4s]
Brama Br: bets $3
simper11: calls $3
*** TURN *** [2d 5s 4s] [3c]
Brama Br: bets $6
simper11: calls $6
*** RIVER *** [2d 5s 4s 3c] [9h]
Brama Br: bets $6
simper11: calls $6
*** SHOW DOWN ***
Brama Br: shows [2h Ad] (a straight, Ace to Five)
simper11: mucks hand
Brama Br collected $47.50 from pot
*** SUMMARY ***
Total pot $48 | Rake $0.50
Board [2d 5s 4s 3c 9h]
Seat 2: Brama Br (big blind) showed [2h Ad] and won ($47.50) with a straight, Ace to Five
Seat 5: simper11 (button) (small blind) mucked


PokerStars Hand #156361062201:  Hold'em Limit ($3/$6 USD) - 2016/07/23 20:03:15 ET
Table 'Camilla' 10-max Seat #2 is the button
Seat 2: Brama Br ($243.14 in chips)
Seat 5: simper11 ($199.49 in chips)
Brama Br: posts small blind $1
simper11: posts big blind $3
*** HOLE CARDS ***
Brama Br: raises $3 to $6
simper11: calls $3
*** FLOP *** [Qc Kh 6s]
simper11: checks
Brama Br: bets $3
simper11: raises $3 to $6
Brama Br: calls $3
*** TURN *** [Qc Kh 6s] [Kc]
simper11: bets $6
Brama Br: calls $6
*** RIVER *** [Qc Kh 6s Kc] [8c]
simper11: bets $6
Brama Br: calls $6
*** SHOW DOWN ***
simper11: shows [Ts Qh] (two pair, Kings and Queens)
Brama Br: mucks hand
simper11 collected $47.50 from pot
*** SUMMARY ***
Total pot $48 | Rake $0.50
Board [Qc Kh 6s Kc 8c]
Seat 2: Brama Br (button) (small blind) mucked
Seat 5: simper11 (big blind) showed [Ts Qh] and won ($47.50) with two pair, Kings and Queens


PokerStars Hand #156361117170:  Hold'em Limit ($3/$6 USD) - 2016/07/23 20:05:09 ET
Table 'Camilla' 10-max Seat #5 is the button
Seat 2: Brama Br ($305.90 in chips)
Seat 5: simper11 ($133.99 in chips)
simper11: posts small blind $1
Brama Br: posts big blind $3
*** HOLE CARDS ***
simper11: folds
Uncalled bet ($2) returned to Brama Br
Brama Br collected $2 from pot
Brama Br: doesn't show hand
*** SUMMARY ***
Total pot $2 | Rake $0
Seat 2: Brama Br (big blind) collected ($2)
Seat 5: simper11 (button) (small blind) folded before Flop


PokerStars Hand #156361108121:  Hold'em Limit ($3/$6 USD) - 2016/07/23 20:04:50 ET
Table 'Camilla' 10-max Seat #2 is the button
Seat 2: Brama Br ($279.40 in chips)
Seat 5: simper11 ($160.99 in chips)
Brama Br: posts small blind $1
simper11: posts big blind $3
*** HOLE CARDS ***
Brama Br: raises $3 to $6
simper11: raises $3 to $9
Brama Br: calls $3
*** FLOP *** [Qc 4s Kh]
simper11: bets $3
Brama Br: raises $3 to $6
simper11: calls $3
*** TURN *** [Qc 4s Kh] [7d]
simper11: checks
Brama Br: bets $6
simper11: calls $6
*** RIVER *** [Qc 4s Kh 7d] [2d]
simper11: checks
Brama Br: bets $6
simper11: calls $6
*** SHOW DOWN ***
Brama Br: shows [Kd 7s] (two pair, Kings and Sevens)
simper11: mucks hand
Brama Br collected $53.50 from pot
*** SUMMARY ***
Total pot $54 | Rake $0.50
Board [Qc 4s Kh 7d 2d]
Seat 2: Brama Br (button) (small blind) showed [Kd 7s] and won ($53.50) with two pair, Kings and Sevens
Seat 5: simper11 (big blind) mucked


PokerStars Hand #156361105236:  Hold'em Limit ($3/$6 USD) - 2016/07/23 20:04:44 ET
Table 'Camilla' 10-max Seat #5 is the button
Seat 2: Brama Br ($282.40 in chips)
Seat 5: simper11 ($157.99 in chips)
simper11: posts small blind $1
Brama Br: posts big blind $3
*** HOLE CARDS ***
simper11: raises $3 to $6
Brama Br: folds
Uncalled bet ($3) returned to simper11
simper11 collected $6 from pot
simper11: doesn't show hand
*** SUMMARY ***
Total pot $6 | Rake $0
Seat 2: Brama Br (big blind) folded before Flop
Seat 5: simper11 (button) (small blind) collected ($6)


PokerStars Hand #156361097853:  Hold'em Limit ($3/$6 USD) - 2016/07/23 20:04:29 ET
Table 'Camilla' 10-max Seat #2 is the button
Seat 2: Brama Br ($261.90 in chips)
Seat 5: simper11 ($178.99 in chips)
Brama Br: posts small blind $1
simper11: posts big blind $3
*** HOLE CARDS ***
Brama Br: raises $3 to $6
simper11: calls $3
*** FLOP *** [4s Th 6c]
simper11: checks
Brama Br: bets $3
simper11: calls $3
*** TURN *** [4s Th 6c] [Ts]
simper11: checks
Brama Br: bets $6
simper11: calls $6
*** RIVER *** [4s Th 6c Ts] [7d]
simper11: checks
Brama Br: bets $6
simper11: calls $6
*** SHOW DOWN ***
Brama Br: shows [Td 9d] (three of a kind, Tens)
simper11: mucks hand
Brama Br collected $41.50 from pot
*** SUMMARY ***
Total pot $42 | Rake $0.50
Board [4s Th 6c Ts 7d]
Seat 2: Brama Br (button) (small blind) showed [Td 9d] and won ($41.50) with three of a kind, Tens
Seat 5: simper11 (big blind) mucked


PokerStars Hand #156361089932:  Hold'em Limit ($3/$6 USD) - 2016/07/23 20:04:13 ET
Table 'Camilla' 10-max Seat #5 is the button
Seat 2: Brama Br ($244.40 in chips)
Seat 5: simper11 ($196.99 in chips)
simper11: posts small blind $1
Brama Br: posts big blind $3
*** HOLE CARDS ***
simper11: raises $3 to $6
Brama Br: calls $3
*** FLOP *** [6h Kd 7s]
Brama Br: checks
simper11: bets $3
Brama Br: raises $3 to $6
simper11: calls $3
*** TURN *** [6h Kd 7s] [9d]
Brama Br: bets $6
simper11: calls $6
*** RIVER *** [6h Kd 7s 9d] [3s]
Brama Br: bets $6
simper11: folds
Uncalled bet ($6) returned to Brama Br
Brama Br collected $35.50 from pot
Brama Br: doesn't show hand
*** SUMMARY ***
Total pot $36 | Rake $0.50
Board [6h Kd 7s 9d 3s]
Seat 2: Brama Br (big blind) collected ($35.50)
Seat 5: simper11 (button) (small blind) folded on the River


PokerStars Hand #156361119386:  Hold'em Limit ($3/$6 USD) - 2016/07/23 20:05:13 ET
Table 'Camilla' 10-max Seat #2 is the button
Seat 2: Brama Br ($306.90 in chips)
Seat 5: simper11 ($132.99 in chips)
Brama Br: posts small blind $1
simper11: posts big blind $3
*** HOLE CARDS ***
Brama Br: raises $3 to $6
simper11: calls $3
*** FLOP *** [4h 8s 2h]
simper11: checks
Brama Br: bets $3
simper11: raises $3 to $6
Brama Br: calls $3
*** TURN *** [4h 8s 2h] [9c]
simper11: bets $6
Brama Br: calls $6
*** RIVER *** [4h 8s 2h 9c] [7d]
simper11: bets $6
Brama Br: calls $6
*** SHOW DOWN ***
simper11: shows [As 4s] (a pair of Fours)
Brama Br: mucks hand
simper11 collected $47.50 from pot
*** SUMMARY ***
Total pot $48 | Rake $0.50
Board [4h 8s 2h 9c 7d]
Seat 2: Brama Br (button) (small blind) mucked
Seat 5: simper11 (big blind) showed [As 4s] and won ($47.50) with a pair of Fours


PokerStars Hand #156361139805:  Hold'em Limit ($3/$6 USD) - 2016/07/23 20:05:56 ET
Table 'Camilla' 10-max Seat #2 is the button
Seat 2: Brama Br ($258.90 in chips)
Seat 5: simper11 ($179.99 in chips)
Brama Br: posts small blind $1
simper11: posts big blind $3
*** HOLE CARDS ***
Brama Br: folds
Uncalled bet ($2) returned to simper11
simper11 collected $2 from pot
simper11: doesn't show hand
*** SUMMARY ***
Total pot $2 | Rake $0
Seat 2: Brama Br (button) (small blind) folded before Flop
Seat 5: simper11 (big blind) collected ($2)


PokerStars Hand #156361128248:  Hold'em Limit ($3/$6 USD) - 2016/07/23 20:05:32 ET
Table 'Camilla' 10-max Seat #5 is the button
Seat 2: Brama Br ($282.90 in chips)
Seat 5: simper11 ($156.49 in chips)
simper11: posts small blind $1
Brama Br: posts big blind $3
*** HOLE CARDS ***
simper11: raises $3 to $6
Brama Br: calls $3
*** FLOP *** [Qd 8c 5h]
Brama Br: checks
simper11: bets $3
Brama Br: raises $3 to $6
simper11: calls $3
*** TURN *** [Qd 8c 5h] [4d]
Brama Br: bets $6
simper11: raises $6 to $12
Brama Br: calls $6
*** RIVER *** [Qd 8c 5h 4d] [Kh]
Brama Br: checks
simper11: bets $6
Brama Br: folds
Uncalled bet ($6) returned to simper11
simper11 collected $47.50 from pot
simper11: doesn't show hand
*** SUMMARY ***
Total pot $48 | Rake $0.50
Board [Qd 8c 5h 4d Kh]
Seat 2: Brama Br (big blind) folded on the River
Seat 5: simper11 (button) (small blind) collected ($47.50)


PokerStars Hand #156361142332:  Hold'em Limit ($3/$6 USD) - 2016/07/23 20:06:01 ET
Table 'Camilla' 10-max Seat #5 is the button
Seat 2: Brama Br ($257.90 in chips)
Seat 5: simper11 ($180.99 in chips)
simper11: posts small blind $1
Brama Br: posts big blind $3
*** HOLE CARDS ***
simper11: raises $3 to $6
Brama Br: folds
Uncalled bet ($3) returned to simper11
simper11 collected $6 from pot
simper11: doesn't show hand
*** SUMMARY ***
Total pot $6 | Rake $0
Seat 2: Brama Br (big blind) folded before Flop
Seat 5: simper11 (button) (small blind) collected ($6)


PokerStars Hand #156361145179:  Hold'em Limit ($3/$6 USD) - 2016/07/23 20:06:07 ET
Table 'Camilla' 10-max Seat #2 is the button
Seat 2: Brama Br ($254.90 in chips)
Seat 5: simper11 ($183.99 in chips)
Brama Br: posts small blind $1
simper11: posts big blind $3
*** HOLE CARDS ***
Brama Br: raises $3 to $6
simper11: calls $3
*** FLOP *** [5s 8d Qs]
simper11: checks
Brama Br: checks
*** TURN *** [5s 8d Qs] [3d]
simper11: checks
Brama Br: bets $6
simper11: raises $6 to $12
Brama Br: folds
Uncalled bet ($6) returned to simper11
simper11 collected $23.52 from pot
simper11: doesn't show hand
*** SUMMARY ***
Total pot $24 | Rake $0.48
Board [5s 8d Qs 3d]
Seat 2: Brama Br (button) (small blind) folded on the Turn
Seat 5: simper11 (big blind) collected ($23.52)


PokerStars Hand #156361152283:  Hold'em Limit ($3/$6 USD) - 2016/07/23 20:06:22 ET
Table 'Camilla' 10-max Seat #5 is the button
Seat 2: Brama Br ($242.90 in chips)
Seat 5: simper11 ($195.51 in chips)
simper11: posts small blind $1
Brama Br: posts big blind $3
*** HOLE CARDS ***
simper11: raises $3 to $6
Brama Br: calls $3
*** FLOP *** [8h 9d 6s]
Brama Br: checks
simper11: bets $3
Brama Br: calls $3
*** TURN *** [8h 9d 6s] [2d]
Brama Br: checks
simper11: bets $6
Brama Br: calls $6
*** RIVER *** [8h 9d 6s 2d] [5h]
Brama Br: checks
simper11: checks
*** SHOW DOWN ***
Brama Br: shows [3c 3h] (a pair of Threes)
simper11: shows [Ts 6c] (a pair of Sixes)
simper11 collected $29.50 from pot
*** SUMMARY ***
Total pot $30 | Rake $0.50
Board [8h 9d 6s 2d 5h]
Seat 2: Brama Br (big blind) showed [3c 3h] and lost with a pair of Threes
Seat 5: simper11 (button) (small blind) showed [Ts 6c] and won ($29.50) with a pair of Sixes


PokerStars Hand #156361159955:  Hold'em Limit ($3/$6 USD) - 2016/07/23 20:06:38 ET
Table 'Camilla' 10-max Seat #2 is the button
Seat 2: Brama Br ($227.90 in chips)
Seat 5: simper11 ($210.01 in chips)
Brama Br: posts small blind $1
simper11: posts big blind $3
*** HOLE CARDS ***
Brama Br: folds
Uncalled bet ($2) returned to simper11
simper11 collected $2 from pot
simper11: doesn't show hand
*** SUMMARY ***
Total pot $2 | Rake $0
Seat 2: Brama Br (button) (small blind) folded before Flop
Seat 5: simper11 (big blind) collected ($2)


PokerStars Hand #156361162649:  Hold'em Limit ($3/$6 USD) - 2016/07/23 20:06:44 ET
Table 'Camilla' 10-max Seat #5 is the button
Seat 2: Brama Br ($226.90 in chips)
Seat 5: simper11 ($211.01 in chips)
simper11: posts small blind $1
Brama Br: posts big blind $3
*** HOLE CARDS ***
simper11: raises $3 to $6
Brama Br: calls $3
*** FLOP *** [5h 6c 7h]
Brama Br: checks
simper11: checks
*** TURN *** [5h 6c 7h] [8s]
Brama Br: checks
simper11: checks
*** RIVER *** [5h 6c 7h 8s] [Ah]
Brama Br: checks
simper11: checks
*** SHOW DOWN ***
Brama Br: shows [Td 3d] (high card Ace)
simper11: shows [Qd Jh] (high card Ace - Queen kicker)
simper11 collected $11.76 from pot
*** SUMMARY ***
Total pot $12 | Rake $0.24
Board [5h 6c 7h 8s Ah]
Seat 2: Brama Br (big blind) showed [Td 3d] and lost with high card Ace
Seat 5: simper11 (button) (small blind) showed [Qd Jh] and won ($11.76) with high card Ace


PokerStars Hand #156361169493:  Hold'em Limit ($3/$6 USD) - 2016/07/23 20:06:58 ET
Table 'Camilla' 10-max Seat #2 is the button
Seat 2: Brama Br ($220.90 in chips)
Seat 5: simper11 ($216.77 in chips)
Brama Br: posts small blind $1
simper11: posts big blind $3
*** HOLE CARDS ***
Brama Br: raises $3 to $6
simper11: calls $3
*** FLOP *** [3s 2d 4c]
simper11: checks
Brama Br: bets $3
simper11: calls $3
*** TURN *** [3s 2d 4c] [Qh]
simper11: checks
Brama Br: bets $6
simper11: raises $6 to $12
Brama Br: calls $6
*** RIVER *** [3s 2d 4c Qh] [6c]
simper11: bets $6
Brama Br: raises $6 to $12
simper11: calls $6
*** SHOW DOWN ***
Brama Br: shows [7d 7c] (a pair of Sevens)
simper11: shows [Qc Tc] (a pair of Queens)
simper11 collected $65.50 from pot
*** SUMMARY ***
Total pot $66 | Rake $0.50
Board [3s 2d 4c Qh 6c]
Seat 2: Brama Br (button) (small blind) showed [7d 7c] and lost with a pair of Sevens
Seat 5: simper11 (big blind) showed [Qc Tc] and won ($65.50) with a pair of Queens


PokerStars Hand #156361178167:  Hold'em Limit ($3/$6 USD) - 2016/07/23 20:07:16 ET
Table 'Camilla' 10-max Seat #5 is the button
Seat 2: Brama Br ($187.90 in chips)
Seat 5: simper11 ($249.27 in chips)
simper11: posts small blind $1
Brama Br: posts big blind $3
*** HOLE CARDS ***
simper11: raises $3 to $6
Brama Br: raises $3 to $9
simper11: calls $3
*** FLOP *** [3h 5h 8c]
Brama Br: bets $3
simper11: calls $3
*** TURN *** [3h 5h 8c] [Qd]
Brama Br: bets $6
simper11: calls $6
*** RIVER *** [3h 5h 8c Qd] [Ah]
Brama Br: bets $6
simper11: folds
Uncalled bet ($6) returned to Brama Br
Brama Br collected $35.50 from pot
Brama Br: doesn't show hand
*** SUMMARY ***
Total pot $36 | Rake $0.50
Board [3h 5h 8c Qd Ah]
Seat 2: Brama Br (big blind) collected ($35.50)
Seat 5: simper11 (button) (small blind) folded on the River


PokerStars Hand #156361185161:  Hold'em Limit ($3/$6 USD) - 2016/07/23 20:07:31 ET
Table 'Camilla' 10-max Seat #2 is the button
Seat 2: Brama Br ($205.40 in chips)
Seat 5: simper11 ($231.27 in chips)
Brama Br: posts small blind $1
simper11: posts big blind $3
*** HOLE CARDS ***
Brama Br: folds
Uncalled bet ($2) returned to simper11
simper11 collected $2 from pot
simper11: doesn't show hand
*** SUMMARY ***
Total pot $2 | Rake $0
Seat 2: Brama Br (button) (small blind) folded before Flop
Seat 5: simper11 (big blind) collected ($2)


PokerStars Hand #156361187877:  Hold'em Limit ($3/$6 USD) - 2016/07/23 20:07:37 ET
Table 'Camilla' 10-max Seat #5 is the button
Seat 2: Brama Br ($204.40 in chips)
Seat 5: simper11 ($232.27 in chips)
simper11: posts small blind $1
Brama Br: posts big blind $3
*** HOLE CARDS ***
simper11: raises $3 to $6
Brama Br: raises $3 to $9
simper11: calls $3
*** FLOP *** [2s Jh 4c]
Brama Br: bets $3
simper11: calls $3
*** TURN *** [2s Jh 4c] [5c]
Brama Br: bets $6
simper11: folds
Uncalled bet ($6) returned to Brama Br
Brama Br collected $23.52 from pot
Brama Br: doesn't show hand
*** SUMMARY ***
Total pot $24 | Rake $0.48
Board [2s Jh 4c 5c]
Seat 2: Brama Br (big blind) collected ($23.52)
Seat 5: simper11 (button) (small blind) folded on the Turn


PokerStars Hand #156361201567:  Hold'em Limit ($3/$6 USD) - 2016/07/23 20:08:06 ET
Table 'Camilla' 10-max Seat #5 is the button
Seat 2: Brama Br ($230.42 in chips)
Seat 5: simper11 ($205.27 in chips)
simper11: posts small blind $1
Brama Br: posts big blind $3
*** HOLE CARDS ***
simper11: folds
Uncalled bet ($2) returned to Brama Br
Brama Br collected $2 from pot
Brama Br: doesn't show hand
*** SUMMARY ***
Total pot $2 | Rake $0
Seat 2: Brama Br (big blind) collected ($2)
Seat 5: simper11 (button) (small blind) folded before Flop


PokerStars Hand #156361194067:  Hold'em Limit ($3/$6 USD) - 2016/07/23 20:07:50 ET
Table 'Camilla' 10-max Seat #2 is the button
Seat 2: Brama Br ($215.92 in chips)
Seat 5: simper11 ($220.27 in chips)
Brama Br: posts small blind $1
simper11: posts big blind $3
*** HOLE CARDS ***
Brama Br: raises $3 to $6
simper11: calls $3
*** FLOP *** [As 5h 4d]
simper11: checks
Brama Br: bets $3
simper11: calls $3
*** TURN *** [As 5h 4d] [8s]
simper11: checks
Brama Br: bets $6
simper11: calls $6
*** RIVER *** [As 5h 4d 8s] [9s]
simper11: checks
Brama Br: bets $6
simper11: folds
Uncalled bet ($6) returned to Brama Br
Brama Br collected $29.50 from pot
Brama Br: doesn't show hand
*** SUMMARY ***
Total pot $30 | Rake $0.50
Board [As 5h 4d 8s 9s]
Seat 2: Brama Br (button) (small blind) collected ($29.50)
Seat 5: simper11 (big blind) folded on the River


PokerStars Hand #156361203805:  Hold'em Limit ($3/$6 USD) - 2016/07/23 20:08:11 ET
Table 'Camilla' 10-max Seat #2 is the button
Seat 2: Brama Br ($231.42 in chips)
Seat 5: simper11 ($204.27 in chips)
Brama Br: posts small blind $1
simper11: posts big blind $3
*** HOLE CARDS ***
Brama Br: folds
Uncalled bet ($2) returned to simper11
simper11 collected $2 from pot
simper11: doesn't show hand
*** SUMMARY ***
Total pot $2 | Rake $0
Seat 2: Brama Br (button) (small blind) folded before Flop
Seat 5: simper11 (big blind) collected ($2)


PokerStars Hand #156361206321:  Hold'em Limit ($3/$6 USD) - 2016/07/23 20:08:16 ET
Table 'Camilla' 10-max Seat #5 is the button
Seat 2: Brama Br ($230.42 in chips)
Seat 5: simper11 ($205.27 in chips)
simper11: posts small blind $1
Brama Br: posts big blind $3
*** HOLE CARDS ***
simper11: raises $3 to $6
Brama Br: raises $3 to $9
simper11: calls $3
*** FLOP *** [5s Jd 5h]
Brama Br: bets $3
simper11: calls $3
*** TURN *** [5s Jd 5h] [8c]
Brama Br: checks
simper11: bets $6
Brama Br: calls $6
*** RIVER *** [5s Jd 5h 8c] [7s]
Brama Br: checks
simper11: bets $6
Brama Br: calls $6
*** SHOW DOWN ***
simper11: shows [2c 2s] (two pair, Fives and Deuces)
Brama Br: shows [8d Qd] (two pair, Eights and Fives)
Brama Br collected $47.50 from pot
*** SUMMARY ***
Total pot $48 | Rake $0.50
Board [5s Jd 5h 8c 7s]
Seat 2: Brama Br (big blind) showed [8d Qd] and won ($47.50) with two pair, Eights and Fives
Seat 5: simper11 (button) (small blind) showed [2c 2s] and lost with two pair, Fives and Deuces


PokerStars Hand #156361214084:  Hold'em Limit ($3/$6 USD) - 2016/07/23 20:08:32 ET
Table 'Camilla' 10-max Seat #2 is the button
Seat 2: Brama Br ($253.92 in chips)
Seat 5: simper11 ($181.27 in chips)
Brama Br: posts small blind $1
simper11: posts big blind $3
*** HOLE CARDS ***
Brama Br: raises $3 to $6
simper11: calls $3
*** FLOP *** [7d 6s Ah]
simper11: checks
Brama Br: bets $3
simper11: calls $3
*** TURN *** [7d 6s Ah] [2c]
simper11: checks
Brama Br: checks
*** RIVER *** [7d 6s Ah 2c] [3c]
simper11: checks
Brama Br: checks
*** SHOW DOWN ***
simper11: shows [9c Jd] (high card Ace)
Brama Br: shows [Ts Ks] (high card Ace - King kicker)
Brama Br collected $17.64 from pot
*** SUMMARY ***
Total pot $18 | Rake $0.36
Board [7d 6s Ah 2c 3c]
Seat 2: Brama Br (button) (small blind) showed [Ts Ks] and won ($17.64) with high card Ace
Seat 5: simper11 (big blind) showed [9c Jd] and lost with high card Ace


PokerStars Hand #156361220428:  Hold'em Limit ($3/$6 USD) - 2016/07/23 20:08:46 ET
Table 'Camilla' 10-max Seat #5 is the button
Seat 2: Brama Br ($262.56 in chips)
Seat 5: simper11 ($172.27 in chips)
simper11: posts small blind $1
Brama Br: posts big blind $3
*** HOLE CARDS ***
simper11: raises $3 to $6
Brama Br: folds
Uncalled bet ($3) returned to simper11
simper11 collected $6 from pot
simper11: doesn't show hand
*** SUMMARY ***
Total pot $6 | Rake $0
Seat 2: Brama Br (big blind) folded before Flop
Seat 5: simper11 (button) (small blind) collected ($6)


PokerStars Hand #156361223764:  Hold'em Limit ($3/$6 USD) - 2016/07/23 20:08:53 ET
Table 'Camilla' 10-max Seat #2 is the button
Seat 2: Brama Br ($259.56 in chips)
Seat 5: simper11 ($175.27 in chips)
Brama Br: posts small blind $1
simper11: posts big blind $3
*** HOLE CARDS ***
Brama Br: raises $3 to $6
simper11: calls $3
*** FLOP *** [3s 2h 2d]
simper11: checks
Brama Br: bets $3
simper11: raises $3 to $6
Brama Br: calls $3
*** TURN *** [3s 2h 2d] [8d]
simper11: bets $6
Brama Br: calls $6
*** RIVER *** [3s 2h 2d 8d] [2s]
simper11: bets $6
Brama Br: raises $6 to $12
simper11: calls $6
*** SHOW DOWN ***
Brama Br: shows [8c Td] (a full house, Deuces full of Eights)
simper11: mucks hand
Brama Br collected $59.50 from pot
*** SUMMARY ***
Total pot $60 | Rake $0.50
Board [3s 2h 2d 8d 2s]
Seat 2: Brama Br (button) (small blind) showed [8c Td] and won ($59.50) with a full house, Deuces full of Eights
Seat 5: simper11 (big blind) mucked


PokerStars Hand #156361231547:  Hold'em Limit ($3/$6 USD) - 2016/07/23 20:09:10 ET
Table 'Camilla' 10-max Seat #5 is the button
Seat 2: Brama Br ($289.06 in chips)
Seat 5: simper11 ($145.27 in chips)
simper11: posts small blind $1
Brama Br: posts big blind $3
*** HOLE CARDS ***
simper11 said, "ahahaha"
simper11 said, "hah"
simper11 said, "ahaha"
simper11 said, "hahaha"
simper11 said, "hah"
simper11 said, "aha"
simper11: raises $3 to $6
Brama Br: calls $3
*** FLOP *** [9s 4d Ks]
Brama Br: checks
simper11: bets $3
Brama Br: calls $3
*** TURN *** [9s 4d Ks] [2d]
Brama Br: checks
simper11: bets $6
Brama Br: calls $6
*** RIVER *** [9s 4d Ks 2d] [8s]
Brama Br: checks
simper11: bets $6
Brama Br: raises $6 to $12
simper11: raises $6 to $18
Brama Br: raises $6 to $24
Betting is capped
simper11: calls $6
*** SHOW DOWN ***
Brama Br: shows [Js 7s] (a flush, King high)
simper11: shows [As 6s] (a flush, Ace high)
simper11 collected $77.50 from pot
*** SUMMARY ***
Total pot $78 | Rake $0.50
Board [9s 4d Ks 2d 8s]
Seat 2: Brama Br (big blind) showed [Js 7s] and lost with a flush, King high
Seat 5: simper11 (button) (small blind) showed [As 6s] and won ($77.50) with a flush, Ace high


PokerStars Hand #156361247944:  Hold'em Limit ($3/$6 USD) - 2016/07/23 20:09:45 ET
Table 'Camilla' 10-max Seat #5 is the button
Seat 2: Brama Br ($255.82 in chips)
Seat 5: simper11 ($177.77 in chips)
simper11: posts small blind $1
Brama Br: posts big blind $3
*** HOLE CARDS ***
simper11: raises $3 to $6
Brama Br: folds
Uncalled bet ($3) returned to simper11
simper11 collected $6 from pot
simper11: doesn't show hand
*** SUMMARY ***
Total pot $6 | Rake $0
Seat 2: Brama Br (big blind) folded before Flop
Seat 5: simper11 (button) (small blind) collected ($6)


PokerStars Hand #156361243747:  Hold'em Limit ($3/$6 USD) - 2016/07/23 20:09:36 ET
Table 'Camilla' 10-max Seat #2 is the button
Seat 2: Brama Br ($250.06 in chips)
Seat 5: simper11 ($183.77 in chips)
Brama Br: posts small blind $1
simper11: posts big blind $3
*** HOLE CARDS ***
Brama Br: raises $3 to $6
simper11: calls $3
*** FLOP *** [6c 9h Tc]
simper11: checks
Brama Br: bets $3
simper11: folds
Uncalled bet ($3) returned to Brama Br
Brama Br collected $11.76 from pot
Brama Br: doesn't show hand
*** SUMMARY ***
Total pot $12 | Rake $0.24
Board [6c 9h Tc]
Seat 2: Brama Br (button) (small blind) collected ($11.76)
Seat 5: simper11 (big blind) folded on the Flop


PokerStars Hand #156361250513:  Hold'em Limit ($3/$6 USD) - 2016/07/23 20:09:51 ET
Table 'Camilla' 10-max Seat #2 is the button
Seat 2: Brama Br ($252.82 in chips)
Seat 5: simper11 ($180.77 in chips)
Brama Br: posts small blind $1
simper11: posts big blind $3
*** HOLE CARDS ***
Brama Br: raises $3 to $6
simper11: calls $3
*** FLOP *** [Jc Js Qc]
simper11: checks
Brama Br: bets $3
simper11: raises $3 to $6
Brama Br: calls $3
*** TURN *** [Jc Js Qc] [Qs]
simper11: bets $6
Brama Br: folds
Uncalled bet ($6) returned to simper11
simper11 collected $23.52 from pot
simper11: doesn't show hand
*** SUMMARY ***
Total pot $24 | Rake $0.48
Board [Jc Js Qc Qs]
Seat 2: Brama Br (button) (small blind) folded on the Turn
Seat 5: simper11 (big blind) collected ($23.52)


PokerStars Hand #156361256605:  Hold'em Limit ($3/$6 USD) - 2016/07/23 20:10:04 ET
Table 'Camilla' 10-max Seat #5 is the button
Seat 2: Brama Br ($240.82 in chips)
Seat 5: simper11 ($192.29 in chips)
simper11: posts small blind $1
Brama Br: posts big blind $3
*** HOLE CARDS ***
simper11: raises $3 to $6
Brama Br: calls $3
*** FLOP *** [3h Ah 7d]
Brama Br: bets $3
simper11: raises $3 to $6
Brama Br: raises $3 to $9
simper11: raises $3 to $12
Betting is capped
Brama Br: calls $3
*** TURN *** [3h Ah 7d] [8s]
Brama Br: bets $6
simper11: raises $6 to $12
Brama Br: calls $6
*** RIVER *** [3h Ah 7d 8s] [Ad]
Brama Br: checks
simper11: checks
*** SHOW DOWN ***
Brama Br: shows [8d Jh] (two pair, Aces and Eights)
simper11: mucks hand
Brama Br collected $59.50 from pot
*** SUMMARY ***
Total pot $60 | Rake $0.50
Board [3h Ah 7d 8s Ad]
Seat 2: Brama Br (big blind) showed [8d Jh] and won ($59.50) with two pair, Aces and Eights
Seat 5: simper11 (button) (small blind) mucked


PokerStars Hand #156361266564:  Hold'em Limit ($3/$6 USD) - 2016/07/23 20:10:25 ET
Table 'Camilla' 10-max Seat #2 is the button
Seat 2: Brama Br ($270.32 in chips)
Seat 5: simper11 ($162.29 in chips)
Brama Br: posts small blind $1
simper11: posts big blind $3
*** HOLE CARDS ***
simper11 said, "hahahaha"
Brama Br: raises $3 to $6
simper11: calls $3
*** FLOP *** [Ac 8c 5s]
simper11 said, "lolol"
simper11 said, "olol"
simper11 said, "ololo"
simper11 said, "lololo"
simper11 said, "lolol"
simper11 said, "hope your family dies"
simper11 said, "putana son"
simper11: checks
Brama Br: bets $3
simper11: calls $3
*** TURN *** [Ac 8c 5s] [2h]
simper11: checks
Brama Br: checks
*** RIVER *** [Ac 8c 5s 2h] [2d]
simper11: checks
Brama Br: bets $6
simper11: calls $6
*** SHOW DOWN ***
Brama Br: shows [3s Kd] (a pair of Deuces)
simper11: shows [7s Kh] (a pair of Deuces)
simper11 collected $14.75 from pot
Brama Br collected $14.75 from pot
*** SUMMARY ***
Total pot $30 | Rake $0.50
Board [Ac 8c 5s 2h 2d]
Seat 2: Brama Br (button) (small blind) showed [3s Kd] and won ($14.75) with a pair of Deuces
Seat 5: simper11 (big blind) showed [7s Kh] and won ($14.75) with a pair of Deuces


PokerStars Hand #156361283503:  Hold'em Limit ($3/$6 USD) - 2016/07/23 20:11:02 ET
Table 'Camilla' 10-max Seat #5 is the button
Seat 2: Brama Br ($270.07 in chips)
Seat 5: simper11 ($162.04 in chips)
simper11: posts small blind $1
Brama Br: posts big blind $3
*** HOLE CARDS ***
simper11: raises $3 to $6
Brama Br: calls $3
*** FLOP *** [Td 9d Js]
Brama Br: checks
simper11: bets $3
Brama Br: folds
Uncalled bet ($3) returned to simper11
simper11 collected $11.76 from pot
simper11: doesn't show hand
*** SUMMARY ***
Total pot $12 | Rake $0.24
Board [Td 9d Js]
Seat 2: Brama Br (big blind) folded on the Flop
Seat 5: simper11 (button) (small blind) collected ($11.76)


PokerStars Hand #156361288797:  Hold'em Limit ($3/$6 USD) - 2016/07/23 20:11:13 ET
Table 'Camilla' 10-max Seat #2 is the button
Seat 2: Brama Br ($264.07 in chips)
Seat 5: simper11 ($167.80 in chips)
Brama Br: posts small blind $1
simper11: posts big blind $3
*** HOLE CARDS ***
Brama Br: raises $3 to $6
simper11: calls $3
*** FLOP *** [Th Tc Td]
simper11: checks
Brama Br: bets $3
simper11: calls $3
*** TURN *** [Th Tc Td] [2s]
simper11: checks
Brama Br: checks
*** RIVER *** [Th Tc Td 2s] [2c]
simper11: checks
Brama Br: checks
*** SHOW DOWN ***
simper11: shows [7c Qh] (a full house, Tens full of Deuces)
Brama Br: shows [Jd 9c] (a full house, Tens full of Deuces)
simper11 collected $8.82 from pot
Brama Br collected $8.82 from pot
*** SUMMARY ***
Total pot $18 | Rake $0.36
Board [Th Tc Td 2s 2c]
Seat 2: Brama Br (button) (small blind) showed [Jd 9c] and won ($8.82) with a full house, Tens full of Deuces
Seat 5: simper11 (big blind) showed [7c Qh] and won ($8.82) with a full house, Tens full of Deuces


PokerStars Hand #156361297190:  Hold'em Limit ($3/$6 USD) - 2016/07/23 20:11:31 ET
Table 'Camilla' 10-max Seat #5 is the button
Seat 2: Brama Br ($263.89 in chips)
Seat 5: simper11 ($167.62 in chips)
simper11: posts small blind $1
Brama Br: posts big blind $3
*** HOLE CARDS ***
simper11: raises $3 to $6
Brama Br: raises $3 to $9
simper11: calls $3
*** FLOP *** [2s 8d 5h]
Brama Br: bets $3
simper11: raises $3 to $6
Brama Br: calls $3
*** TURN *** [2s 8d 5h] [As]
Brama Br: checks
simper11: bets $6
Brama Br: folds
Uncalled bet ($6) returned to simper11
simper11 collected $29.50 from pot
simper11: doesn't show hand
*** SUMMARY ***
Total pot $30 | Rake $0.50
Board [2s 8d 5h As]
Seat 2: Brama Br (big blind) folded on the Turn
Seat 5: simper11 (button) (small blind) collected ($29.50)


PokerStars Hand #156361315580:  Hold'em Limit ($3/$6 USD) - 2016/07/23 20:12:02 ET
Table 'Camilla' 10-max Seat #5 is the button
Seat 2: Brama Br ($242.89 in chips)
Seat 5: simper11 ($187.88 in chips)
Brama Br said, "xixi"
simper11: posts small blind $1
Brama Br: posts big blind $3
*** HOLE CARDS ***
simper11: raises $3 to $6
Brama Br: folds
Uncalled bet ($3) returned to simper11
simper11 collected $6 from pot
simper11: doesn't show hand
*** SUMMARY ***
Total pot $6 | Rake $0
Seat 2: Brama Br (big blind) folded before Flop
Seat 5: simper11 (button) (small blind) collected ($6)


PokerStars Hand #156361305027:  Hold'em Limit ($3/$6 USD) - 2016/07/23 20:11:48 ET
Table 'Camilla' 10-max Seat #2 is the button
Seat 2: Brama Br ($248.89 in chips)
Seat 5: simper11 ($182.12 in chips)
Brama Br: posts small blind $1
simper11: posts big blind $3
*** HOLE CARDS ***
Brama Br: raises $3 to $6
simper11: calls $3
*** FLOP *** [Jh 4c Ts]
simper11: checks
Brama Br: checks
*** TURN *** [Jh 4c Ts] [8c]
simper11: bets $6
Brama Br: folds
Uncalled bet ($6) returned to simper11
simper11 collected $11.76 from pot
simper11: doesn't show hand
*** SUMMARY ***
Total pot $12 | Rake $0.24
Board [Jh 4c Ts 8c]
Seat 2: Brama Br (button) (small blind) folded on the Turn
Seat 5: simper11 (big blind) collected ($11.76)


PokerStars Hand #156361374281:  Hold'em Limit ($3/$6 USD) - 2016/07/23 20:14:08 ET
Table 'Camilla' 10-max Seat #2 is the button
Seat 2: Brama Br ($239.89 in chips)
Seat 5: simper11 ($190.88 in chips)
Brama Br: posts small blind $1
simper11: posts big blind $3
*** HOLE CARDS ***
Brama Br: raises $3 to $6
simper11: folds
Uncalled bet ($3) returned to Brama Br
Brama Br collected $6 from pot
Brama Br: doesn't show hand
*** SUMMARY ***
Total pot $6 | Rake $0
Seat 2: Brama Br (button) (small blind) collected ($6)
Seat 5: simper11 (big blind) folded before Flop


PokerStars Hand #156361378986:  Hold'em Limit ($3/$6 USD) - 2016/07/23 20:14:18 ET
Table 'Camilla' 10-max Seat #5 is the button
Seat 2: Brama Br ($242.89 in chips)
Seat 5: simper11 ($187.88 in chips)
simper11: posts small blind $1
Brama Br: posts big blind $3
*** HOLE CARDS ***
simper11: raises $3 to $6
Brama Br: calls $3
*** FLOP *** [9s 5c Th]
Brama Br: checks
simper11: bets $3
Brama Br: raises $3 to $6
simper11: calls $3
*** TURN *** [9s 5c Th] [7s]
Brama Br: bets $6
simper11: raises $6 to $12
Brama Br: raises $6 to $18
simper11: calls $6
*** RIVER *** [9s 5c Th 7s] [6h]
Brama Br: bets $6
simper11: calls $6
*** SHOW DOWN ***
Brama Br: shows [9c Ts] (two pair, Tens and Nines)
simper11: mucks hand
Brama Br collected $71.50 from pot
*** SUMMARY ***
Total pot $72 | Rake $0.50
Board [9s 5c Th 7s 6h]
Seat 2: Brama Br (big blind) showed [9c Ts] and won ($71.50) with two pair, Tens and Nines
Seat 5: simper11 (button) (small blind) mucked


PokerStars Hand #156361391976:  Hold'em Limit ($3/$6 USD) - 2016/07/23 20:14:46 ET
Table 'Camilla' 10-max Seat #2 is the button
Seat 2: Brama Br ($278.39 in chips)
Seat 5: simper11 ($151.88 in chips)
Brama Br: posts small blind $1
simper11: posts big blind $3
*** HOLE CARDS ***
Brama Br: raises $3 to $6
simper11: calls $3
*** FLOP *** [Qc 4h 6c]
simper11: checks
Brama Br: bets $3
simper11: calls $3
*** TURN *** [Qc 4h 6c] [2c]
simper11: checks
Brama Br: checks
*** RIVER *** [Qc 4h 6c 2c] [5d]
simper11: checks
Brama Br: bets $6
simper11: folds
Uncalled bet ($6) returned to Brama Br
Brama Br collected $17.64 from pot
Brama Br: doesn't show hand
*** SUMMARY ***
Total pot $18 | Rake $0.36
Board [Qc 4h 6c 2c 5d]
Seat 2: Brama Br (button) (small blind) collected ($17.64)
Seat 5: simper11 (big blind) folded on the River


PokerStars Hand #156361407321:  Hold'em Limit ($3/$6 USD) - 2016/07/23 20:15:18 ET
Table 'Camilla' 10-max Seat #5 is the button
Seat 2: Brama Br ($287.03 in chips)
Seat 5: simper11 ($142.88 in chips)
simper11: posts small blind $1
Brama Br: posts big blind $3
*** HOLE CARDS ***
simper11: raises $3 to $6
Brama Br: calls $3
*** FLOP *** [Ad 9c 8d]
Brama Br: checks
simper11: bets $3
Brama Br: calls $3
*** TURN *** [Ad 9c 8d] [Qc]
Brama Br: checks
simper11: checks
*** RIVER *** [Ad 9c 8d Qc] [2s]
Brama Br: bets $6
simper11: folds
Uncalled bet ($6) returned to Brama Br
Brama Br collected $17.64 from pot
Brama Br: doesn't show hand
*** SUMMARY ***
Total pot $18 | Rake $0.36
Board [Ad 9c 8d Qc 2s]
Seat 2: Brama Br (big blind) collected ($17.64)
Seat 5: simper11 (button) (small blind) folded on the River


PokerStars Hand #156361418579:  Hold'em Limit ($3/$6 USD) - 2016/07/23 20:15:43 ET
Table 'Camilla' 10-max Seat #2 is the button
Seat 2: Brama Br ($295.67 in chips)
Seat 5: simper11 ($133.88 in chips)
Brama Br: posts small blind $1
simper11: posts big blind $3
*** HOLE CARDS ***
Brama Br: raises $3 to $6
simper11: calls $3
*** FLOP *** [9h Qc 7d]
simper11: checks
Brama Br: bets $3
simper11: calls $3
*** TURN *** [9h Qc 7d] [Ks]
simper11: checks
Brama Br: checks
*** RIVER *** [9h Qc 7d Ks] [Jc]
simper11: checks
Brama Br: bets $6
simper11: raises $6 to $12
Brama Br: folds
Uncalled bet ($6) returned to simper11
simper11 collected $29.50 from pot
simper11: doesn't show hand
*** SUMMARY ***
Total pot $30 | Rake $0.50
Board [9h Qc 7d Ks Jc]
Seat 2: Brama Br (button) (small blind) folded on the River
Seat 5: simper11 (big blind) collected ($29.50)


PokerStars Hand #156361452089:  Hold'em Limit ($3/$6 USD) - 2016/07/23 20:16:54 ET
Table 'Camilla' 10-max Seat #5 is the button
Seat 2: Brama Br ($271.17 in chips)
Seat 5: simper11 ($156.88 in chips)
simper11: posts small blind $1
Brama Br: posts big blind $3
*** HOLE CARDS ***
simper11: raises $3 to $6
Brama Br: folds
Uncalled bet ($3) returned to simper11
simper11 collected $6 from pot
simper11: doesn't show hand
*** SUMMARY ***
Total pot $6 | Rake $0
Seat 2: Brama Br (big blind) folded before Flop
Seat 5: simper11 (button) (small blind) collected ($6)


PokerStars Hand #156361440564:  Hold'em Limit ($3/$6 USD) - 2016/07/23 20:16:29 ET
Table 'Camilla' 10-max Seat #2 is the button
Seat 2: Brama Br ($301.17 in chips)
Seat 5: simper11 ($127.38 in chips)
Brama Br: posts small blind $1
simper11: posts big blind $3
*** HOLE CARDS ***
Brama Br: raises $3 to $6
simper11: raises $3 to $9
Brama Br: calls $3
*** FLOP *** [Jd 9s Th]
simper11: bets $3
Brama Br: raises $3 to $6
simper11: raises $3 to $9
Brama Br: calls $3
*** TURN *** [Jd 9s Th] [Tc]
simper11: bets $6
Brama Br: calls $6
*** RIVER *** [Jd 9s Th Tc] [Kh]
simper11: bets $6
Brama Br: calls $6
*** SHOW DOWN ***
simper11: shows [Kd Qd] (a straight, Nine to King)
Brama Br: mucks hand
simper11 collected $59.50 from pot
*** SUMMARY ***
Total pot $60 | Rake $0.50
Board [Jd 9s Th Tc Kh]
Seat 2: Brama Br (button) (small blind) mucked
Seat 5: simper11 (big blind) showed [Kd Qd] and won ($59.50) with a straight, Nine to King


PokerStars Hand #156361455058:  Hold'em Limit ($3/$6 USD) - 2016/07/23 20:17:01 ET
Table 'Camilla' 10-max Seat #2 is the button
Seat 2: Brama Br ($268.17 in chips)
Seat 5: simper11 ($159.88 in chips)
Brama Br: posts small blind $1
simper11: posts big blind $3
*** HOLE CARDS ***
Brama Br: raises $3 to $6
simper11: calls $3
*** FLOP *** [6d Qs 2s]
simper11: checks
Brama Br: bets $3
simper11: raises $3 to $6
Brama Br: calls $3
*** TURN *** [6d Qs 2s] [8s]
simper11: bets $6
Brama Br: calls $6
*** RIVER *** [6d Qs 2s 8s] [4c]
simper11: bets $6
Brama Br: calls $6
*** SHOW DOWN ***
simper11: shows [9h 6c] (a pair of Sixes)
Brama Br: shows [7s 7d] (a pair of Sevens)
Brama Br collected $47.50 from pot
*** SUMMARY ***
Total pot $48 | Rake $0.50
Board [6d Qs 2s 8s 4c]
Seat 2: Brama Br (button) (small blind) showed [7s 7d] and won ($47.50) with a pair of Sevens
Seat 5: simper11 (big blind) showed [9h 6c] and lost with a pair of Sixes


PokerStars Hand #156361430161:  Hold'em Limit ($3/$6 USD) - 2016/07/23 20:16:07 ET
Table 'Camilla' 10-max Seat #5 is the button
Seat 2: Brama Br ($280.67 in chips)
Seat 5: simper11 ($148.38 in chips)
simper11: posts small blind $1
Brama Br: posts big blind $3
*** HOLE CARDS ***
simper11: raises $3 to $6
Brama Br: calls $3
*** FLOP *** [2s 3s 2d]
Brama Br: checks
simper11: bets $3
Brama Br: calls $3
*** TURN *** [2s 3s 2d] [Qs]
Brama Br: checks
simper11: bets $6
Brama Br: raises $6 to $12
simper11: calls $6
*** RIVER *** [2s 3s 2d Qs] [5c]
Brama Br: bets $6
simper11: folds
Uncalled bet ($6) returned to Brama Br
Brama Br collected $41.50 from pot
Brama Br: doesn't show hand
*** SUMMARY ***
Total pot $42 | Rake $0.50
Board [2s 3s 2d Qs 5c]
Seat 2: Brama Br (big blind) collected ($41.50)
Seat 5: simper11 (button) (small blind) folded on the River


PokerStars Hand #156361461965:  Hold'em Limit ($3/$6 USD) - 2016/07/23 20:17:15 ET
Table 'Camilla' 10-max Seat #5 is the button
Seat 2: Brama Br ($291.67 in chips)
Seat 5: simper11 ($135.88 in chips)
simper11: posts small blind $1
Brama Br: posts big blind $3
*** HOLE CARDS ***
simper11: raises $3 to $6
Brama Br: raises $3 to $9
simper11: calls $3
*** FLOP *** [Ad 6h 5h]
Brama Br: bets $3
simper11: calls $3
*** TURN *** [Ad 6h 5h] [9s]
Brama Br: bets $6
simper11: calls $6
*** RIVER *** [Ad 6h 5h 9s] [Jh]
Brama Br: bets $6
simper11: calls $6
*** SHOW DOWN ***
Brama Br: shows [Ac 9h] (two pair, Aces and Nines)
simper11: mucks hand
Brama Br collected $47.50 from pot
*** SUMMARY ***
Total pot $48 | Rake $0.50
Board [Ad 6h 5h 9s Jh]
Seat 2: Brama Br (big blind) showed [Ac 9h] and won ($47.50) with two pair, Aces and Nines
Seat 5: simper11 (button) (small blind) mucked


PokerStars Hand #156361469516:  Hold'em Limit ($3/$6 USD) - 2016/07/23 20:17:32 ET
Table 'Camilla' 10-max Seat #2 is the button
Seat 2: Brama Br ($315.17 in chips)
Seat 5: simper11 ($120 in chips)
Brama Br: posts small blind $1
simper11: posts big blind $3
*** HOLE CARDS ***
Brama Br: raises $3 to $6
simper11: calls $3
*** FLOP *** [7d 4h 7h]
simper11: checks
Brama Br: bets $3
simper11: calls $3
*** TURN *** [7d 4h 7h] [Ac]
simper11: checks
Brama Br: bets $6
simper11: raises $6 to $12
Brama Br: calls $6
*** RIVER *** [7d 4h 7h Ac] [Ts]
simper11: bets $6
Brama Br: calls $6
*** SHOW DOWN ***
simper11: shows [Ad 6s] (two pair, Aces and Sevens)
Brama Br: mucks hand
simper11 collected $53.50 from pot
*** SUMMARY ***
Total pot $54 | Rake $0.50
Board [7d 4h 7h Ac Ts]
Seat 2: Brama Br (button) (small blind) mucked
Seat 5: simper11 (big blind) showed [Ad 6s] and won ($53.50) with two pair, Aces and Sevens


PokerStars Hand #156361478999:  Hold'em Limit ($3/$6 USD) - 2016/07/23 20:17:53 ET
Table 'Camilla' 10-max Seat #5 is the button
Seat 2: Brama Br ($288.17 in chips)
Seat 5: simper11 ($146.50 in chips)
simper11: posts small blind $1
Brama Br: posts big blind $3
*** HOLE CARDS ***
simper11: raises $3 to $6
Brama Br: raises $3 to $9
simper11: calls $3
*** FLOP *** [7s As 9c]
Brama Br: bets $3
simper11: calls $3
*** TURN *** [7s As 9c] [Jc]
Brama Br: bets $6
simper11: calls $6
*** RIVER *** [7s As 9c Jc] [8h]
Brama Br: bets $6
simper11: folds
Uncalled bet ($6) returned to Brama Br
Brama Br collected $35.50 from pot
Brama Br: doesn't show hand
*** SUMMARY ***
Total pot $36 | Rake $0.50
Board [7s As 9c Jc 8h]
Seat 2: Brama Br (big blind) collected ($35.50)
Seat 5: simper11 (button) (small blind) folded on the River


PokerStars Hand #156361486233:  Hold'em Limit ($3/$6 USD) - 2016/07/23 20:18:08 ET
Table 'Camilla' 10-max Seat #2 is the button
Seat 2: Brama Br ($305.67 in chips)
Seat 5: simper11 ($128.50 in chips)
Brama Br: posts small blind $1
simper11: posts big blind $3
*** HOLE CARDS ***
Brama Br: raises $3 to $6
simper11: calls $3
*** FLOP *** [9d 3c 3h]
simper11: checks
Brama Br: checks
*** TURN *** [9d 3c 3h] [As]
simper11: bets $6
Brama Br: folds
Uncalled bet ($6) returned to simper11
simper11 collected $11.76 from pot
simper11: doesn't show hand
*** SUMMARY ***
Total pot $12 | Rake $0.24
Board [9d 3c 3h As]
Seat 2: Brama Br (button) (small blind) folded on the Turn
Seat 5: simper11 (big blind) collected ($11.76)


PokerStars Hand #156361491956:  Hold'em Limit ($3/$6 USD) - 2016/07/23 20:18:21 ET
Table 'Camilla' 10-max Seat #5 is the button
Seat 2: Brama Br ($299.67 in chips)
Seat 5: simper11 ($134.26 in chips)
simper11: posts small blind $1
Brama Br: posts big blind $3
*** HOLE CARDS ***
simper11: folds
Uncalled bet ($2) returned to Brama Br
Brama Br collected $2 from pot
Brama Br: doesn't show hand
*** SUMMARY ***
Total pot $2 | Rake $0
Seat 2: Brama Br (big blind) collected ($2)
Seat 5: simper11 (button) (small blind) folded before Flop


PokerStars Hand #156361502941:  Hold'em Limit ($3/$6 USD) - 2016/07/23 20:18:44 ET
Table 'Camilla' 10-max Seat #5 is the button
Seat 2: Brama Br ($288.67 in chips)
Seat 5: simper11 ($144.78 in chips)
simper11: posts small blind $1
Brama Br: posts big blind $3
*** HOLE CARDS ***
simper11: raises $3 to $6
Brama Br: folds
Uncalled bet ($3) returned to simper11
simper11 collected $6 from pot
simper11: doesn't show hand
*** SUMMARY ***
Total pot $6 | Rake $0
Seat 2: Brama Br (big blind) folded before Flop
Seat 5: simper11 (button) (small blind) collected ($6)


PokerStars Hand #156361494140:  Hold'em Limit ($3/$6 USD) - 2016/07/23 20:18:25 ET
Table 'Camilla' 10-max Seat #2 is the button
Seat 2: Brama Br ($300.67 in chips)
Seat 5: simper11 ($133.26 in chips)
Brama Br: posts small blind $1
simper11: posts big blind $3
*** HOLE CARDS ***
Brama Br: raises $3 to $6
simper11: calls $3
*** FLOP *** [8c 8h 2s]
simper11: checks
Brama Br: bets $3
simper11: raises $3 to $6
Brama Br: calls $3
*** TURN *** [8c 8h 2s] [6s]
simper11: bets $6
Brama Br: folds
Uncalled bet ($6) returned to simper11
simper11 collected $23.52 from pot
simper11: doesn't show hand
*** SUMMARY ***
Total pot $24 | Rake $0.48
Board [8c 8h 2s 6s]
Seat 2: Brama Br (button) (small blind) folded on the Turn
Seat 5: simper11 (big blind) collected ($23.52)


PokerStars Hand #156361505917:  Hold'em Limit ($3/$6 USD) - 2016/07/23 20:18:51 ET
Table 'Camilla' 10-max Seat #2 is the button
Seat 2: Brama Br ($285.67 in chips)
Seat 5: simper11 ($147.78 in chips)
Brama Br: posts small blind $1
simper11: posts big blind $3
*** HOLE CARDS ***
Brama Br: raises $3 to $6
simper11: calls $3
*** FLOP *** [Ts Jh 4c]
simper11: checks
Brama Br: checks
*** TURN *** [Ts Jh 4c] [7h]
simper11: checks
Brama Br: bets $6
simper11: folds
Uncalled bet ($6) returned to Brama Br
Brama Br collected $11.76 from pot
Brama Br: doesn't show hand
*** SUMMARY ***
Total pot $12 | Rake $0.24
Board [Ts Jh 4c 7h]
Seat 2: Brama Br (button) (small blind) collected ($11.76)
Seat 5: simper11 (big blind) folded on the Turn


PokerStars Hand #156361512974:  Hold'em Limit ($3/$6 USD) - 2016/07/23 20:19:06 ET
Table 'Camilla' 10-max Seat #5 is the button
Seat 2: Brama Br ($291.43 in chips)
Seat 5: simper11 ($141.78 in chips)
simper11: posts small blind $1
Brama Br: posts big blind $3
*** HOLE CARDS ***
simper11: raises $3 to $6
Brama Br: calls $3
*** FLOP *** [7s 2d 6h]
Brama Br: checks
simper11: bets $3
Brama Br: raises $3 to $6
simper11: calls $3
*** TURN *** [7s 2d 6h] [Jc]
Brama Br: bets $6
simper11: raises $6 to $12
Brama Br: calls $6
*** RIVER *** [7s 2d 6h Jc] [2s]
Brama Br: checks
simper11: bets $6
Brama Br: calls $6
*** SHOW DOWN ***
simper11: shows [9d 9h] (two pair, Nines and Deuces)
Brama Br: mucks hand
simper11 collected $59.50 from pot
*** SUMMARY ***
Total pot $60 | Rake $0.50
Board [7s 2d 6h Jc 2s]
Seat 2: Brama Br (big blind) mucked
Seat 5: simper11 (button) (small blind) showed [9d 9h] and won ($59.50) with two pair, Nines and Deuces


PokerStars Hand #156361526239:  Hold'em Limit ($3/$6 USD) - 2016/07/23 20:19:35 ET
Table 'Camilla' 10-max Seat #2 is the button
Seat 2: Brama Br ($261.43 in chips)
Seat 5: simper11 ($171.28 in chips)
Brama Br: posts small blind $1
simper11: posts big blind $3
*** HOLE CARDS ***
Brama Br: raises $3 to $6
simper11: calls $3
*** FLOP *** [Qs Ts Js]
simper11: checks
Brama Br: bets $3
simper11: raises $3 to $6
Brama Br: calls $3
*** TURN *** [Qs Ts Js] [3c]
simper11: bets $6
Brama Br: calls $6
*** RIVER *** [Qs Ts Js 3c] [8h]
simper11: bets $6
Brama Br: raises $6 to $12
simper11: folds
Uncalled bet ($6) returned to Brama Br
Brama Br collected $47.50 from pot
Brama Br: doesn't show hand
*** SUMMARY ***
Total pot $48 | Rake $0.50
Board [Qs Ts Js 3c 8h]
Seat 2: Brama Br (button) (small blind) collected ($47.50)
Seat 5: simper11 (big blind) folded on the River


PokerStars Hand #156361535399:  Hold'em Limit ($3/$6 USD) - 2016/07/23 20:19:55 ET
Table 'Camilla' 10-max Seat #5 is the button
Seat 2: Brama Br ($284.93 in chips)
Seat 5: simper11 ($147.28 in chips)
simper11: posts small blind $1
Brama Br: posts big blind $3
*** HOLE CARDS ***
simper11: raises $3 to $6
Brama Br: calls $3
*** FLOP *** [3d 2s 3h]
Brama Br: checks
simper11: bets $3
Brama Br: calls $3
*** TURN *** [3d 2s 3h] [Qc]
Brama Br: checks
simper11: bets $6
Brama Br: raises $6 to $12
simper11: calls $6
*** RIVER *** [3d 2s 3h Qc] [6d]
Brama Br: bets $6
simper11: calls $6
*** SHOW DOWN ***
Brama Br: shows [6s Qd] (two pair, Queens and Sixes)
simper11: mucks hand
Brama Br collected $53.50 from pot
*** SUMMARY ***
Total pot $54 | Rake $0.50
Board [3d 2s 3h Qc 6d]
Seat 2: Brama Br (big blind) showed [6s Qd] and won ($53.50) with two pair, Queens and Sixes
Seat 5: simper11 (button) (small blind) mucked


PokerStars Hand #156361570297:  Hold'em Limit ($3/$6 USD) - 2016/07/23 20:21:11 ET
Table 'Camilla' 10-max Seat #2 is the button
Seat 2: Brama Br ($351.85 in chips)
Seat 5: simper11 ($120 in chips)
Brama Br: posts small blind $1
simper11: posts big blind $3
*** HOLE CARDS ***
Brama Br: folds
Uncalled bet ($2) returned to simper11
simper11 collected $2 from pot
simper11: doesn't show hand
*** SUMMARY ***
Total pot $2 | Rake $0
Seat 2: Brama Br (button) (small blind) folded before Flop
Seat 5: simper11 (big blind) collected ($2)


PokerStars Hand #156361561511:  Hold'em Limit ($3/$6 USD) - 2016/07/23 20:20:51 ET
Table 'Camilla' 10-max Seat #5 is the button
Seat 2: Brama Br ($337.35 in chips)
Seat 5: simper11 ($120 in chips)
simper11: posts small blind $1
Brama Br: posts big blind $3
*** HOLE CARDS ***
simper11: raises $3 to $6
Brama Br: calls $3
*** FLOP *** [3h 6h 4h]
Brama Br: checks
simper11: bets $3
Brama Br: calls $3
*** TURN *** [3h 6h 4h] [Kh]
Brama Br: checks
simper11: bets $6
Brama Br: calls $6
*** RIVER *** [3h 6h 4h Kh] [Js]
Brama Br: checks
simper11: checks
*** SHOW DOWN ***
Brama Br: shows [5s Kc] (a pair of Kings)
simper11: mucks hand
Brama Br collected $29.50 from pot
*** SUMMARY ***
Total pot $30 | Rake $0.50
Board [3h 6h 4h Kh Js]
Seat 2: Brama Br (big blind) showed [5s Kc] and won ($29.50) with a pair of Kings
Seat 5: simper11 (button) (small blind) mucked


PokerStars Hand #156361554459:  Hold'em Limit ($3/$6 USD) - 2016/07/23 20:20:36 ET
Table 'Camilla' 10-max Seat #2 is the button
Seat 2: Brama Br ($325.83 in chips)
Seat 5: simper11 ($120 in chips)
Brama Br: posts small blind $1
simper11: posts big blind $3
*** HOLE CARDS ***
Brama Br: raises $3 to $6
simper11: raises $3 to $9
Brama Br: raises $3 to $12
Betting is capped
simper11: calls $3
*** FLOP *** [5c 4s Ad]
simper11: checks
Brama Br: bets $3
simper11: folds
Uncalled bet ($3) returned to Brama Br
Brama Br collected $23.52 from pot
Brama Br: doesn't show hand
*** SUMMARY ***
Total pot $24 | Rake $0.48
Board [5c 4s Ad]
Seat 2: Brama Br (button) (small blind) collected ($23.52)
Seat 5: simper11 (big blind) folded on the Flop


PokerStars Hand #156361548950:  Hold'em Limit ($3/$6 USD) - 2016/07/23 20:20:24 ET
Table 'Camilla' 10-max Seat #5 is the button
Seat 2: Brama Br ($317.19 in chips)
Seat 5: simper11 ($120 in chips)
simper11: posts small blind $1
Brama Br: posts big blind $3
*** HOLE CARDS ***
simper11: raises $3 to $6
Brama Br: raises $3 to $9
simper11: calls $3
*** FLOP *** [2c Kh Qs]
Brama Br: bets $3
simper11: folds
Uncalled bet ($3) returned to Brama Br
Brama Br collected $17.64 from pot
Brama Br: doesn't show hand
*** SUMMARY ***
Total pot $18 | Rake $0.36
Board [2c Kh Qs]
Seat 2: Brama Br (big blind) collected ($17.64)
Seat 5: simper11 (button) (small blind) folded on the Flop


PokerStars Hand #156361543673:  Hold'em Limit ($3/$6 USD) - 2016/07/23 20:20:13 ET
Table 'Camilla' 10-max Seat #2 is the button
Seat 2: Brama Br ($311.43 in chips)
Seat 5: simper11 ($120.28 in chips)
Brama Br: posts small blind $1
simper11: posts big blind $3
*** HOLE CARDS ***
Brama Br: raises $3 to $6
simper11: calls $3
*** FLOP *** [Kd 7c 6c]
simper11: checks
Brama Br: bets $3
simper11: folds
Uncalled bet ($3) returned to Brama Br
Brama Br collected $11.76 from pot
Brama Br: doesn't show hand
*** SUMMARY ***
Total pot $12 | Rake $0.24
Board [Kd 7c 6c]
Seat 2: Brama Br (button) (small blind) collected ($11.76)
Seat 5: simper11 (big blind) folded on the Flop


PokerStars Hand #156361600064:  Hold'em Limit ($3/$6 USD) - 2016/07/23 20:22:15 ET
Table 'Camilla' 10-max Seat #5 is the button
Seat 2: Brama Br ($370.11 in chips)
Seat 5: simper11 ($121 in chips)
simper11: posts small blind $1
Brama Br: posts big blind $3
*** HOLE CARDS ***
simper11: folds
Uncalled bet ($2) returned to Brama Br
Brama Br collected $2 from pot
Brama Br: doesn't show hand
*** SUMMARY ***
Total pot $2 | Rake $0
Seat 2: Brama Br (big blind) collected ($2)
Seat 5: simper11 (button) (small blind) folded before Flop


PokerStars Hand #156361597540:  Hold'em Limit ($3/$6 USD) - 2016/07/23 20:22:10 ET
Table 'Camilla' 10-max Seat #2 is the button
Seat 2: Brama Br ($371.11 in chips)
Seat 5: simper11 ($120 in chips)
Brama Br: posts small blind $1
simper11: posts big blind $3
*** HOLE CARDS ***
Brama Br: folds
Uncalled bet ($2) returned to simper11
simper11 collected $2 from pot
simper11: doesn't show hand
*** SUMMARY ***
Total pot $2 | Rake $0
Seat 2: Brama Br (button) (small blind) folded before Flop
Seat 5: simper11 (big blind) collected ($2)


PokerStars Hand #156361590325:  Hold'em Limit ($3/$6 USD) - 2016/07/23 20:21:54 ET
Table 'Camilla' 10-max Seat #5 is the button
Seat 2: Brama Br ($347.61 in chips)
Seat 5: simper11 ($123.64 in chips)
simper11: posts small blind $1
Brama Br: posts big blind $3
*** HOLE CARDS ***
simper11: raises $3 to $6
Brama Br: raises $3 to $9
simper11: calls $3
*** FLOP *** [5s 6c Js]
Brama Br: bets $3
simper11: calls $3
*** TURN *** [5s 6c Js] [8s]
Brama Br: bets $6
simper11: calls $6
*** RIVER *** [5s 6c Js 8s] [Kd]
Brama Br: bets $6
simper11: calls $6
*** SHOW DOWN ***
Brama Br: shows [Ks Kc] (three of a kind, Kings)
simper11: mucks hand
Brama Br collected $47.50 from pot
*** SUMMARY ***
Total pot $48 | Rake $0.50
Board [5s 6c Js 8s Kd]
Seat 2: Brama Br (big blind) showed [Ks Kc] and won ($47.50) with three of a kind, Kings
Seat 5: simper11 (button) (small blind) mucked


PokerStars Hand #156361579669:  Hold'em Limit ($3/$6 USD) - 2016/07/23 20:21:31 ET
Table 'Camilla' 10-max Seat #2 is the button
Seat 2: Brama Br ($341.85 in chips)
Seat 5: simper11 ($129.64 in chips)
Brama Br: posts small blind $1
simper11: posts big blind $3
*** HOLE CARDS ***
Brama Br: raises $3 to $6
simper11: calls $3
*** FLOP *** [Kd 3h 6c]
simper11: checks
Brama Br: bets $3
simper11: folds
Uncalled bet ($3) returned to Brama Br
Brama Br collected $11.76 from pot
Brama Br: doesn't show hand
*** SUMMARY ***
Total pot $12 | Rake $0.24
Board [Kd 3h 6c]
Seat 2: Brama Br (button) (small blind) collected ($11.76)
Seat 5: simper11 (big blind) folded on the Flop


PokerStars Hand #156361573016:  Hold'em Limit ($3/$6 USD) - 2016/07/23 20:21:16 ET
Table 'Camilla' 10-max Seat #5 is the button
Seat 2: Brama Br ($350.85 in chips)
Seat 5: simper11 ($121 in chips)
simper11: posts small blind $1
Brama Br: posts big blind $3
*** HOLE CARDS ***
simper11: raises $3 to $6
Brama Br: calls $3
*** FLOP *** [4h Ts Kc]
Brama Br: checks
simper11: bets $3
Brama Br: calls $3
*** TURN *** [4h Ts Kc] [Js]
Brama Br: checks
simper11: bets $6
Brama Br: folds
Uncalled bet ($6) returned to simper11
simper11 collected $17.64 from pot
simper11: doesn't show hand
*** SUMMARY ***
Total pot $18 | Rake $0.36
Board [4h Ts Kc Js]
Seat 2: Brama Br (big blind) folded on the Turn
Seat 5: simper11 (button) (small blind) collected ($17.64)


PokerStars Hand #156361629440:  Hold'em Limit ($3/$6 USD) - 2016/07/23 20:23:18 ET
Table 'Camilla' 10-max Seat #5 is the button
Seat 2: Brama Br ($355.87 in chips)
Seat 5: simper11 ($134.50 in chips)
simper11: posts small blind $1
Brama Br: posts big blind $3
*** HOLE CARDS ***
simper11: folds
Uncalled bet ($2) returned to Brama Br
Brama Br collected $2 from pot
Brama Br: doesn't show hand
*** SUMMARY ***
Total pot $2 | Rake $0
Seat 2: Brama Br (big blind) collected ($2)
Seat 5: simper11 (button) (small blind) folded before Flop


PokerStars Hand #156361625644:  Hold'em Limit ($3/$6 USD) - 2016/07/23 20:23:09 ET
Table 'Camilla' 10-max Seat #2 is the button
Seat 2: Brama Br ($352.87 in chips)
Seat 5: simper11 ($137.50 in chips)
Brama Br: posts small blind $1
simper11: posts big blind $3
*** HOLE CARDS ***
Brama Br: raises $3 to $6
simper11: folds
Uncalled bet ($3) returned to Brama Br
Brama Br collected $6 from pot
Brama Br: doesn't show hand
*** SUMMARY ***
Total pot $6 | Rake $0
Seat 2: Brama Br (button) (small blind) collected ($6)
Seat 5: simper11 (big blind) folded before Flop


PokerStars Hand #156361621750:  Hold'em Limit ($3/$6 USD) - 2016/07/23 20:23:01 ET
Table 'Camilla' 10-max Seat #5 is the button
Seat 2: Brama Br ($351.87 in chips)
Seat 5: simper11 ($138.50 in chips)
simper11: posts small blind $1
Brama Br: posts big blind $3
*** HOLE CARDS ***
simper11: folds
Uncalled bet ($2) returned to Brama Br
Brama Br collected $2 from pot
Brama Br: doesn't show hand
*** SUMMARY ***
Total pot $2 | Rake $0
Seat 2: Brama Br (big blind) collected ($2)
Seat 5: simper11 (button) (small blind) folded before Flop


PokerStars Hand #156361612565:  Hold'em Limit ($3/$6 USD) - 2016/07/23 20:22:43 ET
Table 'Camilla' 10-max Seat #2 is the button
Seat 2: Brama Br ($346.11 in chips)
Seat 5: simper11 ($144.50 in chips)
Brama Br: posts small blind $1
simper11: posts big blind $3
*** HOLE CARDS ***
Brama Br: raises $3 to $6
simper11: calls $3
*** FLOP *** [3s Ad Td]
simper11: checks
Brama Br: bets $3
simper11: folds
Uncalled bet ($3) returned to Brama Br
Brama Br collected $11.76 from pot
Brama Br: doesn't show hand
*** SUMMARY ***
Total pot $12 | Rake $0.24
Board [3s Ad Td]
Seat 2: Brama Br (button) (small blind) collected ($11.76)
Seat 5: simper11 (big blind) folded on the Flop


PokerStars Hand #156361604845:  Hold'em Limit ($3/$6 USD) - 2016/07/23 20:22:26 ET
Table 'Camilla' 10-max Seat #5 is the button
Seat 2: Brama Br ($370.11 in chips)
Seat 5: simper11 ($121 in chips)
simper11: posts small blind $1
Brama Br: posts big blind $3
*** HOLE CARDS ***
simper11: raises $3 to $6
Brama Br: raises $3 to $9
simper11: calls $3
*** FLOP *** [3c Tc 7d]
Brama Br: bets $3
simper11: calls $3
*** TURN *** [3c Tc 7d] [2s]
Brama Br: checks
simper11: bets $6
Brama Br: calls $6
*** RIVER *** [3c Tc 7d 2s] [4h]
Brama Br: bets $6
simper11: calls $6
*** SHOW DOWN ***
Brama Br: shows [Jc Kd] (high card King)
simper11: shows [7c Qd] (a pair of Sevens)
simper11 collected $47.50 from pot
*** SUMMARY ***
Total pot $48 | Rake $0.50
Board [3c Tc 7d 2s 4h]
Seat 2: Brama Br (big blind) showed [Jc Kd] and lost with high card King
Seat 5: simper11 (button) (small blind) showed [7c Qd] and won ($47.50) with a pair of Sevens


PokerStars Hand #156361602300:  Hold'em Limit ($3/$6 USD) - 2016/07/23 20:22:20 ET
Table 'Camilla' 10-max Seat #2 is the button
Seat 2: Brama Br ($371.11 in chips)
Seat 5: simper11 ($120 in chips)
Brama Br: posts small blind $1
simper11: posts big blind $3
*** HOLE CARDS ***
Brama Br: folds
Uncalled bet ($2) returned to simper11
simper11 collected $2 from pot
simper11: doesn't show hand
*** SUMMARY ***
Total pot $2 | Rake $0
Seat 2: Brama Br (button) (small blind) folded before Flop
Seat 5: simper11 (big blind) collected ($2)


PokerStars Hand #156361648976:  Hold'em Limit ($3/$6 USD) - 2016/07/23 20:24:01 ET
Table 'Camilla' 10-max Seat #2 is the button
Seat 2: Brama Br ($334.87 in chips)
Seat 5: simper11 ($155 in chips)
Brama Br: posts small blind $1
simper11: posts big blind $3
*** HOLE CARDS ***
Brama Br: raises $3 to $6
simper11: calls $3
*** FLOP *** [Qs 5s Kd]
simper11: checks
Brama Br: bets $3
simper11: calls $3
*** TURN *** [Qs 5s Kd] [7d]
simper11: checks
Brama Br: bets $6
simper11: calls $6
*** RIVER *** [Qs 5s Kd 7d] [Th]
simper11: checks
Brama Br: bets $6
simper11: calls $6
*** SHOW DOWN ***
Brama Br: shows [6h Kh] (a pair of Kings)
simper11: mucks hand
Brama Br collected $41.50 from pot
*** SUMMARY ***
Total pot $42 | Rake $0.50
Board [Qs 5s Kd 7d Th]
Seat 2: Brama Br (button) (small blind) showed [6h Kh] and won ($41.50) with a pair of Kings
Seat 5: simper11 (big blind) mucked


PokerStars Hand #156361646303:  Hold'em Limit ($3/$6 USD) - 2016/07/23 20:23:55 ET
Table 'Camilla' 10-max Seat #5 is the button
Seat 2: Brama Br ($337.87 in chips)
Seat 5: simper11 ($152 in chips)
simper11: posts small blind $1
Brama Br: posts big blind $3
*** HOLE CARDS ***
simper11: raises $3 to $6
Brama Br: folds
Uncalled bet ($3) returned to simper11
simper11 collected $6 from pot
simper11: doesn't show hand
*** SUMMARY ***
Total pot $6 | Rake $0
Seat 2: Brama Br (big blind) folded before Flop
Seat 5: simper11 (button) (small blind) collected ($6)


PokerStars Hand #156361643850:  Hold'em Limit ($3/$6 USD) - 2016/07/23 20:23:49 ET
Table 'Camilla' 10-max Seat #2 is the button
Seat 2: Brama Br ($338.87 in chips)
Seat 5: simper11 ($151 in chips)
Brama Br: posts small blind $1
simper11: posts big blind $3
*** HOLE CARDS ***
Brama Br: folds
Uncalled bet ($2) returned to simper11
simper11 collected $2 from pot
simper11: doesn't show hand
*** SUMMARY ***
Total pot $2 | Rake $0
Seat 2: Brama Br (button) (small blind) folded before Flop
Seat 5: simper11 (big blind) collected ($2)


PokerStars Hand #156361641219:  Hold'em Limit ($3/$6 USD) - 2016/07/23 20:23:44 ET
Table 'Camilla' 10-max Seat #5 is the button
Seat 2: Brama Br ($341.87 in chips)
Seat 5: simper11 ($148 in chips)
simper11: posts small blind $1
Brama Br: posts big blind $3
*** HOLE CARDS ***
simper11: raises $3 to $6
Brama Br: folds
Uncalled bet ($3) returned to simper11
simper11 collected $6 from pot
simper11: doesn't show hand
*** SUMMARY ***
Total pot $6 | Rake $0
Seat 2: Brama Br (big blind) folded before Flop
Seat 5: simper11 (button) (small blind) collected ($6)


PokerStars Hand #156361631817:  Hold'em Limit ($3/$6 USD) - 2016/07/23 20:23:23 ET
Table 'Camilla' 10-max Seat #2 is the button
Seat 2: Brama Br ($356.87 in chips)
Seat 5: simper11 ($133.50 in chips)
Brama Br: posts small blind $1
simper11: posts big blind $3
*** HOLE CARDS ***
Brama Br: raises $3 to $6
simper11: calls $3
*** FLOP *** [9c 3h Ks]
simper11: checks
Brama Br: bets $3
simper11: calls $3
*** TURN *** [9c 3h Ks] [7s]
simper11: checks
Brama Br: checks
*** RIVER *** [9c 3h Ks 7s] [8s]
simper11: bets $6
Brama Br: calls $6
*** SHOW DOWN ***
simper11: shows [8c 9h] (two pair, Nines and Eights)
Brama Br: mucks hand
simper11 collected $29.50 from pot
*** SUMMARY ***
Total pot $30 | Rake $0.50
Board [9c 3h Ks 7s 8s]
Seat 2: Brama Br (button) (small blind) mucked
Seat 5: simper11 (big blind) showed [8c 9h] and won ($29.50) with two pair, Nines and Eights


PokerStars Hand #156361679130:  Hold'em Limit ($3/$6 USD) - 2016/07/23 20:25:07 ET
Table 'Camilla' 10-max Seat #5 is the button
Seat 2: Brama Br ($359.87 in chips)
Seat 5: simper11 ($128.40 in chips)
simper11: posts small blind $1
Brama Br: posts big blind $3
*** HOLE CARDS ***
simper11: raises $3 to $6
Brama Br: calls $3
*** FLOP *** [Tc 7c Js]
Brama Br: checks
simper11: bets $3
Brama Br: raises $3 to $6
simper11: folds
Uncalled bet ($3) returned to Brama Br
Brama Br collected $17.64 from pot
Brama Br: doesn't show hand
*** SUMMARY ***
Total pot $18 | Rake $0.36
Board [Tc 7c Js]
Seat 2: Brama Br (big blind) collected ($17.64)
Seat 5: simper11 (button) (small blind) folded on the Flop


PokerStars Hand #156361670545:  Hold'em Limit ($3/$6 USD) - 2016/07/23 20:24:48 ET
Table 'Camilla' 10-max Seat #2 is the button
Seat 2: Brama Br ($339.37 in chips)
Seat 5: simper11 ($149.40 in chips)
Brama Br: posts small blind $1
simper11: posts big blind $3
*** HOLE CARDS ***
Brama Br: raises $3 to $6
simper11: calls $3
*** FLOP *** [7s 3c 2c]
simper11: checks
Brama Br: bets $3
simper11: calls $3
*** TURN *** [7s 3c 2c] [As]
simper11: checks
Brama Br: bets $6
simper11: calls $6
*** RIVER *** [7s 3c 2c As] [3d]
simper11: checks
Brama Br: bets $6
simper11: calls $6
*** SHOW DOWN ***
Brama Br: shows [9h 7h] (two pair, Sevens and Threes)
simper11: mucks hand
Brama Br collected $41.50 from pot
*** SUMMARY ***
Total pot $42 | Rake $0.50
Board [7s 3c 2c As 3d]
Seat 2: Brama Br (button) (small blind) showed [9h 7h] and won ($41.50) with two pair, Sevens and Threes
Seat 5: simper11 (big blind) mucked


PokerStars Hand #156361663358:  Hold'em Limit ($3/$6 USD) - 2016/07/23 20:24:32 ET
Table 'Camilla' 10-max Seat #5 is the button
Seat 2: Brama Br ($348.37 in chips)
Seat 5: simper11 ($140.76 in chips)
simper11: posts small blind $1
Brama Br: posts big blind $3
*** HOLE CARDS ***
simper11: raises $3 to $6
Brama Br: calls $3
*** FLOP *** [5d 9h Kh]
Brama Br: checks
simper11: bets $3
Brama Br: calls $3
*** TURN *** [5d 9h Kh] [Jh]
Brama Br: checks
simper11: bets $6
Brama Br: folds
Uncalled bet ($6) returned to simper11
simper11 collected $17.64 from pot
simper11: doesn't show hand
*** SUMMARY ***
Total pot $18 | Rake $0.36
Board [5d 9h Kh Jh]
Seat 2: Brama Br (big blind) folded on the Turn
Seat 5: simper11 (button) (small blind) collected ($17.64)


PokerStars Hand #156361661086:  Hold'em Limit ($3/$6 USD) - 2016/07/23 20:24:27 ET
Table 'Camilla' 10-max Seat #2 is the button
Seat 2: Brama Br ($349.37 in chips)
Seat 5: simper11 ($139.76 in chips)
Brama Br: posts small blind $1
simper11: posts big blind $3
*** HOLE CARDS ***
Brama Br: folds
Uncalled bet ($2) returned to simper11
simper11 collected $2 from pot
simper11: doesn't show hand
*** SUMMARY ***
Total pot $2 | Rake $0
Seat 2: Brama Br (button) (small blind) folded before Flop
Seat 5: simper11 (big blind) collected ($2)


PokerStars Hand #156361656783:  Hold'em Limit ($3/$6 USD) - 2016/07/23 20:24:18 ET
Table 'Camilla' 10-max Seat #5 is the button
Seat 2: Brama Br ($355.37 in chips)
Seat 5: simper11 ($134 in chips)
simper11: posts small blind $1
Brama Br: posts big blind $3
*** HOLE CARDS ***
simper11: raises $3 to $6
Brama Br: calls $3
*** FLOP *** [Qh 2s Td]
Brama Br: checks
simper11: bets $3
Brama Br: folds
Uncalled bet ($3) returned to simper11
simper11 collected $11.76 from pot
simper11: doesn't show hand
*** SUMMARY ***
Total pot $12 | Rake $0.24
Board [Qh 2s Td]
Seat 2: Brama Br (big blind) folded on the Flop
Seat 5: simper11 (button) (small blind) collected ($11.76)


PokerStars Hand #156361705108:  Hold'em Limit ($3/$6 USD) - 2016/07/23 20:26:04 ET
Table 'Camilla' 10-max Seat #5 is the button
Seat 2: Brama Br ($391.65 in chips)
Seat 5: simper11 ($120 in chips)
simper11: posts small blind $1
Brama Br: posts big blind $3
*** HOLE CARDS ***
simper11: folds
Uncalled bet ($2) returned to Brama Br
Brama Br collected $2 from pot
Brama Br: doesn't show hand
*** SUMMARY ***
Total pot $2 | Rake $0
Seat 2: Brama Br (big blind) collected ($2)
Seat 5: simper11 (button) (small blind) folded before Flop


PokerStars Hand #156361698082:  Hold'em Limit ($3/$6 USD) - 2016/07/23 20:25:49 ET
Table 'Camilla' 10-max Seat #2 is the button
Seat 2: Brama Br ($383.01 in chips)
Seat 5: simper11 ($128.64 in chips)
Brama Br: posts small blind $1
simper11: posts big blind $3
*** HOLE CARDS ***
Brama Br: raises $3 to $6
simper11: calls $3
*** FLOP *** [7h Td Qc]
simper11: checks
Brama Br: bets $3
simper11: calls $3
*** TURN *** [7h Td Qc] [9d]
simper11: checks
Brama Br: bets $6
simper11: folds
Uncalled bet ($6) returned to Brama Br
Brama Br collected $17.64 from pot
Brama Br: doesn't show hand
*** SUMMARY ***
Total pot $18 | Rake $0.36
Board [7h Td Qc 9d]
Seat 2: Brama Br (button) (small blind) collected ($17.64)
Seat 5: simper11 (big blind) folded on the Turn


PokerStars Hand #156361691522:  Hold'em Limit ($3/$6 USD) - 2016/07/23 20:25:34 ET
Table 'Camilla' 10-max Seat #5 is the button
Seat 2: Brama Br ($392.01 in chips)
Seat 5: simper11 ($120 in chips)
simper11: posts small blind $1
Brama Br: posts big blind $3
*** HOLE CARDS ***
simper11: raises $3 to $6
Brama Br: calls $3
*** FLOP *** [9s 7s 3s]
Brama Br: checks
simper11: bets $3
Brama Br: calls $3
*** TURN *** [9s 7s 3s] [8h]
Brama Br: checks
simper11: bets $6
Brama Br: folds
Uncalled bet ($6) returned to simper11
simper11 collected $17.64 from pot
simper11: doesn't show hand
*** SUMMARY ***
Total pot $18 | Rake $0.36
Board [9s 7s 3s 8h]
Seat 2: Brama Br (big blind) folded on the Turn
Seat 5: simper11 (button) (small blind) collected ($17.64)


PokerStars Hand #156361684683:  Hold'em Limit ($3/$6 USD) - 2016/07/23 20:25:19 ET
Table 'Camilla' 10-max Seat #2 is the button
Seat 2: Brama Br ($368.51 in chips)
Seat 5: simper11 ($120 in chips)
Brama Br: posts small blind $1
simper11: posts big blind $3
*** HOLE CARDS ***
Brama Br: raises $3 to $6
simper11: raises $3 to $9
Brama Br: calls $3
*** FLOP *** [7s Jd 9h]
simper11: bets $3
Brama Br: calls $3
*** TURN *** [7s Jd 9h] [2d]
simper11: bets $6
Brama Br: calls $6
*** RIVER *** [7s Jd 9h 2d] [Tc]
simper11: bets $6
Brama Br: calls $6
*** SHOW DOWN ***
simper11: shows [Kh Ah] (high card Ace)
Brama Br: shows [6s 7h] (a pair of Sevens)
Brama Br collected $47.50 from pot
*** SUMMARY ***
Total pot $48 | Rake $0.50
Board [7s Jd 9h 2d Tc]
Seat 2: Brama Br (button) (small blind) showed [6s 7h] and won ($47.50) with a pair of Sevens
Seat 5: simper11 (big blind) showed [Kh Ah] and lost with high card Ace


PokerStars Hand #156361743630:  Hold'em Limit ($3/$6 USD) - 2016/07/23 20:27:14 ET
Table 'Camilla' 10-max Seat #5 is the button
Seat 2: Brama Br ($424.55 in chips)
Seat 5: simper11 ($128.64 in chips)
simper11: posts small blind $1
Brama Br: posts big blind $3
*** HOLE CARDS ***
simper11: folds
Uncalled bet ($2) returned to Brama Br
Brama Br collected $2 from pot
Brama Br: doesn't show hand
*** SUMMARY ***
Total pot $2 | Rake $0
Seat 2: Brama Br (big blind) collected ($2)
Seat 5: simper11 (button) (small blind) folded before Flop


PokerStars Hand #156361737727:  Hold'em Limit ($3/$6 USD) - 2016/07/23 20:27:01 ET
Table 'Camilla' 10-max Seat #2 is the button
Seat 2: Brama Br ($433.55 in chips)
Seat 5: simper11 ($120 in chips)
Brama Br: posts small blind $1
simper11: posts big blind $3
*** HOLE CARDS ***
Brama Br: raises $3 to $6
simper11: calls $3
*** FLOP *** [9h 6d Jh]
simper11: checks
Brama Br: bets $3
simper11: raises $3 to $6
Brama Br: folds
Uncalled bet ($3) returned to simper11
simper11 collected $17.64 from pot
simper11: doesn't show hand
*** SUMMARY ***
Total pot $18 | Rake $0.36
Board [9h 6d Jh]
Seat 2: Brama Br (button) (small blind) folded on the Flop
Seat 5: simper11 (big blind) collected ($17.64)


PokerStars Hand #156361730430:  Hold'em Limit ($3/$6 USD) - 2016/07/23 20:26:45 ET
Table 'Camilla' 10-max Seat #5 is the button
Seat 2: Brama Br ($424.91 in chips)
Seat 5: simper11 ($120 in chips)
simper11: posts small blind $1
Brama Br: posts big blind $3
*** HOLE CARDS ***
simper11: raises $3 to $6
Brama Br: calls $3
*** FLOP *** [4s Ah Th]
Brama Br: checks
simper11: bets $3
Brama Br: calls $3
*** TURN *** [4s Ah Th] [Kd]
Brama Br: checks
simper11: checks
*** RIVER *** [4s Ah Th Kd] [3c]
Brama Br: bets $6
simper11: folds
Uncalled bet ($6) returned to Brama Br
Brama Br collected $17.64 from pot
Brama Br: doesn't show hand
*** SUMMARY ***
Total pot $18 | Rake $0.36
Board [4s Ah Th Kd 3c]
Seat 2: Brama Br (big blind) collected ($17.64)
Seat 5: simper11 (button) (small blind) folded on the River


PokerStars Hand #156361725992:  Hold'em Limit ($3/$6 USD) - 2016/07/23 20:26:35 ET
Table 'Camilla' 10-max Seat #2 is the button
Seat 2: Brama Br ($419.15 in chips)
Seat 5: simper11 ($123 in chips)
Brama Br: posts small blind $1
simper11: posts big blind $3
*** HOLE CARDS ***
Brama Br: raises $3 to $6
simper11: calls $3
*** FLOP *** [Td 8c 3d]
simper11: checks
Brama Br: bets $3
simper11: folds
Uncalled bet ($3) returned to Brama Br
Brama Br collected $11.76 from pot
Brama Br: doesn't show hand
*** SUMMARY ***
Total pot $12 | Rake $0.24
Board [Td 8c 3d]
Seat 2: Brama Br (button) (small blind) collected ($11.76)
Seat 5: simper11 (big blind) folded on the Flop


PokerStars Hand #156361722312:  Hold'em Limit ($3/$6 USD) - 2016/07/23 20:26:26 ET
Table 'Camilla' 10-max Seat #5 is the button
Seat 2: Brama Br ($422.15 in chips)
Seat 5: simper11 ($120 in chips)
simper11: posts small blind $1
Brama Br: posts big blind $3
*** HOLE CARDS ***
simper11 said, "lolo"
simper11 said, "lolol"
simper11: raises $3 to $6
simper11 said, "olololololololol"
simper11 said, "olol"
simper11 said, "olol"
simper11 said, "ololo"
simper11 said, "lolol"
Brama Br: folds
Uncalled bet ($3) returned to simper11
simper11 collected $6 from pot
simper11: doesn't show hand
*** SUMMARY ***
Total pot $6 | Rake $0
Seat 2: Brama Br (big blind) folded before Flop
Seat 5: simper11 (button) (small blind) collected ($6)


PokerStars Hand #156361707131:  Hold'em Limit ($3/$6 USD) - 2016/07/23 20:26:09 ET
Table 'Camilla' 10-max Seat #2 is the button
Seat 2: Brama Br ($392.65 in chips)
Seat 5: simper11 ($120 in chips)
Brama Br: posts small blind $1
simper11: posts big blind $3
*** HOLE CARDS ***
Brama Br: raises $3 to $6
simper11: raises $3 to $9
Brama Br: raises $3 to $12
Betting is capped
simper11: calls $3
*** FLOP *** [3d 6d Jh]
simper11: checks
Brama Br: checks
*** TURN *** [3d 6d Jh] [7h]
simper11: bets $6
Brama Br: calls $6
*** RIVER *** [3d 6d Jh 7h] [Qd]
simper11: bets $6
Brama Br: raises $6 to $12
simper11: calls $6
*** SHOW DOWN ***
Brama Br: shows [Qs As] (a pair of Queens)
simper11: mucks hand
Brama Br collected $59.50 from pot
*** SUMMARY ***
Total pot $60 | Rake $0.50
Board [3d 6d Jh 7h Qd]
Seat 2: Brama Br (button) (small blind) showed [Qs As] and won ($59.50) with a pair of Queens
Seat 5: simper11 (big blind) mucked


PokerStars Hand #156361770834:  Hold'em Limit ($3/$6 USD) - 2016/07/23 20:28:14 ET
Table 'Camilla' 10-max Seat #5 is the button
Seat 2: Brama Br ($429.05 in chips)
Seat 5: simper11 ($123.04 in chips)
simper11: posts small blind $1
Brama Br: posts big blind $3
*** HOLE CARDS ***
simper11: raises $3 to $6
Brama Br: folds
Uncalled bet ($3) returned to simper11
simper11 collected $6 from pot
simper11: doesn't show hand
*** SUMMARY ***
Total pot $6 | Rake $0
Seat 2: Brama Br (big blind) folded before Flop
Seat 5: simper11 (button) (small blind) collected ($6)


PokerStars Hand #156361767928:  Hold'em Limit ($3/$6 USD) - 2016/07/23 20:28:07 ET
Table 'Camilla' 10-max Seat #2 is the button
Seat 2: Brama Br ($426.05 in chips)
Seat 5: simper11 ($126.04 in chips)
Brama Br: posts small blind $1
simper11: posts big blind $3
*** HOLE CARDS ***
Brama Br: raises $3 to $6
simper11: folds
Uncalled bet ($3) returned to Brama Br
Brama Br collected $6 from pot
Brama Br: doesn't show hand
*** SUMMARY ***
Total pot $6 | Rake $0
Seat 2: Brama Br (button) (small blind) collected ($6)
Seat 5: simper11 (big blind) folded before Flop


PokerStars Hand #156361760138:  Hold'em Limit ($3/$6 USD) - 2016/07/23 20:27:50 ET
Table 'Camilla' 10-max Seat #5 is the button
Seat 2: Brama Br ($411.55 in chips)
Seat 5: simper11 ($141.04 in chips)
simper11: posts small blind $1
Brama Br: posts big blind $3
*** HOLE CARDS ***
simper11: raises $3 to $6
Brama Br: calls $3
*** FLOP *** [4h 7c Ks]
Brama Br: checks
simper11: bets $3
Brama Br: calls $3
*** TURN *** [4h 7c Ks] [Kh]
Brama Br: checks
simper11: bets $6
Brama Br: raises $6 to $12
simper11: folds
Uncalled bet ($6) returned to Brama Br
Brama Br collected $29.50 from pot
Brama Br: doesn't show hand
*** SUMMARY ***
Total pot $30 | Rake $0.50
Board [4h 7c Ks Kh]
Seat 2: Brama Br (big blind) collected ($29.50)
Seat 5: simper11 (button) (small blind) folded on the Turn


PokerStars Hand #156361754943:  Hold'em Limit ($3/$6 USD) - 2016/07/23 20:27:39 ET
Table 'Camilla' 10-max Seat #2 is the button
Seat 2: Brama Br ($417.55 in chips)
Seat 5: simper11 ($135.28 in chips)
Brama Br: posts small blind $1
simper11: posts big blind $3
*** HOLE CARDS ***
Brama Br: raises $3 to $6
simper11: calls $3
*** FLOP *** [6s 2s Js]
simper11: checks
Brama Br: checks
*** TURN *** [6s 2s Js] [Kh]
simper11: bets $6
Brama Br: folds
Uncalled bet ($6) returned to simper11
simper11 collected $11.76 from pot
simper11: doesn't show hand
*** SUMMARY ***
Total pot $12 | Rake $0.24
Board [6s 2s Js Kh]
Seat 2: Brama Br (button) (small blind) folded on the Turn
Seat 5: simper11 (big blind) collected ($11.76)


PokerStars Hand #156361751764:  Hold'em Limit ($3/$6 USD) - 2016/07/23 20:27:32 ET
Table 'Camilla' 10-max Seat #5 is the button
Seat 2: Brama Br ($416.55 in chips)
Seat 5: simper11 ($136.28 in chips)
simper11: posts small blind $1
Brama Br: posts big blind $3
*** HOLE CARDS ***
simper11: folds
Uncalled bet ($2) returned to Brama Br
Brama Br collected $2 from pot
Brama Br: doesn't show hand
*** SUMMARY ***
Total pot $2 | Rake $0
Seat 2: Brama Br (big blind) collected ($2)
Seat 5: simper11 (button) (small blind) folded before Flop


PokerStars Hand #156361746126:  Hold'em Limit ($3/$6 USD) - 2016/07/23 20:27:19 ET
Table 'Camilla' 10-max Seat #2 is the button
Seat 2: Brama Br ($425.55 in chips)
Seat 5: simper11 ($127.64 in chips)
Brama Br: posts small blind $1
simper11: posts big blind $3
*** HOLE CARDS ***
Brama Br: raises $3 to $6
simper11: calls $3
*** FLOP *** [Td 6d 4d]
simper11: checks
Brama Br: bets $3
simper11: raises $3 to $6
Brama Br: folds
Uncalled bet ($3) returned to simper11
simper11 collected $17.64 from pot
simper11: doesn't show hand
*** SUMMARY ***
Total pot $18 | Rake $0.36
Board [Td 6d 4d]
Seat 2: Brama Br (button) (small blind) folded on the Flop
Seat 5: simper11 (big blind) collected ($17.64)


PokerStars Hand #156361794318:  Hold'em Limit ($3/$6 USD) - 2016/07/23 20:29:06 ET
Table 'Camilla' 10-max Seat #5 is the button
Seat 2: Brama Br ($389.55 in chips)
Seat 5: simper11 ($161.50 in chips)
simper11: posts small blind $1
Brama Br: posts big blind $3
*** HOLE CARDS ***
simper11: raises $3 to $6
Brama Br: calls $3
*** FLOP *** [Kc Tc As]
Brama Br: bets $3
simper11: raises $3 to $6
Brama Br: folds
Uncalled bet ($3) returned to simper11
simper11 collected $17.64 from pot
simper11: doesn't show hand
*** SUMMARY ***
Total pot $18 | Rake $0.36
Board [Kc Tc As]
Seat 2: Brama Br (big blind) folded on the Flop
Seat 5: simper11 (button) (small blind) collected ($17.64)


PokerStars Hand #156361786035:  Hold'em Limit ($3/$6 USD) - 2016/07/23 20:28:47 ET
Table 'Camilla' 10-max Seat #2 is the button
Seat 2: Brama Br ($431.55 in chips)
Seat 5: simper11 ($120 in chips)
Brama Br: posts small blind $1
simper11: posts big blind $3
*** HOLE CARDS ***
Brama Br: raises $3 to $6
simper11: raises $3 to $9
Brama Br: calls $3
*** FLOP *** [9h Tc As]
simper11: bets $3
Brama Br: calls $3
*** TURN *** [9h Tc As] [4h]
simper11: bets $6
Brama Br: calls $6
*** RIVER *** [9h Tc As 4h] [8c]
simper11: bets $6
Brama Br: raises $6 to $12
simper11: raises $6 to $18
Brama Br: raises $6 to $24
Betting is capped
simper11: calls $6
*** SHOW DOWN ***
Brama Br: shows [6h 7s] (a straight, Six to Ten)
simper11: shows [Js Qd] (a straight, Eight to Queen)
simper11 collected $83.50 from pot
*** SUMMARY ***
Total pot $84 | Rake $0.50
Board [9h Tc As 4h 8c]
Seat 2: Brama Br (button) (small blind) showed [6h 7s] and lost with a straight, Six to Ten
Seat 5: simper11 (big blind) showed [Js Qd] and won ($83.50) with a straight, Eight to Queen


PokerStars Hand #156361778554:  Hold'em Limit ($3/$6 USD) - 2016/07/23 20:28:31 ET
Table 'Camilla' 10-max Seat #5 is the button
Seat 2: Brama Br ($417.05 in chips)
Seat 5: simper11 ($134.68 in chips)
simper11: posts small blind $1
Brama Br: posts big blind $3
*** HOLE CARDS ***
simper11: raises $3 to $6
Brama Br: calls $3
*** FLOP *** [2c Qc 3s]
Brama Br: checks
simper11: bets $3
Brama Br: calls $3
*** TURN *** [2c Qc 3s] [2d]
Brama Br: checks
simper11: bets $6
Brama Br: calls $6
*** RIVER *** [2c Qc 3s 2d] [Ac]
Brama Br: checks
simper11: checks
*** SHOW DOWN ***
Brama Br: shows [3d 8d] (two pair, Threes and Deuces)
simper11: mucks hand
Brama Br collected $29.50 from pot
*** SUMMARY ***
Total pot $30 | Rake $0.50
Board [2c Qc 3s 2d Ac]
Seat 2: Brama Br (big blind) showed [3d 8d] and won ($29.50) with two pair, Threes and Deuces
Seat 5: simper11 (button) (small blind) mucked


PokerStars Hand #156361773790:  Hold'em Limit ($3/$6 USD) - 2016/07/23 20:28:20 ET
Table 'Camilla' 10-max Seat #2 is the button
Seat 2: Brama Br ($426.05 in chips)
Seat 5: simper11 ($126.04 in chips)
Brama Br: posts small blind $1
simper11: posts big blind $3
*** HOLE CARDS ***
Brama Br: raises $3 to $6
simper11: raises $3 to $9
Brama Br: calls $3
*** FLOP *** [9d Ac 2d]
simper11: bets $3
Brama Br: folds
Uncalled bet ($3) returned to simper11
simper11 collected $17.64 from pot
simper11: doesn't show hand
*** SUMMARY ***
Total pot $18 | Rake $0.36
Board [9d Ac 2d]
Seat 2: Brama Br (button) (small blind) folded on the Flop
Seat 5: simper11 (big blind) collected ($17.64)


PokerStars Hand #156361821122:  Hold'em Limit ($3/$6 USD) - 2016/07/23 20:30:05 ET
Table 'Camilla' 10-max Seat #2 is the button
Seat 2: Brama Br ($397.69 in chips)
Seat 5: simper11 ($152.14 in chips)
Brama Br: posts small blind $1
simper11: posts big blind $3
*** HOLE CARDS ***
Brama Br: raises $3 to $6
simper11: calls $3
*** FLOP *** [5h 7c 9s]
simper11: checks
Brama Br: bets $3
simper11: folds
Uncalled bet ($3) returned to Brama Br
Brama Br collected $11.76 from pot
Brama Br: doesn't show hand
*** SUMMARY ***
Total pot $12 | Rake $0.24
Board [5h 7c 9s]
Seat 2: Brama Br (button) (small blind) collected ($11.76)
Seat 5: simper11 (big blind) folded on the Flop


PokerStars Hand #156361818475:  Hold'em Limit ($3/$6 USD) - 2016/07/23 20:29:59 ET
Table 'Camilla' 10-max Seat #5 is the button
Seat 2: Brama Br ($400.69 in chips)
Seat 5: simper11 ($149.14 in chips)
simper11: posts small blind $1
Brama Br: posts big blind $3
*** HOLE CARDS ***
simper11: raises $3 to $6
Brama Br: folds
Uncalled bet ($3) returned to simper11
simper11 collected $6 from pot
simper11: doesn't show hand
*** SUMMARY ***
Total pot $6 | Rake $0
Seat 2: Brama Br (big blind) folded before Flop
Seat 5: simper11 (button) (small blind) collected ($6)


PokerStars Hand #156361810642:  Hold'em Limit ($3/$6 USD) - 2016/07/23 20:29:42 ET
Table 'Camilla' 10-max Seat #2 is the button
Seat 2: Brama Br ($386.19 in chips)
Seat 5: simper11 ($164.14 in chips)
Brama Br: posts small blind $1
simper11: posts big blind $3
*** HOLE CARDS ***
Brama Br: raises $3 to $6
simper11: calls $3
*** FLOP *** [4s Ks 8c]
simper11: checks
Brama Br: bets $3
simper11: calls $3
*** TURN *** [4s Ks 8c] [Js]
simper11: checks
Brama Br: bets $6
simper11: calls $6
*** RIVER *** [4s Ks 8c Js] [Jh]
simper11: checks
Brama Br: bets $6
simper11: folds
Uncalled bet ($6) returned to Brama Br
Brama Br collected $29.50 from pot
Brama Br: doesn't show hand
*** SUMMARY ***
Total pot $30 | Rake $0.50
Board [4s Ks 8c Js Jh]
Seat 2: Brama Br (button) (small blind) collected ($29.50)
Seat 5: simper11 (big blind) folded on the River


PokerStars Hand #156361807057:  Hold'em Limit ($3/$6 USD) - 2016/07/23 20:29:34 ET
Table 'Camilla' 10-max Seat #5 is the button
Seat 2: Brama Br ($389.19 in chips)
Seat 5: simper11 ($161.14 in chips)
simper11: posts small blind $1
Brama Br: posts big blind $3
*** HOLE CARDS ***
simper11: raises $3 to $6
Brama Br: folds
Uncalled bet ($3) returned to simper11
simper11 collected $6 from pot
simper11: doesn't show hand
*** SUMMARY ***
Total pot $6 | Rake $0
Seat 2: Brama Br (big blind) folded before Flop
Seat 5: simper11 (button) (small blind) collected ($6)


PokerStars Hand #156361799141:  Hold'em Limit ($3/$6 USD) - 2016/07/23 20:29:16 ET
Table 'Camilla' 10-max Seat #2 is the button
Seat 2: Brama Br ($380.55 in chips)
Seat 5: simper11 ($170.14 in chips)
Brama Br: posts small blind $1
simper11: posts big blind $3
*** HOLE CARDS ***
Brama Br: raises $3 to $6
simper11: calls $3
*** FLOP *** [Js 2s Qh]
simper11: checks
Brama Br: bets $3
simper11: calls $3
*** TURN *** [Js 2s Qh] [Ah]
simper11: checks
Brama Br: bets $6
simper11: folds
Uncalled bet ($6) returned to Brama Br
Brama Br collected $17.64 from pot
Brama Br: doesn't show hand
*** SUMMARY ***
Total pot $18 | Rake $0.36
Board [Js 2s Qh Ah]
Seat 2: Brama Br (button) (small blind) collected ($17.64)
Seat 5: simper11 (big blind) folded on the Turn


PokerStars Hand #156361848776:  Hold'em Limit ($3/$6 USD) - 2016/07/23 20:31:06 ET
Table 'Camilla' 10-max Seat #2 is the button
Seat 2: Brama Br ($358.45 in chips)
Seat 5: simper11 ($189.64 in chips)
Brama Br: posts small blind $1
simper11: posts big blind $3
*** HOLE CARDS ***
Brama Br: raises $3 to $6
simper11: calls $3
*** FLOP *** [2c 6h Tc]
simper11: checks
Brama Br: checks
*** TURN *** [2c 6h Tc] [Td]
simper11: bets $6
Brama Br: calls $6
*** RIVER *** [2c 6h Tc Td] [Jd]
simper11: bets $6
Brama Br: calls $6
*** SHOW DOWN ***
simper11: shows [Ac 9h] (a pair of Tens)
Brama Br: mucks hand
simper11 collected $35.50 from pot
*** SUMMARY ***
Total pot $36 | Rake $0.50
Board [2c 6h Tc Td Jd]
Seat 2: Brama Br (button) (small blind) mucked
Seat 5: simper11 (big blind) showed [Ac 9h] and won ($35.50) with a pair of Tens


PokerStars Hand #156361841712:  Hold'em Limit ($3/$6 USD) - 2016/07/23 20:30:51 ET
Table 'Camilla' 10-max Seat #5 is the button
Seat 2: Brama Br ($373.45 in chips)
Seat 5: simper11 ($175.14 in chips)
simper11: posts small blind $1
Brama Br: posts big blind $3
*** HOLE CARDS ***
simper11: raises $3 to $6
Brama Br: calls $3
*** FLOP *** [4d 2c 7c]
Brama Br: checks
simper11: bets $3
Brama Br: calls $3
*** TURN *** [4d 2c 7c] [9d]
Brama Br: checks
simper11: checks
*** RIVER *** [4d 2c 7c 9d] [9c]
Brama Br: bets $6
simper11: calls $6
*** SHOW DOWN ***
Brama Br: shows [8s Th] (a pair of Nines)
simper11: shows [Kd 2s] (two pair, Nines and Deuces)
simper11 collected $29.50 from pot
*** SUMMARY ***
Total pot $30 | Rake $0.50
Board [4d 2c 7c 9d 9c]
Seat 2: Brama Br (big blind) showed [8s Th] and lost with a pair of Nines
Seat 5: simper11 (button) (small blind) showed [Kd 2s] and won ($29.50) with two pair, Nines and Deuces


PokerStars Hand #156361832877:  Hold'em Limit ($3/$6 USD) - 2016/07/23 20:30:31 ET
Table 'Camilla' 10-max Seat #2 is the button
Seat 2: Brama Br ($388.45 in chips)
Seat 5: simper11 ($160.64 in chips)
Brama Br: posts small blind $1
simper11: posts big blind $3
*** HOLE CARDS ***
Brama Br: raises $3 to $6
simper11: calls $3
*** FLOP *** [6s Jd 2s]
simper11: checks
Brama Br: bets $3
simper11: calls $3
*** TURN *** [6s Jd 2s] [6d]
simper11: checks
Brama Br: checks
*** RIVER *** [6s Jd 2s 6d] [5s]
simper11: checks
Brama Br: bets $6
simper11: calls $6
*** SHOW DOWN ***
Brama Br: shows [8s Th] (a pair of Sixes)
simper11: shows [Kd 7c] (a pair of Sixes - King kicker)
simper11 collected $29.50 from pot
*** SUMMARY ***
Total pot $30 | Rake $0.50
Board [6s Jd 2s 6d 5s]
Seat 2: Brama Br (button) (small blind) showed [8s Th] and lost with a pair of Sixes
Seat 5: simper11 (big blind) showed [Kd 7c] and won ($29.50) with a pair of Sixes


PokerStars Hand #156361825011:  Hold'em Limit ($3/$6 USD) - 2016/07/23 20:30:13 ET
Table 'Camilla' 10-max Seat #5 is the button
Seat 2: Brama Br ($403.45 in chips)
Seat 5: simper11 ($146.14 in chips)
simper11: posts small blind $1
Brama Br: posts big blind $3
*** HOLE CARDS ***
simper11: raises $3 to $6
Brama Br: calls $3
*** FLOP *** [Qs Kh 3s]
Brama Br: checks
simper11: bets $3
Brama Br: calls $3
*** TURN *** [Qs Kh 3s] [Td]
Brama Br: checks
simper11: bets $6
Brama Br: calls $6
*** RIVER *** [Qs Kh 3s Td] [8h]
Brama Br: checks
simper11: bets $6
Brama Br: folds
Uncalled bet ($6) returned to simper11
simper11 collected $29.50 from pot
simper11: doesn't show hand
*** SUMMARY ***
Total pot $30 | Rake $0.50
Board [Qs Kh 3s Td 8h]
Seat 2: Brama Br (big blind) folded on the River
Seat 5: simper11 (button) (small blind) collected ($29.50)


PokerStars Hand #156361869104:  Hold'em Limit ($3/$6 USD) - 2016/07/23 20:31:52 ET
Table 'Camilla' 10-max Seat #2 is the button
Seat 2: Brama Br ($348.95 in chips)
Seat 5: simper11 ($198.14 in chips)
Brama Br: posts small blind $1
simper11: posts big blind $3
*** HOLE CARDS ***
Brama Br: raises $3 to $6
simper11: calls $3
*** FLOP *** [Jc 8s 2d]
simper11: checks
Brama Br: bets $3
simper11: calls $3
*** TURN *** [Jc 8s 2d] [4c]
simper11: checks
Brama Br: bets $6
simper11: calls $6
*** RIVER *** [Jc 8s 2d 4c] [3s]
simper11: checks
Brama Br: bets $6
simper11: folds
Uncalled bet ($6) returned to Brama Br
Brama Br collected $29.50 from pot
Brama Br: doesn't show hand
*** SUMMARY ***
Total pot $30 | Rake $0.50
Board [Jc 8s 2d 4c 3s]
Seat 2: Brama Br (button) (small blind) collected ($29.50)
Seat 5: simper11 (big blind) folded on the River


PokerStars Hand #156361866622:  Hold'em Limit ($3/$6 USD) - 2016/07/23 20:31:46 ET
Table 'Camilla' 10-max Seat #5 is the button
Seat 2: Brama Br ($351.95 in chips)
Seat 5: simper11 ($195.14 in chips)
simper11: posts small blind $1
Brama Br: posts big blind $3
*** HOLE CARDS ***
simper11: raises $3 to $6
Brama Br: folds
Uncalled bet ($3) returned to simper11
simper11 collected $6 from pot
simper11: doesn't show hand
*** SUMMARY ***
Total pot $6 | Rake $0
Seat 2: Brama Br (big blind) folded before Flop
Seat 5: simper11 (button) (small blind) collected ($6)


PokerStars Hand #156361858669:  Hold'em Limit ($3/$6 USD) - 2016/07/23 20:31:29 ET
Table 'Camilla' 10-max Seat #2 is the button
Seat 2: Brama Br ($337.45 in chips)
Seat 5: simper11 ($210.14 in chips)
Brama Br: posts small blind $1
simper11: posts big blind $3
*** HOLE CARDS ***
Brama Br: raises $3 to $6
simper11: raises $3 to $9
Brama Br: raises $3 to $12
Betting is capped
simper11: calls $3
*** FLOP *** [9c 4s 2s]
simper11: checks
Brama Br: bets $3
simper11: calls $3
*** TURN *** [9c 4s 2s] [7s]
simper11: checks
Brama Br: bets $6
simper11: folds
Uncalled bet ($6) returned to Brama Br
Brama Br collected $29.50 from pot
Brama Br: doesn't show hand
*** SUMMARY ***
Total pot $30 | Rake $0.50
Board [9c 4s 2s 7s]
Seat 2: Brama Br (button) (small blind) collected ($29.50)
Seat 5: simper11 (big blind) folded on the Turn


PokerStars Hand #156361855896:  Hold'em Limit ($3/$6 USD) - 2016/07/23 20:31:22 ET
Table 'Camilla' 10-max Seat #5 is the button
Seat 2: Brama Br ($340.45 in chips)
Seat 5: simper11 ($207.14 in chips)
simper11: posts small blind $1
Brama Br: posts big blind $3
*** HOLE CARDS ***
simper11: raises $3 to $6
Brama Br: folds
Uncalled bet ($3) returned to simper11
simper11 collected $6 from pot
simper11: doesn't show hand
*** SUMMARY ***
Total pot $6 | Rake $0
Seat 2: Brama Br (big blind) folded before Flop
Seat 5: simper11 (button) (small blind) collected ($6)


PokerStars Hand #156361876901:  Hold'em Limit ($3/$6 USD) - 2016/07/23 20:32:09 ET
Table 'Camilla' 10-max Seat #5 is the button
Seat 2: Brama Br ($363.45 in chips)
Seat 5: simper11 ($183.14 in chips)
simper11: posts small blind $1
Brama Br: posts big blind $3
*** HOLE CARDS ***
simper11: raises $3 to $6
Brama Br: raises $3 to $9
simper11: calls $3
*** FLOP *** [Js Jd 6h]
Brama Br: bets $3
simper11: calls $3
*** TURN *** [Js Jd 6h] [5h]
Brama Br: bets $6
simper11: calls $6
*** RIVER *** [Js Jd 6h 5h] [5d]
Brama Br: bets $6
simper11: calls $6
*** SHOW DOWN ***
Brama Br: shows [Jc As] (a full house, Jacks full of Fives)
simper11: mucks hand
Brama Br collected $47.50 from pot
*** SUMMARY ***
Total pot $48 | Rake $0.50
Board [Js Jd 6h 5h 5d]
Seat 2: Brama Br (big blind) showed [Jc As] and won ($47.50) with a full house, Jacks full of Fives
Seat 5: simper11 (button) (small blind) mucked


PokerStars Hand #156361899931:  Hold'em Limit ($3/$6 USD) - 2016/07/23 20:33:00 ET
Table 'Camilla' 10-max Seat #5 is the button
Seat 2: Brama Br ($422.21 in chips)
Seat 5: simper11 ($123.14 in chips)
simper11: posts small blind $1
Brama Br: posts big blind $3
*** HOLE CARDS ***
simper11: raises $3 to $6
Brama Br: calls $3
*** FLOP *** [5h 8d 6c]
Brama Br: checks
simper11: bets $3
Brama Br: raises $3 to $6
simper11: calls $3
*** TURN *** [5h 8d 6c] [2h]
Brama Br: bets $6
simper11: raises $6 to $12
Brama Br: calls $6
*** RIVER *** [5h 8d 6c 2h] [Kd]
Brama Br: checks
simper11: bets $6
Brama Br: calls $6
*** SHOW DOWN ***
simper11: shows [Ad 8h] (a pair of Eights)
Brama Br: shows [7h Kc] (a pair of Kings)
Brama Br collected $59.50 from pot
*** SUMMARY ***
Total pot $60 | Rake $0.50
Board [5h 8d 6c 2h Kd]
Seat 2: Brama Br (big blind) showed [7h Kc] and won ($59.50) with a pair of Kings
Seat 5: simper11 (button) (small blind) showed [Ad 8h] and lost with a pair of Eights


PokerStars Hand #156361897080:  Hold'em Limit ($3/$6 USD) - 2016/07/23 20:32:54 ET
Table 'Camilla' 10-max Seat #2 is the button
Seat 2: Brama Br ($419.21 in chips)
Seat 5: simper11 ($126.14 in chips)
Brama Br: posts small blind $1
simper11: posts big blind $3
*** HOLE CARDS ***
Brama Br: raises $3 to $6
simper11: folds
Uncalled bet ($3) returned to Brama Br
Brama Br collected $6 from pot
Brama Br: doesn't show hand
*** SUMMARY ***
Total pot $6 | Rake $0
Seat 2: Brama Br (button) (small blind) collected ($6)
Seat 5: simper11 (big blind) folded before Flop


PokerStars Hand #156361888604:  Hold'em Limit ($3/$6 USD) - 2016/07/23 20:32:35 ET
Table 'Camilla' 10-max Seat #5 is the button
Seat 2: Brama Br ($392.71 in chips)
Seat 5: simper11 ($153.14 in chips)
simper11: posts small blind $1
Brama Br: posts big blind $3
*** HOLE CARDS ***
simper11: raises $3 to $6
Brama Br: calls $3
*** FLOP *** [2d Ah 7d]
Brama Br: checks
simper11: bets $3
Brama Br: calls $3
*** TURN *** [2d Ah 7d] [6d]
Brama Br: checks
simper11: bets $6
Brama Br: raises $6 to $12
simper11: calls $6
*** RIVER *** [2d Ah 7d 6d] [Jd]
Brama Br: bets $6
simper11: calls $6
*** SHOW DOWN ***
Brama Br: shows [6h 7c] (two pair, Sevens and Sixes)
simper11: mucks hand
Brama Br collected $53.50 from pot
*** SUMMARY ***
Total pot $54 | Rake $0.50
Board [2d Ah 7d 6d Jd]
Seat 2: Brama Br (big blind) showed [6h 7c] and won ($53.50) with two pair, Sevens and Sixes
Seat 5: simper11 (button) (small blind) mucked


PokerStars Hand #156361883725:  Hold'em Limit ($3/$6 USD) - 2016/07/23 20:32:25 ET
Table 'Camilla' 10-max Seat #2 is the button
Seat 2: Brama Br ($386.95 in chips)
Seat 5: simper11 ($159.14 in chips)
Brama Br: posts small blind $1
simper11: posts big blind $3
*** HOLE CARDS ***
Brama Br: raises $3 to $6
simper11: calls $3
*** FLOP *** [Ts Ad 3s]
simper11: checks
Brama Br: bets $3
simper11: folds
Uncalled bet ($3) returned to Brama Br
Brama Br collected $11.76 from pot
Brama Br: doesn't show hand
*** SUMMARY ***
Total pot $12 | Rake $0.24
Board [Ts Ad 3s]
Seat 2: Brama Br (button) (small blind) collected ($11.76)
Seat 5: simper11 (big blind) folded on the Flop


PokerStars Hand #156361911776:  Hold'em Limit ($3/$6 USD) - 2016/07/23 20:33:27 ET
Table 'Camilla' 10-max Seat #5 is the button
Seat 2: Brama Br ($454.71 in chips)
Seat 5: simper11 ($120 in chips)
simper11: posts small blind $1
simper11 said, "ololo"
simper11 said, "lolo"
Brama Br: posts big blind $3
*** HOLE CARDS ***
simper11: folds
Uncalled bet ($2) returned to Brama Br
Brama Br collected $2 from pot
Brama Br: doesn't show hand
*** SUMMARY ***
Total pot $2 | Rake $0
Seat 2: Brama Br (big blind) collected ($2)
Seat 5: simper11 (button) (small blind) folded before Flop


PokerStars Hand #156361908587:  Hold'em Limit ($3/$6 USD) - 2016/07/23 20:33:20 ET
Table 'Camilla' 10-max Seat #2 is the button
Seat 2: Brama Br ($451.71 in chips)
Seat 5: simper11 ($120 in chips)
Brama Br: posts small blind $1
simper11: posts big blind $3
*** HOLE CARDS ***
simper11 said, "lol"
Brama Br: raises $3 to $6
simper11 said, "ololo"
simper11: folds
Uncalled bet ($3) returned to Brama Br
simper11 said, "loloolololololo"
simper11 said, "lol"
Brama Br collected $6 from pot
simper11 said, "olololo"
Brama Br: doesn't show hand
simper11 said, "lolol"
*** SUMMARY ***
Total pot $6 | Rake $0
Seat 2: Brama Br (button) (small blind) collected ($6)
Seat 5: simper11 (big blind) folded before Flop


PokerStars Hand #156361939987:  Hold'em Limit ($3/$6 USD) - 2016/07/23 20:34:30 ET
Table 'Camilla' 10-max Seat #5 is the button
Seat 2: Brama Br ($425.71 in chips)
Seat 5: simper11 ($149.50 in chips)
simper11: posts small blind $1
Brama Br: posts big blind $3
*** HOLE CARDS ***
simper11: raises $3 to $6
Brama Br: calls $3
*** FLOP *** [4c 4h As]
Brama Br: checks
simper11: checks
*** TURN *** [4c 4h As] [Jc]
Brama Br: bets $6
simper11: folds
Uncalled bet ($6) returned to Brama Br
Brama Br collected $11.76 from pot
Brama Br: doesn't show hand
*** SUMMARY ***
Total pot $12 | Rake $0.24
Board [4c 4h As Jc]
Seat 2: Brama Br (big blind) collected ($11.76)
Seat 5: simper11 (button) (small blind) folded on the Turn


PokerStars Hand #156361914008:  Hold'em Limit ($3/$6 USD) - 2016/07/23 20:33:32 ET
Table 'Camilla' 10-max Seat #2 is the button
Seat 2: Brama Br ($455.71 in chips)
Seat 5: simper11 ($120 in chips)
Brama Br: posts small blind $1
simper11: posts big blind $3
*** HOLE CARDS ***
Brama Br: raises $3 to $6
simper11: calls $3
*** FLOP *** [5d Qd 7s]
simper11: checks
Brama Br: bets $3
simper11: raises $3 to $6
Brama Br: calls $3
*** TURN *** [5d Qd 7s] [Js]
simper11: checks
Brama Br: bets $6
simper11: raises $6 to $12
Brama Br: calls $6
*** RIVER *** [5d Qd 7s Js] [Ks]
a.v.kopli joins the table at seat #4
simper11: bets $6
Brama Br: calls $6
*** SHOW DOWN ***
simper11: shows [Ts Qc] (a pair of Queens)
Brama Br: mucks hand
simper11 collected $59.50 from pot
*** SUMMARY ***
Total pot $60 | Rake $0.50
Board [5d Qd 7s Js Ks]
Seat 2: Brama Br (button) (small blind) mucked
Seat 5: simper11 (big blind) showed [Ts Qc] and won ($59.50) with a pair of Queens


PokerStars Hand #156362238338:  Hold'em Limit ($3/$6 USD) - 2016/07/23 20:45:53 ET
Table 'Camilla' 10-max Seat #5 is the button
Seat 4: a.v.kopli ($205.84 in chips)
Seat 5: simper11 ($142.56 in chips)
simper11: posts small blind $1
Masqb: is sitting out
a.v.kopli: posts big blind $3
*** HOLE CARDS ***
simper11: raises $3 to $6
a.v.kopli: folds
Uncalled bet ($3) returned to simper11
simper11 collected $6 from pot
simper11: doesn't show hand
*** SUMMARY ***
Total pot $6 | Rake $0
Seat 4: a.v.kopli (big blind) folded before Flop
Seat 5: simper11 (button) (small blind) collected ($6)


PokerStars Hand #156362241541:  Hold'em Limit ($3/$6 USD) - 2016/07/23 20:46:00 ET
Table 'Camilla' 10-max Seat #4 is the button
Seat 4: a.v.kopli ($202.84 in chips)
Seat 5: simper11 ($145.56 in chips)
a.v.kopli: posts small blind $1
simper11: posts big blind $3
*** HOLE CARDS ***
Masqb leaves the table
a.v.kopli: raises $3 to $6
simper11: calls $3
*** FLOP *** [6h Qd 9c]
simper11: checks
a.v.kopli: bets $3
simper11: calls $3
*** TURN *** [6h Qd 9c] [6d]
simper11: checks
a.v.kopli: bets $6
simper11: calls $6
*** RIVER *** [6h Qd 9c 6d] [Qs]
simper11: checks
a.v.kopli: checks
*** SHOW DOWN ***
simper11: shows [Jd 7d] (two pair, Queens and Sixes)
a.v.kopli: shows [Kh 8d] (two pair, Queens and Sixes - King kicker)
a.v.kopli collected $29.50 from pot
*** SUMMARY ***
Total pot $30 | Rake $0.50
Board [6h Qd 9c 6d Qs]
Seat 4: a.v.kopli (button) (small blind) showed [Kh 8d] and won ($29.50) with two pair, Queens and Sixes
Seat 5: simper11 (big blind) showed [Jd 7d] and lost with two pair, Queens and Sixes


PokerStars Hand #156362249290:  Hold'em Limit ($3/$6 USD) - 2016/07/23 20:46:18 ET
Table 'Camilla' 10-max Seat #5 is the button
Seat 4: a.v.kopli ($217.34 in chips)
Seat 5: simper11 ($130.56 in chips)
simper11: posts small blind $1
a.v.kopli: posts big blind $3
*** HOLE CARDS ***
simper11: raises $3 to $6
a.v.kopli: calls $3
*** FLOP *** [9s Qh 3s]
a.v.kopli: checks
simper11: bets $3
a.v.kopli: raises $3 to $6
simper11: raises $3 to $9
a.v.kopli: raises $3 to $12
Betting is capped
simper11: calls $3
*** TURN *** [9s Qh 3s] [Js]
a.v.kopli: checks
simper11: bets $6
a.v.kopli: calls $6
*** RIVER *** [9s Qh 3s Js] [5c]
a.v.kopli: checks
simper11: bets $6
a.v.kopli: calls $6
*** SHOW DOWN ***
simper11: shows [Ks 8s] (a flush, King high)
a.v.kopli: mucks hand
simper11 collected $59.50 from pot
*** SUMMARY ***
Total pot $60 | Rake $0.50
Board [9s Qh 3s Js 5c]
Seat 4: a.v.kopli (big blind) mucked
Seat 5: simper11 (button) (small blind) showed [Ks 8s] and won ($59.50) with a flush, King high


PokerStars Hand #156362260928:  Hold'em Limit ($3/$6 USD) - 2016/07/23 20:46:45 ET
Table 'Camilla' 10-max Seat #4 is the button
Seat 4: a.v.kopli ($187.34 in chips)
Seat 5: simper11 ($160.06 in chips)
a.v.kopli: posts small blind $1
simper11: posts big blind $3
*** HOLE CARDS ***
a.v.kopli: folds
Uncalled bet ($2) returned to simper11
simper11 collected $2 from pot
simper11: doesn't show hand
*** SUMMARY ***
Total pot $2 | Rake $0
Seat 4: a.v.kopli (button) (small blind) folded before Flop
Seat 5: simper11 (big blind) collected ($2)


