PokerStars Hand #155828346887:  Hold'em Limit ($3/$6 USD) - 2016/07/11 6:23:07 ET
Table 'Camilla II' 6-max Seat #3 is the button
Seat 3: zabimeister ($120 in chips)
Seat 4: TbIP-TbIP 88 ($72 in chips)
zabimeister: posts small blind $1
TbIP-TbIP 88: posts big blind $3
*** HOLE CARDS ***
zabimeister: raises $3 to $6
TbIP-TbIP 88: calls $3
*** FLOP *** [Jd As 6h]
TbIP-TbIP 88: checks
zabimeister: bets $3
TbIP-TbIP 88: folds
Uncalled bet ($3) returned to zabimeister
zabimeister collected $11.76 from pot
zabimeister: doesn't show hand
*** SUMMARY ***
Total pot $12 | Rake $0.24
Board [Jd As 6h]
Seat 3: zabimeister (button) (small blind) collected ($11.76)
Seat 4: TbIP-TbIP 88 (big blind) folded on the Flop


PokerStars Hand #155828356826:  Hold'em Limit ($3/$6 USD) - 2016/07/11 6:23:35 ET
Table 'Camilla II' 6-max Seat #4 is the button
Seat 3: zabimeister ($125.76 in chips)
Seat 4: TbIP-TbIP 88 ($72 in chips)
TbIP-TbIP 88: posts small blind $1
zabimeister: posts big blind $3
*** HOLE CARDS ***
TbIP-TbIP 88: raises $3 to $6
zabimeister: calls $3
*** FLOP *** [2c 6d 5s]
zabimeister: checks
TbIP-TbIP 88: checks
*** TURN *** [2c 6d 5s] [Tc]
zabimeister: bets $6
TbIP-TbIP 88: calls $6
*** RIVER *** [2c 6d 5s Tc] [Ks]
zabimeister: bets $6
TbIP-TbIP 88: raises $6 to $12
zabimeister: folds
Uncalled bet ($6) returned to TbIP-TbIP 88
TbIP-TbIP 88 collected $35.50 from pot
TbIP-TbIP 88: doesn't show hand
*** SUMMARY ***
Total pot $36 | Rake $0.50
Board [2c 6d 5s Tc Ks]
Seat 3: zabimeister (big blind) folded on the River
Seat 4: TbIP-TbIP 88 (button) (small blind) collected ($35.50)


PokerStars Hand #155828366652:  Hold'em Limit ($3/$6 USD) - 2016/07/11 6:24:03 ET
Table 'Camilla II' 6-max Seat #3 is the button
Seat 3: zabimeister ($107.76 in chips)
Seat 4: TbIP-TbIP 88 ($89.50 in chips)
zabimeister: posts small blind $1
TbIP-TbIP 88: posts big blind $3
*** HOLE CARDS ***
zabimeister: raises $3 to $6
TbIP-TbIP 88: calls $3
*** FLOP *** [9h 4d 9s]
TbIP-TbIP 88: checks
zabimeister: bets $3
TbIP-TbIP 88: calls $3
*** TURN *** [9h 4d 9s] [5c]
TbIP-TbIP 88: checks
zabimeister: bets $6
TbIP-TbIP 88: calls $6
*** RIVER *** [9h 4d 9s 5c] [7d]
TbIP-TbIP 88: checks
zabimeister: bets $6
TbIP-TbIP 88: calls $6
*** SHOW DOWN ***
zabimeister: shows [Qd 7s] (two pair, Nines and Sevens)
TbIP-TbIP 88: mucks hand
zabimeister collected $41.50 from pot
*** SUMMARY ***
Total pot $42 | Rake $0.50
Board [9h 4d 9s 5c 7d]
Seat 3: zabimeister (button) (small blind) showed [Qd 7s] and won ($41.50) with two pair, Nines and Sevens
Seat 4: TbIP-TbIP 88 (big blind) mucked


PokerStars Hand #155828385617:  Hold'em Limit ($3/$6 USD) - 2016/07/11 6:24:58 ET
Table 'Camilla II' 6-max Seat #4 is the button
Seat 3: zabimeister ($128.26 in chips)
Seat 4: TbIP-TbIP 88 ($72 in chips)
TbIP-TbIP 88: posts small blind $1
zabimeister: posts big blind $3
*** HOLE CARDS ***
TbIP-TbIP 88: raises $3 to $6
zabimeister: calls $3
*** FLOP *** [Kc Td 5h]
zabimeister: checks
TbIP-TbIP 88: bets $3
zabimeister: folds
Uncalled bet ($3) returned to TbIP-TbIP 88
TbIP-TbIP 88 collected $11.76 from pot
TbIP-TbIP 88: doesn't show hand
*** SUMMARY ***
Total pot $12 | Rake $0.24
Board [Kc Td 5h]
Seat 3: zabimeister (big blind) folded on the Flop
Seat 4: TbIP-TbIP 88 (button) (small blind) collected ($11.76)


