PokerStars Hand #144791560125:  Hold'em Limit ($3/$6 USD) - 2015/12/03 23:43:53 ET
Table 'Campania' 2-max Seat #1 is the button
Seat 1: ct-650 ($151.64 in chips)
Seat 2: jl45259071 ($43.42 in chips)
ct-650: posts small blind $1
jl45259071: posts big blind $3
*** HOLE CARDS ***
ct-650: raises $3 to $6
jl45259071: calls $3
*** FLOP *** [8c 6d Kd]
jl45259071: checks
ct-650: bets $3
jl45259071: folds
Uncalled bet ($3) returned to ct-650
ct-650 collected $11.76 from pot
*** SUMMARY ***
Total pot $12 | Rake $0.24
Board [8c 6d Kd]
Seat 1: ct-650 (button) (small blind) collected ($11.76)
Seat 2: jl45259071 (big blind) folded on the Flop


PokerStars Hand #144791555043:  Hold'em Limit ($3/$6 USD) - 2015/12/03 23:43:34 ET
Table 'Campania' 2-max Seat #1 is the button
Seat 1: ct-650 ($149.76 in chips)
Seat 2: jl45259071 ($45.42 in chips)
ct-650: posts small blind $1
jl45259071: posts big blind $3
*** HOLE CARDS ***
ct-650: folds
Uncalled bet ($2) returned to jl45259071
jl45259071 collected $2 from pot
jl45259071: doesn't show hand
*** SUMMARY ***
Total pot $2 | Rake $0
Seat 1: ct-650 (button) (small blind) folded before Flop
Seat 2: jl45259071 (big blind) collected ($2)


PokerStars Hand #144791553206:  Hold'em Limit ($3/$6 USD) - 2015/12/03 23:43:27 ET
Table 'Campania' 2-max Seat #2 is the button
Seat 1: ct-650 ($152.76 in chips)
Seat 2: jl45259071 ($42.42 in chips)
jl45259071: posts small blind $1
ct-650: posts big blind $3
*** HOLE CARDS ***
jl45259071: raises $3 to $6
ct-650: folds
Uncalled bet ($3) returned to jl45259071
jl45259071 collected $6 from pot
jl45259071: doesn't show hand
*** SUMMARY ***
Total pot $6 | Rake $0
Seat 1: ct-650 (big blind) folded before Flop
Seat 2: jl45259071 (button) (small blind) collected ($6)


PokerStars Hand #144791548382:  Hold'em Limit ($3/$6 USD) - 2015/12/03 23:43:09 ET
Table 'Campania' 2-max Seat #1 is the button
Seat 1: ct-650 ($147 in chips)
Seat 2: jl45259071 ($48.42 in chips)
ct-650: posts small blind $1
jl45259071: posts big blind $3
*** HOLE CARDS ***
ct-650: raises $3 to $6
jl45259071: calls $3
*** FLOP *** [Qd 3h 5d]
jl45259071: checks
ct-650: bets $3
jl45259071: folds
Uncalled bet ($3) returned to ct-650
ct-650 collected $11.76 from pot
*** SUMMARY ***
Total pot $12 | Rake $0.24
Board [Qd 3h 5d]
Seat 1: ct-650 (button) (small blind) collected ($11.76)
Seat 2: jl45259071 (big blind) folded on the Flop


PokerStars Hand #144791564004:  Hold'em Limit ($3/$6 USD) - 2015/12/03 23:44:08 ET
Table 'Campania' 2-max Seat #2 is the button
Seat 1: ct-650 ($157.40 in chips)
Seat 2: jl45259071 ($37.42 in chips)
jl45259071: posts small blind $1
ct-650: posts big blind $3
*** HOLE CARDS ***
jl45259071: calls $2
ct-650: checks
*** FLOP *** [2s 7s Js]
ct-650: bets $3
jl45259071: raises $3 to $6
ct-650: calls $3
*** TURN *** [2s 7s Js] [6c]
ct-650: checks
jl45259071: checks
*** RIVER *** [2s 7s Js 6c] [3d]
ct-650: checks
jl45259071: checks
*** SHOW DOWN ***
ct-650: shows [7c 5d] (a pair of Sevens)
jl45259071: mucks hand
ct-650 collected $17.64 from pot
*** SUMMARY ***
Total pot $18 | Rake $0.36
Board [2s 7s Js 6c 3d]
Seat 1: ct-650 (big blind) showed [7c 5d] and won ($17.64) with a pair of Sevens
Seat 2: jl45259071 (button) (small blind) mucked


PokerStars Hand #144791576100:  Hold'em Limit ($3/$6 USD) - 2015/12/03 23:44:53 ET
Table 'Campania' 2-max Seat #1 is the button
Seat 1: ct-650 ($164.98 in chips)
Seat 2: jl45259071 ($29.36 in chips)
ct-650: posts small blind $1
jl45259071: posts big blind $3
*** HOLE CARDS ***
ct-650: raises $3 to $6
jl45259071: calls $3
*** FLOP *** [Qc Jh Ts]
jl45259071: checks
ct-650: bets $3
jl45259071: raises $3 to $6
ct-650: folds
Uncalled bet ($3) returned to jl45259071
jl45259071 collected $17.64 from pot
jl45259071: doesn't show hand
*** SUMMARY ***
Total pot $18 | Rake $0.36
Board [Qc Jh Ts]
Seat 1: ct-650 (button) (small blind) folded on the Flop
Seat 2: jl45259071 (big blind) collected ($17.64)


PokerStars Hand #144791569677:  Hold'em Limit ($3/$6 USD) - 2015/12/03 23:44:29 ET
Table 'Campania' 2-max Seat #2 is the button
Seat 1: ct-650 ($165.04 in chips)
Seat 2: jl45259071 ($29.42 in chips)
jl45259071: posts small blind $1
ct-650: posts big blind $3
*** HOLE CARDS ***
jl45259071: calls $2
ct-650: checks
*** FLOP *** [Ks 3s Kh]
ct-650: checks
jl45259071: checks
*** TURN *** [Ks 3s Kh] [Kd]
ct-650: checks
jl45259071: checks
*** RIVER *** [Ks 3s Kh Kd] [Ts]
ct-650: checks
jl45259071: checks
*** SHOW DOWN ***
ct-650: shows [6d Jh] (three of a kind, Kings)
jl45259071: shows [5h Jd] (three of a kind, Kings)
ct-650 collected $2.94 from pot
jl45259071 collected $2.94 from pot
*** SUMMARY ***
Total pot $6 | Rake $0.12
Board [Ks 3s Kh Kd Ts]
Seat 1: ct-650 (big blind) showed [6d Jh] and won ($2.94) with three of a kind, Kings
Seat 2: jl45259071 (button) (small blind) showed [5h Jd] and won ($2.94) with three of a kind, Kings


PokerStars Hand #144791568474:  Hold'em Limit ($3/$6 USD) - 2015/12/03 23:44:24 ET
Table 'Campania' 2-max Seat #1 is the button
Seat 1: ct-650 ($166.04 in chips)
Seat 2: jl45259071 ($28.42 in chips)
ct-650: posts small blind $1
jl45259071: posts big blind $3
*** HOLE CARDS ***
ct-650: folds
Uncalled bet ($2) returned to jl45259071
jl45259071 collected $2 from pot
jl45259071: doesn't show hand
*** SUMMARY ***
Total pot $2 | Rake $0
Seat 1: ct-650 (button) (small blind) folded before Flop
Seat 2: jl45259071 (big blind) collected ($2)


PokerStars Hand #144791594623:  Hold'em Limit ($3/$6 USD) - 2015/12/03 23:46:01 ET
Table 'Campania' 2-max Seat #1 is the button
Seat 1: ct-650 ($182.98 in chips)
Seat 2: jl45259071 ($9.80 in chips)
ct-650: posts small blind $1
jl45259071: posts big blind $3
*** HOLE CARDS ***
ct-650: raises $3 to $6
jl45259071: raises $3 to $9
ct-650: raises $3 to $12
Betting is capped
jl45259071: calls $0.80 and is all-in
Uncalled bet ($2.20) returned to ct-650
*** FLOP *** [8d Kc 9d]
*** TURN *** [8d Kc 9d] [Ah]
*** RIVER *** [8d Kc 9d Ah] [6h]
*** SHOW DOWN ***
jl45259071: shows [8c Qd] (a pair of Eights)
ct-650: shows [7d 9c] (a pair of Nines)
ct-650 collected $19.21 from pot
*** SUMMARY ***
Total pot $19.60 | Rake $0.39
Board [8d Kc 9d Ah 6h]
Seat 1: ct-650 (button) (small blind) showed [7d 9c] and won ($19.21) with a pair of Nines
Seat 2: jl45259071 (big blind) showed [8c Qd] and lost with a pair of Eights


PokerStars Hand #144791586405:  Hold'em Limit ($3/$6 USD) - 2015/12/03 23:45:31 ET
Table 'Campania' 2-max Seat #1 is the button
Seat 1: ct-650 ($170.48 in chips)
Seat 2: jl45259071 ($23 in chips)
ct-650: posts small blind $1
jl45259071: posts big blind $3
*** HOLE CARDS ***
ct-650: raises $3 to $6
jl45259071: raises $3 to $9
ct-650: calls $3
*** FLOP *** [Qd Kd 2c]
jl45259071: bets $3
ct-650: calls $3
*** TURN *** [Qd Kd 2c] [Js]
jl45259071: checks
ct-650: bets $6
jl45259071: calls $6
*** RIVER *** [Qd Kd 2c Js] [6s]
jl45259071: checks
ct-650: bets $6
jl45259071: folds
Uncalled bet ($6) returned to ct-650
ct-650 collected $35.50 from pot
*** SUMMARY ***
Total pot $36 | Rake $0.50
Board [Qd Kd 2c Js 6s]
Seat 1: ct-650 (button) (small blind) collected ($35.50)
Seat 2: jl45259071 (big blind) folded on the River


PokerStars Hand #144791581446:  Hold'em Limit ($3/$6 USD) - 2015/12/03 23:45:12 ET
Table 'Campania' 2-max Seat #2 is the button
Seat 1: ct-650 ($155.98 in chips)
Seat 2: jl45259071 ($38 in chips)
jl45259071: posts small blind $1
ct-650: posts big blind $3
*** HOLE CARDS ***
jl45259071: calls $2
ct-650: raises $3 to $6
jl45259071: calls $3
*** FLOP *** [2d 3d 2s]
ct-650: bets $3
jl45259071: calls $3
*** TURN *** [2d 3d 2s] [Jc]
ct-650: checks
jl45259071: checks
*** RIVER *** [2d 3d 2s Jc] [6c]
ct-650: checks
jl45259071: bets $6
ct-650: calls $6
*** SHOW DOWN ***
jl45259071: shows [7c 9c] (a pair of Deuces)
ct-650: shows [Kd Qc] (a pair of Deuces - King kicker)
ct-650 collected $29.50 from pot
*** SUMMARY ***
Total pot $30 | Rake $0.50
Board [2d 3d 2s Jc 6c]
Seat 1: ct-650 (big blind) showed [Kd Qc] and won ($29.50) with a pair of Deuces
Seat 2: jl45259071 (button) (small blind) showed [7c 9c] and lost with a pair of Deuces


