PokerStars Hand #152905770642:  Hold'em Limit ($3/$6 USD) - 2016/05/05 17:39:45 ET
Table 'Campanula' 6-max Seat #3 is the button
Seat 2: nrooooooooib ($29.15 in chips)
Seat 3: crash19867 ($130.65 in chips)
crash19867: posts small blind $1
nrooooooooib: posts big blind $3
*** HOLE CARDS ***
crash19867: raises $3 to $6
nrooooooooib: folds
Uncalled bet ($3) returned to crash19867
crash19867 collected $6 from pot
crash19867: doesn't show hand
*** SUMMARY ***
Total pot $6 | Rake $0
Seat 2: nrooooooooib (big blind) folded before Flop
Seat 3: crash19867 (button) (small blind) collected ($6)


PokerStars Hand #152905762001:  Hold'em Limit ($3/$6 USD) - 2016/05/05 17:39:35 ET
Table 'Campanula' 6-max Seat #2 is the button
Seat 2: nrooooooooib ($26.27 in chips)
Seat 3: crash19867 ($133.65 in chips)
nrooooooooib: posts small blind $1
crash19867: posts big blind $3
*** HOLE CARDS ***
nrooooooooib: calls $2
crash19867: checks
*** FLOP *** [6c Ts Qs]
crash19867: checks
nrooooooooib: bets $3
crash19867: folds
Uncalled bet ($3) returned to nrooooooooib
nrooooooooib collected $5.88 from pot
*** SUMMARY ***
Total pot $6 | Rake $0.12
Board [6c Ts Qs]
Seat 2: nrooooooooib (button) (small blind) collected ($5.88)
Seat 3: crash19867 (big blind) folded on the Flop


PokerStars Hand #152905751740:  Hold'em Limit ($3/$6 USD) - 2016/05/05 17:39:22 ET
Table 'Campanula' 6-max Seat #3 is the button
Seat 2: nrooooooooib ($32.27 in chips)
Seat 3: crash19867 ($127.89 in chips)
crash19867: posts small blind $1
nrooooooooib: posts big blind $3
*** HOLE CARDS ***
crash19867: raises $3 to $6
nrooooooooib: calls $3
*** FLOP *** [Kh 7c Qc]
nrooooooooib: checks
crash19867: bets $3
nrooooooooib: folds
Uncalled bet ($3) returned to crash19867
crash19867 collected $11.76 from pot
crash19867: doesn't show hand
*** SUMMARY ***
Total pot $12 | Rake $0.24
Board [Kh 7c Qc]
Seat 2: nrooooooooib (big blind) folded on the Flop
Seat 3: crash19867 (button) (small blind) collected ($11.76)


PokerStars Hand #152905796806:  Hold'em Limit ($3/$6 USD) - 2016/05/05 17:40:18 ET
Table 'Campanula' 6-max Seat #2 is the button
Seat 2: nrooooooooib ($23.03 in chips)
Seat 3: crash19867 ($136.41 in chips)
nrooooooooib: posts small blind $1
crash19867: posts big blind $3
*** HOLE CARDS ***
nrooooooooib: raises $3 to $6
crash19867: folds
Uncalled bet ($3) returned to nrooooooooib
nrooooooooib collected $6 from pot
*** SUMMARY ***
Total pot $6 | Rake $0
Seat 2: nrooooooooib (button) (small blind) collected ($6)
Seat 3: crash19867 (big blind) folded before Flop


PokerStars Hand #152905786550:  Hold'em Limit ($3/$6 USD) - 2016/05/05 17:40:05 ET
Table 'Campanula' 6-max Seat #3 is the button
Seat 2: nrooooooooib ($29.03 in chips)
Seat 3: crash19867 ($130.65 in chips)
crash19867: posts small blind $1
nrooooooooib: posts big blind $3
*** HOLE CARDS ***
crash19867: raises $3 to $6
pils 1971 joins the table at seat #1
nrooooooooib: calls $3
*** FLOP *** [8h Tc 3s]
nrooooooooib: checks
crash19867: bets $3
vovojc joins the table at seat #4
nrooooooooib: folds
Uncalled bet ($3) returned to crash19867
crash19867 collected $11.76 from pot
crash19867: doesn't show hand
*** SUMMARY ***
Total pot $12 | Rake $0.24
Board [8h Tc 3s]
Seat 2: nrooooooooib (big blind) folded on the Flop
Seat 3: crash19867 (button) (small blind) collected ($11.76)


PokerStars Hand #152905775504:  Hold'em Limit ($3/$6 USD) - 2016/05/05 17:39:51 ET
Table 'Campanula' 6-max Seat #2 is the button
Seat 2: nrooooooooib ($26.15 in chips)
Seat 3: crash19867 ($133.65 in chips)
nrooooooooib: posts small blind $1
crash19867: posts big blind $3
*** HOLE CARDS ***
nrooooooooib: calls $2
crash19867: checks
*** FLOP *** [Qc 6h 2s]
crash19867: checks
nrooooooooib: bets $3
crash19867: folds
Uncalled bet ($3) returned to nrooooooooib
nrooooooooib collected $5.88 from pot
nrooooooooib: doesn't show hand
*** SUMMARY ***
Total pot $6 | Rake $0.12
Board [Qc 6h 2s]
Seat 2: nrooooooooib (button) (small blind) collected ($5.88)
Seat 3: crash19867 (big blind) folded on the Flop


PokerStars Hand #152907151617:  Hold'em Limit ($3/$6 USD) - 2016/05/05 18:10:37 ET
Table 'Campanula' 6-max Seat #4 is the button
Seat 4: JayEm82 ($174.15 in chips)
Seat 6: bentinck113 ($57.93 in chips)
JayEm82: posts small blind $1
bentinck113: posts big blind $3
*** HOLE CARDS ***
JayEm82: folds
Uncalled bet ($2) returned to bentinck113
bentinck113 collected $2 from pot
bentinck113: doesn't show hand
*** SUMMARY ***
Total pot $2 | Rake $0
Seat 4: JayEm82 (button) (small blind) folded before Flop
Seat 6: bentinck113 (big blind) collected ($2)


PokerStars Hand #152907124081:  Hold'em Limit ($3/$6 USD) - 2016/05/05 18:10:00 ET
Table 'Campanula' 6-max Seat #6 is the button
Seat 4: JayEm82 ($153.65 in chips)
Seat 6: bentinck113 ($78.93 in chips)
bentinck113: posts small blind $1
crash19867: is sitting out
JayEm82: posts big blind $3
*** HOLE CARDS ***
crash19867 leaves the table
bentinck113: raises $3 to $6
JayEm82: calls $3
*** FLOP *** [2h 3s 6h]
JayEm82: checks
bentinck113: bets $3
JayEm82: calls $3
*** TURN *** [2h 3s 6h] [4h]
JayEm82: checks
bentinck113: bets $6
JayEm82: raises $6 to $12
bentinck113: calls $6
*** RIVER *** [2h 3s 6h 4h] [2s]
JayEm82: bets $6
bentinck113: folds
Uncalled bet ($6) returned to JayEm82
JayEm82 collected $41.50 from pot
JayEm82: doesn't show hand
*** SUMMARY ***
Total pot $42 | Rake $0.50
Board [2h 3s 6h 4h 2s]
Seat 4: JayEm82 (big blind) collected ($41.50)
Seat 6: bentinck113 (button) (small blind) folded on the River


PokerStars Hand #152908015486:  Hold'em Limit ($3/$6 USD) - 2016/05/05 18:29:27 ET
Table 'Campanula' 6-max Seat #4 is the button
Seat 4: JayEm82 ($148.03 in chips)
Seat 6: MissEKAmouse ($120 in chips)
JayEm82: posts small blind $1
Chessnok: is sitting out
MissEKAmouse: posts big blind $3
*** HOLE CARDS ***
JayEm82: raises $3 to $6
MissEKAmouse: folds
Uncalled bet ($3) returned to JayEm82
JayEm82 collected $6 from pot
JayEm82: doesn't show hand
*** SUMMARY ***
Total pot $6 | Rake $0
Seat 4: JayEm82 (button) (small blind) collected ($6)
Seat 6: MissEKAmouse (big blind) folded before Flop


PokerStars Hand #152908020208:  Hold'em Limit ($3/$6 USD) - 2016/05/05 18:29:34 ET
Table 'Campanula' 6-max Seat #6 is the button
Seat 4: JayEm82 ($151.03 in chips)
Seat 6: MissEKAmouse ($120 in chips)
MissEKAmouse: posts small blind $1
JayEm82: posts big blind $3
*** HOLE CARDS ***
MissEKAmouse: folds
Uncalled bet ($2) returned to JayEm82
JayEm82 collected $2 from pot
JayEm82: doesn't show hand
*** SUMMARY ***
Total pot $2 | Rake $0
Seat 4: JayEm82 (big blind) collected ($2)
Seat 6: MissEKAmouse (button) (small blind) folded before Flop


PokerStars Hand #152908024613:  Hold'em Limit ($3/$6 USD) - 2016/05/05 18:29:40 ET
Table 'Campanula' 6-max Seat #4 is the button
Seat 4: JayEm82 ($152.03 in chips)
Seat 6: MissEKAmouse ($120 in chips)
JayEm82: posts small blind $1
MissEKAmouse: posts big blind $3
*** HOLE CARDS ***
JayEm82: raises $3 to $6
MissEKAmouse: calls $3
*** FLOP *** [Ad 7h 5h]
MissEKAmouse: checks
JayEm82: bets $3
MissEKAmouse: folds
Uncalled bet ($3) returned to JayEm82
JayEm82 collected $11.76 from pot
JayEm82: doesn't show hand
*** SUMMARY ***
Total pot $12 | Rake $0.24
Board [Ad 7h 5h]
Seat 4: JayEm82 (button) (small blind) collected ($11.76)
Seat 6: MissEKAmouse (big blind) folded on the Flop


