PokerStars Hand #171423251660:  Hold'em Limit ($3/$6 USD) - 2017/06/06 12:24:08 ET
Table 'Campania II' 6-max Seat #6 is the button
Seat 1: andyrr ($100 in chips)
Seat 6: MTails ($120 in chips)
MTails: posts small blind $1
andyrr: posts big blind $3
*** HOLE CARDS ***
MTails: raises $3 to $6
andyrr: raises $3 to $9
vestimokrec joins the table at seat #2
MTails: calls $3
*** FLOP *** [4s 5h 4d]
andyrr: checks
MTails: bets $3
andyrr: calls $3
*** TURN *** [4s 5h 4d] [6s]
andyrr: bets $6
MTails: raises $6 to $12
andyrr: folds
Uncalled bet ($6) returned to MTails
MTails collected $35.50 from pot
*** SUMMARY ***
Total pot $36 | Rake $0.50
Board [4s 5h 4d 6s]
Seat 1: andyrr (big blind) folded on the Turn
Seat 6: MTails (button) (small blind) collected ($35.50)


PokerStars Hand #171423300475:  Hold'em Limit ($3/$6 USD) - 2017/06/06 12:25:19 ET
Table 'Campania II' 6-max Seat #6 is the button
Seat 1: andyrr ($119.76 in chips)
Seat 6: MTails ($98.50 in chips)
MTails: posts small blind $1
andyrr: posts big blind $3
*** HOLE CARDS ***
MTails: raises $3 to $6
andyrr: calls $3
*** FLOP *** [3s 9h Ac]
andyrr: checks
MTails: bets $3
andyrr: folds
Uncalled bet ($3) returned to MTails
MTails collected $11.76 from pot
*** SUMMARY ***
Total pot $12 | Rake $0.24
Board [3s 9h Ac]
Seat 1: andyrr (big blind) folded on the Flop
Seat 6: MTails (button) (small blind) collected ($11.76)


PokerStars Hand #171423267414:  Hold'em Limit ($3/$6 USD) - 2017/06/06 12:24:31 ET
Table 'Campania II' 6-max Seat #1 is the button
Seat 1: andyrr ($82 in chips)
Seat 6: MTails ($137.50 in chips)
andyrr: posts small blind $1
MTails: posts big blind $3
*** HOLE CARDS ***
andyrr: raises $3 to $6
MTails: calls $3
*** FLOP *** [Kc Js Ah]
MTails: checks
andyrr: bets $3
MTails: folds
Uncalled bet ($3) returned to andyrr
andyrr collected $11.76 from pot
*** SUMMARY ***
Total pot $12 | Rake $0.24
Board [Kc Js Ah]
Seat 1: andyrr (button) (small blind) collected ($11.76)
Seat 6: MTails (big blind) folded on the Flop


PokerStars Hand #171423289924:  Hold'em Limit ($3/$6 USD) - 2017/06/06 12:25:04 ET
Table 'Campania II' 6-max Seat #1 is the button
Seat 1: andyrr ($105.26 in chips)
Seat 6: MTails ($113.50 in chips)
andyrr: posts small blind $1
MTails: posts big blind $3
*** HOLE CARDS ***
andyrr: raises $3 to $6
MTails: calls $3
*** FLOP *** [Ah 5d Kd]
MTails: checks
andyrr: bets $3
MTails: calls $3
*** TURN *** [Ah 5d Kd] [8c]
MTails: checks
andyrr: checks
*** RIVER *** [Ah 5d Kd 8c] [Ad]
MTails: bets $6
andyrr: calls $6
*** SHOW DOWN ***
MTails: shows [9d 6h] (a pair of Aces)
andyrr: shows [Qh Td] (a pair of Aces - King+Queen kicker)
andyrr collected $29.50 from pot
*** SUMMARY ***
Total pot $30 | Rake $0.50
Board [Ah 5d Kd 8c Ad]
Seat 1: andyrr (button) (small blind) showed [Qh Td] and won ($29.50) with a pair of Aces
Seat 6: MTails (big blind) showed [9d 6h] and lost with a pair of Aces


PokerStars Hand #171423274921:  Hold'em Limit ($3/$6 USD) - 2017/06/06 12:24:42 ET
Table 'Campania II' 6-max Seat #6 is the button
Seat 1: andyrr ($87.76 in chips)
Seat 6: MTails ($131.50 in chips)
MTails: posts small blind $1
andyrr: posts big blind $3
*** HOLE CARDS ***
MTails: raises $3 to $6
andyrr: raises $3 to $9
MTails: calls $3
*** FLOP *** [8h 3d Ah]
andyrr: bets $3
MTails: calls $3
*** TURN *** [8h 3d Ah] [2d]
andyrr: bets $6
MTails: calls $6
*** RIVER *** [8h 3d Ah 2d] [4c]
andyrr: checks
MTails: checks
*** SHOW DOWN ***
andyrr: shows [Kc Th] (high card Ace)
MTails: mucks hand
andyrr collected $35.50 from pot
*** SUMMARY ***
Total pot $36 | Rake $0.50
Board [8h 3d Ah 2d 4c]
Seat 1: andyrr (big blind) showed [Kc Th] and won ($35.50) with high card Ace
Seat 6: MTails (button) (small blind) mucked


PokerStars Hand #171423307316:  Hold'em Limit ($3/$6 USD) - 2017/06/06 12:25:29 ET
Table 'Campania II' 6-max Seat #1 is the button
Seat 1: andyrr ($113.76 in chips)
Seat 6: MTails ($104.26 in chips)
andyrr: posts small blind $1
MTails: posts big blind $3
*** HOLE CARDS ***
andyrr: raises $3 to $6
MTails: calls $3
*** FLOP *** [8d 5d Qd]
MTails: checks
andyrr: checks
*** TURN *** [8d 5d Qd] [5c]
MTails: checks
andyrr: checks
*** RIVER *** [8d 5d Qd 5c] [9h]
MTails: bets $6
andyrr: calls $6
*** SHOW DOWN ***
MTails: shows [9s 3c] (two pair, Nines and Fives)
andyrr: mucks hand
MTails collected $23.52 from pot
andyrr leaves the table
*** SUMMARY ***
Total pot $24 | Rake $0.48
Board [8d 5d Qd 5c 9h]
Seat 1: andyrr (button) (small blind) mucked
Seat 6: MTails (big blind) showed [9s 3c] and won ($23.52) with two pair, Nines and Fives


