PokerStars Hand #168738401046:  Hold'em Limit ($3/$6 USD) - 2017/04/08 4:13:34 ET
Table 'Campanula' 6-max Seat #2 is the button
Seat 2: gambitorama ($106.10 in chips)
Seat 3: sim5sim5 ($72 in chips)
gambitorama: posts small blind $1
sim5sim5: posts big blind $3
*** HOLE CARDS ***
gambitorama: raises $3 to $6
sim5sim5: calls $3
*** FLOP *** [5c 7d 2c]
sim5sim5: checks
gambitorama: bets $3
sim5sim5: calls $3
*** TURN *** [5c 7d 2c] [6c]
sim5sim5: checks
gambitorama: bets $6
sim5sim5: calls $6
*** RIVER *** [5c 7d 2c 6c] [Ks]
sim5sim5: checks
gambitorama: bets $6
sim5sim5: calls $6
*** SHOW DOWN ***
gambitorama: shows [Qs 7h] (a pair of Sevens)
sim5sim5: mucks hand
gambitorama collected $41.50 from pot
*** SUMMARY ***
Total pot $42 | Rake $0.50
Board [5c 7d 2c 6c Ks]
Seat 2: gambitorama (button) (small blind) showed [Qs 7h] and won ($41.50) with a pair of Sevens
Seat 3: sim5sim5 (big blind) mucked


PokerStars Hand #168738419009:  Hold'em Limit ($3/$6 USD) - 2017/04/08 4:14:26 ET
Table 'Campanula' 6-max Seat #3 is the button
Seat 2: gambitorama ($126.60 in chips)
Seat 3: sim5sim5 ($72 in chips)
sim5sim5: posts small blind $1
gambitorama: posts big blind $3
*** HOLE CARDS ***
sim5sim5: raises $3 to $6
gambitorama: raises $3 to $9
sim5sim5: calls $3
*** FLOP *** [Ts 8s Qh]
gambitorama: bets $3
sim5sim5: calls $3
*** TURN *** [Ts 8s Qh] [5d]
gambitorama: bets $6
sim5sim5: folds
Uncalled bet ($6) returned to gambitorama
gambitorama collected $23.52 from pot
*** SUMMARY ***
Total pot $24 | Rake $0.48
Board [Ts 8s Qh 5d]
Seat 2: gambitorama (big blind) collected ($23.52)
Seat 3: sim5sim5 (button) (small blind) folded on the Turn


PokerStars Hand #168738442058:  Hold'em Limit ($3/$6 USD) - 2017/04/08 4:15:33 ET
Table 'Campanula' 6-max Seat #2 is the button
Seat 2: gambitorama ($108.12 in chips)
Seat 3: sim5sim5 ($101.26 in chips)
gambitorama: posts small blind $1
sim5sim5: posts big blind $3
*** HOLE CARDS ***
gambitorama: folds
Uncalled bet ($2) returned to sim5sim5
sim5sim5 collected $2 from pot
sim5sim5: doesn't show hand
*** SUMMARY ***
Total pot $2 | Rake $0
Seat 2: gambitorama (button) (small blind) folded before Flop
Seat 3: sim5sim5 (big blind) collected ($2)


PokerStars Hand #168738438467:  Hold'em Limit ($3/$6 USD) - 2017/04/08 4:15:22 ET
Table 'Campanula' 6-max Seat #3 is the button
Seat 2: gambitorama ($114.12 in chips)
Seat 3: sim5sim5 ($95.50 in chips)
sim5sim5: posts small blind $1
gambitorama: posts big blind $3
*** HOLE CARDS ***
sim5sim5: raises $3 to $6
gambitorama: calls $3
*** FLOP *** [Jc 6s Qs]
gambitorama: checks
sim5sim5: bets $3
gambitorama: folds
Uncalled bet ($3) returned to sim5sim5
sim5sim5 collected $11.76 from pot
sim5sim5: doesn't show hand
*** SUMMARY ***
Total pot $12 | Rake $0.24
Board [Jc 6s Qs]
Seat 2: gambitorama (big blind) folded on the Flop
Seat 3: sim5sim5 (button) (small blind) collected ($11.76)


PokerStars Hand #168738429692:  Hold'em Limit ($3/$6 USD) - 2017/04/08 4:14:57 ET
Table 'Campanula' 6-max Seat #2 is the button
Seat 2: gambitorama ($138.12 in chips)
Seat 3: sim5sim5 ($72 in chips)
gambitorama: posts small blind $1
sim5sim5: posts big blind $3
*** HOLE CARDS ***
gambitorama: raises $3 to $6
sim5sim5: raises $3 to $9
gambitorama: calls $3
*** FLOP *** [7c 2c Jd]
sim5sim5: bets $3
gambitorama: calls $3
*** TURN *** [7c 2c Jd] [Qc]
sim5sim5: bets $6
gambitorama: calls $6
*** RIVER *** [7c 2c Jd Qc] [3d]
sim5sim5: bets $6
gambitorama: calls $6
*** SHOW DOWN ***
sim5sim5: shows [Kh Jh] (a pair of Jacks)
gambitorama: mucks hand
sim5sim5 collected $47.50 from pot
*** SUMMARY ***
Total pot $48 | Rake $0.50
Board [7c 2c Jd Qc 3d]
Seat 2: gambitorama (button) (small blind) mucked
Seat 3: sim5sim5 (big blind) showed [Kh Jh] and won ($47.50) with a pair of Jacks


PokerStars Hand #168738443974:  Hold'em Limit ($3/$6 USD) - 2017/04/08 4:15:38 ET
Table 'Campanula' 6-max Seat #3 is the button
Seat 2: gambitorama ($107.12 in chips)
Seat 3: sim5sim5 ($102.26 in chips)
sim5sim5: posts small blind $1
gambitorama: posts big blind $3
*** HOLE CARDS ***
sim5sim5: raises $3 to $6
gambitorama: calls $3
*** FLOP *** [Js 8h Qh]
gambitorama: checks
sim5sim5: bets $3
gambitorama: folds
Uncalled bet ($3) returned to sim5sim5
sim5sim5 collected $11.76 from pot
sim5sim5: doesn't show hand
*** SUMMARY ***
Total pot $12 | Rake $0.24
Board [Js 8h Qh]
Seat 2: gambitorama (big blind) folded on the Flop
Seat 3: sim5sim5 (button) (small blind) collected ($11.76)


PokerStars Hand #168738451952:  Hold'em Limit ($3/$6 USD) - 2017/04/08 4:16:01 ET
Table 'Campanula' 6-max Seat #3 is the button
Seat 2: gambitorama ($104.12 in chips)
Seat 3: sim5sim5 ($105.02 in chips)
sim5sim5: posts small blind $1
gambitorama: posts big blind $3
*** HOLE CARDS ***
sim5sim5: folds
Uncalled bet ($2) returned to gambitorama
gambitorama collected $2 from pot
*** SUMMARY ***
Total pot $2 | Rake $0
Seat 2: gambitorama (big blind) collected ($2)
Seat 3: sim5sim5 (button) (small blind) folded before Flop


PokerStars Hand #168738448385:  Hold'em Limit ($3/$6 USD) - 2017/04/08 4:15:51 ET
Table 'Campanula' 6-max Seat #2 is the button
Seat 2: gambitorama ($101.12 in chips)
Seat 3: sim5sim5 ($108.02 in chips)
gambitorama: posts small blind $1
sim5sim5: posts big blind $3
*** HOLE CARDS ***
gambitorama: raises $3 to $6
sim5sim5: folds
Uncalled bet ($3) returned to gambitorama
gambitorama collected $6 from pot
*** SUMMARY ***
Total pot $6 | Rake $0
Seat 2: gambitorama (button) (small blind) collected ($6)
Seat 3: sim5sim5 (big blind) folded before Flop


PokerStars Hand #168738471133:  Hold'em Limit ($3/$6 USD) - 2017/04/08 4:16:57 ET
Table 'Campanula' 6-max Seat #3 is the button
Seat 2: gambitorama ($129.62 in chips)
Seat 3: sim5sim5 ($79.02 in chips)
sim5sim5: posts small blind $1
gambitorama: posts big blind $3
*** HOLE CARDS ***
sim5sim5: raises $3 to $6
gambitorama: calls $3
*** FLOP *** [Jd 8c 8h]
gambitorama: checks
sim5sim5: bets $3
gambitorama: folds
Uncalled bet ($3) returned to sim5sim5
sim5sim5 collected $11.76 from pot
sim5sim5: doesn't show hand
*** SUMMARY ***
Total pot $12 | Rake $0.24
Board [Jd 8c 8h]
Seat 2: gambitorama (big blind) folded on the Flop
Seat 3: sim5sim5 (button) (small blind) collected ($11.76)


PokerStars Hand #168738468427:  Hold'em Limit ($3/$6 USD) - 2017/04/08 4:16:50 ET
Table 'Campanula' 6-max Seat #2 is the button
Seat 2: gambitorama ($126.62 in chips)
Seat 3: sim5sim5 ($82.02 in chips)
gambitorama: posts small blind $1
sim5sim5: posts big blind $3
*** HOLE CARDS ***
gambitorama: raises $3 to $6
sim5sim5: folds
Uncalled bet ($3) returned to gambitorama
gambitorama collected $6 from pot
gambitorama: doesn't show hand
*** SUMMARY ***
Total pot $6 | Rake $0
Seat 2: gambitorama (button) (small blind) collected ($6)
Seat 3: sim5sim5 (big blind) folded before Flop


PokerStars Hand #168738466177:  Hold'em Limit ($3/$6 USD) - 2017/04/08 4:16:43 ET
Table 'Campanula' 6-max Seat #3 is the button
Seat 2: gambitorama ($125.62 in chips)
Seat 3: sim5sim5 ($83.02 in chips)
sim5sim5: posts small blind $1
gambitorama: posts big blind $3
*** HOLE CARDS ***
sim5sim5: folds
Uncalled bet ($2) returned to gambitorama
gambitorama collected $2 from pot
*** SUMMARY ***
Total pot $2 | Rake $0
Seat 2: gambitorama (big blind) collected ($2)
Seat 3: sim5sim5 (button) (small blind) folded before Flop


PokerStars Hand #168738454391:  Hold'em Limit ($3/$6 USD) - 2017/04/08 4:16:08 ET
Table 'Campanula' 6-max Seat #2 is the button
Seat 2: gambitorama ($105.12 in chips)
Seat 3: sim5sim5 ($104.02 in chips)
gambitorama: posts small blind $1
sim5sim5: posts big blind $3
*** HOLE CARDS ***
gambitorama: raises $3 to $6
sim5sim5: calls $3
*** FLOP *** [4c 9h Ks]
sim5sim5: checks
gambitorama: bets $3
sim5sim5: calls $3
*** TURN *** [4c 9h Ks] [Jh]
sim5sim5: checks
gambitorama: bets $6
sim5sim5: calls $6
*** RIVER *** [4c 9h Ks Jh] [5c]
sim5sim5: checks
gambitorama: bets $6
sim5sim5: calls $6
*** SHOW DOWN ***
gambitorama: shows [Qh Kd] (a pair of Kings)
sim5sim5: mucks hand
gambitorama collected $41.50 from pot
*** SUMMARY ***
Total pot $42 | Rake $0.50
Board [4c 9h Ks Jh 5c]
Seat 2: gambitorama (button) (small blind) showed [Qh Kd] and won ($41.50) with a pair of Kings
Seat 3: sim5sim5 (big blind) mucked


PokerStars Hand #168738475184:  Hold'em Limit ($3/$6 USD) - 2017/04/08 4:17:10 ET
Table 'Campanula' 6-max Seat #2 is the button
Seat 2: gambitorama ($123.62 in chips)
Seat 3: sim5sim5 ($84.78 in chips)
gambitorama: posts small blind $1
sim5sim5: posts big blind $3
*** HOLE CARDS ***
gambitorama: raises $3 to $6
sim5sim5: calls $3
*** FLOP *** [4h 2c Tc]
sim5sim5: checks
gambitorama: bets $3
sim5sim5: calls $3
*** TURN *** [4h 2c Tc] [8s]
sim5sim5: checks
gambitorama: bets $6
sim5sim5: raises $6 to $12
gambitorama: calls $6
*** RIVER *** [4h 2c Tc 8s] [7s]
sim5sim5: bets $6
gambitorama: raises $6 to $12
sim5sim5: calls $6
*** SHOW DOWN ***
gambitorama: shows [Qh 9h] (high card Queen)
sim5sim5: shows [8d Jh] (a pair of Eights)
TheCRIdol joins the table at seat #4
sim5sim5 collected $65.50 from pot
*** SUMMARY ***
Total pot $66 | Rake $0.50
Board [4h 2c Tc 8s 7s]
Seat 2: gambitorama (button) (small blind) showed [Qh 9h] and lost with high card Queen
Seat 3: sim5sim5 (big blind) showed [8d Jh] and won ($65.50) with a pair of Eights


PokerStars Hand #168738531078:  Hold'em Limit ($3/$6 USD) - 2017/04/08 4:19:51 ET
Table 'Campanula' 6-max Seat #2 is the button
Seat 2: gambitorama ($102.75 in chips)
Seat 4: TheCRIdol ($108 in chips)
gambitorama: posts small blind $1
TheCRIdol: posts big blind $3
*** HOLE CARDS ***
gambitorama: raises $3 to $6
TheCRIdol: calls $3
*** FLOP *** [9d 2c 9s]
TheCRIdol: checks
gambitorama: bets $3
TheCRIdol: folds
Uncalled bet ($3) returned to gambitorama
gambitorama collected $11.76 from pot
*** SUMMARY ***
Total pot $12 | Rake $0.24
Board [9d 2c 9s]
Seat 2: gambitorama (button) (small blind) collected ($11.76)
Seat 4: TheCRIdol (big blind) folded on the Flop


PokerStars Hand #168738528540:  Hold'em Limit ($3/$6 USD) - 2017/04/08 4:19:44 ET
Table 'Campanula' 6-max Seat #4 is the button
Seat 2: gambitorama ($101.75 in chips)
Seat 4: TheCRIdol ($109 in chips)
TheCRIdol: posts small blind $1
gambitorama: posts big blind $3
*** HOLE CARDS ***
TheCRIdol: folds
Uncalled bet ($2) returned to gambitorama
gambitorama collected $2 from pot
gambitorama: doesn't show hand
*** SUMMARY ***
Total pot $2 | Rake $0
Seat 2: gambitorama (big blind) collected ($2)
Seat 4: TheCRIdol (button) (small blind) folded before Flop


PokerStars Hand #168738526738:  Hold'em Limit ($3/$6 USD) - 2017/04/08 4:19:39 ET
Table 'Campanula' 6-max Seat #2 is the button
Seat 2: gambitorama ($102.75 in chips)
Seat 4: TheCRIdol ($108 in chips)
gambitorama: posts small blind $1
TheCRIdol: posts big blind $3
*** HOLE CARDS ***
gambitorama: folds
Uncalled bet ($2) returned to TheCRIdol
TheCRIdol collected $2 from pot
TheCRIdol: doesn't show hand
*** SUMMARY ***
Total pot $2 | Rake $0
Seat 2: gambitorama (button) (small blind) folded before Flop
Seat 4: TheCRIdol (big blind) collected ($2)


PokerStars Hand #168738523530:  Hold'em Limit ($3/$6 USD) - 2017/04/08 4:19:29 ET
Table 'Campanula' 6-max Seat #4 is the button
Seat 2: gambitorama ($105.75 in chips)
Seat 4: TheCRIdol ($105 in chips)
TheCRIdol: posts small blind $1
gambitorama: posts big blind $3
*** HOLE CARDS ***
TheCRIdol: raises $3 to $6
gambitorama: folds
Uncalled bet ($3) returned to TheCRIdol
TheCRIdol collected $6 from pot
TheCRIdol: doesn't show hand
*** SUMMARY ***
Total pot $6 | Rake $0
Seat 2: gambitorama (big blind) folded before Flop
Seat 4: TheCRIdol (button) (small blind) collected ($6)


PokerStars Hand #168738521736:  Hold'em Limit ($3/$6 USD) - 2017/04/08 4:19:24 ET
Table 'Campanula' 6-max Seat #2 is the button
Seat 2: gambitorama ($106.75 in chips)
Seat 4: TheCRIdol ($104 in chips)
gambitorama: posts small blind $1
TheCRIdol: posts big blind $3
*** HOLE CARDS ***
gambitorama: folds
Uncalled bet ($2) returned to TheCRIdol
TheCRIdol collected $2 from pot
TheCRIdol: doesn't show hand
*** SUMMARY ***
Total pot $2 | Rake $0
Seat 2: gambitorama (button) (small blind) folded before Flop
Seat 4: TheCRIdol (big blind) collected ($2)


PokerStars Hand #168738518626:  Hold'em Limit ($3/$6 USD) - 2017/04/08 4:19:15 ET
Table 'Campanula' 6-max Seat #4 is the button
Seat 2: gambitorama ($105.75 in chips)
Seat 4: TheCRIdol ($105 in chips)
TheCRIdol: posts small blind $1
gambitorama: posts big blind $3
*** HOLE CARDS ***
sim5sim5 leaves the table
TheCRIdol: folds
Uncalled bet ($2) returned to gambitorama
gambitorama collected $2 from pot
*** SUMMARY ***
Total pot $2 | Rake $0
Seat 2: gambitorama (big blind) collected ($2)
Seat 4: TheCRIdol (button) (small blind) folded before Flop


PokerStars Hand #168738506938:  Hold'em Limit ($3/$6 USD) - 2017/04/08 4:18:41 ET
Table 'Campanula' 6-max Seat #2 is the button
Seat 2: gambitorama ($94.23 in chips)
Seat 4: TheCRIdol ($117 in chips)
gambitorama: posts small blind $1
sim5sim5: is sitting out
TheCRIdol: posts big blind $3
*** HOLE CARDS ***
gambitorama: raises $3 to $6
TheCRIdol: calls $3
*** FLOP *** [7c 2c Ks]
TheCRIdol: checks
gambitorama: bets $3
TheCRIdol: raises $3 to $6
gambitorama: calls $3
*** TURN *** [7c 2c Ks] [5s]
TheCRIdol: checks
gambitorama: bets $6
TheCRIdol: folds
Uncalled bet ($6) returned to gambitorama
gambitorama collected $23.52 from pot
*** SUMMARY ***
Total pot $24 | Rake $0.48
Board [7c 2c Ks 5s]
Seat 2: gambitorama (button) (small blind) collected ($23.52)
Seat 4: TheCRIdol (big blind) folded on the Turn


PokerStars Hand #168738537070:  Hold'em Limit ($3/$6 USD) - 2017/04/08 4:20:08 ET
Table 'Campanula' 6-max Seat #4 is the button
Seat 2: gambitorama ($108.51 in chips)
Seat 4: TheCRIdol ($102 in chips)
TheCRIdol: posts small blind $1
gambitorama: posts big blind $3
*** HOLE CARDS ***
TheCRIdol: raises $3 to $6
gambitorama: calls $3
*** FLOP *** [6c 6d 9d]
gambitorama: checks
TheCRIdol: bets $3
gambitorama: calls $3
*** TURN *** [6c 6d 9d] [Kd]
gambitorama: checks
TheCRIdol: bets $6
gambitorama: raises $6 to $12
TheCRIdol: calls $6
*** RIVER *** [6c 6d 9d Kd] [Tc]
gambitorama: bets $6
TheCRIdol: folds
Uncalled bet ($6) returned to gambitorama
gambitorama collected $41.50 from pot
*** SUMMARY ***
Total pot $42 | Rake $0.50
Board [6c 6d 9d Kd Tc]
Seat 2: gambitorama (big blind) collected ($41.50)
Seat 4: TheCRIdol (button) (small blind) folded on the River


PokerStars Hand #168738562372:  Hold'em Limit ($3/$6 USD) - 2017/04/08 4:21:21 ET
Table 'Campanula' 6-max Seat #4 is the button
Seat 2: gambitorama ($105.01 in chips)
Seat 4: TheCRIdol ($104.50 in chips)
TheCRIdol: posts small blind $1
gambitorama: posts big blind $3
*** HOLE CARDS ***
TheCRIdol: raises $3 to $6
gambitorama: calls $3
*** FLOP *** [2c 9h 2h]
gambitorama: checks
TheCRIdol: bets $3
gambitorama: raises $3 to $6
TheCRIdol: calls $3
*** TURN *** [2c 9h 2h] [Ah]
gambitorama: bets $6
TheCRIdol: raises $6 to $12
gambitorama: calls $6
*** RIVER *** [2c 9h 2h Ah] [Kd]
gambitorama: checks
TheCRIdol: bets $6
gambitorama: calls $6
*** SHOW DOWN ***
TheCRIdol: shows [Ad 4c] (two pair, Aces and Deuces)
gambitorama: mucks hand
TheCRIdol collected $59.50 from pot
*** SUMMARY ***
Total pot $60 | Rake $0.50
Board [2c 9h 2h Ah Kd]
Seat 2: gambitorama (big blind) mucked
Seat 4: TheCRIdol (button) (small blind) showed [Ad 4c] and won ($59.50) with two pair, Aces and Deuces


PokerStars Hand #168738549687:  Hold'em Limit ($3/$6 USD) - 2017/04/08 4:20:45 ET
Table 'Campanula' 6-max Seat #2 is the button
Seat 2: gambitorama ($129.01 in chips)
Seat 4: TheCRIdol ($81 in chips)
gambitorama: posts small blind $1
TheCRIdol: posts big blind $3
*** HOLE CARDS ***
gambitorama: raises $3 to $6
TheCRIdol: raises $3 to $9
gambitorama: calls $3
*** FLOP *** [5h Kd 2d]
TheCRIdol: bets $3
gambitorama: calls $3
*** TURN *** [5h Kd 2d] [Jc]
TheCRIdol: checks
gambitorama: bets $6
TheCRIdol: raises $6 to $12
gambitorama: calls $6
*** RIVER *** [5h Kd 2d Jc] [8c]
TheCRIdol: bets $6
gambitorama: folds
Uncalled bet ($6) returned to TheCRIdol
TheCRIdol collected $47.50 from pot
TheCRIdol: doesn't show hand
*** SUMMARY ***
Total pot $48 | Rake $0.50
Board [5h Kd 2d Jc 8c]
Seat 2: gambitorama (button) (small blind) folded on the River
Seat 4: TheCRIdol (big blind) collected ($47.50)


