PokerStars Hand #167909338256:  Hold'em Limit ($3/$6 USD) - 2017/03/21 14:08:40 ET
Table 'Campania III' 6-max Seat #3 is the button
Seat 3: Artachok ($198.82 in chips)
Seat 6: Chessnok ($269.49 in chips)
Artachok: posts small blind $1
Chessnok: posts big blind $3
*** HOLE CARDS ***
Artachok: raises $3 to $6
Chessnok: calls $3
*** FLOP *** [9s 3c 2d]
Chessnok: checks
Artachok: bets $3
Chessnok: calls $3
*** TURN *** [9s 3c 2d] [7s]
Chessnok: checks
Artachok: bets $6
Chessnok: raises $6 to $12
Artachok: raises $6 to $18
Chessnok: calls $6
*** RIVER *** [9s 3c 2d 7s] [Qh]
Chessnok: checks
Artachok: bets $6
Chessnok: raises $6 to $12
Artachok: calls $6
*** SHOW DOWN ***
Chessnok: shows [7c Qd] (two pair, Queens and Sevens)
Artachok: mucks hand
Chessnok collected $77.50 from pot
*** SUMMARY ***
Total pot $78 | Rake $0.50
Board [9s 3c 2d 7s Qh]
Seat 3: Artachok (button) (small blind) mucked
Seat 6: Chessnok (big blind) showed [7c Qd] and won ($77.50) with two pair, Queens and Sevens


PokerStars Hand #167909333950:  Hold'em Limit ($3/$6 USD) - 2017/03/21 14:08:35 ET
Table 'Campania III' 6-max Seat #6 is the button
Seat 3: Artachok ($201.82 in chips)
Seat 6: Chessnok ($266.49 in chips)
Chessnok: posts small blind $1
Luanto 14: is sitting out
Artachok: posts big blind $3
*** HOLE CARDS ***
Chessnok: raises $3 to $6
Artachok: folds
Uncalled bet ($3) returned to Chessnok
Chessnok collected $6 from pot
Chessnok: doesn't show hand
*** SUMMARY ***
Total pot $6 | Rake $0
Seat 3: Artachok (big blind) folded before Flop
Seat 6: Chessnok (button) (small blind) collected ($6)


PokerStars Hand #167909355957:  Hold'em Limit ($3/$6 USD) - 2017/03/21 14:09:00 ET
Table 'Campania III' 6-max Seat #6 is the button
Seat 3: Artachok ($159.82 in chips)
Seat 6: Chessnok ($307.99 in chips)
Chessnok: posts small blind $1
Artachok: posts big blind $3
*** HOLE CARDS ***
Chessnok: raises $3 to $6
Artachok: calls $3
*** FLOP *** [Js 3h 7s]
Artachok: checks
Chessnok: bets $3
Artachok: calls $3
*** TURN *** [Js 3h 7s] [Th]
Artachok: checks
Chessnok: bets $6
Artachok: raises $6 to $12
artecris joins the table at seat #1
Chessnok: raises $6 to $18
Artachok: raises $6 to $24
Betting is capped
Chessnok: calls $6
*** RIVER *** [Js 3h 7s Th] [5d]
Artachok: bets $6
Chessnok: raises $6 to $12
Artachok: calls $6
*** SHOW DOWN ***
Chessnok: shows [8h 9d] (a straight, Seven to Jack)
Artachok: mucks hand
Chessnok collected $89.50 from pot
*** SUMMARY ***
Total pot $90 | Rake $0.50
Board [Js 3h 7s Th 5d]
Seat 3: Artachok (big blind) mucked
Seat 6: Chessnok (button) (small blind) showed [8h 9d] and won ($89.50) with a straight, Seven to Jack


PokerStars Hand #167909375077:  Hold'em Limit ($3/$6 USD) - 2017/03/21 14:09:24 ET
Table 'Campania III' 6-max Seat #3 is the button
Seat 3: Artachok ($114.82 in chips)
Seat 6: Chessnok ($352.49 in chips)
Artachok: posts small blind $1
Chessnok: posts big blind $3
*** HOLE CARDS ***
Artachok: raises $3 to $6
Chessnok: raises $3 to $9
Artachok: calls $3
*** FLOP *** [8h 7d Kc]
Chessnok: bets $3
Artachok: calls $3
*** TURN *** [8h 7d Kc] [3c]
Chessnok: checks
Artachok: bets $6
Chessnok: calls $6
*** RIVER *** [8h 7d Kc 3c] [3h]
Chessnok: checks
Artachok: bets $6
Chessnok: calls $6
*** SHOW DOWN ***
Artachok: shows [2h Kh] (two pair, Kings and Threes)
Chessnok: mucks hand
Artachok collected $47.50 from pot
*** SUMMARY ***
Total pot $48 | Rake $0.50
Board [8h 7d Kc 3c 3h]
Seat 3: Artachok (button) (small blind) showed [2h Kh] and won ($47.50) with two pair, Kings and Threes
Seat 6: Chessnok (big blind) mucked


