PokerStars Hand #152357495567:  Hold'em Limit ($3/$6 USD) - 2016/04/23 23:05:36 ET
Table 'Campania II' 10-max Seat #10 is the button
Seat 6: 7 Huligan 7 ($30 in chips)
Seat 10: anetkaapro ($120 in chips)
anetkaapro: posts small blind $1
7 Huligan 7: posts big blind $3
*** HOLE CARDS ***
anetkaapro: raises $3 to $6
7 Huligan 7: calls $3
*** FLOP *** [Qh Kd 9d]
7 Huligan 7: checks
anetkaapro: bets $3
7 Huligan 7: folds
Uncalled bet ($3) returned to anetkaapro
anetkaapro collected $11.76 from pot
anetkaapro: doesn't show hand
*** SUMMARY ***
Total pot $12 | Rake $0.24
Board [Qh Kd 9d]
Seat 6: 7 Huligan 7 (big blind) folded on the Flop
Seat 10: anetkaapro (button) (small blind) collected ($11.76)


PokerStars Hand #152357520904:  Hold'em Limit ($3/$6 USD) - 2016/04/23 23:06:59 ET
Table 'Campania II' 10-max Seat #6 is the button
Seat 6: 7 Huligan 7 ($15 in chips)
Seat 10: anetkaapro ($163.76 in chips)
7 Huligan 7: posts small blind $1
anetkaapro: posts big blind $3
*** HOLE CARDS ***
7 Huligan 7: raises $3 to $6
anetkaapro: calls $3
*** FLOP *** [Qs 5s Qh]
anetkaapro: checks
7 Huligan 7: bets $3
anetkaapro: folds
Uncalled bet ($3) returned to 7 Huligan 7
7 Huligan 7 collected $11.76 from pot
7 Huligan 7: doesn't show hand
*** SUMMARY ***
Total pot $12 | Rake $0.24
Board [Qs 5s Qh]
Seat 6: 7 Huligan 7 (button) (small blind) collected ($11.76)
Seat 10: anetkaapro (big blind) folded on the Flop


PokerStars Hand #152357511404:  Hold'em Limit ($3/$6 USD) - 2016/04/23 23:06:28 ET
Table 'Campania II' 10-max Seat #10 is the button
Seat 6: 7 Huligan 7 ($30 in chips)
Seat 10: anetkaapro ($149.26 in chips)
anetkaapro: posts small blind $1
7 Huligan 7: posts big blind $3
*** HOLE CARDS ***
anetkaapro: raises $3 to $6
7 Huligan 7: calls $3
*** FLOP *** [4h 9s 2c]
7 Huligan 7: checks
anetkaapro: bets $3
7 Huligan 7: calls $3
*** TURN *** [4h 9s 2c] [7s]
7 Huligan 7: checks
anetkaapro: bets $6
7 Huligan 7: calls $6
*** RIVER *** [4h 9s 2c 7s] [Qd]
7 Huligan 7: checks
anetkaapro: bets $6
7 Huligan 7: folds
Uncalled bet ($6) returned to anetkaapro
anetkaapro collected $29.50 from pot
anetkaapro: doesn't show hand
*** SUMMARY ***
Total pot $30 | Rake $0.50
Board [4h 9s 2c 7s Qd]
Seat 6: 7 Huligan 7 (big blind) folded on the River
Seat 10: anetkaapro (button) (small blind) collected ($29.50)


PokerStars Hand #152357501559:  Hold'em Limit ($3/$6 USD) - 2016/04/23 23:05:55 ET
Table 'Campania II' 10-max Seat #6 is the button
Seat 6: 7 Huligan 7 ($24 in chips)
Seat 10: anetkaapro ($125.76 in chips)
7 Huligan 7: posts small blind $1
anetkaapro: posts big blind $3
*** HOLE CARDS ***
7 Huligan 7: raises $3 to $6
anetkaapro: raises $3 to $9
7 Huligan 7: raises $3 to $12
Betting is capped
anetkaapro: calls $3
*** FLOP *** [6h Ts 4c]
anetkaapro: checks
7 Huligan 7: bets $3
anetkaapro: calls $3
*** TURN *** [6h Ts 4c] [Js]
anetkaapro: checks
7 Huligan 7: bets $6
anetkaapro: raises $6 to $12
7 Huligan 7: calls $3 and is all-in
Uncalled bet ($3) returned to anetkaapro
*** RIVER *** [6h Ts 4c Js] [Kh]
*** SHOW DOWN ***
anetkaapro: shows [8s Ah] (high card Ace)
7 Huligan 7: mucks hand
anetkaapro collected $47.50 from pot
*** SUMMARY ***
Total pot $48 | Rake $0.50
Board [6h Ts 4c Js Kh]
Seat 6: 7 Huligan 7 (button) (small blind) mucked
Seat 10: anetkaapro (big blind) showed [8s Ah] and won ($47.50) with high card Ace


PokerStars Hand #152357529913:  Hold'em Limit ($3/$6 USD) - 2016/04/23 23:07:29 ET
Table 'Campania II' 10-max Seat #6 is the button
Seat 6: 7 Huligan 7 ($32.28 in chips)
Seat 10: anetkaapro ($145.76 in chips)
7 Huligan 7: posts small blind $1
anetkaapro: posts big blind $3
*** HOLE CARDS ***
7 Huligan 7: folds
Uncalled bet ($2) returned to anetkaapro
anetkaapro collected $2 from pot
anetkaapro: doesn't show hand
*** SUMMARY ***
Total pot $2 | Rake $0
Seat 6: 7 Huligan 7 (button) (small blind) folded before Flop
Seat 10: anetkaapro (big blind) collected ($2)


PokerStars Hand #152357523964:  Hold'em Limit ($3/$6 USD) - 2016/04/23 23:07:09 ET
Table 'Campania II' 10-max Seat #10 is the button
Seat 6: 7 Huligan 7 ($20.76 in chips)
Seat 10: anetkaapro ($157.76 in chips)
anetkaapro: posts small blind $1
7 Huligan 7: posts big blind $3
*** HOLE CARDS ***
anetkaapro: raises $3 to $6
7 Huligan 7: calls $3
*** FLOP *** [4c 8d Jh]
7 Huligan 7: checks
anetkaapro: bets $3
7 Huligan 7: raises $3 to $6
anetkaapro: calls $3
*** TURN *** [4c 8d Jh] [3d]
7 Huligan 7: bets $6
anetkaapro: folds
Uncalled bet ($6) returned to 7 Huligan 7
7 Huligan 7 collected $23.52 from pot
7 Huligan 7: doesn't show hand
*** SUMMARY ***
Total pot $24 | Rake $0.48
Board [4c 8d Jh 3d]
Seat 6: 7 Huligan 7 (big blind) collected ($23.52)
Seat 10: anetkaapro (button) (small blind) folded on the Turn


PokerStars Hand #152357554594:  Hold'em Limit ($3/$6 USD) - 2016/04/23 23:08:50 ET
Table 'Campania II' 10-max Seat #6 is the button
Seat 6: 7 Huligan 7 ($101.05 in chips)
Seat 10: anetkaapro ($176.04 in chips)
7 Huligan 7: posts small blind $1
anetkaapro: posts big blind $3
*** HOLE CARDS ***
7 Huligan 7: folds
Uncalled bet ($2) returned to anetkaapro
anetkaapro collected $2 from pot
anetkaapro: doesn't show hand
*** SUMMARY ***
Total pot $2 | Rake $0
Seat 6: 7 Huligan 7 (button) (small blind) folded before Flop
Seat 10: anetkaapro (big blind) collected ($2)


PokerStars Hand #152357552859:  Hold'em Limit ($3/$6 USD) - 2016/04/23 23:08:44 ET
Table 'Campania II' 10-max Seat #10 is the button
Seat 6: 7 Huligan 7 ($100.05 in chips)
Seat 10: anetkaapro ($177.04 in chips)
anetkaapro: posts small blind $1
7 Huligan 7: posts big blind $3
*** HOLE CARDS ***
anetkaapro: folds
Uncalled bet ($2) returned to 7 Huligan 7
7 Huligan 7 collected $2 from pot
7 Huligan 7: doesn't show hand
*** SUMMARY ***
Total pot $2 | Rake $0
Seat 6: 7 Huligan 7 (big blind) collected ($2)
Seat 10: anetkaapro (button) (small blind) folded before Flop


PokerStars Hand #152357544168:  Hold'em Limit ($3/$6 USD) - 2016/04/23 23:08:15 ET
Table 'Campania II' 10-max Seat #6 is the button
Seat 6: 7 Huligan 7 ($16.28 in chips)
Seat 10: anetkaapro ($161.26 in chips)
7 Huligan 7: posts small blind $1
anetkaapro: posts big blind $3
*** HOLE CARDS ***
7 Huligan 7: calls $2
anetkaapro: checks
*** FLOP *** [5h 7c 7d]
anetkaapro: bets $3
7 Huligan 7: calls $3
*** TURN *** [5h 7c 7d] [3c]
anetkaapro: bets $6
7 Huligan 7: raises $4.28 to $10.28 and is all-in
anetkaapro: calls $4.28
*** RIVER *** [5h 7c 7d 3c] [9d]
*** SHOW DOWN ***
anetkaapro: shows [8s 5c] (two pair, Sevens and Fives)
7 Huligan 7: mucks hand
anetkaapro collected $32.06 from pot
*** SUMMARY ***
Total pot $32.56 | Rake $0.50
Board [5h 7c 7d 3c 9d]
Seat 6: 7 Huligan 7 (button) (small blind) mucked
Seat 10: anetkaapro (big blind) showed [8s 5c] and won ($32.06) with two pair, Sevens and Fives


PokerStars Hand #152357531257:  Hold'em Limit ($3/$6 USD) - 2016/04/23 23:07:33 ET
Table 'Campania II' 10-max Seat #10 is the button
Seat 6: 7 Huligan 7 ($31.28 in chips)
Seat 10: anetkaapro ($146.76 in chips)
anetkaapro: posts small blind $1
7 Huligan 7: posts big blind $3
*** HOLE CARDS ***
anetkaapro: raises $3 to $6
7 Huligan 7: calls $3
*** FLOP *** [Th 2s 3c]
7 Huligan 7: checks
anetkaapro: bets $3
7 Huligan 7: calls $3
*** TURN *** [Th 2s 3c] [6s]
7 Huligan 7: checks
anetkaapro: checks
*** RIVER *** [Th 2s 3c 6s] [5d]
7 Huligan 7: bets $6
anetkaapro: calls $6
*** SHOW DOWN ***
7 Huligan 7: shows [8h Qd] (high card Queen)
anetkaapro: shows [Ad Kd] (high card Ace)
anetkaapro collected $29.50 from pot
*** SUMMARY ***
Total pot $30 | Rake $0.50
Board [Th 2s 3c 6s 5d]
Seat 6: 7 Huligan 7 (big blind) showed [8h Qd] and lost with high card Queen
Seat 10: anetkaapro (button) (small blind) showed [Ad Kd] and won ($29.50) with high card Ace


PokerStars Hand #152357561291:  Hold'em Limit ($3/$6 USD) - 2016/04/23 23:09:12 ET
Table 'Campania II' 10-max Seat #6 is the button
Seat 6: 7 Huligan 7 ($108.69 in chips)
Seat 10: anetkaapro ($168.04 in chips)
7 Huligan 7: posts small blind $1
anetkaapro: posts big blind $3
*** HOLE CARDS ***
7 Huligan 7: raises $3 to $6
anetkaapro: calls $3
*** FLOP *** [Qc 6c Ac]
anetkaapro: checks
7 Huligan 7: bets $3
anetkaapro: folds
Uncalled bet ($3) returned to 7 Huligan 7
7 Huligan 7 collected $11.76 from pot
7 Huligan 7: doesn't show hand
*** SUMMARY ***
Total pot $12 | Rake $0.24
Board [Qc 6c Ac]
Seat 6: 7 Huligan 7 (button) (small blind) collected ($11.76)
Seat 10: anetkaapro (big blind) folded on the Flop


PokerStars Hand #152357556030:  Hold'em Limit ($3/$6 USD) - 2016/04/23 23:08:55 ET
Table 'Campania II' 10-max Seat #10 is the button
Seat 6: 7 Huligan 7 ($100.05 in chips)
Seat 10: anetkaapro ($177.04 in chips)
anetkaapro: posts small blind $1
7 Huligan 7: posts big blind $3
*** HOLE CARDS ***
anetkaapro: raises $3 to $6
7 Huligan 7: calls $3
*** FLOP *** [Td 4c 9h]
7 Huligan 7: checks
anetkaapro: bets $3
7 Huligan 7: calls $3
*** TURN *** [Td 4c 9h] [4h]
7 Huligan 7: checks
anetkaapro: checks
*** RIVER *** [Td 4c 9h 4h] [3c]
7 Huligan 7: checks
anetkaapro: checks
*** SHOW DOWN ***
7 Huligan 7: shows [Ks Qs] (a pair of Fours)
anetkaapro: mucks hand
7 Huligan 7 collected $17.64 from pot
*** SUMMARY ***
Total pot $18 | Rake $0.36
Board [Td 4c 9h 4h 3c]
Seat 6: 7 Huligan 7 (big blind) showed [Ks Qs] and won ($17.64) with a pair of Fours
Seat 10: anetkaapro (button) (small blind) mucked


PokerStars Hand #152357572567:  Hold'em Limit ($3/$6 USD) - 2016/04/23 23:09:50 ET
Table 'Campania II' 10-max Seat #6 is the button
Seat 6: 7 Huligan 7 ($105.45 in chips)
Seat 10: anetkaapro ($170.68 in chips)
7 Huligan 7: posts small blind $1
anetkaapro: posts big blind $3
*** HOLE CARDS ***
7 Huligan 7: calls $2
anetkaapro: raises $3 to $6
7 Huligan 7: calls $3
*** FLOP *** [4s Js 4d]
anetkaapro: bets $3
7 Huligan 7: calls $3
*** TURN *** [4s Js 4d] [7c]
anetkaapro: bets $6
7 Huligan 7: raises $6 to $12
anetkaapro: calls $6
*** RIVER *** [4s Js 4d 7c] [As]
anetkaapro: checks
7 Huligan 7: checks
*** SHOW DOWN ***
anetkaapro: shows [7d 6d] (two pair, Sevens and Fours)
7 Huligan 7: shows [Jh 8d] (two pair, Jacks and Fours)
7 Huligan 7 collected $41.50 from pot
*** SUMMARY ***
Total pot $42 | Rake $0.50
Board [4s Js 4d 7c As]
Seat 6: 7 Huligan 7 (button) (small blind) showed [Jh 8d] and won ($41.50) with two pair, Jacks and Fours
Seat 10: anetkaapro (big blind) showed [7d 6d] and lost with two pair, Sevens and Fours


PokerStars Hand #152357594414:  Hold'em Limit ($3/$6 USD) - 2016/04/23 23:11:03 ET
Table 'Campania II' 10-max Seat #6 is the button
Seat 6: 7 Huligan 7 ($110.95 in chips)
Seat 10: anetkaapro ($164.18 in chips)
7 Huligan 7: posts small blind $1
anetkaapro: posts big blind $3
*** HOLE CARDS ***
7 Huligan 7: folds
Uncalled bet ($2) returned to anetkaapro
anetkaapro collected $2 from pot
anetkaapro: doesn't show hand
*** SUMMARY ***
Total pot $2 | Rake $0
Seat 6: 7 Huligan 7 (button) (small blind) folded before Flop
Seat 10: anetkaapro (big blind) collected ($2)


PokerStars Hand #152357579540:  Hold'em Limit ($3/$6 USD) - 2016/04/23 23:10:13 ET
Table 'Campania II' 10-max Seat #10 is the button
Seat 6: 7 Huligan 7 ($125.95 in chips)
Seat 10: anetkaapro ($149.68 in chips)
anetkaapro: posts small blind $1
7 Huligan 7: posts big blind $3
*** HOLE CARDS ***
anetkaapro: raises $3 to $6
7 Huligan 7: calls $3
*** FLOP *** [4c 5h 7c]
7 Huligan 7: checks
anetkaapro: bets $3
7 Huligan 7: calls $3
*** TURN *** [4c 5h 7c] [9s]
7 Huligan 7: checks
anetkaapro: checks
*** RIVER *** [4c 5h 7c 9s] [4s]
7 Huligan 7: bets $6
anetkaapro: raises $6 to $12
7 Huligan 7: folds
Uncalled bet ($6) returned to anetkaapro
anetkaapro collected $29.50 from pot
anetkaapro: doesn't show hand
*** SUMMARY ***
Total pot $30 | Rake $0.50
Board [4c 5h 7c 9s 4s]
Seat 6: 7 Huligan 7 (big blind) folded on the River
Seat 10: anetkaapro (button) (small blind) collected ($29.50)


PokerStars Hand #152357607855:  Hold'em Limit ($3/$6 USD) - 2016/04/23 23:11:48 ET
Table 'Campania II' 10-max Seat #6 is the button
Seat 6: 7 Huligan 7 ($109.70 in chips)
Seat 10: anetkaapro ($164.93 in chips)
7 Huligan 7: posts small blind $1
anetkaapro: posts big blind $3
*** HOLE CARDS ***
7 Huligan 7: raises $3 to $6
anetkaapro: raises $3 to $9
7 Huligan 7: calls $3
*** FLOP *** [3s 4c Ks]
anetkaapro: bets $3
7 Huligan 7: calls $3
*** TURN *** [3s 4c Ks] [8d]
anetkaapro: bets $6
7 Huligan 7: calls $6
*** RIVER *** [3s 4c Ks 8d] [5d]
anetkaapro: bets $6
7 Huligan 7: calls $6
*** SHOW DOWN ***
anetkaapro: shows [9d 9h] (a pair of Nines)
7 Huligan 7: mucks hand
anetkaapro collected $47.50 from pot
*** SUMMARY ***
Total pot $48 | Rake $0.50
Board [3s 4c Ks 8d 5d]
Seat 6: 7 Huligan 7 (button) (small blind) mucked
Seat 10: anetkaapro (big blind) showed [9d 9h] and won ($47.50) with a pair of Nines


PokerStars Hand #152357596361:  Hold'em Limit ($3/$6 USD) - 2016/04/23 23:11:09 ET
Table 'Campania II' 10-max Seat #10 is the button
Seat 6: 7 Huligan 7 ($109.95 in chips)
Seat 10: anetkaapro ($165.18 in chips)
anetkaapro: posts small blind $1
7 Huligan 7: posts big blind $3
*** HOLE CARDS ***
anetkaapro: raises $3 to $6
7 Huligan 7: calls $3
*** FLOP *** [3s Kd 2s]
7 Huligan 7: checks
anetkaapro: bets $3
7 Huligan 7: calls $3
*** TURN *** [3s Kd 2s] [5s]
7 Huligan 7: checks
anetkaapro: bets $6
7 Huligan 7: raises $6 to $12
anetkaapro: calls $6
*** RIVER *** [3s Kd 2s 5s] [Ac]
7 Huligan 7: bets $6
anetkaapro: raises $6 to $12
7 Huligan 7: calls $6
*** SHOW DOWN ***
anetkaapro: shows [4d Ks] (a straight, Ace to Five)
7 Huligan 7: shows [3h 4c] (a straight, Ace to Five)
7 Huligan 7 collected $32.75 from pot
anetkaapro collected $32.75 from pot
*** SUMMARY ***
Total pot $66 | Rake $0.50
Board [3s Kd 2s 5s Ac]
Seat 6: 7 Huligan 7 (big blind) showed [3h 4c] and won ($32.75) with a straight, Ace to Five
Seat 10: anetkaapro (button) (small blind) showed [4d Ks] and won ($32.75) with a straight, Ace to Five


PokerStars Hand #152357613841:  Hold'em Limit ($3/$6 USD) - 2016/04/23 23:12:08 ET
Table 'Campania II' 10-max Seat #10 is the button
Seat 6: 7 Huligan 7 ($85.70 in chips)
Seat 10: anetkaapro ($188.43 in chips)
anetkaapro: posts small blind $1
7 Huligan 7: posts big blind $3
*** HOLE CARDS ***
anetkaapro: raises $3 to $6
7 Huligan 7: calls $3
*** FLOP *** [Td 2d Ac]
7 Huligan 7: checks
anetkaapro: bets $3
7 Huligan 7: calls $3
*** TURN *** [Td 2d Ac] [As]
7 Huligan 7: checks
anetkaapro: checks
*** RIVER *** [Td 2d Ac As] [Kd]
7 Huligan 7: bets $6
anetkaapro: calls $6
*** SHOW DOWN ***
7 Huligan 7: shows [4d 6d] (a flush, King high)
anetkaapro: mucks hand
7 Huligan 7 collected $29.50 from pot
*** SUMMARY ***
Total pot $30 | Rake $0.50
Board [Td 2d Ac As Kd]
Seat 6: 7 Huligan 7 (big blind) showed [4d 6d] and won ($29.50) with a flush, King high
Seat 10: anetkaapro (button) (small blind) mucked


PokerStars Hand #152357624227:  Hold'em Limit ($3/$6 USD) - 2016/04/23 23:12:43 ET
Table 'Campania II' 10-max Seat #10 is the button
Seat 6: 7 Huligan 7 ($91.20 in chips)
Seat 10: anetkaapro ($182.07 in chips)
anetkaapro: posts small blind $1
7 Huligan 7: posts big blind $3
*** HOLE CARDS ***
anetkaapro: folds
Uncalled bet ($2) returned to 7 Huligan 7
7 Huligan 7 collected $2 from pot
7 Huligan 7: doesn't show hand
*** SUMMARY ***
Total pot $2 | Rake $0
Seat 6: 7 Huligan 7 (big blind) collected ($2)
Seat 10: anetkaapro (button) (small blind) folded before Flop


PokerStars Hand #152357618806:  Hold'em Limit ($3/$6 USD) - 2016/04/23 23:12:25 ET
Table 'Campania II' 10-max Seat #6 is the button
Seat 6: 7 Huligan 7 ($100.20 in chips)
Seat 10: anetkaapro ($173.43 in chips)
7 Huligan 7: posts small blind $1
anetkaapro: posts big blind $3
*** HOLE CARDS ***
7 Huligan 7: calls $2
anetkaapro: raises $3 to $6
7 Huligan 7: calls $3
*** FLOP *** [9h 3h Td]
anetkaapro: bets $3
7 Huligan 7: calls $3
*** TURN *** [9h 3h Td] [7c]
anetkaapro: bets $6
7 Huligan 7: folds
Uncalled bet ($6) returned to anetkaapro
anetkaapro collected $17.64 from pot
anetkaapro: doesn't show hand
*** SUMMARY ***
Total pot $18 | Rake $0.36
Board [9h 3h Td 7c]
Seat 6: 7 Huligan 7 (button) (small blind) folded on the Turn
Seat 10: anetkaapro (big blind) collected ($17.64)


PokerStars Hand #152357625480:  Hold'em Limit ($3/$6 USD) - 2016/04/23 23:12:47 ET
Table 'Campania II' 10-max Seat #6 is the button
Seat 6: 7 Huligan 7 ($92.20 in chips)
Seat 10: anetkaapro ($181.07 in chips)
7 Huligan 7: posts small blind $1
anetkaapro: posts big blind $3
*** HOLE CARDS ***
7 Huligan 7: raises $3 to $6
anetkaapro: calls $3
*** FLOP *** [4d Ac 5c]
anetkaapro: checks
7 Huligan 7: bets $3
anetkaapro: calls $3
*** TURN *** [4d Ac 5c] [7d]
anetkaapro: checks
7 Huligan 7: bets $6
anetkaapro: calls $6
*** RIVER *** [4d Ac 5c 7d] [8c]
anetkaapro: checks
7 Huligan 7: bets $6
anetkaapro: calls $6
*** SHOW DOWN ***
7 Huligan 7: shows [7c Ad] (two pair, Aces and Sevens)
anetkaapro: mucks hand
7 Huligan 7 collected $41.50 from pot
*** SUMMARY ***
Total pot $42 | Rake $0.50
Board [4d Ac 5c 7d 8c]
Seat 6: 7 Huligan 7 (button) (small blind) showed [7c Ad] and won ($41.50) with two pair, Aces and Sevens
Seat 10: anetkaapro (big blind) mucked


PokerStars Hand #152357648010:  Hold'em Limit ($3/$6 USD) - 2016/04/23 23:14:03 ET
Table 'Campania II' 10-max Seat #6 is the button
Seat 6: 7 Huligan 7 ($106.70 in chips)
Seat 10: anetkaapro ($165.83 in chips)
7 Huligan 7: posts small blind $1
anetkaapro: posts big blind $3
*** HOLE CARDS ***
7 Huligan 7: folds
Uncalled bet ($2) returned to anetkaapro
anetkaapro collected $2 from pot
anetkaapro: doesn't show hand
*** SUMMARY ***
Total pot $2 | Rake $0
Seat 6: 7 Huligan 7 (button) (small blind) folded before Flop
Seat 10: anetkaapro (big blind) collected ($2)


PokerStars Hand #152357638504:  Hold'em Limit ($3/$6 USD) - 2016/04/23 23:13:31 ET
Table 'Campania II' 10-max Seat #10 is the button
Seat 6: 7 Huligan 7 ($112.70 in chips)
Seat 10: anetkaapro ($160.07 in chips)
anetkaapro: posts small blind $1
7 Huligan 7: posts big blind $3
*** HOLE CARDS ***
anetkaapro: raises $3 to $6
7 Huligan 7: calls $3
*** FLOP *** [6c Ah 6s]
7 Huligan 7: checks
anetkaapro: bets $3
7 Huligan 7: folds
Uncalled bet ($3) returned to anetkaapro
anetkaapro collected $11.76 from pot
anetkaapro: doesn't show hand
*** SUMMARY ***
Total pot $12 | Rake $0.24
Board [6c Ah 6s]
Seat 6: 7 Huligan 7 (big blind) folded on the Flop
Seat 10: anetkaapro (button) (small blind) collected ($11.76)


PokerStars Hand #152357658521:  Hold'em Limit ($3/$6 USD) - 2016/04/23 23:14:39 ET
Table 'Campania II' 10-max Seat #6 is the button
Seat 6: 7 Huligan 7 ($84.70 in chips)
Seat 10: anetkaapro ($187.33 in chips)
7 Huligan 7: posts small blind $1
anetkaapro: posts big blind $3
*** HOLE CARDS ***
7 Huligan 7: raises $3 to $6
anetkaapro: calls $3
*** FLOP *** [9s 2d 7d]
anetkaapro: checks
7 Huligan 7: bets $3
anetkaapro: folds
Uncalled bet ($3) returned to 7 Huligan 7
7 Huligan 7 collected $11.76 from pot
7 Huligan 7: doesn't show hand
*** SUMMARY ***
Total pot $12 | Rake $0.24
Board [9s 2d 7d]
Seat 6: 7 Huligan 7 (button) (small blind) collected ($11.76)
Seat 10: anetkaapro (big blind) folded on the Flop


PokerStars Hand #152357649744:  Hold'em Limit ($3/$6 USD) - 2016/04/23 23:14:09 ET
Table 'Campania II' 10-max Seat #10 is the button
Seat 6: 7 Huligan 7 ($105.70 in chips)
Seat 10: anetkaapro ($166.83 in chips)
anetkaapro: posts small blind $1
7 Huligan 7: posts big blind $3
*** HOLE CARDS ***
anetkaapro: raises $3 to $6
7 Huligan 7: calls $3
*** FLOP *** [7c 3c 3d]
7 Huligan 7: checks
anetkaapro: bets $3
7 Huligan 7: calls $3
*** TURN *** [7c 3c 3d] [2h]
7 Huligan 7: bets $6
anetkaapro: calls $6
*** RIVER *** [7c 3c 3d 2h] [6d]
7 Huligan 7: bets $6
anetkaapro: calls $6
*** SHOW DOWN ***
7 Huligan 7: shows [2c 9s] (two pair, Threes and Deuces)
anetkaapro: shows [6h As] (two pair, Sixes and Threes)
anetkaapro collected $41.50 from pot
*** SUMMARY ***
Total pot $42 | Rake $0.50
Board [7c 3c 3d 2h 6d]
Seat 6: 7 Huligan 7 (big blind) showed [2c 9s] and lost with two pair, Threes and Deuces
Seat 10: anetkaapro (button) (small blind) showed [6h As] and won ($41.50) with two pair, Sixes and Threes


PokerStars Hand #152357672880:  Hold'em Limit ($3/$6 USD) - 2016/04/23 23:15:27 ET
Table 'Campania II' 10-max Seat #6 is the button
Seat 6: 7 Huligan 7 ($81.46 in chips)
Seat 10: anetkaapro ($189.97 in chips)
7 Huligan 7: posts small blind $1
anetkaapro: posts big blind $3
*** HOLE CARDS ***
7 Huligan 7: raises $3 to $6
anetkaapro: calls $3
*** FLOP *** [9h 8c Ad]
anetkaapro: checks
7 Huligan 7: bets $3
anetkaapro: folds
Uncalled bet ($3) returned to 7 Huligan 7
7 Huligan 7 collected $11.76 from pot
7 Huligan 7: doesn't show hand
*** SUMMARY ***
Total pot $12 | Rake $0.24
Board [9h 8c Ad]
Seat 6: 7 Huligan 7 (button) (small blind) collected ($11.76)
Seat 10: anetkaapro (big blind) folded on the Flop


PokerStars Hand #152357683683:  Hold'em Limit ($3/$6 USD) - 2016/04/23 23:16:03 ET
Table 'Campania II' 10-max Seat #6 is the button
Seat 6: 7 Huligan 7 ($81.22 in chips)
Seat 10: anetkaapro ($189.73 in chips)
7 Huligan 7: posts small blind $1
anetkaapro: posts big blind $3
*** HOLE CARDS ***
7 Huligan 7: folds
Uncalled bet ($2) returned to anetkaapro
anetkaapro collected $2 from pot
anetkaapro: doesn't show hand
*** SUMMARY ***
Total pot $2 | Rake $0
Seat 6: 7 Huligan 7 (button) (small blind) folded before Flop
Seat 10: anetkaapro (big blind) collected ($2)


PokerStars Hand #152357678048:  Hold'em Limit ($3/$6 USD) - 2016/04/23 23:15:44 ET
Table 'Campania II' 10-max Seat #10 is the button
Seat 6: 7 Huligan 7 ($87.22 in chips)
Seat 10: anetkaapro ($183.97 in chips)
anetkaapro: posts small blind $1
7 Huligan 7: posts big blind $3
*** HOLE CARDS ***
anetkaapro: raises $3 to $6
7 Huligan 7: calls $3
*** FLOP *** [As Jc Js]
7 Huligan 7: checks
anetkaapro: bets $3
7 Huligan 7: folds
Uncalled bet ($3) returned to anetkaapro
anetkaapro collected $11.76 from pot
anetkaapro: doesn't show hand
*** SUMMARY ***
Total pot $12 | Rake $0.24
Board [As Jc Js]
Seat 6: 7 Huligan 7 (big blind) folded on the Flop
Seat 10: anetkaapro (button) (small blind) collected ($11.76)


PokerStars Hand #152357662788:  Hold'em Limit ($3/$6 USD) - 2016/04/23 23:14:54 ET
Table 'Campania II' 10-max Seat #10 is the button
Seat 6: 7 Huligan 7 ($90.46 in chips)
Seat 10: anetkaapro ($181.33 in chips)
anetkaapro: posts small blind $1
7 Huligan 7: posts big blind $3
*** HOLE CARDS ***
anetkaapro: raises $3 to $6
7 Huligan 7: calls $3
*** FLOP *** [3h 2s Ac]
7 Huligan 7: checks
anetkaapro: bets $3
7 Huligan 7: calls $3
*** TURN *** [3h 2s Ac] [7d]
7 Huligan 7: checks
anetkaapro: checks
*** RIVER *** [3h 2s Ac 7d] [Js]
7 Huligan 7: checks
anetkaapro: bets $6
7 Huligan 7: folds
Uncalled bet ($6) returned to anetkaapro
anetkaapro collected $17.64 from pot
anetkaapro: doesn't show hand
*** SUMMARY ***
Total pot $18 | Rake $0.36
Board [3h 2s Ac 7d Js]
Seat 6: 7 Huligan 7 (big blind) folded on the River
Seat 10: anetkaapro (button) (small blind) collected ($17.64)


PokerStars Hand #152357685056:  Hold'em Limit ($3/$6 USD) - 2016/04/23 23:16:08 ET
Table 'Campania II' 10-max Seat #10 is the button
Seat 6: 7 Huligan 7 ($80.22 in chips)
Seat 10: anetkaapro ($190.73 in chips)
anetkaapro: posts small blind $1
7 Huligan 7: posts big blind $3
*** HOLE CARDS ***
anetkaapro: raises $3 to $6
7 Huligan 7: calls $3
*** FLOP *** [Ac 3d 2d]
7 Huligan 7: checks
anetkaapro: bets $3
7 Huligan 7: folds
Uncalled bet ($3) returned to anetkaapro
anetkaapro collected $11.76 from pot
anetkaapro: doesn't show hand
*** SUMMARY ***
Total pot $12 | Rake $0.24
Board [Ac 3d 2d]
Seat 6: 7 Huligan 7 (big blind) folded on the Flop
Seat 10: anetkaapro (button) (small blind) collected ($11.76)


PokerStars Hand #152357689850:  Hold'em Limit ($3/$6 USD) - 2016/04/23 23:16:24 ET
Table 'Campania II' 10-max Seat #6 is the button
Seat 6: 7 Huligan 7 ($74.22 in chips)
Seat 10: anetkaapro ($196.49 in chips)
7 Huligan 7: posts small blind $1
anetkaapro: posts big blind $3
*** HOLE CARDS ***
7 Huligan 7: raises $3 to $6
anetkaapro: raises $3 to $9
7 Huligan 7: calls $3
*** FLOP *** [4s Ks 4c]
anetkaapro: bets $3
7 Huligan 7: calls $3
*** TURN *** [4s Ks 4c] [2c]
anetkaapro: checks
7 Huligan 7: checks
*** RIVER *** [4s Ks 4c 2c] [7d]
anetkaapro: checks
7 Huligan 7: bets $6
anetkaapro: folds
Uncalled bet ($6) returned to 7 Huligan 7
7 Huligan 7 collected $23.52 from pot
7 Huligan 7: doesn't show hand
*** SUMMARY ***
Total pot $24 | Rake $0.48
Board [4s Ks 4c 2c 7d]
Seat 6: 7 Huligan 7 (button) (small blind) collected ($23.52)
Seat 10: anetkaapro (big blind) folded on the River


PokerStars Hand #152357725805:  Hold'em Limit ($3/$6 USD) - 2016/04/23 23:17:53 ET
Table 'Campania II' 10-max Seat #6 is the button
Seat 6: 7 Huligan 7 ($84.38 in chips)
Seat 10: anetkaapro ($185.13 in chips)
7 Huligan 7: posts small blind $1
anetkaapro: posts big blind $3
*** HOLE CARDS ***
7 Huligan 7: folds
Uncalled bet ($2) returned to anetkaapro
anetkaapro collected $2 from pot
anetkaapro: doesn't show hand
*** SUMMARY ***
Total pot $2 | Rake $0
Seat 6: 7 Huligan 7 (button) (small blind) folded before Flop
Seat 10: anetkaapro (big blind) collected ($2)


PokerStars Hand #152357716970:  Hold'em Limit ($3/$6 USD) - 2016/04/23 23:17:23 ET
Table 'Campania II' 10-max Seat #6 is the button
Seat 6: 7 Huligan 7 ($94.38 in chips)
Seat 10: anetkaapro ($175.49 in chips)
7 Huligan 7: posts small blind $1
anetkaapro: posts big blind $3
*** HOLE CARDS ***
7 Huligan 7: folds
Uncalled bet ($2) returned to anetkaapro
anetkaapro collected $2 from pot
anetkaapro: doesn't show hand
*** SUMMARY ***
Total pot $2 | Rake $0
Seat 6: 7 Huligan 7 (button) (small blind) folded before Flop
Seat 10: anetkaapro (big blind) collected ($2)


PokerStars Hand #152357712000:  Hold'em Limit ($3/$6 USD) - 2016/04/23 23:17:06 ET
Table 'Campania II' 10-max Seat #10 is the button
Seat 6: 7 Huligan 7 ($85.74 in chips)
Seat 10: anetkaapro ($184.49 in chips)
anetkaapro: posts small blind $1
7 Huligan 7: posts big blind $3
*** HOLE CARDS ***
anetkaapro: raises $3 to $6
7 Huligan 7: raises $3 to $9
anetkaapro: calls $3
*** FLOP *** [Jc 9d 5c]
7 Huligan 7: bets $3
anetkaapro: folds
Uncalled bet ($3) returned to 7 Huligan 7
7 Huligan 7 collected $17.64 from pot
7 Huligan 7: doesn't show hand
*** SUMMARY ***
Total pot $18 | Rake $0.36
Board [Jc 9d 5c]
Seat 6: 7 Huligan 7 (big blind) collected ($17.64)
Seat 10: anetkaapro (button) (small blind) folded on the Flop


PokerStars Hand #152357728466:  Hold'em Limit ($3/$6 USD) - 2016/04/23 23:18:01 ET
Table 'Campania II' 10-max Seat #10 is the button
Seat 6: 7 Huligan 7 ($83.38 in chips)
Seat 10: anetkaapro ($186.13 in chips)
anetkaapro: posts small blind $1
7 Huligan 7: posts big blind $3
*** HOLE CARDS ***
anetkaapro: folds
Uncalled bet ($2) returned to 7 Huligan 7
7 Huligan 7 collected $2 from pot
7 Huligan 7: doesn't show hand
*** SUMMARY ***
Total pot $2 | Rake $0
Seat 6: 7 Huligan 7 (big blind) collected ($2)
Seat 10: anetkaapro (button) (small blind) folded before Flop


PokerStars Hand #152357732402:  Hold'em Limit ($3/$6 USD) - 2016/04/23 23:18:15 ET
Table 'Campania II' 10-max Seat #10 is the button
Seat 6: 7 Huligan 7 ($83.38 in chips)
Seat 10: anetkaapro ($186.13 in chips)
anetkaapro: posts small blind $1
7 Huligan 7: posts big blind $3
*** HOLE CARDS ***
anetkaapro: raises $3 to $6
7 Huligan 7: raises $3 to $9
anetkaapro: calls $3
*** FLOP *** [7c Ts Qd]
7 Huligan 7: bets $3
anetkaapro: calls $3
*** TURN *** [7c Ts Qd] [Td]
7 Huligan 7: bets $6
anetkaapro: calls $6
*** RIVER *** [7c Ts Qd Td] [6d]
7 Huligan 7: bets $6
anetkaapro: calls $6
*** SHOW DOWN ***
7 Huligan 7: shows [Ad 9d] (a flush, Ace high)
anetkaapro: mucks hand
7 Huligan 7 collected $47.50 from pot
*** SUMMARY ***
Total pot $48 | Rake $0.50
Board [7c Ts Qd Td 6d]
Seat 6: 7 Huligan 7 (big blind) showed [Ad 9d] and won ($47.50) with a flush, Ace high
Seat 10: anetkaapro (button) (small blind) mucked


PokerStars Hand #152357729902:  Hold'em Limit ($3/$6 USD) - 2016/04/23 23:18:06 ET
Table 'Campania II' 10-max Seat #6 is the button
Seat 6: 7 Huligan 7 ($84.38 in chips)
Seat 10: anetkaapro ($185.13 in chips)
7 Huligan 7: posts small blind $1
anetkaapro: posts big blind $3
*** HOLE CARDS ***
7 Huligan 7: folds
Uncalled bet ($2) returned to anetkaapro
anetkaapro collected $2 from pot
anetkaapro: doesn't show hand
*** SUMMARY ***
Total pot $2 | Rake $0
Seat 6: 7 Huligan 7 (button) (small blind) folded before Flop
Seat 10: anetkaapro (big blind) collected ($2)


PokerStars Hand #152357749827:  Hold'em Limit ($3/$6 USD) - 2016/04/23 23:19:13 ET
Table 'Campania II' 10-max Seat #10 is the button
Seat 6: 7 Huligan 7 ($112.64 in chips)
Seat 10: anetkaapro ($156.13 in chips)
anetkaapro: posts small blind $1
7 Huligan 7: posts big blind $3
*** HOLE CARDS ***
anetkaapro: raises $3 to $6
7 Huligan 7: calls $3
*** FLOP *** [6c 5c 9d]
7 Huligan 7: checks
anetkaapro: bets $3
7 Huligan 7: raises $3 to $6
anetkaapro: calls $3
*** TURN *** [6c 5c 9d] [4d]
7 Huligan 7: bets $6
anetkaapro: folds
Uncalled bet ($6) returned to 7 Huligan 7
7 Huligan 7 collected $23.52 from pot
7 Huligan 7: doesn't show hand
*** SUMMARY ***
Total pot $24 | Rake $0.48
Board [6c 5c 9d 4d]
Seat 6: 7 Huligan 7 (big blind) collected ($23.52)
Seat 10: anetkaapro (button) (small blind) folded on the Turn


PokerStars Hand #152357756034:  Hold'em Limit ($3/$6 USD) - 2016/04/23 23:19:34 ET
Table 'Campania II' 10-max Seat #6 is the button
Seat 6: 7 Huligan 7 ($124.16 in chips)
Seat 10: anetkaapro ($144.13 in chips)
7 Huligan 7: posts small blind $1
anetkaapro: posts big blind $3
*** HOLE CARDS ***
7 Huligan 7: calls $2
anetkaapro: raises $3 to $6
7 Huligan 7: calls $3
*** FLOP *** [7h Tc 9c]
anetkaapro: bets $3
7 Huligan 7: calls $3
*** TURN *** [7h Tc 9c] [3c]
anetkaapro: checks
7 Huligan 7: bets $6
anetkaapro: raises $6 to $12
7 Huligan 7: calls $6
*** RIVER *** [7h Tc 9c 3c] [3d]
anetkaapro: bets $6
7 Huligan 7: folds
Uncalled bet ($6) returned to anetkaapro
anetkaapro collected $41.50 from pot
anetkaapro: doesn't show hand
*** SUMMARY ***
Total pot $42 | Rake $0.50
Board [7h Tc 9c 3c 3d]
Seat 6: 7 Huligan 7 (button) (small blind) folded on the River
Seat 10: anetkaapro (big blind) collected ($41.50)


PokerStars Hand #152357741413:  Hold'em Limit ($3/$6 USD) - 2016/04/23 23:18:45 ET
Table 'Campania II' 10-max Seat #6 is the button
Seat 6: 7 Huligan 7 ($106.88 in chips)
Seat 10: anetkaapro ($162.13 in chips)
7 Huligan 7: posts small blind $1
anetkaapro: posts big blind $3
*** HOLE CARDS ***
7 Huligan 7: raises $3 to $6
anetkaapro: calls $3
*** FLOP *** [Th Tc 8s]
anetkaapro: checks
7 Huligan 7: bets $3
anetkaapro: folds
Uncalled bet ($3) returned to 7 Huligan 7
7 Huligan 7 collected $11.76 from pot
7 Huligan 7: doesn't show hand
*** SUMMARY ***
Total pot $12 | Rake $0.24
Board [Th Tc 8s]
Seat 6: 7 Huligan 7 (button) (small blind) collected ($11.76)
Seat 10: anetkaapro (big blind) folded on the Flop


PokerStars Hand #152357770852:  Hold'em Limit ($3/$6 USD) - 2016/04/23 23:20:24 ET
Table 'Campania II' 10-max Seat #6 is the button
Seat 6: 7 Huligan 7 ($97.16 in chips)
Seat 10: anetkaapro ($170.39 in chips)
7 Huligan 7: posts small blind $1
anetkaapro: posts big blind $3
*** HOLE CARDS ***
7 Huligan 7: raises $3 to $6
anetkaapro: folds
Uncalled bet ($3) returned to 7 Huligan 7
7 Huligan 7 collected $6 from pot
7 Huligan 7: doesn't show hand
*** SUMMARY ***
Total pot $6 | Rake $0
Seat 6: 7 Huligan 7 (button) (small blind) collected ($6)
Seat 10: anetkaapro (big blind) folded before Flop


PokerStars Hand #152357767265:  Hold'em Limit ($3/$6 USD) - 2016/04/23 23:20:12 ET
Table 'Campania II' 10-max Seat #10 is the button
Seat 6: 7 Huligan 7 ($103.16 in chips)
Seat 10: anetkaapro ($164.63 in chips)
anetkaapro: posts small blind $1
7 Huligan 7: posts big blind $3
*** HOLE CARDS ***
anetkaapro: raises $3 to $6
7 Huligan 7: calls $3
*** FLOP *** [Ks Ad 3c]
7 Huligan 7: checks
anetkaapro: bets $3
7 Huligan 7: folds
Uncalled bet ($3) returned to anetkaapro
anetkaapro collected $11.76 from pot
anetkaapro: doesn't show hand
*** SUMMARY ***
Total pot $12 | Rake $0.24
Board [Ks Ad 3c]
Seat 6: 7 Huligan 7 (big blind) folded on the Flop
Seat 10: anetkaapro (button) (small blind) collected ($11.76)


PokerStars Hand #152357773251:  Hold'em Limit ($3/$6 USD) - 2016/04/23 23:20:33 ET
Table 'Campania II' 10-max Seat #10 is the button
Seat 6: 7 Huligan 7 ($100.16 in chips)
Seat 10: anetkaapro ($167.39 in chips)
anetkaapro: posts small blind $1
7 Huligan 7: posts big blind $3
*** HOLE CARDS ***
anetkaapro: raises $3 to $6
7 Huligan 7: calls $3
*** FLOP *** [2s Ts As]
7 Huligan 7: checks
anetkaapro: bets $3
7 Huligan 7: calls $3
*** TURN *** [2s Ts As] [7s]
7 Huligan 7: checks
anetkaapro: bets $6
7 Huligan 7: calls $6
*** RIVER *** [2s Ts As 7s] [6c]
7 Huligan 7: checks
anetkaapro: bets $6
7 Huligan 7: calls $6
*** SHOW DOWN ***
anetkaapro: shows [5c 6s] (a flush, Ace high)
7 Huligan 7: mucks hand
anetkaapro collected $41.50 from pot
*** SUMMARY ***
Total pot $42 | Rake $0.50
Board [2s Ts As 7s 6c]
Seat 6: 7 Huligan 7 (big blind) mucked
Seat 10: anetkaapro (button) (small blind) showed [5c 6s] and won ($41.50) with a flush, Ace high


PokerStars Hand #152357782961:  Hold'em Limit ($3/$6 USD) - 2016/04/23 23:21:06 ET
Table 'Campania II' 10-max Seat #6 is the button
Seat 6: 7 Huligan 7 ($79.16 in chips)
Seat 10: anetkaapro ($187.89 in chips)
7 Huligan 7: posts small blind $1
anetkaapro: posts big blind $3
*** HOLE CARDS ***
7 Huligan 7: raises $3 to $6
anetkaapro: calls $3
*** FLOP *** [6h 8s 6c]
anetkaapro: checks
7 Huligan 7: bets $3
anetkaapro: raises $3 to $6
7 Huligan 7: calls $3
*** TURN *** [6h 8s 6c] [Qs]
anetkaapro: checks
7 Huligan 7: checks
*** RIVER *** [6h 8s 6c Qs] [7d]
anetkaapro: bets $6
7 Huligan 7: folds
Uncalled bet ($6) returned to anetkaapro
anetkaapro collected $23.52 from pot
anetkaapro: doesn't show hand
*** SUMMARY ***
Total pot $24 | Rake $0.48
Board [6h 8s 6c Qs 7d]
Seat 6: 7 Huligan 7 (button) (small blind) folded on the River
Seat 10: anetkaapro (big blind) collected ($23.52)


PokerStars Hand #152357792614:  Hold'em Limit ($3/$6 USD) - 2016/04/23 23:21:39 ET
Table 'Campania II' 10-max Seat #10 is the button
Seat 6: 7 Huligan 7 ($67.16 in chips)
Seat 10: anetkaapro ($199.41 in chips)
anetkaapro: posts small blind $1
7 Huligan 7: posts big blind $3
*** HOLE CARDS ***
anetkaapro: raises $3 to $6
7 Huligan 7: calls $3
*** FLOP *** [3s 2h 3h]
7 Huligan 7: checks
anetkaapro: bets $3
7 Huligan 7: calls $3
*** TURN *** [3s 2h 3h] [Tc]
7 Huligan 7: checks
anetkaapro: bets $6
7 Huligan 7: raises $6 to $12
anetkaapro: calls $6
*** RIVER *** [3s 2h 3h Tc] [4h]
7 Huligan 7: bets $6
anetkaapro: folds
Uncalled bet ($6) returned to 7 Huligan 7
7 Huligan 7 collected $41.50 from pot
7 Huligan 7: doesn't show hand
*** SUMMARY ***
Total pot $42 | Rake $0.50
Board [3s 2h 3h Tc 4h]
Seat 6: 7 Huligan 7 (big blind) collected ($41.50)
Seat 10: anetkaapro (button) (small blind) folded on the River


PokerStars Hand #152357808544:  Hold'em Limit ($3/$6 USD) - 2016/04/23 23:22:34 ET
Table 'Campania II' 10-max Seat #10 is the button
Seat 6: 7 Huligan 7 ($108.16 in chips)
Seat 10: anetkaapro ($157.41 in chips)
anetkaapro: posts small blind $1
7 Huligan 7: posts big blind $3
*** HOLE CARDS ***
anetkaapro: raises $3 to $6
7 Huligan 7: calls $3
*** FLOP *** [7d Kd 7h]
7 Huligan 7: checks
anetkaapro: bets $3
7 Huligan 7: calls $3
*** TURN *** [7d Kd 7h] [Qc]
7 Huligan 7: checks
anetkaapro: checks
*** RIVER *** [7d Kd 7h Qc] [2h]
7 Huligan 7: bets $6
anetkaapro: folds
Uncalled bet ($6) returned to 7 Huligan 7
7 Huligan 7 collected $17.64 from pot
7 Huligan 7: doesn't show hand
*** SUMMARY ***
Total pot $18 | Rake $0.36
Board [7d Kd 7h Qc 2h]
Seat 6: 7 Huligan 7 (big blind) collected ($17.64)
Seat 10: anetkaapro (button) (small blind) folded on the River


PokerStars Hand #152357800232:  Hold'em Limit ($3/$6 USD) - 2016/04/23 23:22:05 ET
Table 'Campania II' 10-max Seat #6 is the button
Seat 6: 7 Huligan 7 ($87.66 in chips)
Seat 10: anetkaapro ($178.41 in chips)
7 Huligan 7: posts small blind $1
anetkaapro: posts big blind $3
*** HOLE CARDS ***
7 Huligan 7: raises $3 to $6
anetkaapro: calls $3
*** FLOP *** [7d Jh 5c]
anetkaapro: checks
7 Huligan 7: bets $3
anetkaapro: calls $3
*** TURN *** [7d Jh 5c] [3h]
anetkaapro: checks
7 Huligan 7: bets $6
anetkaapro: calls $6
*** RIVER *** [7d Jh 5c 3h] [3d]
anetkaapro: checks
7 Huligan 7: bets $6
anetkaapro: calls $6
*** SHOW DOWN ***
7 Huligan 7: shows [Jd Ac] (two pair, Jacks and Threes)
anetkaapro: mucks hand
7 Huligan 7 collected $41.50 from pot
*** SUMMARY ***
Total pot $42 | Rake $0.50
Board [7d Jh 5c 3h 3d]
Seat 6: 7 Huligan 7 (button) (small blind) showed [Jd Ac] and won ($41.50) with two pair, Jacks and Threes
Seat 10: anetkaapro (big blind) mucked


PokerStars Hand #152357818609:  Hold'em Limit ($3/$6 USD) - 2016/04/23 23:23:08 ET
Table 'Campania II' 10-max Seat #6 is the button
Seat 6: 7 Huligan 7 ($116.80 in chips)
Seat 10: anetkaapro ($148.41 in chips)
7 Huligan 7: posts small blind $1
anetkaapro: posts big blind $3
*** HOLE CARDS ***
7 Huligan 7: raises $3 to $6
anetkaapro: raises $3 to $9
7 Huligan 7: calls $3
*** FLOP *** [7h Jd 5h]
anetkaapro: bets $3
7 Huligan 7: calls $3
*** TURN *** [7h Jd 5h] [Jc]
anetkaapro: checks
7 Huligan 7: bets $6
anetkaapro: folds
Uncalled bet ($6) returned to 7 Huligan 7
7 Huligan 7 collected $23.52 from pot
7 Huligan 7: doesn't show hand
*** SUMMARY ***
Total pot $24 | Rake $0.48
Board [7h Jd 5h Jc]
Seat 6: 7 Huligan 7 (button) (small blind) collected ($23.52)
Seat 10: anetkaapro (big blind) folded on the Turn


PokerStars Hand #152357823475:  Hold'em Limit ($3/$6 USD) - 2016/04/23 23:23:25 ET
Table 'Campania II' 10-max Seat #10 is the button
Seat 6: 7 Huligan 7 ($128.32 in chips)
Seat 10: anetkaapro ($136.41 in chips)
anetkaapro: posts small blind $1
7 Huligan 7: posts big blind $3
*** HOLE CARDS ***
anetkaapro: raises $3 to $6
7 Huligan 7: calls $3
*** FLOP *** [Jd Jc Qs]
7 Huligan 7: checks
anetkaapro: bets $3
7 Huligan 7: calls $3
*** TURN *** [Jd Jc Qs] [4d]
7 Huligan 7: checks
anetkaapro: bets $6
7 Huligan 7: raises $6 to $12
anetkaapro: calls $6
*** RIVER *** [Jd Jc Qs 4d] [8d]
7 Huligan 7: bets $6
anetkaapro: calls $6
*** SHOW DOWN ***
7 Huligan 7: shows [Qh 6d] (two pair, Queens and Jacks)
anetkaapro: mucks hand
7 Huligan 7 collected $53.50 from pot
*** SUMMARY ***
Total pot $54 | Rake $0.50
Board [Jd Jc Qs 4d 8d]
Seat 6: 7 Huligan 7 (big blind) showed [Qh 6d] and won ($53.50) with two pair, Queens and Jacks
Seat 10: anetkaapro (button) (small blind) mucked


PokerStars Hand #152357839417:  Hold'em Limit ($3/$6 USD) - 2016/04/23 23:24:20 ET
Table 'Campania II' 10-max Seat #10 is the button
Seat 6: 7 Huligan 7 ($136.82 in chips)
Seat 10: anetkaapro ($126.91 in chips)
anetkaapro: posts small blind $1
7 Huligan 7: posts big blind $3
*** HOLE CARDS ***
anetkaapro: folds
Uncalled bet ($2) returned to 7 Huligan 7
7 Huligan 7 collected $2 from pot
7 Huligan 7: doesn't show hand
*** SUMMARY ***
Total pot $2 | Rake $0
Seat 6: 7 Huligan 7 (big blind) collected ($2)
Seat 10: anetkaapro (button) (small blind) folded before Flop


PokerStars Hand #152357830585:  Hold'em Limit ($3/$6 USD) - 2016/04/23 23:23:49 ET
Table 'Campania II' 10-max Seat #6 is the button
Seat 6: 7 Huligan 7 ($154.82 in chips)
Seat 10: anetkaapro ($109.41 in chips)
7 Huligan 7: posts small blind $1
anetkaapro: posts big blind $3
*** HOLE CARDS ***
7 Huligan 7: raises $3 to $6
anetkaapro: calls $3
*** FLOP *** [6s 4s 7d]
anetkaapro: checks
7 Huligan 7: bets $3
anetkaapro: raises $3 to $6
7 Huligan 7: calls $3
*** TURN *** [6s 4s 7d] [Qc]
anetkaapro: bets $6
7 Huligan 7: calls $6
*** RIVER *** [6s 4s 7d Qc] [2c]
anetkaapro: bets $6
7 Huligan 7: folds
Uncalled bet ($6) returned to anetkaapro
anetkaapro collected $35.50 from pot
anetkaapro: doesn't show hand
*** SUMMARY ***
Total pot $36 | Rake $0.50
Board [6s 4s 7d Qc 2c]
Seat 6: 7 Huligan 7 (button) (small blind) folded on the River
Seat 10: anetkaapro (big blind) collected ($35.50)


PokerStars Hand #152357850285:  Hold'em Limit ($3/$6 USD) - 2016/04/23 23:24:58 ET
Table 'Campania II' 10-max Seat #6 is the button
Seat 6: 7 Huligan 7 ($155.10 in chips)
Seat 10: anetkaapro ($107.91 in chips)
7 Huligan 7: posts small blind $1
anetkaapro: posts big blind $3
*** HOLE CARDS ***
7 Huligan 7: folds
Uncalled bet ($2) returned to anetkaapro
anetkaapro collected $2 from pot
anetkaapro: doesn't show hand
*** SUMMARY ***
Total pot $2 | Rake $0
Seat 6: 7 Huligan 7 (button) (small blind) folded before Flop
Seat 10: anetkaapro (big blind) collected ($2)


PokerStars Hand #152357845921:  Hold'em Limit ($3/$6 USD) - 2016/04/23 23:24:43 ET
Table 'Campania II' 10-max Seat #10 is the button
Seat 6: 7 Huligan 7 ($146.46 in chips)
Seat 10: anetkaapro ($116.91 in chips)
anetkaapro: posts small blind $1
7 Huligan 7: posts big blind $3
*** HOLE CARDS ***
anetkaapro: raises $3 to $6
7 Huligan 7: calls $3
*** FLOP *** [Td Kd As]
7 Huligan 7: checks
anetkaapro: bets $3
7 Huligan 7: calls $3
*** TURN *** [Td Kd As] [Qh]
7 Huligan 7: checks
anetkaapro: checks
*** RIVER *** [Td Kd As Qh] [2d]
7 Huligan 7: bets $6
anetkaapro: folds
Uncalled bet ($6) returned to 7 Huligan 7
7 Huligan 7 collected $17.64 from pot
7 Huligan 7: doesn't show hand
*** SUMMARY ***
Total pot $18 | Rake $0.36
Board [Td Kd As Qh 2d]
Seat 6: 7 Huligan 7 (big blind) collected ($17.64)
Seat 10: anetkaapro (button) (small blind) folded on the River


PokerStars Hand #152357840673:  Hold'em Limit ($3/$6 USD) - 2016/04/23 23:24:25 ET
Table 'Campania II' 10-max Seat #6 is the button
Seat 6: 7 Huligan 7 ($137.82 in chips)
Seat 10: anetkaapro ($125.91 in chips)
7 Huligan 7: posts small blind $1
anetkaapro: posts big blind $3
*** HOLE CARDS ***
7 Huligan 7: calls $2
anetkaapro: raises $3 to $6
7 Huligan 7: calls $3
*** FLOP *** [2d 3c 4d]
anetkaapro: bets $3
7 Huligan 7: calls $3
*** TURN *** [2d 3c 4d] [Ad]
anetkaapro: checks
7 Huligan 7: checks
*** RIVER *** [2d 3c 4d Ad] [Qs]
anetkaapro: checks
7 Huligan 7: checks
*** SHOW DOWN ***
anetkaapro: shows [2c Kd] (a pair of Deuces)
7 Huligan 7: shows [Kh 3h] (a pair of Threes)
7 Huligan 7 collected $17.64 from pot
*** SUMMARY ***
Total pot $18 | Rake $0.36
Board [2d 3c 4d Ad Qs]
Seat 6: 7 Huligan 7 (button) (small blind) showed [Kh 3h] and won ($17.64) with a pair of Threes
Seat 10: anetkaapro (big blind) showed [2c Kd] and lost with a pair of Deuces


PokerStars Hand #152357851690:  Hold'em Limit ($3/$6 USD) - 2016/04/23 23:25:03 ET
Table 'Campania II' 10-max Seat #10 is the button
Seat 6: 7 Huligan 7 ($154.10 in chips)
Seat 10: anetkaapro ($108.91 in chips)
anetkaapro: posts small blind $1
7 Huligan 7: posts big blind $3
*** HOLE CARDS ***
anetkaapro: raises $3 to $6
7 Huligan 7: calls $3
*** FLOP *** [3s Jd 8c]
7 Huligan 7: checks
anetkaapro: bets $3
7 Huligan 7: folds
Uncalled bet ($3) returned to anetkaapro
anetkaapro collected $11.76 from pot
anetkaapro: doesn't show hand
*** SUMMARY ***
Total pot $12 | Rake $0.24
Board [3s Jd 8c]
Seat 6: 7 Huligan 7 (big blind) folded on the Flop
Seat 10: anetkaapro (button) (small blind) collected ($11.76)


PokerStars Hand #152357856559:  Hold'em Limit ($3/$6 USD) - 2016/04/23 23:25:20 ET
Table 'Campania II' 10-max Seat #6 is the button
Seat 6: 7 Huligan 7 ($148.10 in chips)
Seat 10: anetkaapro ($114.67 in chips)
7 Huligan 7: posts small blind $1
anetkaapro: posts big blind $3
*** HOLE CARDS ***
7 Huligan 7: calls $2
anetkaapro: raises $3 to $6
7 Huligan 7: calls $3
*** FLOP *** [Kh 2h 8c]
anetkaapro: bets $3
7 Huligan 7: calls $3
*** TURN *** [Kh 2h 8c] [3h]
anetkaapro: bets $6
7 Huligan 7: folds
Uncalled bet ($6) returned to anetkaapro
anetkaapro collected $17.64 from pot
anetkaapro: doesn't show hand
*** SUMMARY ***
Total pot $18 | Rake $0.36
Board [Kh 2h 8c 3h]
Seat 6: 7 Huligan 7 (button) (small blind) folded on the Turn
Seat 10: anetkaapro (big blind) collected ($17.64)


PokerStars Hand #152357865182:  Hold'em Limit ($3/$6 USD) - 2016/04/23 23:25:49 ET
Table 'Campania II' 10-max Seat #6 is the button
Seat 6: 7 Huligan 7 ($147.74 in chips)
Seat 10: anetkaapro ($114.31 in chips)
7 Huligan 7: posts small blind $1
anetkaapro: posts big blind $3
*** HOLE CARDS ***
7 Huligan 7: folds
Uncalled bet ($2) returned to anetkaapro
anetkaapro collected $2 from pot
anetkaapro: doesn't show hand
*** SUMMARY ***
Total pot $2 | Rake $0
Seat 6: 7 Huligan 7 (button) (small blind) folded before Flop
Seat 10: anetkaapro (big blind) collected ($2)


PokerStars Hand #152357888328:  Hold'em Limit ($3/$6 USD) - 2016/04/23 23:27:09 ET
Table 'Campania II' 10-max Seat #6 is the button
Seat 6: 7 Huligan 7 ($142.38 in chips)
Seat 10: anetkaapro ($118.71 in chips)
7 Huligan 7: posts small blind $1
anetkaapro: posts big blind $3
*** HOLE CARDS ***
7 Huligan 7: folds
Uncalled bet ($2) returned to anetkaapro
anetkaapro collected $2 from pot
anetkaapro: doesn't show hand
*** SUMMARY ***
Total pot $2 | Rake $0
Seat 6: 7 Huligan 7 (button) (small blind) folded before Flop
Seat 10: anetkaapro (big blind) collected ($2)


PokerStars Hand #152357885086:  Hold'em Limit ($3/$6 USD) - 2016/04/23 23:26:58 ET
Table 'Campania II' 10-max Seat #10 is the button
Seat 6: 7 Huligan 7 ($148.38 in chips)
Seat 10: anetkaapro ($112.95 in chips)
anetkaapro: posts small blind $1
7 Huligan 7: posts big blind $3
*** HOLE CARDS ***
anetkaapro: raises $3 to $6
7 Huligan 7: calls $3
*** FLOP *** [Jh Kh Jc]
7 Huligan 7: checks
anetkaapro: bets $3
7 Huligan 7: folds
Uncalled bet ($3) returned to anetkaapro
anetkaapro collected $11.76 from pot
anetkaapro: doesn't show hand
*** SUMMARY ***
Total pot $12 | Rake $0.24
Board [Jh Kh Jc]
Seat 6: 7 Huligan 7 (big blind) folded on the Flop
Seat 10: anetkaapro (button) (small blind) collected ($11.76)


PokerStars Hand #152357866527:  Hold'em Limit ($3/$6 USD) - 2016/04/23 23:25:54 ET
Table 'Campania II' 10-max Seat #10 is the button
Seat 6: 7 Huligan 7 ($146.74 in chips)
Seat 10: anetkaapro ($115.31 in chips)
anetkaapro: posts small blind $1
7 Huligan 7: posts big blind $3
*** HOLE CARDS ***
anetkaapro: raises $3 to $6
7 Huligan 7: calls $3
*** FLOP *** [8s Qd 8h]
7 Huligan 7: checks
anetkaapro: bets $3
7 Huligan 7: calls $3
*** TURN *** [8s Qd 8h] [2d]
7 Huligan 7: checks
anetkaapro: checks
*** RIVER *** [8s Qd 8h 2d] [5d]
7 Huligan 7: checks
anetkaapro: checks
*** SHOW DOWN ***
7 Huligan 7: shows [9c 6s] (a pair of Eights)
anetkaapro: shows [Kc Tc] (a pair of Eights - King kicker)
anetkaapro collected $17.64 from pot
*** SUMMARY ***
Total pot $18 | Rake $0.36
Board [8s Qd 8h 2d 5d]
Seat 6: 7 Huligan 7 (big blind) showed [9c 6s] and lost with a pair of Eights
Seat 10: anetkaapro (button) (small blind) showed [Kc Tc] and won ($17.64) with a pair of Eights


PokerStars Hand #152357875563:  Hold'em Limit ($3/$6 USD) - 2016/04/23 23:26:25 ET
Table 'Campania II' 10-max Seat #6 is the button
Seat 6: 7 Huligan 7 ($137.74 in chips)
Seat 10: anetkaapro ($123.95 in chips)
7 Huligan 7: posts small blind $1
anetkaapro: posts big blind $3
*** HOLE CARDS ***
7 Huligan 7: folds
Uncalled bet ($2) returned to anetkaapro
anetkaapro collected $2 from pot
anetkaapro: doesn't show hand
*** SUMMARY ***
Total pot $2 | Rake $0
Seat 6: 7 Huligan 7 (button) (small blind) folded before Flop
Seat 10: anetkaapro (big blind) collected ($2)


PokerStars Hand #152357883043:  Hold'em Limit ($3/$6 USD) - 2016/04/23 23:26:51 ET
Table 'Campania II' 10-max Seat #6 is the button
Seat 6: 7 Huligan 7 ($145.38 in chips)
Seat 10: anetkaapro ($115.95 in chips)
7 Huligan 7: posts small blind $1
anetkaapro: posts big blind $3
*** HOLE CARDS ***
7 Huligan 7: raises $3 to $6
anetkaapro: folds
Uncalled bet ($3) returned to 7 Huligan 7
7 Huligan 7 collected $6 from pot
7 Huligan 7: doesn't show hand
*** SUMMARY ***
Total pot $6 | Rake $0
Seat 6: 7 Huligan 7 (button) (small blind) collected ($6)
Seat 10: anetkaapro (big blind) folded before Flop


PokerStars Hand #152357876959:  Hold'em Limit ($3/$6 USD) - 2016/04/23 23:26:30 ET
Table 'Campania II' 10-max Seat #10 is the button
Seat 6: 7 Huligan 7 ($136.74 in chips)
Seat 10: anetkaapro ($124.95 in chips)
anetkaapro: posts small blind $1
7 Huligan 7: posts big blind $3
*** HOLE CARDS ***
anetkaapro: raises $3 to $6
7 Huligan 7: calls $3
*** FLOP *** [Ks 6c 9d]
7 Huligan 7: checks
anetkaapro: bets $3
7 Huligan 7: calls $3
*** TURN *** [Ks 6c 9d] [8d]
7 Huligan 7: checks
anetkaapro: checks
*** RIVER *** [Ks 6c 9d 8d] [7d]
7 Huligan 7: checks
anetkaapro: checks
*** SHOW DOWN ***
7 Huligan 7: shows [6h Kc] (two pair, Kings and Sixes)
anetkaapro: mucks hand
7 Huligan 7 collected $17.64 from pot
*** SUMMARY ***
Total pot $18 | Rake $0.36
Board [Ks 6c 9d 8d 7d]
Seat 6: 7 Huligan 7 (big blind) showed [6h Kc] and won ($17.64) with two pair, Kings and Sixes
Seat 10: anetkaapro (button) (small blind) mucked


PokerStars Hand #152357893108:  Hold'em Limit ($3/$6 USD) - 2016/04/23 23:27:26 ET
Table 'Campania II' 10-max Seat #6 is the button
Seat 6: 7 Huligan 7 ($135.38 in chips)
Seat 10: anetkaapro ($125.47 in chips)
7 Huligan 7: posts small blind $1
anetkaapro: posts big blind $3
*** HOLE CARDS ***
7 Huligan 7: folds
Uncalled bet ($2) returned to anetkaapro
anetkaapro collected $2 from pot
anetkaapro: doesn't show hand
*** SUMMARY ***
Total pot $2 | Rake $0
Seat 6: 7 Huligan 7 (button) (small blind) folded before Flop
Seat 10: anetkaapro (big blind) collected ($2)


PokerStars Hand #152357889642:  Hold'em Limit ($3/$6 USD) - 2016/04/23 23:27:14 ET
Table 'Campania II' 10-max Seat #10 is the button
Seat 6: 7 Huligan 7 ($141.38 in chips)
Seat 10: anetkaapro ($119.71 in chips)
anetkaapro: posts small blind $1
7 Huligan 7: posts big blind $3
*** HOLE CARDS ***
anetkaapro: raises $3 to $6
7 Huligan 7: calls $3
*** FLOP *** [4c Ah Th]
7 Huligan 7: checks
anetkaapro: bets $3
7 Huligan 7: folds
Uncalled bet ($3) returned to anetkaapro
anetkaapro collected $11.76 from pot
anetkaapro: doesn't show hand
*** SUMMARY ***
Total pot $12 | Rake $0.24
Board [4c Ah Th]
Seat 6: 7 Huligan 7 (big blind) folded on the Flop
Seat 10: anetkaapro (button) (small blind) collected ($11.76)


PokerStars Hand #152357894541:  Hold'em Limit ($3/$6 USD) - 2016/04/23 23:27:31 ET
Table 'Campania II' 10-max Seat #10 is the button
Seat 6: 7 Huligan 7 ($134.38 in chips)
Seat 10: anetkaapro ($126.47 in chips)
anetkaapro: posts small blind $1
7 Huligan 7: posts big blind $3
*** HOLE CARDS ***
anetkaapro: raises $3 to $6
7 Huligan 7: calls $3
*** FLOP *** [7h 6s 8s]
7 Huligan 7: checks
anetkaapro: bets $3
7 Huligan 7: calls $3
*** TURN *** [7h 6s 8s] [3d]
7 Huligan 7: checks
anetkaapro: checks
*** RIVER *** [7h 6s 8s 3d] [4d]
7 Huligan 7: bets $6
anetkaapro: raises $6 to $12
7 Huligan 7: calls $6
*** SHOW DOWN ***
anetkaapro: shows [5h Qh] (a straight, Four to Eight)
7 Huligan 7: mucks hand
anetkaapro collected $41.50 from pot
*** SUMMARY ***
Total pot $42 | Rake $0.50
Board [7h 6s 8s 3d 4d]
Seat 6: 7 Huligan 7 (big blind) mucked
Seat 10: anetkaapro (button) (small blind) showed [5h Qh] and won ($41.50) with a straight, Four to Eight


PokerStars Hand #152357908794:  Hold'em Limit ($3/$6 USD) - 2016/04/23 23:28:20 ET
Table 'Campania II' 10-max Seat #10 is the button
Seat 6: 7 Huligan 7 ($119.14 in chips)
Seat 10: anetkaapro ($140.97 in chips)
anetkaapro: posts small blind $1
7 Huligan 7: posts big blind $3
*** HOLE CARDS ***
anetkaapro: raises $3 to $6
7 Huligan 7: calls $3
*** FLOP *** [8h Kd Ah]
7 Huligan 7: checks
anetkaapro: bets $3
7 Huligan 7: calls $3
*** TURN *** [8h Kd Ah] [Td]
7 Huligan 7: checks
anetkaapro: checks
*** RIVER *** [8h Kd Ah Td] [Jh]
VolkovDmitri joins the table at seat #7
7 Huligan 7: checks
anetkaapro: checks
*** SHOW DOWN ***
7 Huligan 7: shows [Ks 3s] (a pair of Kings)
anetkaapro: mucks hand
7 Huligan 7 collected $17.64 from pot
*** SUMMARY ***
Total pot $18 | Rake $0.36
Board [8h Kd Ah Td Jh]
Seat 6: 7 Huligan 7 (big blind) showed [Ks 3s] and won ($17.64) with a pair of Kings
Seat 10: anetkaapro (button) (small blind) mucked


PokerStars Hand #152357900253:  Hold'em Limit ($3/$6 USD) - 2016/04/23 23:27:50 ET
Table 'Campania II' 10-max Seat #6 is the button
Seat 6: 7 Huligan 7 ($113.38 in chips)
Seat 10: anetkaapro ($146.97 in chips)
7 Huligan 7: posts small blind $1
anetkaapro: posts big blind $3
*** HOLE CARDS ***
7 Huligan 7: calls $2
anetkaapro: checks
*** FLOP *** [Qh 4d 5c]
anetkaapro: bets $3
7 Huligan 7: calls $3
*** TURN *** [Qh 4d 5c] [Ts]
anetkaapro: checks
7 Huligan 7: bets $6
anetkaapro: folds
Uncalled bet ($6) returned to 7 Huligan 7
7 Huligan 7 collected $11.76 from pot
7 Huligan 7: doesn't show hand
*** SUMMARY ***
Total pot $12 | Rake $0.24
Board [Qh 4d 5c Ts]
Seat 6: 7 Huligan 7 (button) (small blind) collected ($11.76)
Seat 10: anetkaapro (big blind) folded on the Turn


PokerStars Hand #152358209471:  Hold'em Limit ($3/$6 USD) - 2016/04/23 23:46:05 ET
Table 'Campania II' 10-max Seat #8 is the button
Seat 6: 7 Huligan 7 ($68.95 in chips)
Seat 8: RinaFox ($247.84 in chips)
RinaFox: posts small blind $1
7 Huligan 7: posts big blind $3
*** HOLE CARDS ***
RinaFox: folds
Uncalled bet ($2) returned to 7 Huligan 7
7 Huligan 7 collected $2 from pot
7 Huligan 7: doesn't show hand
*** SUMMARY ***
Total pot $2 | Rake $0
Seat 6: 7 Huligan 7 (big blind) collected ($2)
Seat 8: RinaFox (button) (small blind) folded before Flop


PokerStars Hand #152358206992:  Hold'em Limit ($3/$6 USD) - 2016/04/23 23:45:56 ET
Table 'Campania II' 10-max Seat #6 is the button
Seat 6: 7 Huligan 7 ($45.95 in chips)
Seat 8: RinaFox ($250.84 in chips)
7 Huligan 7: posts small blind $1
VolkovDmitri: is sitting out
RinaFox: posts big blind $3
*** HOLE CARDS ***
7 Huligan 7: raises $3 to $6
RinaFox: folds
Uncalled bet ($3) returned to 7 Huligan 7
7 Huligan 7 collected $6 from pot
7 Huligan 7: doesn't show hand
*** SUMMARY ***
Total pot $6 | Rake $0
Seat 6: 7 Huligan 7 (button) (small blind) collected ($6)
Seat 8: RinaFox (big blind) folded before Flop


PokerStars Hand #152358215614:  Hold'em Limit ($3/$6 USD) - 2016/04/23 23:46:27 ET
Table 'Campania II' 10-max Seat #8 is the button
Seat 6: 7 Huligan 7 ($72.83 in chips)
Seat 8: RinaFox ($243.84 in chips)
RinaFox: posts small blind $1
7 Huligan 7: posts big blind $3
*** HOLE CARDS ***
RinaFox: raises $3 to $6
7 Huligan 7: raises $3 to $9
RinaFox: calls $3
*** FLOP *** [Td 3c 8h]
7 Huligan 7: bets $3
RinaFox: calls $3
*** TURN *** [Td 3c 8h] [4s]
7 Huligan 7: bets $6
RinaFox: raises $6 to $12
7 Huligan 7: calls $6
*** RIVER *** [Td 3c 8h 4s] [7d]
7 Huligan 7: checks
RinaFox: bets $6
7 Huligan 7: raises $6 to $12
RinaFox: calls $6
*** SHOW DOWN ***
7 Huligan 7: shows [7c 7h] (three of a kind, Sevens)
RinaFox: mucks hand
7 Huligan 7 collected $71.50 from pot
*** SUMMARY ***
Total pot $72 | Rake $0.50
Board [Td 3c 8h 4s 7d]
Seat 6: 7 Huligan 7 (big blind) showed [7c 7h] and won ($71.50) with three of a kind, Sevens
Seat 8: RinaFox (button) (small blind) mucked


PokerStars Hand #152358221574:  Hold'em Limit ($3/$6 USD) - 2016/04/23 23:46:48 ET
Table 'Campania II' 10-max Seat #6 is the button
Seat 6: 7 Huligan 7 ($108.33 in chips)
Seat 8: RinaFox ($207.84 in chips)
7 Huligan 7: posts small blind $1
RinaFox: posts big blind $3
*** HOLE CARDS ***
7 Huligan 7: calls $2
RinaFox: checks
*** FLOP *** [Kc 9h Ks]
Hsj2012 joins the table at seat #1
RinaFox: checks
7 Huligan 7: checks
*** TURN *** [Kc 9h Ks] [8c]
RinaFox: checks
7 Huligan 7: checks
*** RIVER *** [Kc 9h Ks 8c] [2h]
RinaFox: checks
7 Huligan 7: bets $6
RinaFox: folds
Uncalled bet ($6) returned to 7 Huligan 7
7 Huligan 7 collected $5.88 from pot
7 Huligan 7: doesn't show hand
*** SUMMARY ***
Total pot $6 | Rake $0.12
Board [Kc 9h Ks 8c 2h]
Seat 6: 7 Huligan 7 (button) (small blind) collected ($5.88)
Seat 8: RinaFox (big blind) folded on the River


PokerStars Hand #152358211479:  Hold'em Limit ($3/$6 USD) - 2016/04/23 23:46:12 ET
Table 'Campania II' 10-max Seat #6 is the button
Seat 6: 7 Huligan 7 ($69.95 in chips)
Seat 8: RinaFox ($246.84 in chips)
7 Huligan 7: posts small blind $1
RinaFox: posts big blind $3
*** HOLE CARDS ***
7 Huligan 7: calls $2
RinaFox: checks
*** FLOP *** [6c 5d Ts]
RinaFox: checks
7 Huligan 7: bets $3
RinaFox: folds
Uncalled bet ($3) returned to 7 Huligan 7
7 Huligan 7 collected $5.88 from pot
7 Huligan 7: doesn't show hand
*** SUMMARY ***
Total pot $6 | Rake $0.12
Board [6c 5d Ts]
Seat 6: 7 Huligan 7 (button) (small blind) collected ($5.88)
Seat 8: RinaFox (big blind) folded on the Flop


PokerStars Hand #152358235383:  Hold'em Limit ($3/$6 USD) - 2016/04/23 23:47:38 ET
Table 'Campania II' 10-max Seat #6 is the button
Seat 6: 7 Huligan 7 ($112.21 in chips)
Seat 8: RinaFox ($202.84 in chips)
7 Huligan 7: posts small blind $1
RinaFox: posts big blind $3
*** HOLE CARDS ***
7 Huligan 7: calls $2
RinaFox: checks
*** FLOP *** [6s Tc 4s]
RinaFox: checks
7 Huligan 7: checks
*** TURN *** [6s Tc 4s] [2c]
RinaFox: checks
7 Huligan 7: bets $6
RinaFox: folds
Uncalled bet ($6) returned to 7 Huligan 7
7 Huligan 7 collected $5.88 from pot
7 Huligan 7: doesn't show hand
*** SUMMARY ***
Total pot $6 | Rake $0.12
Board [6s Tc 4s 2c]
Seat 6: 7 Huligan 7 (button) (small blind) collected ($5.88)
Seat 8: RinaFox (big blind) folded on the Turn


PokerStars Hand #152358231805:  Hold'em Limit ($3/$6 USD) - 2016/04/23 23:47:25 ET
Table 'Campania II' 10-max Seat #8 is the button
Seat 6: 7 Huligan 7 ($111.21 in chips)
Seat 8: RinaFox ($203.84 in chips)
RinaFox: posts small blind $1
7 Huligan 7: posts big blind $3
*** HOLE CARDS ***
Hsj2012 leaves the table
RinaFox: folds
Uncalled bet ($2) returned to 7 Huligan 7
7 Huligan 7 collected $2 from pot
7 Huligan 7: doesn't show hand
*** SUMMARY ***
Total pot $2 | Rake $0
Seat 6: 7 Huligan 7 (big blind) collected ($2)
Seat 8: RinaFox (button) (small blind) folded before Flop


PokerStars Hand #152358244231:  Hold'em Limit ($3/$6 USD) - 2016/04/23 23:48:10 ET
Table 'Campania II' 10-max Seat #8 is the button
Seat 6: 7 Huligan 7 ($115.09 in chips)
Seat 8: RinaFox ($199.84 in chips)
RinaFox: posts small blind $1
7 Huligan 7: posts big blind $3
*** HOLE CARDS ***
RinaFox: raises $3 to $6
7 Huligan 7: calls $3
*** FLOP *** [Jd Ac Kd]
7 Huligan 7: checks
RinaFox: checks
*** TURN *** [Jd Ac Kd] [6c]
7 Huligan 7: checks
RinaFox: checks
*** RIVER *** [Jd Ac Kd 6c] [8s]
7 Huligan 7: checks
RinaFox: bets $6
7 Huligan 7: folds
Uncalled bet ($6) returned to RinaFox
RinaFox collected $11.76 from pot
RinaFox: doesn't show hand
*** SUMMARY ***
Total pot $12 | Rake $0.24
Board [Jd Ac Kd 6c 8s]
Seat 6: 7 Huligan 7 (big blind) folded on the River
Seat 8: RinaFox (button) (small blind) collected ($11.76)


PokerStars Hand #152358251016:  Hold'em Limit ($3/$6 USD) - 2016/04/23 23:48:34 ET
Table 'Campania II' 10-max Seat #6 is the button
Seat 6: 7 Huligan 7 ($109.09 in chips)
Seat 8: RinaFox ($205.60 in chips)
7 Huligan 7: posts small blind $1
RinaFox: posts big blind $3
*** HOLE CARDS ***
7 Huligan 7: calls $2
RinaFox: checks
*** FLOP *** [8h 4s Jd]
RinaFox: checks
7 Huligan 7: bets $3
RinaFox: folds
Uncalled bet ($3) returned to 7 Huligan 7
7 Huligan 7 collected $5.88 from pot
7 Huligan 7: doesn't show hand
*** SUMMARY ***
Total pot $6 | Rake $0.12
Board [8h 4s Jd]
Seat 6: 7 Huligan 7 (button) (small blind) collected ($5.88)
Seat 8: RinaFox (big blind) folded on the Flop


PokerStars Hand #152358268931:  Hold'em Limit ($3/$6 USD) - 2016/04/23 23:49:40 ET
Table 'Campania II' 10-max Seat #8 is the button
Seat 6: 7 Huligan 7 ($126.37 in chips)
Seat 8: RinaFox ($187.60 in chips)
RinaFox: posts small blind $1
7 Huligan 7: posts big blind $3
*** HOLE CARDS ***
RinaFox: folds
Uncalled bet ($2) returned to 7 Huligan 7
7 Huligan 7 collected $2 from pot
7 Huligan 7: doesn't show hand
*** SUMMARY ***
Total pot $2 | Rake $0
Seat 6: 7 Huligan 7 (big blind) collected ($2)
Seat 8: RinaFox (button) (small blind) folded before Flop


PokerStars Hand #152358263956:  Hold'em Limit ($3/$6 USD) - 2016/04/23 23:49:22 ET
Table 'Campania II' 10-max Seat #6 is the button
Seat 6: 7 Huligan 7 ($120.61 in chips)
Seat 8: RinaFox ($193.60 in chips)
7 Huligan 7: posts small blind $1
RinaFox: posts big blind $3
*** HOLE CARDS ***
7 Huligan 7: raises $3 to $6
RinaFox: calls $3
*** FLOP *** [7h 4s 3s]
RinaFox: checks
7 Huligan 7: checks
*** TURN *** [7h 4s 3s] [2s]
RinaFox: checks
7 Huligan 7: checks
*** RIVER *** [7h 4s 3s 2s] [3d]
RinaFox: checks
7 Huligan 7: checks
*** SHOW DOWN ***
RinaFox: shows [Kc 5s] (a pair of Threes)
7 Huligan 7: shows [Qh Ah] (a pair of Threes - Ace kicker)
7 Huligan 7 collected $11.76 from pot
*** SUMMARY ***
Total pot $12 | Rake $0.24
Board [7h 4s 3s 2s 3d]
Seat 6: 7 Huligan 7 (button) (small blind) showed [Qh Ah] and won ($11.76) with a pair of Threes
Seat 8: RinaFox (big blind) showed [Kc 5s] and lost with a pair of Threes


PokerStars Hand #152358253766:  Hold'em Limit ($3/$6 USD) - 2016/04/23 23:48:45 ET
Table 'Campania II' 10-max Seat #8 is the button
Seat 6: 7 Huligan 7 ($111.97 in chips)
Seat 8: RinaFox ($202.60 in chips)
RinaFox: posts small blind $1
7 Huligan 7: posts big blind $3
*** HOLE CARDS ***
RinaFox: raises $3 to $6
7 Huligan 7: calls $3
*** FLOP *** [4h 5h Jh]
7 Huligan 7: checks
RinaFox: bets $3
7 Huligan 7: calls $3
*** TURN *** [4h 5h Jh] [7h]
7 Huligan 7: checks
RinaFox: checks
*** RIVER *** [4h 5h Jh 7h] [3c]
7 Huligan 7: bets $6
RinaFox: folds
Uncalled bet ($6) returned to 7 Huligan 7
7 Huligan 7 collected $17.64 from pot
7 Huligan 7: doesn't show hand
*** SUMMARY ***
Total pot $18 | Rake $0.36
Board [4h 5h Jh 7h 3c]
Seat 6: 7 Huligan 7 (big blind) collected ($17.64)
Seat 8: RinaFox (button) (small blind) folded on the River


PokerStars Hand #152358271543:  Hold'em Limit ($3/$6 USD) - 2016/04/23 23:49:49 ET
Table 'Campania II' 10-max Seat #8 is the button
Seat 6: 7 Huligan 7 ($126.37 in chips)
Seat 8: RinaFox ($187.60 in chips)
RinaFox: posts small blind $1
7 Huligan 7: posts big blind $3
*** HOLE CARDS ***
RinaFox: folds
Uncalled bet ($2) returned to 7 Huligan 7
7 Huligan 7 collected $2 from pot
7 Huligan 7: doesn't show hand
*** SUMMARY ***
Total pot $2 | Rake $0
Seat 6: 7 Huligan 7 (big blind) collected ($2)
Seat 8: RinaFox (button) (small blind) folded before Flop


PokerStars Hand #152358270196:  Hold'em Limit ($3/$6 USD) - 2016/04/23 23:49:44 ET
Table 'Campania II' 10-max Seat #6 is the button
Seat 6: 7 Huligan 7 ($127.37 in chips)
Seat 8: RinaFox ($186.60 in chips)
7 Huligan 7: posts small blind $1
RinaFox: posts big blind $3
*** HOLE CARDS ***
7 Huligan 7: folds
Uncalled bet ($2) returned to RinaFox
RinaFox collected $2 from pot
RinaFox: doesn't show hand
*** SUMMARY ***
Total pot $2 | Rake $0
Seat 6: 7 Huligan 7 (button) (small blind) folded before Flop
Seat 8: RinaFox (big blind) collected ($2)


PokerStars Hand #152358279110:  Hold'em Limit ($3/$6 USD) - 2016/04/23 23:50:17 ET
Table 'Campania II' 10-max Seat #8 is the button
Seat 6: 7 Huligan 7 ($133.13 in chips)
Seat 8: RinaFox ($180.60 in chips)
RinaFox: posts small blind $1
7 Huligan 7: posts big blind $3
*** HOLE CARDS ***
RinaFox: raises $3 to $6
7 Huligan 7: calls $3
*** FLOP *** [6c 2c 3d]
7 Huligan 7: checks
RinaFox: bets $3
7 Huligan 7: calls $3
*** TURN *** [6c 2c 3d] [Ad]
7 Huligan 7: checks
RinaFox: bets $6
7 Huligan 7: folds
Uncalled bet ($6) returned to RinaFox
RinaFox collected $17.64 from pot
RinaFox: doesn't show hand
*** SUMMARY ***
Total pot $18 | Rake $0.36
Board [6c 2c 3d Ad]
Seat 6: 7 Huligan 7 (big blind) folded on the Turn
Seat 8: RinaFox (button) (small blind) collected ($17.64)


PokerStars Hand #152358289438:  Hold'em Limit ($3/$6 USD) - 2016/04/23 23:50:54 ET
Table 'Campania II' 10-max Seat #8 is the button
Seat 6: 7 Huligan 7 ($106.13 in chips)
Seat 8: RinaFox ($206.74 in chips)
RinaFox: posts small blind $1
7 Huligan 7: posts big blind $3
*** HOLE CARDS ***
RinaFox: folds
Uncalled bet ($2) returned to 7 Huligan 7
7 Huligan 7 collected $2 from pot
7 Huligan 7: doesn't show hand
*** SUMMARY ***
Total pot $2 | Rake $0
Seat 6: 7 Huligan 7 (big blind) collected ($2)
Seat 8: RinaFox (button) (small blind) folded before Flop


PokerStars Hand #152358285507:  Hold'em Limit ($3/$6 USD) - 2016/04/23 23:50:40 ET
Table 'Campania II' 10-max Seat #6 is the button
Seat 6: 7 Huligan 7 ($124.13 in chips)
Seat 8: RinaFox ($189.24 in chips)
7 Huligan 7: posts small blind $1
RinaFox: posts big blind $3
*** HOLE CARDS ***
7 Huligan 7: calls $2
RinaFox: checks
*** FLOP *** [2s 4h 8d]
RinaFox: bets $3
7 Huligan 7: calls $3
*** TURN *** [2s 4h 8d] [Js]
RinaFox: bets $6
7 Huligan 7: calls $6
*** RIVER *** [2s 4h 8d Js] [Tc]
RinaFox: bets $6
7 Huligan 7: calls $6
*** SHOW DOWN ***
RinaFox: shows [2d 4s] (two pair, Fours and Deuces)
7 Huligan 7: mucks hand
RinaFox collected $35.50 from pot
*** SUMMARY ***
Total pot $36 | Rake $0.50
Board [2s 4h 8d Js Tc]
Seat 6: 7 Huligan 7 (button) (small blind) mucked
Seat 8: RinaFox (big blind) showed [2d 4s] and won ($35.50) with two pair, Fours and Deuces


PokerStars Hand #152358304276:  Hold'em Limit ($3/$6 USD) - 2016/04/23 23:51:27 ET
Table 'Campania II' 10-max Seat #8 is the button
Seat 6: 7 Huligan 7 ($80.13 in chips)
Seat 8: RinaFox ($232.24 in chips)
RinaFox: posts small blind $1
7 Huligan 7: posts big blind $3
*** HOLE CARDS ***
RinaFox: folds
Uncalled bet ($2) returned to 7 Huligan 7
7 Huligan 7 collected $2 from pot
7 Huligan 7: doesn't show hand
*** SUMMARY ***
Total pot $2 | Rake $0
Seat 6: 7 Huligan 7 (big blind) collected ($2)
Seat 8: RinaFox (button) (small blind) folded before Flop


PokerStars Hand #152358290666:  Hold'em Limit ($3/$6 USD) - 2016/04/23 23:50:59 ET
Table 'Campania II' 10-max Seat #6 is the button
Seat 6: 7 Huligan 7 ($107.13 in chips)
Seat 8: RinaFox ($205.74 in chips)
7 Huligan 7: posts small blind $1
RinaFox: posts big blind $3
*** HOLE CARDS ***
7 Huligan 7: raises $3 to $6
RinaFox: calls $3
*** FLOP *** [5s 4c 3s]
RinaFox: checks
7 Huligan 7: bets $3
RinaFox: calls $3
*** TURN *** [5s 4c 3s] [8h]
RinaFox: bets $6
7 Huligan 7: raises $6 to $12
RinaFox: calls $6
*** RIVER *** [5s 4c 3s 8h] [Ts]
RinaFox: checks
7 Huligan 7: bets $6
RinaFox: calls $6
*** SHOW DOWN ***
7 Huligan 7: shows [2d 2s] (a pair of Deuces)
RinaFox: shows [6h 8c] (a pair of Eights)
RinaFox collected $53.50 from pot
*** SUMMARY ***
Total pot $54 | Rake $0.50
Board [5s 4c 3s 8h Ts]
Seat 6: 7 Huligan 7 (button) (small blind) showed [2d 2s] and lost with a pair of Deuces
Seat 8: RinaFox (big blind) showed [6h 8c] and won ($53.50) with a pair of Eights


PokerStars Hand #152358312199:  Hold'em Limit ($3/$6 USD) - 2016/04/23 23:51:56 ET
Table 'Campania II' 10-max Seat #8 is the button
Seat 6: 7 Huligan 7 ($63.13 in chips)
Seat 8: RinaFox ($248.74 in chips)
RinaFox: posts small blind $1
7 Huligan 7: posts big blind $3
*** HOLE CARDS ***
RinaFox: raises $3 to $6
7 Huligan 7: calls $3
*** FLOP *** [5d 7c Jd]
7 Huligan 7: checks
RinaFox: checks
*** TURN *** [5d 7c Jd] [4h]
7 Huligan 7: bets $6
RinaFox: calls $6
*** RIVER *** [5d 7c Jd 4h] [Kc]
7 Huligan 7: checks
RinaFox: bets $6
7 Huligan 7: calls $6
*** SHOW DOWN ***
RinaFox: shows [Ah 5h] (a pair of Fives)
7 Huligan 7: mucks hand
RinaFox collected $35.50 from pot
*** SUMMARY ***
Total pot $36 | Rake $0.50
Board [5d 7c Jd 4h Kc]
Seat 6: 7 Huligan 7 (big blind) mucked
Seat 8: RinaFox (button) (small blind) showed [Ah 5h] and won ($35.50) with a pair of Fives


PokerStars Hand #152358317473:  Hold'em Limit ($3/$6 USD) - 2016/04/23 23:52:15 ET
Table 'Campania II' 10-max Seat #6 is the button
Seat 6: 7 Huligan 7 ($45.13 in chips)
Seat 8: RinaFox ($266.24 in chips)
7 Huligan 7: posts small blind $1
RinaFox: posts big blind $3
*** HOLE CARDS ***
7 Huligan 7: folds
Uncalled bet ($2) returned to RinaFox
RinaFox collected $2 from pot
RinaFox: doesn't show hand
*** SUMMARY ***
Total pot $2 | Rake $0
Seat 6: 7 Huligan 7 (button) (small blind) folded before Flop
Seat 8: RinaFox (big blind) collected ($2)


PokerStars Hand #152358328461:  Hold'em Limit ($3/$6 USD) - 2016/04/23 23:52:56 ET
Table 'Campania II' 10-max Seat #8 is the button
Seat 6: 7 Huligan 7 ($61.41 in chips)
Seat 8: RinaFox ($249.24 in chips)
RinaFox: posts small blind $1
7 Huligan 7: posts big blind $3
*** HOLE CARDS ***
RinaFox: raises $3 to $6
7 Huligan 7: calls $3
*** FLOP *** [6c 5c Ks]
7 Huligan 7: checks
RinaFox: checks
*** TURN *** [6c 5c Ks] [4h]
7 Huligan 7: bets $6
RinaFox: calls $6
*** RIVER *** [6c 5c Ks 4h] [As]
7 Huligan 7: checks
RinaFox: bets $6
7 Huligan 7: calls $6
*** SHOW DOWN ***
RinaFox: shows [Ah Jh] (a pair of Aces)
7 Huligan 7: mucks hand
RinaFox collected $35.50 from pot
*** SUMMARY ***
Total pot $36 | Rake $0.50
Board [6c 5c Ks 4h As]
Seat 6: 7 Huligan 7 (big blind) mucked
Seat 8: RinaFox (button) (small blind) showed [Ah Jh] and won ($35.50) with a pair of Aces


PokerStars Hand #152358318722:  Hold'em Limit ($3/$6 USD) - 2016/04/23 23:52:19 ET
Table 'Campania II' 10-max Seat #8 is the button
Seat 6: 7 Huligan 7 ($44.13 in chips)
Seat 8: RinaFox ($267.24 in chips)
RinaFox: posts small blind $1
7 Huligan 7: posts big blind $3
*** HOLE CARDS ***
RinaFox: raises $3 to $6
7 Huligan 7: calls $3
*** FLOP *** [8h Qs 5s]
7 Huligan 7: checks
RinaFox: checks
*** TURN *** [8h Qs 5s] [Th]
7 Huligan 7: bets $6
RinaFox: calls $6
*** RIVER *** [8h Qs 5s Th] [6s]
7 Huligan 7: bets $6
RinaFox: folds
Uncalled bet ($6) returned to 7 Huligan 7
7 Huligan 7 collected $23.52 from pot
7 Huligan 7: doesn't show hand
*** SUMMARY ***
Total pot $24 | Rake $0.48
Board [8h Qs 5s Th 6s]
Seat 6: 7 Huligan 7 (big blind) collected ($23.52)
Seat 8: RinaFox (button) (small blind) folded on the River


PokerStars Hand #152358323078:  Hold'em Limit ($3/$6 USD) - 2016/04/23 23:52:36 ET
Table 'Campania II' 10-max Seat #6 is the button
Seat 6: 7 Huligan 7 ($55.65 in chips)
Seat 8: RinaFox ($255.24 in chips)
7 Huligan 7: posts small blind $1
RinaFox: posts big blind $3
*** HOLE CARDS ***
7 Huligan 7: calls $2
RinaFox: checks
*** FLOP *** [Jd Td 2s]
RinaFox: bets $3
7 Huligan 7: calls $3
*** TURN *** [Jd Td 2s] [7d]
RinaFox: checks
7 Huligan 7: checks
*** RIVER *** [Jd Td 2s 7d] [5h]
RinaFox: checks
7 Huligan 7: checks
*** SHOW DOWN ***
RinaFox: shows [4h 2c] (a pair of Deuces)
7 Huligan 7: shows [Kc 7h] (a pair of Sevens)
7 Huligan 7 collected $11.76 from pot
*** SUMMARY ***
Total pot $12 | Rake $0.24
Board [Jd Td 2s 7d 5h]
Seat 6: 7 Huligan 7 (button) (small blind) showed [Kc 7h] and won ($11.76) with a pair of Sevens
Seat 8: RinaFox (big blind) showed [4h 2c] and lost with a pair of Deuces


PokerStars Hand #152358337471:  Hold'em Limit ($3/$6 USD) - 2016/04/23 23:53:29 ET
Table 'Campania II' 10-max Seat #8 is the button
Seat 6: 7 Huligan 7 ($57.91 in chips)
Seat 8: RinaFox ($251.74 in chips)
RinaFox: posts small blind $1
7 Huligan 7: posts big blind $3
*** HOLE CARDS ***
RinaFox: folds
Uncalled bet ($2) returned to 7 Huligan 7
7 Huligan 7 collected $2 from pot
7 Huligan 7: doesn't show hand
*** SUMMARY ***
Total pot $2 | Rake $0
Seat 6: 7 Huligan 7 (big blind) collected ($2)
Seat 8: RinaFox (button) (small blind) folded before Flop


PokerStars Hand #152358332666:  Hold'em Limit ($3/$6 USD) - 2016/04/23 23:53:11 ET
Table 'Campania II' 10-max Seat #6 is the button
Seat 6: 7 Huligan 7 ($43.41 in chips)
Seat 8: RinaFox ($266.74 in chips)
7 Huligan 7: posts small blind $1
RinaFox: posts big blind $3
*** HOLE CARDS ***
7 Huligan 7: raises $3 to $6
RinaFox: calls $3
*** FLOP *** [3s Jd Js]
RinaFox: checks
7 Huligan 7: bets $3
RinaFox: calls $3
*** TURN *** [3s Jd Js] [2s]
RinaFox: bets $6
7 Huligan 7: calls $6
*** RIVER *** [3s Jd Js 2s] [2d]
RinaFox: checks
7 Huligan 7: checks
*** SHOW DOWN ***
RinaFox: shows [Ts 8c] (two pair, Jacks and Deuces)
7 Huligan 7: shows [Ah Kh] (two pair, Jacks and Deuces - Ace kicker)
7 Huligan 7 collected $29.50 from pot
*** SUMMARY ***
Total pot $30 | Rake $0.50
Board [3s Jd Js 2s 2d]
Seat 6: 7 Huligan 7 (button) (small blind) showed [Ah Kh] and won ($29.50) with two pair, Jacks and Deuces
Seat 8: RinaFox (big blind) showed [Ts 8c] and lost with two pair, Jacks and Deuces


PokerStars Hand #152358348094:  Hold'em Limit ($3/$6 USD) - 2016/04/23 23:54:08 ET
Table 'Campania II' 10-max Seat #8 is the button
Seat 6: 7 Huligan 7 ($73.41 in chips)
Seat 8: RinaFox ($235.74 in chips)
RinaFox: posts small blind $1
7 Huligan 7: posts big blind $3
*** HOLE CARDS ***
RinaFox: folds
Uncalled bet ($2) returned to 7 Huligan 7
7 Huligan 7 collected $2 from pot
7 Huligan 7: doesn't show hand
*** SUMMARY ***
Total pot $2 | Rake $0
Seat 6: 7 Huligan 7 (big blind) collected ($2)
Seat 8: RinaFox (button) (small blind) folded before Flop


PokerStars Hand #152358338998:  Hold'em Limit ($3/$6 USD) - 2016/04/23 23:53:35 ET
Table 'Campania II' 10-max Seat #6 is the button
Seat 6: 7 Huligan 7 ($58.91 in chips)
Seat 8: RinaFox ($250.74 in chips)
7 Huligan 7: posts small blind $1
RinaFox: posts big blind $3
*** HOLE CARDS ***
7 Huligan 7: raises $3 to $6
RinaFox: calls $3
*** FLOP *** [5s Ac 9c]
RinaFox: checks
7 Huligan 7: bets $3
RinaFox: calls $3
*** TURN *** [5s Ac 9c] [8s]
RinaFox: checks
7 Huligan 7: bets $6
RinaFox: calls $6
*** RIVER *** [5s Ac 9c 8s] [3c]
RinaFox: checks
7 Huligan 7: bets $6
RinaFox: folds
Uncalled bet ($6) returned to 7 Huligan 7
7 Huligan 7 collected $29.50 from pot
7 Huligan 7: doesn't show hand
*** SUMMARY ***
Total pot $30 | Rake $0.50
Board [5s Ac 9c 8s 3c]
Seat 6: 7 Huligan 7 (button) (small blind) collected ($29.50)
Seat 8: RinaFox (big blind) folded on the River


PokerStars Hand #152358361551:  Hold'em Limit ($3/$6 USD) - 2016/04/23 23:54:58 ET
Table 'Campania II' 10-max Seat #6 is the button
Seat 6: 7 Huligan 7 ($56.16 in chips)
Seat 8: RinaFox ($251.99 in chips)
7 Huligan 7: posts small blind $1
RinaFox: posts big blind $3
*** HOLE CARDS ***
7 Huligan 7: folds
Uncalled bet ($2) returned to RinaFox
RinaFox collected $2 from pot
RinaFox: doesn't show hand
*** SUMMARY ***
Total pot $2 | Rake $0
Seat 6: 7 Huligan 7 (button) (small blind) folded before Flop
Seat 8: RinaFox (big blind) collected ($2)


PokerStars Hand #152358357312:  Hold'em Limit ($3/$6 USD) - 2016/04/23 23:54:42 ET
Table 'Campania II' 10-max Seat #8 is the button
Seat 6: 7 Huligan 7 ($56.41 in chips)
Seat 8: RinaFox ($252.24 in chips)
RinaFox: posts small blind $1
7 Huligan 7: posts big blind $3
*** HOLE CARDS ***
RinaFox: raises $3 to $6
7 Huligan 7: calls $3
*** FLOP *** [Jc Ac 3c]
7 Huligan 7: checks
RinaFox: checks
*** TURN *** [Jc Ac 3c] [6c]
7 Huligan 7: bets $6
RinaFox: calls $6
*** RIVER *** [Jc Ac 3c 6c] [7c]
7 Huligan 7: bets $6
RinaFox: calls $6
*** SHOW DOWN ***
7 Huligan 7: shows [Ks 5s] (a flush, Ace high)
RinaFox: shows [Js Qs] (a flush, Ace high)
7 Huligan 7 collected $17.75 from pot
RinaFox collected $17.75 from pot
*** SUMMARY ***
Total pot $36 | Rake $0.50
Board [Jc Ac 3c 6c 7c]
Seat 6: 7 Huligan 7 (big blind) showed [Ks 5s] and won ($17.75) with a flush, Ace high
Seat 8: RinaFox (button) (small blind) showed [Js Qs] and won ($17.75) with a flush, Ace high


PokerStars Hand #152358362834:  Hold'em Limit ($3/$6 USD) - 2016/04/23 23:55:02 ET
Table 'Campania II' 10-max Seat #8 is the button
Seat 6: 7 Huligan 7 ($55.16 in chips)
Seat 8: RinaFox ($252.99 in chips)
RinaFox: posts small blind $1
7 Huligan 7: posts big blind $3
*** HOLE CARDS ***
RinaFox: folds
Uncalled bet ($2) returned to 7 Huligan 7
7 Huligan 7 collected $2 from pot
7 Huligan 7: doesn't show hand
*** SUMMARY ***
Total pot $2 | Rake $0
Seat 6: 7 Huligan 7 (big blind) collected ($2)
Seat 8: RinaFox (button) (small blind) folded before Flop


PokerStars Hand #152358349380:  Hold'em Limit ($3/$6 USD) - 2016/04/23 23:54:13 ET
Table 'Campania II' 10-max Seat #6 is the button
Seat 6: 7 Huligan 7 ($74.41 in chips)
Seat 8: RinaFox ($234.74 in chips)
7 Huligan 7: posts small blind $1
RinaFox: posts big blind $3
*** HOLE CARDS ***
7 Huligan 7: raises $3 to $6
RinaFox: calls $3
*** FLOP *** [Tc 4h 5s]
RinaFox: checks
7 Huligan 7: bets $3
RinaFox: raises $3 to $6
7 Huligan 7: calls $3
*** TURN *** [Tc 4h 5s] [9h]
RinaFox: bets $6
7 Huligan 7: calls $6
*** RIVER *** [Tc 4h 5s 9h] [4d]
RinaFox: bets $6
7 Huligan 7: folds
Uncalled bet ($6) returned to RinaFox
RinaFox collected $35.50 from pot
RinaFox: doesn't show hand
*** SUMMARY ***
Total pot $36 | Rake $0.50
Board [Tc 4h 5s 9h 4d]
Seat 6: 7 Huligan 7 (button) (small blind) folded on the River
Seat 8: RinaFox (big blind) collected ($35.50)


PokerStars Hand #152358369247:  Hold'em Limit ($3/$6 USD) - 2016/04/23 23:55:30 ET
Table 'Campania II' 10-max Seat #8 is the button
Seat 6: 7 Huligan 7 ($29.16 in chips)
Seat 8: RinaFox ($278.49 in chips)
RinaFox: posts small blind $1
7 Huligan 7: posts big blind $3
*** HOLE CARDS ***
RinaFox: folds
Uncalled bet ($2) returned to 7 Huligan 7
7 Huligan 7 collected $2 from pot
7 Huligan 7: doesn't show hand
*** SUMMARY ***
Total pot $2 | Rake $0
Seat 6: 7 Huligan 7 (big blind) collected ($2)
Seat 8: RinaFox (button) (small blind) folded before Flop


PokerStars Hand #152358364062:  Hold'em Limit ($3/$6 USD) - 2016/04/23 23:55:08 ET
Table 'Campania II' 10-max Seat #6 is the button
Seat 6: 7 Huligan 7 ($56.16 in chips)
Seat 8: RinaFox ($251.99 in chips)
7 Huligan 7: posts small blind $1
RinaFox: posts big blind $3
*** HOLE CARDS ***
7 Huligan 7: raises $3 to $6
RinaFox: calls $3
*** FLOP *** [9h Ac Kd]
RinaFox: checks
7 Huligan 7: bets $3
RinaFox: calls $3
*** TURN *** [9h Ac Kd] [5d]
RinaFox: checks
7 Huligan 7: bets $6
RinaFox: raises $6 to $12
7 Huligan 7: calls $6
*** RIVER *** [9h Ac Kd 5d] [3d]
RinaFox: bets $6
7 Huligan 7: calls $6
*** SHOW DOWN ***
RinaFox: shows [4h Ad] (a pair of Aces)
7 Huligan 7: mucks hand
RinaFox collected $53.50 from pot
*** SUMMARY ***
Total pot $54 | Rake $0.50
Board [9h Ac Kd 5d 3d]
Seat 6: 7 Huligan 7 (button) (small blind) mucked
Seat 8: RinaFox (big blind) showed [4h Ad] and won ($53.50) with a pair of Aces


PokerStars Hand #152358371738:  Hold'em Limit ($3/$6 USD) - 2016/04/23 23:55:40 ET
Table 'Campania II' 10-max Seat #8 is the button
Seat 6: 7 Huligan 7 ($29.16 in chips)
Seat 8: RinaFox ($278.49 in chips)
RinaFox: posts small blind $1
7 Huligan 7: posts big blind $3
*** HOLE CARDS ***
RinaFox: raises $3 to $6
7 Huligan 7: calls $3
*** FLOP *** [Qd 5s 2h]
7 Huligan 7: checks
RinaFox: bets $3
7 Huligan 7: calls $3
*** TURN *** [Qd 5s 2h] [6h]
7 Huligan 7: checks
RinaFox: checks
*** RIVER *** [Qd 5s 2h 6h] [Jd]
7 Huligan 7: bets $6
RinaFox: calls $6
*** SHOW DOWN ***
7 Huligan 7: shows [Ks 3s] (high card King)
RinaFox: shows [Ad 7c] (high card Ace)
RinaFox collected $29.50 from pot
*** SUMMARY ***
Total pot $30 | Rake $0.50
Board [Qd 5s 2h 6h Jd]
Seat 6: 7 Huligan 7 (big blind) showed [Ks 3s] and lost with high card King
Seat 8: RinaFox (button) (small blind) showed [Ad 7c] and won ($29.50) with high card Ace


PokerStars Hand #152358376869:  Hold'em Limit ($3/$6 USD) - 2016/04/23 23:56:02 ET
Table 'Campania II' 10-max Seat #6 is the button
Seat 6: 7 Huligan 7 ($14.16 in chips)
Seat 8: RinaFox ($292.99 in chips)
7 Huligan 7: posts small blind $1
RinaFox: posts big blind $3
*** HOLE CARDS ***
7 Huligan 7: raises $3 to $6
RinaFox: calls $3
*** FLOP *** [Jd Qs Jc]
RinaFox: checks
7 Huligan 7: bets $3
RinaFox: folds
Uncalled bet ($3) returned to 7 Huligan 7
7 Huligan 7 collected $11.76 from pot
7 Huligan 7: doesn't show hand
*** SUMMARY ***
Total pot $12 | Rake $0.24
Board [Jd Qs Jc]
Seat 6: 7 Huligan 7 (button) (small blind) collected ($11.76)
Seat 8: RinaFox (big blind) folded on the Flop


PokerStars Hand #152358370708:  Hold'em Limit ($3/$6 USD) - 2016/04/23 23:55:36 ET
Table 'Campania II' 10-max Seat #6 is the button
Seat 6: 7 Huligan 7 ($30.16 in chips)
Seat 8: RinaFox ($277.49 in chips)
7 Huligan 7: posts small blind $1
RinaFox: posts big blind $3
*** HOLE CARDS ***
7 Huligan 7: folds
Uncalled bet ($2) returned to RinaFox
RinaFox collected $2 from pot
RinaFox: doesn't show hand
*** SUMMARY ***
Total pot $2 | Rake $0
Seat 6: 7 Huligan 7 (button) (small blind) folded before Flop
Seat 8: RinaFox (big blind) collected ($2)


PokerStars Hand #152358384063:  Hold'em Limit ($3/$6 USD) - 2016/04/23 23:56:34 ET
Table 'Campania II' 10-max Seat #8 is the button
Seat 6: 7 Huligan 7 ($23.92 in chips)
Seat 8: RinaFox ($282.99 in chips)
RinaFox: posts small blind $1
7 Huligan 7: posts big blind $3
*** HOLE CARDS ***
RinaFox: raises $3 to $6
7 Huligan 7: calls $3
*** FLOP *** [5d Qc 4d]
7 Huligan 7: checks
RinaFox: bets $3
7 Huligan 7: raises $3 to $6
RinaFox: calls $3
*** TURN *** [5d Qc 4d] [8c]
7 Huligan 7: bets $6
RinaFox: folds
Uncalled bet ($6) returned to 7 Huligan 7
7 Huligan 7 collected $23.52 from pot
7 Huligan 7: doesn't show hand
*** SUMMARY ***
Total pot $24 | Rake $0.48
Board [5d Qc 4d 8c]
Seat 6: 7 Huligan 7 (big blind) collected ($23.52)
Seat 8: RinaFox (button) (small blind) folded on the Turn


PokerStars Hand #152358380486:  Hold'em Limit ($3/$6 USD) - 2016/04/23 23:56:18 ET
Table 'Campania II' 10-max Seat #6 is the button
Seat 6: 7 Huligan 7 ($20.92 in chips)
Seat 8: RinaFox ($285.99 in chips)
7 Huligan 7: posts small blind $1
RinaFox: posts big blind $3
*** HOLE CARDS ***
7 Huligan 7: raises $3 to $6
RinaFox: folds
Uncalled bet ($3) returned to 7 Huligan 7
7 Huligan 7 collected $6 from pot
7 Huligan 7: doesn't show hand
*** SUMMARY ***
Total pot $6 | Rake $0
Seat 6: 7 Huligan 7 (button) (small blind) collected ($6)
Seat 8: RinaFox (big blind) folded before Flop


PokerStars Hand #152358379523:  Hold'em Limit ($3/$6 USD) - 2016/04/23 23:56:14 ET
Table 'Campania II' 10-max Seat #8 is the button
Seat 6: 7 Huligan 7 ($19.92 in chips)
Seat 8: RinaFox ($286.99 in chips)
RinaFox: posts small blind $1
7 Huligan 7: posts big blind $3
*** HOLE CARDS ***
RinaFox: folds
Uncalled bet ($2) returned to 7 Huligan 7
7 Huligan 7 collected $2 from pot
7 Huligan 7: doesn't show hand
*** SUMMARY ***
Total pot $2 | Rake $0
Seat 6: 7 Huligan 7 (big blind) collected ($2)
Seat 8: RinaFox (button) (small blind) folded before Flop


PokerStars Hand #152358383002:  Hold'em Limit ($3/$6 USD) - 2016/04/23 23:56:29 ET
Table 'Campania II' 10-max Seat #6 is the button
Seat 6: 7 Huligan 7 ($24.92 in chips)
Seat 8: RinaFox ($281.99 in chips)
7 Huligan 7: posts small blind $1
RinaFox: posts big blind $3
*** HOLE CARDS ***
7 Huligan 7: folds
Uncalled bet ($2) returned to RinaFox
RinaFox collected $2 from pot
RinaFox: doesn't show hand
*** SUMMARY ***
Total pot $2 | Rake $0
Seat 6: 7 Huligan 7 (button) (small blind) folded before Flop
Seat 8: RinaFox (big blind) collected ($2)


PokerStars Hand #152358381920:  Hold'em Limit ($3/$6 USD) - 2016/04/23 23:56:25 ET
Table 'Campania II' 10-max Seat #8 is the button
Seat 6: 7 Huligan 7 ($23.92 in chips)
Seat 8: RinaFox ($282.99 in chips)
RinaFox: posts small blind $1
7 Huligan 7: posts big blind $3
*** HOLE CARDS ***
RinaFox: folds
Uncalled bet ($2) returned to 7 Huligan 7
7 Huligan 7 collected $2 from pot
7 Huligan 7: doesn't show hand
*** SUMMARY ***
Total pot $2 | Rake $0
Seat 6: 7 Huligan 7 (big blind) collected ($2)
Seat 8: RinaFox (button) (small blind) folded before Flop


PokerStars Hand #152358391874:  Hold'em Limit ($3/$6 USD) - 2016/04/23 23:57:07 ET
Table 'Campania II' 10-max Seat #6 is the button
Seat 6: 7 Huligan 7 ($35.44 in chips)
Seat 8: RinaFox ($270.99 in chips)
7 Huligan 7: posts small blind $1
RinaFox: posts big blind $3
*** HOLE CARDS ***
7 Huligan 7: calls $2
RinaFox: checks
*** FLOP *** [Jd 5s 6h]
RinaFox: bets $3
7 Huligan 7: raises $3 to $6
RinaFox: calls $3
*** TURN *** [Jd 5s 6h] [2c]
RinaFox: checks
7 Huligan 7: bets $6
RinaFox: calls $6
*** RIVER *** [Jd 5s 6h 2c] [2h]
RinaFox: checks
7 Huligan 7: bets $6
RinaFox: calls $6
*** SHOW DOWN ***
7 Huligan 7: shows [3h Jh] (two pair, Jacks and Deuces)
RinaFox: mucks hand
7 Huligan 7 collected $41.50 from pot
*** SUMMARY ***
Total pot $42 | Rake $0.50
Board [Jd 5s 6h 2c 2h]
Seat 6: 7 Huligan 7 (button) (small blind) showed [3h Jh] and won ($41.50) with two pair, Jacks and Deuces
Seat 8: RinaFox (big blind) mucked


PokerStars Hand #152358417166:  Hold'em Limit ($3/$6 USD) - 2016/04/23 23:58:53 ET
Table 'Campania II' 10-max Seat #8 is the button
Seat 6: 7 Huligan 7 ($52.58 in chips)
Seat 8: RinaFox ($252.51 in chips)
RinaFox: posts small blind $1
7 Huligan 7: posts big blind $3
*** HOLE CARDS ***
RinaFox: folds
Uncalled bet ($2) returned to 7 Huligan 7
7 Huligan 7 collected $2 from pot
7 Huligan 7: doesn't show hand
*** SUMMARY ***
Total pot $2 | Rake $0
Seat 6: 7 Huligan 7 (big blind) collected ($2)
Seat 8: RinaFox (button) (small blind) folded before Flop


PokerStars Hand #152358411333:  Hold'em Limit ($3/$6 USD) - 2016/04/23 23:58:28 ET
Table 'Campania II' 10-max Seat #6 is the button
Seat 6: 7 Huligan 7 ($64.58 in chips)
Seat 8: RinaFox ($240.99 in chips)
7 Huligan 7: posts small blind $1
RinaFox: posts big blind $3
*** HOLE CARDS ***
7 Huligan 7: calls $2
RinaFox: checks
*** FLOP *** [3d 2s Qc]
RinaFox: bets $3
7 Huligan 7: calls $3
*** TURN *** [3d 2s Qc] [5c]
RinaFox: checks
7 Huligan 7: checks
*** RIVER *** [3d 2s Qc 5c] [As]
RinaFox: checks
7 Huligan 7: bets $6
RinaFox: calls $6
*** SHOW DOWN ***
7 Huligan 7: shows [6s Jd] (high card Ace)
RinaFox: shows [Kh 8h] (high card Ace - King kicker)
RinaFox collected $23.52 from pot
*** SUMMARY ***
Total pot $24 | Rake $0.48
Board [3d 2s Qc 5c As]
Seat 6: 7 Huligan 7 (button) (small blind) showed [6s Jd] and lost with high card Ace
Seat 8: RinaFox (big blind) showed [Kh 8h] and won ($23.52) with high card Ace


PokerStars Hand #152358401041:  Hold'em Limit ($3/$6 USD) - 2016/04/23 23:57:45 ET
Table 'Campania II' 10-max Seat #8 is the button
Seat 6: 7 Huligan 7 ($55.94 in chips)
Seat 8: RinaFox ($249.99 in chips)
RinaFox: posts small blind $1
7 Huligan 7: posts big blind $3
*** HOLE CARDS ***
RinaFox: raises $3 to $6
7 Huligan 7: calls $3
*** FLOP *** [2h 3c Ts]
7 Huligan 7: checks
RinaFox: bets $3
7 Huligan 7: calls $3
*** TURN *** [2h 3c Ts] [Jh]
7 Huligan 7: checks
RinaFox: checks
*** RIVER *** [2h 3c Ts Jh] [7s]
7 Huligan 7: bets $6
RinaFox: folds
Uncalled bet ($6) returned to 7 Huligan 7
7 Huligan 7 collected $17.64 from pot
7 Huligan 7: doesn't show hand
*** SUMMARY ***
Total pot $18 | Rake $0.36
Board [2h 3c Ts Jh 7s]
Seat 6: 7 Huligan 7 (big blind) collected ($17.64)
Seat 8: RinaFox (button) (small blind) folded on the River


PokerStars Hand #152358418222:  Hold'em Limit ($3/$6 USD) - 2016/04/23 23:58:57 ET
Table 'Campania II' 10-max Seat #6 is the button
Seat 6: 7 Huligan 7 ($53.58 in chips)
Seat 8: RinaFox ($251.51 in chips)
7 Huligan 7: posts small blind $1
RinaFox: posts big blind $3
*** HOLE CARDS ***
7 Huligan 7: raises $3 to $6
RinaFox: calls $3
*** FLOP *** [3d 5s Ts]
RinaFox: checks
7 Huligan 7: bets $3
RinaFox: folds
Uncalled bet ($3) returned to 7 Huligan 7
7 Huligan 7 collected $11.76 from pot
7 Huligan 7: doesn't show hand
*** SUMMARY ***
Total pot $12 | Rake $0.24
Board [3d 5s Ts]
Seat 6: 7 Huligan 7 (button) (small blind) collected ($11.76)
Seat 8: RinaFox (big blind) folded on the Flop


PokerStars Hand #152358421436:  Hold'em Limit ($3/$6 USD) - 2016/04/23 23:59:11 ET
Table 'Campania II' 10-max Seat #8 is the button
Seat 6: 7 Huligan 7 ($59.34 in chips)
Seat 8: RinaFox ($245.51 in chips)
RinaFox: posts small blind $1
7 Huligan 7: posts big blind $3
*** HOLE CARDS ***
RinaFox: raises $3 to $6
7 Huligan 7: calls $3
*** FLOP *** [3c Jc Qc]
7 Huligan 7: checks
RinaFox: bets $3
7 Huligan 7: calls $3
*** TURN *** [3c Jc Qc] [2s]
7 Huligan 7: checks
RinaFox: checks
*** RIVER *** [3c Jc Qc 2s] [Jh]
7 Huligan 7: checks
RinaFox: bets $6
7 Huligan 7: folds
Uncalled bet ($6) returned to RinaFox
RinaFox collected $17.64 from pot
RinaFox: doesn't show hand
*** SUMMARY ***
Total pot $18 | Rake $0.36
Board [3c Jc Qc 2s Jh]
Seat 6: 7 Huligan 7 (big blind) folded on the River
Seat 8: RinaFox (button) (small blind) collected ($17.64)


