PokerStars Hand #152604991079:  Hold'em Limit ($3/$6 USD) - 2016/04/29 8:25:54 ET
Table 'Cannonia' 6-max Seat #2 is the button
Seat 1: asf5550 ($120 in chips)
Seat 2: Ale4o ($120 in chips)
Ale4o: posts small blind $1
Agrotait has timed out
Agrotait: is sitting out
asf5550: posts big blind $3
*** HOLE CARDS ***
Ale4o: raises $3 to $6
asf5550: raises $3 to $9
Great_Kang joins the table at seat #3
Ale4o: calls $3
*** FLOP *** [2s Qh 3s]
asf5550: bets $3
Ale4o: calls $3
*** TURN *** [2s Qh 3s] [2d]
asf5550: bets $6
Ale4o: folds
Uncalled bet ($6) returned to asf5550
asf5550 collected $23.52 from pot
asf5550: doesn't show hand
*** SUMMARY ***
Total pot $24 | Rake $0.48
Board [2s Qh 3s 2d]
Seat 1: asf5550 (big blind) collected ($23.52)
Seat 2: Ale4o (button) (small blind) folded on the Turn


PokerStars Hand #152605010900:  Hold'em Limit ($3/$6 USD) - 2016/04/29 8:26:31 ET
Table 'Cannonia' 6-max Seat #1 is the button
Seat 1: asf5550 ($131.52 in chips)
Seat 2: Ale4o ($108 in chips)
asf5550: posts small blind $1
Ale4o: posts big blind $3
*** HOLE CARDS ***
asf5550: raises $3 to $6
Agrotait leaves the table
Ale4o: raises $3 to $9
asf5550: calls $3
*** FLOP *** [9s Kc Qh]
Ale4o: bets $3
asf5550: calls $3
*** TURN *** [9s Kc Qh] [5s]
Ale4o: bets $6
asf5550: calls $6
*** RIVER *** [9s Kc Qh 5s] [2d]
Ale4o: checks
asf5550: checks
*** SHOW DOWN ***
Ale4o: shows [Ac Ah] (a pair of Aces)
asf5550: mucks hand
Ale4o collected $35.50 from pot
*** SUMMARY ***
Total pot $36 | Rake $0.50
Board [9s Kc Qh 5s 2d]
Seat 1: asf5550 (button) (small blind) mucked
Seat 2: Ale4o (big blind) showed [Ac Ah] and won ($35.50) with a pair of Aces


PokerStars Hand #152605294910:  Hold'em Limit ($3/$6 USD) - 2016/04/29 8:35:15 ET
Table 'Cannonia' 6-max Seat #3 is the button
Seat 3: Great_Kang ($132.72 in chips)
Seat 6: syriapoker ($62 in chips)
Great_Kang: posts small blind $1
bentinck113: is sitting out
syriapoker: posts big blind $3
*** HOLE CARDS ***
tangxueke joins the table at seat #1
bentinck113 leaves the table
Great_Kang: raises $3 to $6
syriapoker: folds
Uncalled bet ($3) returned to Great_Kang
Great_Kang collected $6 from pot
Great_Kang: doesn't show hand
*** SUMMARY ***
Total pot $6 | Rake $0
Seat 3: Great_Kang (button) (small blind) collected ($6)
Seat 6: syriapoker (big blind) folded before Flop


