PokerStars Hand #172263554505:  Hold'em Limit ($3/$6 USD) - 2017/06/26 11:11:08 ET
Table 'Cannonia' 6-max Seat #3 is the button
Seat 2: 19woody58 ($125.76 in chips)
Seat 3: sim5sim5 ($72 in chips)
sim5sim5: posts small blind $1
19woody58: posts big blind $3
*** HOLE CARDS ***
sim5sim5: folds
Uncalled bet ($2) returned to 19woody58
19woody58 collected $2 from pot
*** SUMMARY ***
Total pot $2 | Rake $0
Seat 2: 19woody58 (big blind) collected ($2)
Seat 3: sim5sim5 (button) (small blind) folded before Flop


PokerStars Hand #172263535605:  Hold'em Limit ($3/$6 USD) - 2017/06/26 11:10:34 ET
Table 'Cannonia' 6-max Seat #2 is the button
Seat 2: 19woody58 ($120 in chips)
Seat 3: sim5sim5 ($72 in chips)
19woody58: posts small blind $1
sim5sim5: posts big blind $3
*** HOLE CARDS ***
19woody58: raises $3 to $6
sim5sim5: calls $3
*** FLOP *** [4d 2h 8d]
sim5sim5: checks
19woody58: checks
*** TURN *** [4d 2h 8d] [Qc]
sim5sim5: checks
19woody58: checks
*** RIVER *** [4d 2h 8d Qc] [Jd]
sim5sim5: checks
19woody58: checks
*** SHOW DOWN ***
sim5sim5: shows [6c Ks] (high card King)
19woody58: shows [9c Jc] (a pair of Jacks)
19woody58 collected $11.76 from pot
*** SUMMARY ***
Total pot $12 | Rake $0.24
Board [4d 2h 8d Qc Jd]
Seat 2: 19woody58 (button) (small blind) showed [9c Jc] and won ($11.76) with a pair of Jacks
Seat 3: sim5sim5 (big blind) showed [6c Ks] and lost with high card King


PokerStars Hand #172263576833:  Hold'em Limit ($3/$6 USD) - 2017/06/26 11:11:47 ET
Table 'Cannonia' 6-max Seat #3 is the button
Seat 2: 19woody58 ($120.76 in chips)
Seat 3: sim5sim5 ($77.76 in chips)
sim5sim5: posts small blind $1
19woody58: posts big blind $3
*** HOLE CARDS ***
sim5sim5: raises $3 to $6
B_loJkl joins the table at seat #4
19woody58: calls $3
*** FLOP *** [9c Ks 9h]
19woody58: checks
sim5sim5: bets $3
19woody58: folds
Uncalled bet ($3) returned to sim5sim5
sim5sim5 collected $11.76 from pot
sim5sim5: doesn't show hand
*** SUMMARY ***
Total pot $12 | Rake $0.24
Board [9c Ks 9h]
Seat 2: 19woody58 (big blind) folded on the Flop
Seat 3: sim5sim5 (button) (small blind) collected ($11.76)


PokerStars Hand #172263563954:  Hold'em Limit ($3/$6 USD) - 2017/06/26 11:11:24 ET
Table 'Cannonia' 6-max Seat #2 is the button
Seat 2: 19woody58 ($126.76 in chips)
Seat 3: sim5sim5 ($72 in chips)
19woody58: posts small blind $1
sim5sim5: posts big blind $3
*** HOLE CARDS ***
19woody58: raises $3 to $6
sim5sim5: calls $3
*** FLOP *** [9c Jh 3c]
sim5sim5: checks
19woody58: checks
*** TURN *** [9c Jh 3c] [3s]
sim5sim5: bets $6
19woody58: folds
Uncalled bet ($6) returned to sim5sim5
sim5sim5 collected $11.76 from pot
sim5sim5: doesn't show hand
*** SUMMARY ***
Total pot $12 | Rake $0.24
Board [9c Jh 3c 3s]
Seat 2: 19woody58 (button) (small blind) folded on the Turn
Seat 3: sim5sim5 (big blind) collected ($11.76)


PokerStars Hand #172263560895:  Hold'em Limit ($3/$6 USD) - 2017/06/26 11:11:19 ET
Table 'Cannonia' 6-max Seat #3 is the button
Seat 2: 19woody58 ($125.76 in chips)
Seat 3: sim5sim5 ($73 in chips)
sim5sim5: posts small blind $1
19woody58: posts big blind $3
*** HOLE CARDS ***
sim5sim5: folds
Uncalled bet ($2) returned to 19woody58
19woody58 collected $2 from pot
*** SUMMARY ***
Total pot $2 | Rake $0
Seat 2: 19woody58 (big blind) collected ($2)
Seat 3: sim5sim5 (button) (small blind) folded before Flop


PokerStars Hand #172263557593:  Hold'em Limit ($3/$6 USD) - 2017/06/26 11:11:13 ET
Table 'Cannonia' 6-max Seat #2 is the button
Seat 2: 19woody58 ($126.76 in chips)
Seat 3: sim5sim5 ($72 in chips)
19woody58: posts small blind $1
sim5sim5: posts big blind $3
*** HOLE CARDS ***
19woody58: folds
Uncalled bet ($2) returned to sim5sim5
sim5sim5 collected $2 from pot
sim5sim5: doesn't show hand
*** SUMMARY ***
Total pot $2 | Rake $0
Seat 2: 19woody58 (button) (small blind) folded before Flop
Seat 3: sim5sim5 (big blind) collected ($2)


PokerStars Hand #172263615044:  Hold'em Limit ($3/$6 USD) - 2017/06/26 11:12:56 ET
Table 'Cannonia' 6-max Seat #2 is the button
Seat 2: 19woody58 ($96.76 in chips)
Seat 4: B_loJkl ($167.50 in chips)
19woody58: posts small blind $1
B_loJkl: posts big blind $3
*** HOLE CARDS ***
19woody58: folds
Uncalled bet ($2) returned to B_loJkl
B_loJkl collected $2 from pot
B_loJkl: doesn't show hand
*** SUMMARY ***
Total pot $2 | Rake $0
Seat 2: 19woody58 (button) (small blind) folded before Flop
Seat 4: B_loJkl (big blind) collected ($2)


PokerStars Hand #172263612217:  Hold'em Limit ($3/$6 USD) - 2017/06/26 11:12:51 ET
Table 'Cannonia' 6-max Seat #4 is the button
Seat 2: 19woody58 ($95.76 in chips)
Seat 4: B_loJkl ($168.50 in chips)
B_loJkl: posts small blind $1
19woody58: posts big blind $3
*** HOLE CARDS ***
B_loJkl: folds
Uncalled bet ($2) returned to 19woody58
19woody58 collected $2 from pot
*** SUMMARY ***
Total pot $2 | Rake $0
Seat 2: 19woody58 (big blind) collected ($2)
Seat 4: B_loJkl (button) (small blind) folded before Flop


PokerStars Hand #172263602574:  Hold'em Limit ($3/$6 USD) - 2017/06/26 11:12:34 ET
Table 'Cannonia' 6-max Seat #2 is the button
Seat 2: 19woody58 ($110.76 in chips)
Seat 4: B_loJkl ($154 in chips)
19woody58: posts small blind $1
B_loJkl: posts big blind $3
*** HOLE CARDS ***
19woody58: raises $3 to $6
B_loJkl: calls $3
*** FLOP *** [6c Ac 3d]
B_loJkl: checks
19woody58: bets $3
B_loJkl: calls $3
*** TURN *** [6c Ac 3d] [Ts]
B_loJkl: checks
19woody58: checks
*** RIVER *** [6c Ac 3d Ts] [Ks]
B_loJkl: bets $6
19woody58: calls $6
*** SHOW DOWN ***
B_loJkl: shows [Kc 5s] (a pair of Kings)
19woody58: mucks hand
B_loJkl collected $29.50 from pot
*** SUMMARY ***
Total pot $30 | Rake $0.50
Board [6c Ac 3d Ts Ks]
Seat 2: 19woody58 (button) (small blind) mucked
Seat 4: B_loJkl (big blind) showed [Kc 5s] and won ($29.50) with a pair of Kings


PokerStars Hand #172263598300:  Hold'em Limit ($3/$6 USD) - 2017/06/26 11:12:26 ET
Table 'Cannonia' 6-max Seat #4 is the button
Seat 2: 19woody58 ($113.76 in chips)
Seat 4: B_loJkl ($151 in chips)
B_loJkl: posts small blind $1
19woody58: posts big blind $3
*** HOLE CARDS ***
B_loJkl: raises $3 to $6
19woody58: folds
Uncalled bet ($3) returned to B_loJkl
B_loJkl collected $6 from pot
B_loJkl: doesn't show hand
*** SUMMARY ***
Total pot $6 | Rake $0
Seat 2: 19woody58 (big blind) folded before Flop
Seat 4: B_loJkl (button) (small blind) collected ($6)


PokerStars Hand #172263593333:  Hold'em Limit ($3/$6 USD) - 2017/06/26 11:12:17 ET
Table 'Cannonia' 6-max Seat #2 is the button
Seat 2: 19woody58 ($114.76 in chips)
Seat 4: B_loJkl ($150 in chips)
19woody58: posts small blind $1
B_loJkl: posts big blind $3
*** HOLE CARDS ***
19woody58: folds
Uncalled bet ($2) returned to B_loJkl
B_loJkl collected $2 from pot
B_loJkl: doesn't show hand
*** SUMMARY ***
Total pot $2 | Rake $0
Seat 2: 19woody58 (button) (small blind) folded before Flop
Seat 4: B_loJkl (big blind) collected ($2)


PokerStars Hand #172263648313:  Hold'em Limit ($3/$6 USD) - 2017/06/26 11:13:56 ET
Table 'Cannonia' 6-max Seat #2 is the button
Seat 2: 19woody58 ($123.76 in chips)
Seat 4: B_loJkl ($139.50 in chips)
19woody58: posts small blind $1
B_loJkl: posts big blind $3
*** HOLE CARDS ***
19woody58: raises $3 to $6
B_loJkl: calls $3
*** FLOP *** [7h As Qd]
B_loJkl: checks
19woody58: bets $3
B_loJkl: calls $3
*** TURN *** [7h As Qd] [5d]
B_loJkl: checks
19woody58: checks
*** RIVER *** [7h As Qd 5d] [6d]
B_loJkl: bets $6
19woody58: calls $6
*** SHOW DOWN ***
B_loJkl: shows [3c Qh] (a pair of Queens)
19woody58: mucks hand
B_loJkl collected $29.50 from pot
*** SUMMARY ***
Total pot $30 | Rake $0.50
Board [7h As Qd 5d 6d]
Seat 2: 19woody58 (button) (small blind) mucked
Seat 4: B_loJkl (big blind) showed [3c Qh] and won ($29.50) with a pair of Queens


PokerStars Hand #172263634355:  Hold'em Limit ($3/$6 USD) - 2017/06/26 11:13:30 ET
Table 'Cannonia' 6-max Seat #4 is the button
Seat 2: 19woody58 ($109.26 in chips)
Seat 4: B_loJkl ($154.50 in chips)
B_loJkl: posts small blind $1
19woody58: posts big blind $3
*** HOLE CARDS ***
B_loJkl: raises $3 to $6
19woody58: calls $3
*** FLOP *** [5s 4c 9h]
19woody58: checks
B_loJkl: bets $3
19woody58: calls $3
*** TURN *** [5s 4c 9h] [Kh]
19woody58: checks
B_loJkl: bets $6
19woody58: calls $6
*** RIVER *** [5s 4c 9h Kh] [Jc]
19woody58: checks
B_loJkl: checks
*** SHOW DOWN ***
19woody58: shows [7d Kd] (a pair of Kings)
B_loJkl: mucks hand
19woody58 collected $29.50 from pot
*** SUMMARY ***
Total pot $30 | Rake $0.50
Board [5s 4c 9h Kh Jc]
Seat 2: 19woody58 (big blind) showed [7d Kd] and won ($29.50) with a pair of Kings
Seat 4: B_loJkl (button) (small blind) mucked


PokerStars Hand #172263617950:  Hold'em Limit ($3/$6 USD) - 2017/06/26 11:13:01 ET
Table 'Cannonia' 6-max Seat #4 is the button
Seat 2: 19woody58 ($95.76 in chips)
Seat 4: B_loJkl ($168.50 in chips)
B_loJkl: posts small blind $1
19woody58: posts big blind $3
*** HOLE CARDS ***
B_loJkl: raises $3 to $6
19woody58: calls $3
*** FLOP *** [7c 9s 7h]
19woody58: checks
B_loJkl: bets $3
19woody58: calls $3
*** TURN *** [7c 9s 7h] [4d]
19woody58: checks
B_loJkl: bets $6
19woody58: calls $6
*** RIVER *** [7c 9s 7h 4d] [Qs]
19woody58: checks
B_loJkl: checks
*** SHOW DOWN ***
19woody58: shows [9h 6s] (two pair, Nines and Sevens)
B_loJkl: mucks hand
19woody58 collected $29.50 from pot
*** SUMMARY ***
Total pot $30 | Rake $0.50
Board [7c 9s 7h 4d Qs]
Seat 2: 19woody58 (big blind) showed [9h 6s] and won ($29.50) with two pair, Nines and Sevens
Seat 4: B_loJkl (button) (small blind) mucked


PokerStars Hand #172263670258:  Hold'em Limit ($3/$6 USD) - 2017/06/26 11:14:35 ET
Table 'Cannonia' 6-max Seat #2 is the button
Seat 2: 19woody58 ($101.76 in chips)
Seat 4: B_loJkl ($161 in chips)
19woody58: posts small blind $1
B_loJkl: posts big blind $3
*** HOLE CARDS ***
19woody58: raises $3 to $6
B_loJkl: calls $3
*** FLOP *** [2c Qs 8d]
B_loJkl: checks
19woody58: checks
*** TURN *** [2c Qs 8d] [6c]
B_loJkl: bets $6
19woody58: calls $6
*** RIVER *** [2c Qs 8d 6c] [7h]
B_loJkl: checks
19woody58: bets $6
B_loJkl: folds
Uncalled bet ($6) returned to 19woody58
19woody58 collected $23.52 from pot
*** SUMMARY ***
Total pot $24 | Rake $0.48
Board [2c Qs 8d 6c 7h]
Seat 2: 19woody58 (button) (small blind) collected ($23.52)
Seat 4: B_loJkl (big blind) folded on the River


PokerStars Hand #172263665159:  Hold'em Limit ($3/$6 USD) - 2017/06/26 11:14:26 ET
Table 'Cannonia' 6-max Seat #4 is the button
Seat 2: 19woody58 ($104.76 in chips)
Seat 4: B_loJkl ($158 in chips)
B_loJkl: posts small blind $1
19woody58: posts big blind $3
*** HOLE CARDS ***
B_loJkl: raises $3 to $6
19woody58: folds
Uncalled bet ($3) returned to B_loJkl
B_loJkl collected $6 from pot
B_loJkl: doesn't show hand
*** SUMMARY ***
Total pot $6 | Rake $0
Seat 2: 19woody58 (big blind) folded before Flop
Seat 4: B_loJkl (button) (small blind) collected ($6)


PokerStars Hand #172263662163:  Hold'em Limit ($3/$6 USD) - 2017/06/26 11:14:20 ET
Table 'Cannonia' 6-max Seat #2 is the button
Seat 2: 19woody58 ($105.76 in chips)
Seat 4: B_loJkl ($157 in chips)
19woody58: posts small blind $1
B_loJkl: posts big blind $3
*** HOLE CARDS ***
19woody58: folds
Uncalled bet ($2) returned to B_loJkl
B_loJkl collected $2 from pot
B_loJkl: doesn't show hand
*** SUMMARY ***
Total pot $2 | Rake $0
Seat 2: 19woody58 (button) (small blind) folded before Flop
Seat 4: B_loJkl (big blind) collected ($2)


PokerStars Hand #172263658503:  Hold'em Limit ($3/$6 USD) - 2017/06/26 11:14:14 ET
Table 'Cannonia' 6-max Seat #4 is the button
Seat 2: 19woody58 ($108.76 in chips)
Seat 4: B_loJkl ($154 in chips)
B_loJkl: posts small blind $1
19woody58: posts big blind $3
*** HOLE CARDS ***
B_loJkl: raises $3 to $6
19woody58: folds
Uncalled bet ($3) returned to B_loJkl
B_loJkl collected $6 from pot
B_loJkl: doesn't show hand
*** SUMMARY ***
Total pot $6 | Rake $0
Seat 2: 19woody58 (big blind) folded before Flop
Seat 4: B_loJkl (button) (small blind) collected ($6)


PokerStars Hand #172263714562:  Hold'em Limit ($3/$6 USD) - 2017/06/26 11:15:54 ET
Table 'Cannonia' 6-max Seat #2 is the button
Seat 2: 19woody58 ($109.68 in chips)
Seat 4: B_loJkl ($151.50 in chips)
19woody58: posts small blind $1
B_loJkl: posts big blind $3
*** HOLE CARDS ***
19woody58: raises $3 to $6
B_loJkl: raises $3 to $9
19woody58: calls $3
*** FLOP *** [Th 3h 7s]
B_loJkl: bets $3
19woody58: calls $3
*** TURN *** [Th 3h 7s] [Ts]
B_loJkl: bets $6
19woody58: folds
Uncalled bet ($6) returned to B_loJkl
B_loJkl collected $23.52 from pot
B_loJkl: doesn't show hand
*** SUMMARY ***
Total pot $24 | Rake $0.48
Board [Th 3h 7s Ts]
Seat 2: 19woody58 (button) (small blind) folded on the Turn
Seat 4: B_loJkl (big blind) collected ($23.52)


PokerStars Hand #172263702421:  Hold'em Limit ($3/$6 USD) - 2017/06/26 11:15:32 ET
Table 'Cannonia' 6-max Seat #4 is the button
Seat 2: 19woody58 ($127.68 in chips)
Seat 4: B_loJkl ($134 in chips)
B_loJkl: posts small blind $1
19woody58: posts big blind $3
*** HOLE CARDS ***
B_loJkl: raises $3 to $6
19woody58: calls $3
*** FLOP *** [5d 3c Qc]
19woody58: checks
B_loJkl: checks
*** TURN *** [5d 3c Qc] [7d]
19woody58: bets $6
B_loJkl: calls $6
*** RIVER *** [5d 3c Qc 7d] [Jh]
19woody58: checks
B_loJkl: bets $6
19woody58: calls $6
*** SHOW DOWN ***
B_loJkl: shows [8s 7s] (a pair of Sevens)
19woody58: mucks hand
B_loJkl collected $35.50 from pot
*** SUMMARY ***
Total pot $36 | Rake $0.50
Board [5d 3c Qc 7d Jh]
Seat 2: 19woody58 (big blind) mucked
Seat 4: B_loJkl (button) (small blind) showed [8s 7s] and won ($35.50) with a pair of Sevens


PokerStars Hand #172263696293:  Hold'em Limit ($3/$6 USD) - 2017/06/26 11:15:21 ET
Table 'Cannonia' 6-max Seat #2 is the button
Seat 2: 19woody58 ($121.92 in chips)
Seat 4: B_loJkl ($140 in chips)
19woody58: posts small blind $1
B_loJkl: posts big blind $3
*** HOLE CARDS ***
19woody58: raises $3 to $6
B_loJkl: calls $3
*** FLOP *** [6s 2d 3s]
B_loJkl: checks
19woody58: bets $3
B_loJkl: folds
Uncalled bet ($3) returned to 19woody58
19woody58 collected $11.76 from pot
*** SUMMARY ***
Total pot $12 | Rake $0.24
Board [6s 2d 3s]
Seat 2: 19woody58 (button) (small blind) collected ($11.76)
Seat 4: B_loJkl (big blind) folded on the Flop


PokerStars Hand #172263682590:  Hold'em Limit ($3/$6 USD) - 2017/06/26 11:14:57 ET
Table 'Cannonia' 6-max Seat #4 is the button
Seat 2: 19woody58 ($113.28 in chips)
Seat 4: B_loJkl ($149 in chips)
B_loJkl: posts small blind $1
19woody58: posts big blind $3
*** HOLE CARDS ***
B_loJkl: raises $3 to $6
19woody58: calls $3
*** FLOP *** [Jd 6d Ks]
19woody58: checks
B_loJkl: bets $3
19woody58: calls $3
*** TURN *** [Jd 6d Ks] [3c]
19woody58: checks
B_loJkl: checks
*** RIVER *** [Jd 6d Ks 3c] [4c]
19woody58: bets $6
B_loJkl: folds
Uncalled bet ($6) returned to 19woody58
19woody58 collected $17.64 from pot
*** SUMMARY ***
Total pot $18 | Rake $0.36
Board [Jd 6d Ks 3c 4c]
Seat 2: 19woody58 (big blind) collected ($17.64)
Seat 4: B_loJkl (button) (small blind) folded on the River


PokerStars Hand #172263756834:  Hold'em Limit ($3/$6 USD) - 2017/06/26 11:17:09 ET
Table 'Cannonia' 6-max Seat #4 is the button
Seat 2: 19woody58 ($84.32 in chips)
Seat 4: B_loJkl ($175.28 in chips)
B_loJkl: posts small blind $1
19woody58: posts big blind $3
*** HOLE CARDS ***
B_loJkl: raises $3 to $6
19woody58: folds
Uncalled bet ($3) returned to B_loJkl
B_loJkl collected $6 from pot
B_loJkl: doesn't show hand
*** SUMMARY ***
Total pot $6 | Rake $0
Seat 2: 19woody58 (big blind) folded before Flop
Seat 4: B_loJkl (button) (small blind) collected ($6)


PokerStars Hand #172263745049:  Hold'em Limit ($3/$6 USD) - 2017/06/26 11:16:48 ET
Table 'Cannonia' 6-max Seat #2 is the button
Seat 2: 19woody58 ($99.32 in chips)
Seat 4: B_loJkl ($160.78 in chips)
19woody58: posts small blind $1
B_loJkl: posts big blind $3
*** HOLE CARDS ***
19woody58: raises $3 to $6
B_loJkl: calls $3
*** FLOP *** [Ah Qs 6d]
B_loJkl: checks
19woody58: bets $3
B_loJkl: calls $3
*** TURN *** [Ah Qs 6d] [4s]
B_loJkl: bets $6
19woody58: calls $6
*** RIVER *** [Ah Qs 6d 4s] [7s]
B_loJkl: bets $6
19woody58: folds
Uncalled bet ($6) returned to B_loJkl
B_loJkl collected $29.50 from pot
B_loJkl: doesn't show hand
*** SUMMARY ***
Total pot $30 | Rake $0.50
Board [Ah Qs 6d 4s 7s]
Seat 2: 19woody58 (button) (small blind) folded on the River
Seat 4: B_loJkl (big blind) collected ($29.50)


PokerStars Hand #172263738149:  Hold'em Limit ($3/$6 USD) - 2017/06/26 11:16:36 ET
Table 'Cannonia' 6-max Seat #4 is the button
Seat 2: 19woody58 ($105.32 in chips)
Seat 4: B_loJkl ($155.02 in chips)
B_loJkl: posts small blind $1
19woody58: posts big blind $3
*** HOLE CARDS ***
B_loJkl: raises $3 to $6
19woody58: calls $3
*** FLOP *** [Jd Kh 7c]
19woody58: checks
B_loJkl: bets $3
19woody58: folds
Uncalled bet ($3) returned to B_loJkl
B_loJkl collected $11.76 from pot
B_loJkl: doesn't show hand
*** SUMMARY ***
Total pot $12 | Rake $0.24
Board [Jd Kh 7c]
Seat 2: 19woody58 (big blind) folded on the Flop
Seat 4: B_loJkl (button) (small blind) collected ($11.76)


PokerStars Hand #172263735412:  Hold'em Limit ($3/$6 USD) - 2017/06/26 11:16:31 ET
Table 'Cannonia' 6-max Seat #2 is the button
Seat 2: 19woody58 ($106.32 in chips)
Seat 4: B_loJkl ($154.02 in chips)
19woody58: posts small blind $1
B_loJkl: posts big blind $3
*** HOLE CARDS ***
19woody58: folds
Uncalled bet ($2) returned to B_loJkl
B_loJkl collected $2 from pot
B_loJkl: doesn't show hand
*** SUMMARY ***
Total pot $2 | Rake $0
Seat 2: 19woody58 (button) (small blind) folded before Flop
Seat 4: B_loJkl (big blind) collected ($2)


PokerStars Hand #172263721818:  Hold'em Limit ($3/$6 USD) - 2017/06/26 11:16:07 ET
Table 'Cannonia' 6-max Seat #4 is the button
Seat 2: 19woody58 ($97.68 in chips)
Seat 4: B_loJkl ($163.02 in chips)
B_loJkl: posts small blind $1
19woody58: posts big blind $3
*** HOLE CARDS ***
B_loJkl: raises $3 to $6
19woody58: calls $3
*** FLOP *** [Jh 9h Tc]
19woody58: checks
B_loJkl: bets $3
19woody58: calls $3
*** TURN *** [Jh 9h Tc] [6d]
19woody58: checks
B_loJkl: checks
*** RIVER *** [Jh 9h Tc 6d] [5c]
19woody58: checks
B_loJkl: checks
*** SHOW DOWN ***
19woody58: shows [4d Ks] (high card King)
B_loJkl: mucks hand
19woody58 collected $17.64 from pot
*** SUMMARY ***
Total pot $18 | Rake $0.36
Board [Jh 9h Tc 6d 5c]
Seat 2: 19woody58 (big blind) showed [4d Ks] and won ($17.64) with high card King
Seat 4: B_loJkl (button) (small blind) mucked


PokerStars Hand #172263775002:  Hold'em Limit ($3/$6 USD) - 2017/06/26 11:17:41 ET
Table 'Cannonia' 6-max Seat #4 is the button
Seat 2: 19woody58 ($81.08 in chips)
Seat 4: B_loJkl ($178.04 in chips)
B_loJkl: posts small blind $1
19woody58: posts big blind $3
*** HOLE CARDS ***
B_loJkl: raises $3 to $6
19woody58: folds
Uncalled bet ($3) returned to B_loJkl
B_loJkl collected $6 from pot
B_loJkl: doesn't show hand
*** SUMMARY ***
Total pot $6 | Rake $0
Seat 2: 19woody58 (big blind) folded before Flop
Seat 4: B_loJkl (button) (small blind) collected ($6)


PokerStars Hand #172263761318:  Hold'em Limit ($3/$6 USD) - 2017/06/26 11:17:17 ET
Table 'Cannonia' 6-max Seat #2 is the button
Seat 2: 19woody58 ($81.32 in chips)
Seat 4: B_loJkl ($178.28 in chips)
19woody58: posts small blind $1
B_loJkl: posts big blind $3
*** HOLE CARDS ***
19woody58: raises $3 to $6
B_loJkl: calls $3
*** FLOP *** [2c As Kd]
B_loJkl: checks
19woody58: checks
*** TURN *** [2c As Kd] [2d]
B_loJkl: bets $6
19woody58: calls $6
*** RIVER *** [2c As Kd 2d] [Kc]
B_loJkl: checks
19woody58: checks
*** SHOW DOWN ***
B_loJkl: shows [Td Jc] (two pair, Kings and Deuces)
19woody58: shows [Js 6s] (two pair, Kings and Deuces)
B_loJkl collected $11.76 from pot
19woody58 collected $11.76 from pot
*** SUMMARY ***
Total pot $24 | Rake $0.48
Board [2c As Kd 2d Kc]
Seat 2: 19woody58 (button) (small blind) showed [Js 6s] and won ($11.76) with two pair, Kings and Deuces
Seat 4: B_loJkl (big blind) showed [Td Jc] and won ($11.76) with two pair, Kings and Deuces


PokerStars Hand #172263791556:  Hold'em Limit ($3/$6 USD) - 2017/06/26 11:18:11 ET
Table 'Cannonia' 6-max Seat #4 is the button
Seat 2: 19woody58 ($98.58 in chips)
Seat 4: B_loJkl ($160.04 in chips)
B_loJkl: posts small blind $1
19woody58: posts big blind $3
*** HOLE CARDS ***
B_loJkl: raises $3 to $6
19woody58: folds
Uncalled bet ($3) returned to B_loJkl
B_loJkl collected $6 from pot
B_loJkl: doesn't show hand
*** SUMMARY ***
Total pot $6 | Rake $0
Seat 2: 19woody58 (big blind) folded before Flop
Seat 4: B_loJkl (button) (small blind) collected ($6)


PokerStars Hand #172263778047:  Hold'em Limit ($3/$6 USD) - 2017/06/26 11:17:47 ET
Table 'Cannonia' 6-max Seat #2 is the button
Seat 2: 19woody58 ($78.08 in chips)
Seat 4: B_loJkl ($181.04 in chips)
19woody58: posts small blind $1
B_loJkl: posts big blind $3
*** HOLE CARDS ***
19woody58: raises $3 to $6
B_loJkl: calls $3
*** FLOP *** [5d Kc Ks]
B_loJkl: checks
19woody58: bets $3
B_loJkl: calls $3
*** TURN *** [5d Kc Ks] [8h]
B_loJkl: checks
19woody58: bets $6
B_loJkl: calls $6
*** RIVER *** [5d Kc Ks 8h] [8s]
B_loJkl: checks
19woody58: bets $6
B_loJkl: calls $6
*** SHOW DOWN ***
19woody58: shows [6s 8c] (a full house, Eights full of Kings)
B_loJkl: mucks hand
19woody58 collected $41.50 from pot
*** SUMMARY ***
Total pot $42 | Rake $0.50
Board [5d Kc Ks 8h 8s]
Seat 2: 19woody58 (button) (small blind) showed [6s 8c] and won ($41.50) with a full house, Eights full of Kings
Seat 4: B_loJkl (big blind) mucked


PokerStars Hand #172263794561:  Hold'em Limit ($3/$6 USD) - 2017/06/26 11:18:16 ET
Table 'Cannonia' 6-max Seat #2 is the button
Seat 2: 19woody58 ($95.58 in chips)
Seat 4: B_loJkl ($163.04 in chips)
19woody58: posts small blind $1
B_loJkl: posts big blind $3
*** HOLE CARDS ***
19woody58: folds
Uncalled bet ($2) returned to B_loJkl
B_loJkl collected $2 from pot
B_loJkl: doesn't show hand
*** SUMMARY ***
Total pot $2 | Rake $0
Seat 2: 19woody58 (button) (small blind) folded before Flop
Seat 4: B_loJkl (big blind) collected ($2)


PokerStars Hand #172263809216:  Hold'em Limit ($3/$6 USD) - 2017/06/26 11:18:42 ET
Table 'Cannonia' 6-max Seat #2 is the button
Seat 2: 19woody58 ($73.58 in chips)
Seat 4: B_loJkl ($184.54 in chips)
19woody58: posts small blind $1
B_loJkl: posts big blind $3
*** HOLE CARDS ***
19woody58: folds
Uncalled bet ($2) returned to B_loJkl
B_loJkl collected $2 from pot
B_loJkl: doesn't show hand
*** SUMMARY ***
Total pot $2 | Rake $0
Seat 2: 19woody58 (button) (small blind) folded before Flop
Seat 4: B_loJkl (big blind) collected ($2)


PokerStars Hand #172263797083:  Hold'em Limit ($3/$6 USD) - 2017/06/26 11:18:21 ET
Table 'Cannonia' 6-max Seat #4 is the button
Seat 2: 19woody58 ($94.58 in chips)
Seat 4: B_loJkl ($164.04 in chips)
B_loJkl: posts small blind $1
19woody58: posts big blind $3
*** HOLE CARDS ***
B_loJkl: raises $3 to $6
19woody58: calls $3
*** FLOP *** [8h 4s 2s]
19woody58: checks
B_loJkl: bets $3
19woody58: calls $3
*** TURN *** [8h 4s 2s] [2h]
19woody58: checks
B_loJkl: bets $6
19woody58: calls $6
*** RIVER *** [8h 4s 2s 2h] [Js]
19woody58: checks
B_loJkl: bets $6
19woody58: calls $6
*** SHOW DOWN ***
B_loJkl: shows [6s 8s] (a flush, Jack high)
19woody58: mucks hand
B_loJkl collected $41.50 from pot
*** SUMMARY ***
Total pot $42 | Rake $0.50
Board [8h 4s 2s 2h Js]
Seat 2: 19woody58 (big blind) mucked
Seat 4: B_loJkl (button) (small blind) showed [6s 8s] and won ($41.50) with a flush, Jack high


PokerStars Hand #172263826101:  Hold'em Limit ($3/$6 USD) - 2017/06/26 11:19:12 ET
Table 'Cannonia' 6-max Seat #2 is the button
Seat 2: 19woody58 ($57.58 in chips)
Seat 4: B_loJkl ($200.04 in chips)
19woody58: posts small blind $1
B_loJkl: posts big blind $3
*** HOLE CARDS ***
19woody58: folds
Uncalled bet ($2) returned to B_loJkl
B_loJkl collected $2 from pot
B_loJkl: doesn't show hand
*** SUMMARY ***
Total pot $2 | Rake $0
Seat 2: 19woody58 (button) (small blind) folded before Flop
Seat 4: B_loJkl (big blind) collected ($2)


PokerStars Hand #172263812050:  Hold'em Limit ($3/$6 USD) - 2017/06/26 11:18:47 ET
Table 'Cannonia' 6-max Seat #4 is the button
Seat 2: 19woody58 ($72.58 in chips)
Seat 4: B_loJkl ($185.54 in chips)
B_loJkl: posts small blind $1
19woody58: posts big blind $3
*** HOLE CARDS ***
B_loJkl: raises $3 to $6
19woody58: calls $3
*** FLOP *** [Kd 5s 3s]
19woody58: checks
B_loJkl: bets $3
19woody58: calls $3
*** TURN *** [Kd 5s 3s] [4c]
19woody58: checks
B_loJkl: checks
*** RIVER *** [Kd 5s 3s 4c] [Js]
19woody58: bets $6
B_loJkl: raises $6 to $12
19woody58: folds
Uncalled bet ($6) returned to B_loJkl
B_loJkl collected $29.50 from pot
B_loJkl: doesn't show hand
*** SUMMARY ***
Total pot $30 | Rake $0.50
Board [Kd 5s 3s 4c Js]
Seat 2: 19woody58 (big blind) folded on the River
Seat 4: B_loJkl (button) (small blind) collected ($29.50)


PokerStars Hand #172263829041:  Hold'em Limit ($3/$6 USD) - 2017/06/26 11:19:17 ET
Table 'Cannonia' 6-max Seat #4 is the button
Seat 2: 19woody58 ($56.58 in chips)
Seat 4: B_loJkl ($201.04 in chips)
B_loJkl: posts small blind $1
19woody58: posts big blind $3
*** HOLE CARDS ***
B_loJkl: raises $3 to $6
19woody58: folds
Uncalled bet ($3) returned to B_loJkl
B_loJkl collected $6 from pot
B_loJkl: doesn't show hand
*** SUMMARY ***
Total pot $6 | Rake $0
Seat 2: 19woody58 (big blind) folded before Flop
Seat 4: B_loJkl (button) (small blind) collected ($6)


PokerStars Hand #172263832192:  Hold'em Limit ($3/$6 USD) - 2017/06/26 11:19:23 ET
Table 'Cannonia' 6-max Seat #2 is the button
Seat 2: 19woody58 ($53.58 in chips)
Seat 4: B_loJkl ($204.04 in chips)
19woody58: posts small blind $1
B_loJkl: posts big blind $3
*** HOLE CARDS ***
19woody58: raises $3 to $6
B_loJkl: calls $3
*** FLOP *** [9s Ks 8c]
B_loJkl: checks
19woody58: bets $3
B_loJkl: raises $3 to $6
19woody58: calls $3
*** TURN *** [9s Ks 8c] [8h]
B_loJkl: bets $6
19woody58: calls $6
*** RIVER *** [9s Ks 8c 8h] [5s]
B_loJkl: bets $6
19woody58: calls $6
*** SHOW DOWN ***
B_loJkl: shows [Qh Kc] (two pair, Kings and Eights)
19woody58: shows [7s Js] (a flush, King high)
19woody58 collected $47.50 from pot
*** SUMMARY ***
Total pot $48 | Rake $0.50
Board [9s Ks 8c 8h 5s]
Seat 2: 19woody58 (button) (small blind) showed [7s Js] and won ($47.50) with a flush, King high
Seat 4: B_loJkl (big blind) showed [Qh Kc] and lost with two pair, Kings and Eights


PokerStars Hand #172263893129:  Hold'em Limit ($3/$6 USD) - 2017/06/26 11:21:10 ET
Table 'Cannonia' 6-max Seat #4 is the button
Seat 2: 19woody58 ($113.10 in chips)
Seat 4: B_loJkl ($143.04 in chips)
B_loJkl: posts small blind $1
19woody58: posts big blind $3
*** HOLE CARDS ***
B_loJkl: raises $3 to $6
19woody58: folds
Uncalled bet ($3) returned to B_loJkl
B_loJkl collected $6 from pot
B_loJkl: doesn't show hand
*** SUMMARY ***
Total pot $6 | Rake $0
Seat 2: 19woody58 (big blind) folded before Flop
Seat 4: B_loJkl (button) (small blind) collected ($6)


PokerStars Hand #172263890447:  Hold'em Limit ($3/$6 USD) - 2017/06/26 11:21:05 ET
Table 'Cannonia' 6-max Seat #2 is the button
Seat 2: 19woody58 ($114.10 in chips)
Seat 4: B_loJkl ($142.04 in chips)
19woody58: posts small blind $1
B_loJkl: posts big blind $3
*** HOLE CARDS ***
19woody58: folds
Uncalled bet ($2) returned to B_loJkl
B_loJkl collected $2 from pot
B_loJkl: doesn't show hand
*** SUMMARY ***
Total pot $2 | Rake $0
Seat 2: 19woody58 (button) (small blind) folded before Flop
Seat 4: B_loJkl (big blind) collected ($2)


PokerStars Hand #172263876632:  Hold'em Limit ($3/$6 USD) - 2017/06/26 11:20:41 ET
Table 'Cannonia' 6-max Seat #2 is the button
Seat 2: 19woody58 ($103.58 in chips)
Seat 4: B_loJkl ($153.04 in chips)
19woody58: posts small blind $1
B_loJkl: posts big blind $3
*** HOLE CARDS ***
19woody58: folds
Uncalled bet ($2) returned to B_loJkl
B_loJkl collected $2 from pot
B_loJkl: doesn't show hand
*** SUMMARY ***
Total pot $2 | Rake $0
Seat 2: 19woody58 (button) (small blind) folded before Flop
Seat 4: B_loJkl (big blind) collected ($2)


PokerStars Hand #172263858838:  Hold'em Limit ($3/$6 USD) - 2017/06/26 11:20:10 ET
Table 'Cannonia' 6-max Seat #4 is the button
Seat 2: 19woody58 ($77.08 in chips)
Seat 4: B_loJkl ($180.04 in chips)
B_loJkl: posts small blind $1
19woody58: posts big blind $3
*** HOLE CARDS ***
B_loJkl: raises $3 to $6
19woody58: calls $3
*** FLOP *** [9h 5d Ad]
19woody58: checks
B_loJkl: bets $3
19woody58: calls $3
*** TURN *** [9h 5d Ad] [3c]
19woody58: checks
B_loJkl: bets $6
19woody58: raises $6 to $12
B_loJkl: calls $6
*** RIVER *** [9h 5d Ad 3c] [Qs]
19woody58: bets $6
B_loJkl: calls $6
*** SHOW DOWN ***
19woody58: shows [5c Ac] (two pair, Aces and Fives)
B_loJkl: mucks hand
19woody58 collected $53.50 from pot
*** SUMMARY ***
Total pot $54 | Rake $0.50
Board [9h 5d Ad 3c Qs]
Seat 2: 19woody58 (big blind) showed [5c Ac] and won ($53.50) with two pair, Aces and Fives
Seat 4: B_loJkl (button) (small blind) mucked


PokerStars Hand #172263879472:  Hold'em Limit ($3/$6 USD) - 2017/06/26 11:20:46 ET
Table 'Cannonia' 6-max Seat #4 is the button
Seat 2: 19woody58 ($102.58 in chips)
Seat 4: B_loJkl ($154.04 in chips)
B_loJkl: posts small blind $1
19woody58: posts big blind $3
*** HOLE CARDS ***
B_loJkl: raises $3 to $6
19woody58: calls $3
*** FLOP *** [Qc 8c 3d]
19woody58: checks
B_loJkl: checks
*** TURN *** [Qc 8c 3d] [As]
19woody58: checks
B_loJkl: bets $6
19woody58: calls $6
*** RIVER *** [Qc 8c 3d As] [2d]
19woody58: checks
B_loJkl: checks
*** SHOW DOWN ***
19woody58: shows [Kd 5d] (high card Ace)
B_loJkl: mucks hand
19woody58 collected $23.52 from pot
*** SUMMARY ***
Total pot $24 | Rake $0.48
Board [Qc 8c 3d As 2d]
Seat 2: 19woody58 (big blind) showed [Kd 5d] and won ($23.52) with high card Ace
Seat 4: B_loJkl (button) (small blind) mucked


PokerStars Hand #172263896097:  Hold'em Limit ($3/$6 USD) - 2017/06/26 11:21:15 ET
Table 'Cannonia' 6-max Seat #2 is the button
Seat 2: 19woody58 ($110.10 in chips)
Seat 4: B_loJkl ($146.04 in chips)
19woody58: posts small blind $1
B_loJkl: posts big blind $3
*** HOLE CARDS ***
19woody58: raises $3 to $6
B_loJkl: calls $3
*** FLOP *** [3c Js 7h]
B_loJkl: checks
19woody58: bets $3
B_loJkl: calls $3
*** TURN *** [3c Js 7h] [3h]
B_loJkl: checks
19woody58: checks
*** RIVER *** [3c Js 7h 3h] [7d]
B_loJkl: checks
19woody58: bets $6
B_loJkl: folds
Uncalled bet ($6) returned to 19woody58
19woody58 collected $17.64 from pot
*** SUMMARY ***
Total pot $18 | Rake $0.36
Board [3c Js 7h 3h 7d]
Seat 2: 19woody58 (button) (small blind) collected ($17.64)
Seat 4: B_loJkl (big blind) folded on the River


PokerStars Hand #172263909389:  Hold'em Limit ($3/$6 USD) - 2017/06/26 11:21:38 ET
Table 'Cannonia' 6-max Seat #4 is the button
Seat 2: 19woody58 ($118.74 in chips)
Seat 4: B_loJkl ($137.04 in chips)
B_loJkl: posts small blind $1
19woody58: posts big blind $3
*** HOLE CARDS ***
B_loJkl: raises $3 to $6
19woody58: folds
Uncalled bet ($3) returned to B_loJkl
B_loJkl collected $6 from pot
B_loJkl: doesn't show hand
*** SUMMARY ***
Total pot $6 | Rake $0
Seat 2: 19woody58 (big blind) folded before Flop
Seat 4: B_loJkl (button) (small blind) collected ($6)


PokerStars Hand #172263913087:  Hold'em Limit ($3/$6 USD) - 2017/06/26 11:21:45 ET
Table 'Cannonia' 6-max Seat #2 is the button
Seat 2: 19woody58 ($115.74 in chips)
Seat 4: B_loJkl ($140.04 in chips)
19woody58: posts small blind $1
B_loJkl: posts big blind $3
*** HOLE CARDS ***
19woody58: raises $3 to $6
B_loJkl: calls $3
*** FLOP *** [5s 3s Jc]
B_loJkl: checks
19woody58: bets $3
B_loJkl: calls $3
*** TURN *** [5s 3s Jc] [As]
B_loJkl: checks
19woody58: checks
*** RIVER *** [5s 3s Jc As] [8s]
B_loJkl: checks
19woody58: checks
*** SHOW DOWN ***
B_loJkl: shows [8c 4c] (a pair of Eights)
19woody58: shows [Ah Jh] (two pair, Aces and Jacks)
19woody58 collected $17.64 from pot
*** SUMMARY ***
Total pot $18 | Rake $0.36
Board [5s 3s Jc As 8s]
Seat 2: 19woody58 (button) (small blind) showed [Ah Jh] and won ($17.64) with two pair, Aces and Jacks
Seat 4: B_loJkl (big blind) showed [8c 4c] and lost with a pair of Eights


PokerStars Hand #172263928579:  Hold'em Limit ($3/$6 USD) - 2017/06/26 11:22:12 ET
Table 'Cannonia' 6-max Seat #2 is the button
Seat 2: 19woody58 ($121.38 in chips)
Seat 4: B_loJkl ($134.04 in chips)
19woody58: posts small blind $1
B_loJkl: posts big blind $3
*** HOLE CARDS ***
19woody58: folds
Uncalled bet ($2) returned to B_loJkl
B_loJkl collected $2 from pot
B_loJkl: doesn't show hand
*** SUMMARY ***
Total pot $2 | Rake $0
Seat 2: 19woody58 (button) (small blind) folded before Flop
Seat 4: B_loJkl (big blind) collected ($2)


PokerStars Hand #172263923679:  Hold'em Limit ($3/$6 USD) - 2017/06/26 11:22:03 ET
Table 'Cannonia' 6-max Seat #4 is the button
Seat 2: 19woody58 ($124.38 in chips)
Seat 4: B_loJkl ($131.04 in chips)
B_loJkl: posts small blind $1
19woody58: posts big blind $3
*** HOLE CARDS ***
B_loJkl: raises $3 to $6
19woody58: folds
Uncalled bet ($3) returned to B_loJkl
B_loJkl collected $6 from pot
B_loJkl: doesn't show hand
*** SUMMARY ***
Total pot $6 | Rake $0
Seat 2: 19woody58 (big blind) folded before Flop
Seat 4: B_loJkl (button) (small blind) collected ($6)


PokerStars Hand #172263935354:  Hold'em Limit ($3/$6 USD) - 2017/06/26 11:22:24 ET
Table 'Cannonia' 6-max Seat #2 is the button
Seat 2: 19woody58 ($121.38 in chips)
Seat 4: B_loJkl ($134.04 in chips)
19woody58: posts small blind $1
B_loJkl: posts big blind $3
*** HOLE CARDS ***
19woody58: folds
Uncalled bet ($2) returned to B_loJkl
B_loJkl collected $2 from pot
B_loJkl: doesn't show hand
*** SUMMARY ***
Total pot $2 | Rake $0
Seat 2: 19woody58 (button) (small blind) folded before Flop
Seat 4: B_loJkl (big blind) collected ($2)


PokerStars Hand #172263931400:  Hold'em Limit ($3/$6 USD) - 2017/06/26 11:22:17 ET
Table 'Cannonia' 6-max Seat #4 is the button
Seat 2: 19woody58 ($120.38 in chips)
Seat 4: B_loJkl ($135.04 in chips)
B_loJkl: posts small blind $1
19woody58: posts big blind $3
*** HOLE CARDS ***
B_loJkl: folds
Uncalled bet ($2) returned to 19woody58
19woody58 collected $2 from pot
*** SUMMARY ***
Total pot $2 | Rake $0
Seat 2: 19woody58 (big blind) collected ($2)
Seat 4: B_loJkl (button) (small blind) folded before Flop


PokerStars Hand #172263938080:  Hold'em Limit ($3/$6 USD) - 2017/06/26 11:22:29 ET
Table 'Cannonia' 6-max Seat #4 is the button
Seat 2: 19woody58 ($120.38 in chips)
Seat 4: B_loJkl ($135.04 in chips)
B_loJkl: posts small blind $1
19woody58: posts big blind $3
*** HOLE CARDS ***
B_loJkl: raises $3 to $6
19woody58: folds
Uncalled bet ($3) returned to B_loJkl
B_loJkl collected $6 from pot
B_loJkl: doesn't show hand
*** SUMMARY ***
Total pot $6 | Rake $0
Seat 2: 19woody58 (big blind) folded before Flop
Seat 4: B_loJkl (button) (small blind) collected ($6)


PokerStars Hand #172263943943:  Hold'em Limit ($3/$6 USD) - 2017/06/26 11:22:39 ET
Table 'Cannonia' 6-max Seat #2 is the button
Seat 2: 19woody58 ($117.38 in chips)
Seat 4: B_loJkl ($138.04 in chips)
19woody58: posts small blind $1
B_loJkl: posts big blind $3
*** HOLE CARDS ***
19woody58: calls $2
B_loJkl: checks
*** FLOP *** [Qs 4h 7h]
B_loJkl: checks
19woody58: bets $3
B_loJkl: folds
Uncalled bet ($3) returned to 19woody58
19woody58 collected $5.88 from pot
*** SUMMARY ***
Total pot $6 | Rake $0.12
Board [Qs 4h 7h]
Seat 2: 19woody58 (button) (small blind) collected ($5.88)
Seat 4: B_loJkl (big blind) folded on the Flop


PokerStars Hand #172263996265:  Hold'em Limit ($3/$6 USD) - 2017/06/26 11:24:10 ET
Table 'Cannonia' 6-max Seat #4 is the button
Seat 2: 19woody58 ($87.26 in chips)
Seat 4: B_loJkl ($167.04 in chips)
B_loJkl: posts small blind $1
19woody58: posts big blind $3
*** HOLE CARDS ***
B_loJkl: folds
Uncalled bet ($2) returned to 19woody58
19woody58 collected $2 from pot
*** SUMMARY ***
Total pot $2 | Rake $0
Seat 2: 19woody58 (big blind) collected ($2)
Seat 4: B_loJkl (button) (small blind) folded before Flop


PokerStars Hand #172263970996:  Hold'em Limit ($3/$6 USD) - 2017/06/26 11:23:26 ET
Table 'Cannonia' 6-max Seat #2 is the button
Seat 2: 19woody58 ($105.26 in chips)
Seat 4: B_loJkl ($149.54 in chips)
19woody58: posts small blind $1
B_loJkl: posts big blind $3
*** HOLE CARDS ***
19woody58: raises $3 to $6
B_loJkl: raises $3 to $9
19woody58: calls $3
*** FLOP *** [7c Ks 6d]
B_loJkl: bets $3
19woody58: calls $3
*** TURN *** [7c Ks 6d] [4d]
B_loJkl: bets $6
19woody58: calls $6
*** RIVER *** [7c Ks 6d 4d] [Qs]
B_loJkl: bets $6
19woody58: folds
Uncalled bet ($6) returned to B_loJkl
B_loJkl collected $35.50 from pot
B_loJkl: doesn't show hand
*** SUMMARY ***
Total pot $36 | Rake $0.50
Board [7c Ks 6d 4d Qs]
Seat 2: 19woody58 (button) (small blind) folded on the River
Seat 4: B_loJkl (big blind) collected ($35.50)


PokerStars Hand #172264000314:  Hold'em Limit ($3/$6 USD) - 2017/06/26 11:24:17 ET
Table 'Cannonia' 6-max Seat #2 is the button
Seat 2: 19woody58 ($88.26 in chips)
Seat 4: B_loJkl ($166.04 in chips)
19woody58: posts small blind $1
B_loJkl: posts big blind $3
*** HOLE CARDS ***
19woody58: raises $3 to $6
B_loJkl: calls $3
*** FLOP *** [8s 8h Ad]
B_loJkl: checks
19woody58: bets $3
B_loJkl: calls $3
*** TURN *** [8s 8h Ad] [3d]
B_loJkl: checks
19woody58: bets $6
B_loJkl: folds
Uncalled bet ($6) returned to 19woody58
19woody58 collected $17.64 from pot
*** SUMMARY ***
Total pot $18 | Rake $0.36
Board [8s 8h Ad 3d]
Seat 2: 19woody58 (button) (small blind) collected ($17.64)
Seat 4: B_loJkl (big blind) folded on the Turn


PokerStars Hand #172264015006:  Hold'em Limit ($3/$6 USD) - 2017/06/26 11:24:43 ET
Table 'Cannonia' 6-max Seat #4 is the button
Seat 2: 19woody58 ($96.90 in chips)
Seat 4: B_loJkl ($157.04 in chips)
B_loJkl: posts small blind $1
19woody58: posts big blind $3
*** HOLE CARDS ***
B_loJkl: raises $3 to $6
19woody58: calls $3
*** FLOP *** [5s Ad 5h]
19woody58: checks
B_loJkl: bets $3
19woody58: calls $3
*** TURN *** [5s Ad 5h] [As]
19woody58: checks
B_loJkl: bets $6
19woody58: calls $6
*** RIVER *** [5s Ad 5h As] [2c]
19woody58: checks
B_loJkl: checks
*** SHOW DOWN ***
19woody58: shows [Ah 2s] (a full house, Aces full of Fives)
B_loJkl: mucks hand
19woody58 collected $29.50 from pot
*** SUMMARY ***
Total pot $30 | Rake $0.50
Board [5s Ad 5h As 2c]
Seat 2: 19woody58 (big blind) showed [Ah 2s] and won ($29.50) with a full house, Aces full of Fives
Seat 4: B_loJkl (button) (small blind) mucked


PokerStars Hand #172264030727:  Hold'em Limit ($3/$6 USD) - 2017/06/26 11:25:10 ET
Table 'Cannonia' 6-max Seat #2 is the button
Seat 2: 19woody58 ($111.40 in chips)
Seat 4: B_loJkl ($142.04 in chips)
19woody58: posts small blind $1
B_loJkl: posts big blind $3
*** HOLE CARDS ***
19woody58: raises $3 to $6
B_loJkl: calls $3
*** FLOP *** [7d 3c 2c]
B_loJkl: checks
19woody58: checks
*** TURN *** [7d 3c 2c] [6c]
B_loJkl: bets $6
19woody58: folds
Uncalled bet ($6) returned to B_loJkl
B_loJkl collected $11.76 from pot
B_loJkl: doesn't show hand
*** SUMMARY ***
Total pot $12 | Rake $0.24
Board [7d 3c 2c 6c]
Seat 2: 19woody58 (button) (small blind) folded on the Turn
Seat 4: B_loJkl (big blind) collected ($11.76)


PokerStars Hand #172264039086:  Hold'em Limit ($3/$6 USD) - 2017/06/26 11:25:25 ET
Table 'Cannonia' 6-max Seat #4 is the button
Seat 2: 19woody58 ($105.40 in chips)
Seat 4: B_loJkl ($147.80 in chips)
B_loJkl: posts small blind $1
19woody58: posts big blind $3
*** HOLE CARDS ***
B_loJkl: raises $3 to $6
19woody58: calls $3
*** FLOP *** [6c 7h Jh]
19woody58: checks
B_loJkl: bets $3
19woody58: calls $3
*** TURN *** [6c 7h Jh] [4c]
19woody58: checks
B_loJkl: checks
*** RIVER *** [6c 7h Jh 4c] [9s]
19woody58: checks
B_loJkl: checks
*** SHOW DOWN ***
19woody58: shows [Kc 7c] (a pair of Sevens)
B_loJkl: mucks hand
19woody58 collected $17.64 from pot
*** SUMMARY ***
Total pot $18 | Rake $0.36
Board [6c 7h Jh 4c 9s]
Seat 2: 19woody58 (big blind) showed [Kc 7c] and won ($17.64) with a pair of Sevens
Seat 4: B_loJkl (button) (small blind) mucked


PokerStars Hand #172264056290:  Hold'em Limit ($3/$6 USD) - 2017/06/26 11:25:55 ET
Table 'Cannonia' 6-max Seat #2 is the button
Seat 2: 19woody58 ($114.04 in chips)
Seat 4: B_loJkl ($138.80 in chips)
19woody58: posts small blind $1
B_loJkl: posts big blind $3
*** HOLE CARDS ***
19woody58: raises $3 to $6
B_loJkl: folds
Uncalled bet ($3) returned to 19woody58
19woody58 collected $6 from pot
*** SUMMARY ***
Total pot $6 | Rake $0
Seat 2: 19woody58 (button) (small blind) collected ($6)
Seat 4: B_loJkl (big blind) folded before Flop


PokerStars Hand #172264060065:  Hold'em Limit ($3/$6 USD) - 2017/06/26 11:26:02 ET
Table 'Cannonia' 6-max Seat #4 is the button
Seat 2: 19woody58 ($117.04 in chips)
Seat 4: B_loJkl ($135.80 in chips)
B_loJkl: posts small blind $1
19woody58: posts big blind $3
*** HOLE CARDS ***
B_loJkl: raises $3 to $6
19woody58: calls $3
*** FLOP *** [As 5d 9h]
19woody58: checks
igorkabmw joins the table at seat #5
B_loJkl: bets $3
19woody58: folds
Uncalled bet ($3) returned to B_loJkl
B_loJkl collected $11.76 from pot
B_loJkl: doesn't show hand
*** SUMMARY ***
Total pot $12 | Rake $0.24
Board [As 5d 9h]
Seat 2: 19woody58 (big blind) folded on the Flop
Seat 4: B_loJkl (button) (small blind) collected ($11.76)


PokerStars Hand #172264069380:  Hold'em Limit ($3/$6 USD) - 2017/06/26 11:26:18 ET
Table 'Cannonia' 6-max Seat #2 is the button
Seat 2: 19woody58 ($111.04 in chips)
Seat 4: B_loJkl ($141.56 in chips)
19woody58: posts small blind $1
B_loJkl: posts big blind $3
*** HOLE CARDS ***
19woody58: folds
Uncalled bet ($2) returned to B_loJkl
sincity999 joins the table at seat #6
B_loJkl collected $2 from pot
B_loJkl: doesn't show hand
*** SUMMARY ***
Total pot $2 | Rake $0
Seat 2: 19woody58 (button) (small blind) folded before Flop
Seat 4: B_loJkl (big blind) collected ($2)


PokerStars Hand #172264504186:  Hold'em Limit ($3/$6 USD) - 2017/06/26 11:38:45 ET
Table 'Cannonia' 6-max Seat #6 is the button
Seat 3: B_loJkl ($173.90 in chips)
Seat 6: sincity999 ($182.78 in chips)
Korish9506 will be allowed to play after the button
sincity999: posts small blind $1
B_loJkl: posts big blind $3
*** HOLE CARDS ***
sincity999: folds
Uncalled bet ($2) returned to B_loJkl
B_loJkl collected $2 from pot
B_loJkl: doesn't show hand
*** SUMMARY ***
Total pot $2 | Rake $0
Seat 3: B_loJkl (big blind) collected ($2)
Seat 6: sincity999 (button) (small blind) folded before Flop


PokerStars Hand #172264628450:  Hold'em Limit ($3/$6 USD) - 2017/06/26 11:42:16 ET
Table 'Cannonia' 6-max Seat #6 is the button
Seat 4: Korish9506 ($15.61 in chips)
Seat 6: sincity999 ($229.51 in chips)
B_loJkl will be allowed to play after the button
sincity999: posts small blind $1
Korish9506: posts big blind $3
*** HOLE CARDS ***
sincity999: calls $2
Korish9506: checks
*** FLOP *** [2s 3h Td]
Korish9506: checks
sincity999: checks
*** TURN *** [2s 3h Td] [4h]
Korish9506: checks
sincity999: checks
*** RIVER *** [2s 3h Td 4h] [Ts]
Korish9506: bets $6
sincity999: folds
Uncalled bet ($6) returned to Korish9506
Korish9506 collected $5.88 from pot
*** SUMMARY ***
Total pot $6 | Rake $0.12
Board [2s 3h Td 4h Ts]
Seat 4: Korish9506 (big blind) collected ($5.88)
Seat 6: sincity999 (button) (small blind) folded on the River


PokerStars Hand #172264726470:  Hold'em Limit ($3/$6 USD) - 2017/06/26 11:45:02 ET
Table 'Cannonia' 6-max Seat #6 is the button
Seat 5: B_loJkl ($148.82 in chips)
Seat 6: sincity999 ($245.04 in chips)
sincity999: posts small blind $1
B_loJkl: posts big blind $3
*** HOLE CARDS ***
sincity999: folds
Uncalled bet ($2) returned to B_loJkl
sincity999 leaves the table
B_loJkl collected $2 from pot
B_loJkl: doesn't show hand
*** SUMMARY ***
Total pot $2 | Rake $0
Seat 5: B_loJkl (big blind) collected ($2)
Seat 6: sincity999 (button) (small blind) folded before Flop


PokerStars Hand #172264755628:  Hold'em Limit ($3/$6 USD) - 2017/06/26 11:45:51 ET
Table 'Cannonia' 6-max Seat #4 is the button
Seat 4: Korish9506 ($59.52 in chips)
Seat 5: B_loJkl ($152.82 in chips)
Korish9506: posts small blind $1
B_loJkl: posts big blind $3
*** HOLE CARDS ***
Korish9506: calls $2
B_loJkl: raises $3 to $6
Korish9506: calls $3
*** FLOP *** [Kc Qh 9c]
B_loJkl: checks
Korish9506: checks
*** TURN *** [Kc Qh 9c] [Qd]
B_loJkl: bets $6
Korish9506: calls $6
*** RIVER *** [Kc Qh 9c Qd] [4s]
B_loJkl: bets $6
Korish9506: folds
Uncalled bet ($6) returned to B_loJkl
B_loJkl collected $23.52 from pot
B_loJkl: doesn't show hand
*** SUMMARY ***
Total pot $24 | Rake $0.48
Board [Kc Qh 9c Qd 4s]
Seat 4: Korish9506 (button) (small blind) folded on the River
Seat 5: B_loJkl (big blind) collected ($23.52)


PokerStars Hand #172264751302:  Hold'em Limit ($3/$6 USD) - 2017/06/26 11:45:44 ET
Table 'Cannonia' 6-max Seat #5 is the button
Seat 4: Korish9506 ($62.52 in chips)
Seat 5: B_loJkl ($149.82 in chips)
B_loJkl: posts small blind $1
Korish9506: posts big blind $3
*** HOLE CARDS ***
B_loJkl: raises $3 to $6
Korish9506: folds
Uncalled bet ($3) returned to B_loJkl
B_loJkl collected $6 from pot
B_loJkl: doesn't show hand
*** SUMMARY ***
Total pot $6 | Rake $0
Seat 4: Korish9506 (big blind) folded before Flop
Seat 5: B_loJkl (button) (small blind) collected ($6)


PokerStars Hand #172264776738:  Hold'em Limit ($3/$6 USD) - 2017/06/26 11:46:27 ET
Table 'Cannonia' 6-max Seat #4 is the button
Seat 4: Korish9506 ($48.52 in chips)
Seat 5: B_loJkl ($163.34 in chips)
Korish9506: posts small blind $1
B_loJkl: posts big blind $3
*** HOLE CARDS ***
Korish9506: calls $2
B_loJkl: raises $3 to $6
Korish9506: calls $3
*** FLOP *** [Tc Js 9h]
B_loJkl: bets $3
Korish9506: calls $3
*** TURN *** [Tc Js 9h] [5c]
B_loJkl: checks
Korish9506: checks
*** RIVER *** [Tc Js 9h 5c] [2c]
B_loJkl: checks
Korish9506: bets $6
B_loJkl: calls $6
*** SHOW DOWN ***
Korish9506: shows [9c 3c] (a flush, Ten high)
B_loJkl: mucks hand
Korish9506 collected $29.50 from pot
*** SUMMARY ***
Total pot $30 | Rake $0.50
Board [Tc Js 9h 5c 2c]
Seat 4: Korish9506 (button) (small blind) showed [9c 3c] and won ($29.50) with a flush, Ten high
Seat 5: B_loJkl (big blind) mucked


PokerStars Hand #172264773568:  Hold'em Limit ($3/$6 USD) - 2017/06/26 11:46:21 ET
Table 'Cannonia' 6-max Seat #5 is the button
Seat 4: Korish9506 ($47.52 in chips)
Seat 5: B_loJkl ($164.34 in chips)
B_loJkl: posts small blind $1
Korish9506: posts big blind $3
*** HOLE CARDS ***
B_loJkl: folds
Uncalled bet ($2) returned to Korish9506
sim5sim5 joins the table at seat #6
Korish9506 collected $2 from pot
*** SUMMARY ***
Total pot $2 | Rake $0
Seat 4: Korish9506 (big blind) collected ($2)
Seat 5: B_loJkl (button) (small blind) folded before Flop


