PokerStars Hand #160022403080:  Hold'em Limit ($3/$6 USD) - 2016/10/16 14:37:15 ET
Table 'Cannonia II' 6-max Seat #5 is the button
Seat 3: gogo4747 ($38.84 in chips)
Seat 5: vestimokrec ($121 in chips)
vestimokrec: posts small blind $1
gogo4747: posts big blind $3
*** HOLE CARDS ***
cheeestar198 joins the table at seat #2
vestimokrec: raises $3 to $6
gogo4747: calls $3
*** FLOP *** [Th Qd Ks]
gogo4747: checks
cheeestar198 leaves the table
vestimokrec: checks
*** TURN *** [Th Qd Ks] [4c]
gogo4747: checks
vestimokrec: checks
*** RIVER *** [Th Qd Ks 4c] [Jh]
gogo4747: bets $6
cheeestar198 joins the table at seat #2
vestimokrec: folds
Uncalled bet ($6) returned to gogo4747
gogo4747 collected $11.76 from pot
gogo4747: doesn't show hand
*** SUMMARY ***
Total pot $12 | Rake $0.24
Board [Th Qd Ks 4c Jh]
Seat 3: gogo4747 (big blind) collected ($11.76)
Seat 5: vestimokrec (button) (small blind) folded on the River


PokerStars Hand #160022459580:  Hold'em Limit ($3/$6 USD) - 2016/10/16 14:38:12 ET
Table 'Cannonia II' 6-max Seat #5 is the button
Seat 3: gogo4747 ($44.54 in chips)
Seat 5: vestimokrec ($114.94 in chips)
vestimokrec: posts small blind $1
gogo4747: posts big blind $3
*** HOLE CARDS ***
vestimokrec: raises $3 to $6
gogo4747: calls $3
*** FLOP *** [8h 9d 9s]
gogo4747: checks
kolaz03 joins the table at seat #4
vestimokrec: bets $3
gogo4747: folds
Uncalled bet ($3) returned to vestimokrec
vestimokrec collected $11.76 from pot
vestimokrec: doesn't show hand
*** SUMMARY ***
Total pot $12 | Rake $0.24
Board [8h 9d 9s]
Seat 3: gogo4747 (big blind) folded on the Flop
Seat 5: vestimokrec (button) (small blind) collected ($11.76)


PokerStars Hand #160022433052:  Hold'em Limit ($3/$6 USD) - 2016/10/16 14:37:45 ET
Table 'Cannonia II' 6-max Seat #3 is the button
Seat 3: gogo4747 ($44.60 in chips)
Seat 5: vestimokrec ($115 in chips)
gogo4747: posts small blind $1
vestimokrec: posts big blind $3
*** HOLE CARDS ***
gogo4747: calls $2
vestimokrec: checks
*** FLOP *** [Td 8s 2s]
cheeestar198 leaves the table
vestimokrec: checks
gogo4747: checks
*** TURN *** [Td 8s 2s] [Js]
vestimokrec: checks
gogo4747: checks
*** RIVER *** [Td 8s 2s Js] [8c]
vestimokrec: checks
gogo4747: checks
*** SHOW DOWN ***
vestimokrec: shows [4c Kc] (a pair of Eights)
gogo4747: shows [Kd 6h] (a pair of Eights)
vestimokrec collected $2.94 from pot
gogo4747 collected $2.94 from pot
*** SUMMARY ***
Total pot $6 | Rake $0.12
Board [Td 8s 2s Js 8c]
Seat 3: gogo4747 (button) (small blind) showed [Kd 6h] and won ($2.94) with a pair of Eights
Seat 5: vestimokrec (big blind) showed [4c Kc] and won ($2.94) with a pair of Eights


PokerStars Hand #160022589179:  Hold'em Limit ($3/$6 USD) - 2016/10/16 14:40:17 ET
Table 'Cannonia II' 6-max Seat #5 is the button
Seat 3: gogo4747 ($13.30 in chips)
Seat 5: vestimokrec ($131.87 in chips)
vestimokrec: posts small blind $1
gogo4747: posts big blind $3
*** HOLE CARDS ***
vestimokrec: raises $3 to $6
gogo4747: folds
Uncalled bet ($3) returned to vestimokrec
vestimokrec collected $6 from pot
vestimokrec: doesn't show hand
*** SUMMARY ***
Total pot $6 | Rake $0
Seat 3: gogo4747 (big blind) folded before Flop
Seat 5: vestimokrec (button) (small blind) collected ($6)


PokerStars Hand #160022571737:  Hold'em Limit ($3/$6 USD) - 2016/10/16 14:39:59 ET
Table 'Cannonia II' 6-max Seat #3 is the button
Seat 3: gogo4747 ($7.54 in chips)
Seat 5: vestimokrec ($137.87 in chips)
gogo4747: posts small blind $1
vestimokrec: posts big blind $3
*** HOLE CARDS ***
gogo4747: raises $3 to $6
vestimokrec: calls $3
*** FLOP *** [Kd 2c Qh]
vestimokrec: checks
gogo4747: bets $1.54 and is all-in
vestimokrec: folds
Uncalled bet ($1.54) returned to gogo4747
gogo4747 collected $11.76 from pot
gogo4747: doesn't show hand
*** SUMMARY ***
Total pot $12 | Rake $0.24
Board [Kd 2c Qh]
Seat 3: gogo4747 (button) (small blind) collected ($11.76)
Seat 5: vestimokrec (big blind) folded on the Flop


