PokerStars Hand #172476596567:  Hold'em Limit ($3/$6 USD) - 2017/07/01 14:24:56 ET
Table 'Cannonia' 10-max Seat #2 is the button
Seat 2: anebodil ($180.72 in chips)
Seat 5: simper11 ($109.26 in chips)
anebodil: posts small blind $1
simper11: posts big blind $3
*** HOLE CARDS ***
Krazy90 joins the table at seat #3
anebodil has timed out
anebodil: folds
Uncalled bet ($2) returned to simper11
simper11 collected $2 from pot
simper11: doesn't show hand
*** SUMMARY ***
Total pot $2 | Rake $0
Seat 2: anebodil (button) (small blind) folded before Flop
Seat 5: simper11 (big blind) collected ($2)


PokerStars Hand #172476634267:  Hold'em Limit ($3/$6 USD) - 2017/07/01 14:25:46 ET
Table 'Cannonia' 10-max Seat #5 is the button
Seat 3: Krazy90 ($120 in chips)
Seat 5: simper11 ($110.26 in chips)
simper11: posts small blind $1
Krazy90: posts big blind $3
*** HOLE CARDS ***
simper11: raises $3 to $6
Krazy90: calls $3
*** FLOP *** [Ts 8c 4d]
Krazy90: checks
simper11: bets $3
Krazy90: folds
Uncalled bet ($3) returned to simper11
simper11 collected $11.76 from pot
simper11: doesn't show hand
*** SUMMARY ***
Total pot $12 | Rake $0.24
Board [Ts 8c 4d]
Seat 3: Krazy90 (big blind) folded on the Flop
Seat 5: simper11 (button) (small blind) collected ($11.76)


PokerStars Hand #172476659224:  Hold'em Limit ($3/$6 USD) - 2017/07/01 14:26:20 ET
Table 'Cannonia' 10-max Seat #3 is the button
Seat 3: Krazy90 ($120 in chips)
Seat 5: simper11 ($116.02 in chips)
Krazy90: posts small blind $1
simper11: posts big blind $3
*** HOLE CARDS ***
Krazy90: raises $3 to $6
simper11: calls $3
*** FLOP *** [8h 8d Jc]
simper11: checks
Krazy90: bets $3
simper11: raises $3 to $6
Krazy90: folds
Uncalled bet ($3) returned to simper11
simper11 collected $17.64 from pot
simper11: doesn't show hand
*** SUMMARY ***
Total pot $18 | Rake $0.36
Board [8h 8d Jc]
Seat 3: Krazy90 (button) (small blind) folded on the Flop
Seat 5: simper11 (big blind) collected ($17.64)


PokerStars Hand #172486538750:  Hold'em Limit ($3/$6 USD) - 2017/07/01 18:20:01 ET
Table 'Cannonia' 10-max Seat #1 is the button
Seat 1: Griseglid ($103.52 in chips)
Seat 8: komornik ($243.65 in chips)
Griseglid: posts small blind $1
komornik: posts big blind $3
*** HOLE CARDS ***
Griseglid: raises $3 to $6
komornik: raises $3 to $9
Griseglid: calls $3
*** FLOP *** [6s Qd Kd]
komornik: bets $3
Griseglid: calls $3
*** TURN *** [6s Qd Kd] [Ad]
komornik: bets $6
Griseglid: calls $6
*** RIVER *** [6s Qd Kd Ad] [2s]
komornik: bets $6
Griseglid: calls $6
*** SHOW DOWN ***
komornik: shows [Ac 8d] (a pair of Aces)
Griseglid: mucks hand
komornik collected $47.50 from pot
*** SUMMARY ***
Total pot $48 | Rake $0.50
Board [6s Qd Kd Ad 2s]
Seat 1: Griseglid (button) (small blind) mucked
Seat 8: komornik (big blind) showed [Ac 8d] and won ($47.50) with a pair of Aces


