PokerStars Hand #154459026859:  Hold'em Limit ($3/$6 USD) - 2016/06/08 9:53:16 ET
Table 'Cannonia' 6-max Seat #3 is the button
Seat 3: Shara.Vi ($84.02 in chips)
Seat 4: TbIP-TbIP 88 ($72 in chips)
Shara.Vi: posts small blind $1
TbIP-TbIP 88: posts big blind $3
*** HOLE CARDS ***
Ale4o joins the table at seat #5
Shara.Vi: raises $3 to $6
TbIP-TbIP 88: calls $3
*** FLOP *** [Js 5c 9h]
TbIP-TbIP 88: checks
Shara.Vi: bets $3
TbIP-TbIP 88: calls $3
*** TURN *** [Js 5c 9h] [Ad]
TbIP-TbIP 88: checks
tamnt10549 joins the table at seat #6
Shara.Vi: checks
*** RIVER *** [Js 5c 9h Ad] [Qh]
TbIP-TbIP 88: bets $6
Shara.Vi: raises $6 to $12
TbIP-TbIP 88: calls $6
*** SHOW DOWN ***
Shara.Vi: shows [8c Ac] (a pair of Aces)
TbIP-TbIP 88: shows [Ts 8d] (a straight, Eight to Queen)
TbIP-TbIP 88 collected $41.50 from pot
*** SUMMARY ***
Total pot $42 | Rake $0.50
Board [Js 5c 9h Ad Qh]
Seat 3: Shara.Vi (button) (small blind) showed [8c Ac] and lost with a pair of Aces
Seat 4: TbIP-TbIP 88 (big blind) showed [Ts 8d] and won ($41.50) with a straight, Eight to Queen


