PokerStars Hand #163380929366:  Hold'em Limit ($3/$6 USD) - 2016/12/23 2:58:49 ET
Table 'Canopus' 6-max Seat #1 is the button
Seat 1: tofa28 ($30 in chips)
Seat 2: Ale4o ($120 in chips)
tofa28: posts small blind $1
Ale4o: posts big blind $3
*** HOLE CARDS ***
tofa28: calls $2
Ale4o: checks
*** FLOP *** [4h Qc 6h]
Ale4o: bets $3
tofa28: calls $3
*** TURN *** [4h Qc 6h] [7c]
Ale4o: bets $6
tofa28: raises $6 to $12
Ale4o: calls $6
*** RIVER *** [4h Qc 6h 7c] [4d]
Ale4o: checks
tofa28: bets $6
Ale4o: folds
Uncalled bet ($6) returned to tofa28
tofa28 collected $35.50 from pot
tofa28: doesn't show hand
*** SUMMARY ***
Total pot $36 | Rake $0.50
Board [4h Qc 6h 7c 4d]
Seat 1: tofa28 (button) (small blind) collected ($35.50)
Seat 2: Ale4o (big blind) folded on the River


PokerStars Hand #163380937063:  Hold'em Limit ($3/$6 USD) - 2016/12/23 2:59:16 ET
Table 'Canopus' 6-max Seat #1 is the button
Seat 1: tofa28 ($48.50 in chips)
Seat 2: Ale4o ($101 in chips)
tofa28: posts small blind $1
Ale4o: posts big blind $3
*** HOLE CARDS ***
tofa28: folds
Uncalled bet ($2) returned to Ale4o
Ale4o collected $2 from pot
Ale4o: doesn't show hand
*** SUMMARY ***
Total pot $2 | Rake $0
Seat 1: tofa28 (button) (small blind) folded before Flop
Seat 2: Ale4o (big blind) collected ($2)


PokerStars Hand #163380935561:  Hold'em Limit ($3/$6 USD) - 2016/12/23 2:59:11 ET
Table 'Canopus' 6-max Seat #2 is the button
Seat 1: tofa28 ($47.50 in chips)
Seat 2: Ale4o ($102 in chips)
Ale4o: posts small blind $1
tofa28: posts big blind $3
*** HOLE CARDS ***
Ale4o: folds
Uncalled bet ($2) returned to tofa28
tofa28 collected $2 from pot
tofa28: doesn't show hand
*** SUMMARY ***
Total pot $2 | Rake $0
Seat 1: tofa28 (big blind) collected ($2)
Seat 2: Ale4o (button) (small blind) folded before Flop


PokerStars Hand #163380938502:  Hold'em Limit ($3/$6 USD) - 2016/12/23 2:59:21 ET
Table 'Canopus' 6-max Seat #2 is the button
Seat 1: tofa28 ($47.50 in chips)
Seat 2: Ale4o ($102 in chips)
Ale4o: posts small blind $1
tofa28: posts big blind $3
*** HOLE CARDS ***
Ale4o: raises $3 to $6
tofa28: raises $3 to $9
RockKillerTY joins the table at seat #3
Ale4o: calls $3
*** FLOP *** [2s Ts 9c]
tofa28: bets $3
Ale4o: calls $3
*** TURN *** [2s Ts 9c] [Tc]
tofa28: bets $6
Ale4o: calls $6
*** RIVER *** [2s Ts 9c Tc] [9d]
tofa28: bets $6
Ale4o: raises $6 to $12
tofa28: calls $6
*** SHOW DOWN ***
Ale4o: shows [9s Qd] (a full house, Nines full of Tens)
tofa28: mucks hand
Ale4o collected $59.50 from pot
*** SUMMARY ***
Total pot $60 | Rake $0.50
Board [2s Ts 9c Tc 9d]
Seat 1: tofa28 (big blind) mucked
Seat 2: Ale4o (button) (small blind) showed [9s Qd] and won ($59.50) with a full house, Nines full of Tens


PokerStars Hand #163380943992:  Hold'em Limit ($3/$6 USD) - 2016/12/23 2:59:41 ET
Table 'Canopus' 6-max Seat #1 is the button
Seat 1: tofa28 ($17.50 in chips)
Seat 2: Ale4o ($131.50 in chips)
tofa28: posts small blind $1
Ale4o: posts big blind $3
*** HOLE CARDS ***
tofa28: raises $3 to $6
Ale4o: raises $3 to $9
tofa28: raises $3 to $12
Betting is capped
Ale4o: calls $3
*** FLOP *** [Ac As 5c]
Ale4o: checks
tofa28: checks
*** TURN *** [Ac As 5c] [2d]
Ale4o: bets $6
tofa28: calls $5.50 and is all-in
Uncalled bet ($0.50) returned to Ale4o
*** RIVER *** [Ac As 5c 2d] [Kh]
*** SHOW DOWN ***
Ale4o: shows [Jh Qc] (a pair of Aces)
tofa28: shows [Js Kc] (two pair, Aces and Kings)
tofa28 collected $34.50 from pot
*** SUMMARY ***
Total pot $35 | Rake $0.50
Board [Ac As 5c 2d Kh]
Seat 1: tofa28 (button) (small blind) showed [Js Kc] and won ($34.50) with two pair, Aces and Kings
Seat 2: Ale4o (big blind) showed [Jh Qc] and lost with a pair of Aces


PokerStars Hand #163383078797:  Hold'em Limit ($3/$6 USD) - 2016/12/23 4:42:29 ET
Table 'Canopus' 6-max Seat #2 is the button
Seat 2: Lackys07 ($26.64 in chips)
Seat 5: ToDaFelt ($101.21 in chips)
Lackys07: posts small blind $1
ToDaFelt: posts big blind $3
*** HOLE CARDS ***
Lackys07: folds
Uncalled bet ($2) returned to ToDaFelt
ToDaFelt collected $2 from pot
TbIP-TbIP 88 joins the table at seat #4
ToDaFelt: doesn't show hand
*** SUMMARY ***
Total pot $2 | Rake $0
Seat 2: Lackys07 (button) (small blind) folded before Flop
Seat 5: ToDaFelt (big blind) collected ($2)


PokerStars Hand #163383082518:  Hold'em Limit ($3/$6 USD) - 2016/12/23 4:42:39 ET
Table 'Canopus' 6-max Seat #5 is the button
Seat 2: Lackys07 ($25.64 in chips)
Seat 5: ToDaFelt ($102.21 in chips)
ToDaFelt: posts small blind $1
Lackys07: posts big blind $3
*** HOLE CARDS ***
ToDaFelt: raises $3 to $6
Lackys07: folds
Uncalled bet ($3) returned to ToDaFelt
ToDaFelt collected $6 from pot
ToDaFelt: doesn't show hand
*** SUMMARY ***
Total pot $6 | Rake $0
Seat 2: Lackys07 (big blind) folded before Flop
Seat 5: ToDaFelt (button) (small blind) collected ($6)


PokerStars Hand #163383067717:  Hold'em Limit ($3/$6 USD) - 2016/12/23 4:42:00 ET
Table 'Canopus' 6-max Seat #5 is the button
Seat 2: Lackys07 ($32.64 in chips)
Seat 5: ToDaFelt ($95.45 in chips)
ToDaFelt: posts small blind $1
Ale4o: is sitting out
Lackys07: posts big blind $3
*** HOLE CARDS ***
ToDaFelt: raises $3 to $6
Lackys07: calls $3
*** FLOP *** [5c 9c 9s]
TbIP-TbIP 88 leaves the table
Lackys07: checks
ToDaFelt: bets $3
Lackys07: folds
Uncalled bet ($3) returned to ToDaFelt
ToDaFelt collected $11.76 from pot
ToDaFelt: doesn't show hand
*** SUMMARY ***
Total pot $12 | Rake $0.24
Board [5c 9c 9s]
Seat 2: Lackys07 (big blind) folded on the Flop
Seat 5: ToDaFelt (button) (small blind) collected ($11.76)


