PokerStars Hand #153536829695:  Hold'em Limit ($3/$6 USD) - 2016/05/19 10:00:21 ET
Table 'Canopus II' 6-max Seat #1 is the button
Seat 1: DONTDOITFOOL ($69 in chips)
Seat 2: Agrotait ($75 in chips)
DONTDOITFOOL: posts small blind $1
Agrotait: posts big blind $3
*** HOLE CARDS ***
DONTDOITFOOL: folds
Uncalled bet ($2) returned to Agrotait
TbIP-TbIP 88 leaves the table
Agrotait collected $2 from pot
Agrotait: doesn't show hand
*** SUMMARY ***
Total pot $2 | Rake $0
Seat 1: DONTDOITFOOL (button) (small blind) folded before Flop
Seat 2: Agrotait (big blind) collected ($2)


PokerStars Hand #153536816847:  Hold'em Limit ($3/$6 USD) - 2016/05/19 9:59:57 ET
Table 'Canopus II' 6-max Seat #2 is the button
Seat 1: DONTDOITFOOL ($72 in chips)
Seat 2: Agrotait ($72 in chips)
Agrotait: posts small blind $1
TbIP-TbIP 88 has timed out
TbIP-TbIP 88: is sitting out
DONTDOITFOOL: posts big blind $3
*** HOLE CARDS ***
Hadart joins the table at seat #3
Agrotait: raises $3 to $6
DONTDOITFOOL: folds
Uncalled bet ($3) returned to Agrotait
Agrotait collected $6 from pot
Agrotait: doesn't show hand
*** SUMMARY ***
Total pot $6 | Rake $0
Seat 1: DONTDOITFOOL (big blind) folded before Flop
Seat 2: Agrotait (button) (small blind) collected ($6)


PokerStars Hand #153538989157:  Hold'em Limit ($3/$6 USD) - 2016/05/19 10:59:23 ET
Table 'Canopus II' 6-max Seat #4 is the button
Seat 4: fsreibnitz ($128.88 in chips)
Seat 6: TinaTurner72 ($96.90 in chips)
fsreibnitz: posts small blind $1
TinaTurner72: posts big blind $3
*** HOLE CARDS ***
fsreibnitz: raises $3 to $6
TinaTurner72: raises $3 to $9
fsreibnitz: calls $3
*** FLOP *** [Tc Qc 7c]
TinaTurner72: bets $3
fsreibnitz: raises $3 to $6
TinaTurner72: calls $3
*** TURN *** [Tc Qc 7c] [Kh]
TinaTurner72: checks
fsreibnitz: bets $6
TinaTurner72: calls $6
*** RIVER *** [Tc Qc 7c Kh] [Jd]
TinaTurner72: checks
fsreibnitz: bets $6
TinaTurner72: folds
Uncalled bet ($6) returned to fsreibnitz
fsreibnitz collected $41.50 from pot
*** SUMMARY ***
Total pot $42 | Rake $0.50
Board [Tc Qc 7c Kh Jd]
Seat 4: fsreibnitz (button) (small blind) collected ($41.50)
Seat 6: TinaTurner72 (big blind) folded on the River


PokerStars Hand #153538972334:  Hold'em Limit ($3/$6 USD) - 2016/05/19 10:58:51 ET
Table 'Canopus II' 6-max Seat #6 is the button
Seat 4: fsreibnitz ($117.36 in chips)
Seat 6: TinaTurner72 ($108.90 in chips)
TinaTurner72: posts small blind $1
fsreibnitz: posts big blind $3
*** HOLE CARDS ***
TinaTurner72: raises $3 to $6
fsreibnitz: raises $3 to $9
TinaTurner72: calls $3
*** FLOP *** [Kh 7s Qc]
fsreibnitz: bets $3
TinaTurner72: calls $3
*** TURN *** [Kh 7s Qc] [Jc]
fsreibnitz: checks
TinaTurner72: checks
*** RIVER *** [Kh 7s Qc Jc] [Ad]
fsreibnitz: checks
TinaTurner72: checks
*** SHOW DOWN ***
fsreibnitz: shows [As 2d] (a pair of Aces)
TinaTurner72: mucks hand
fsreibnitz collected $23.52 from pot
*** SUMMARY ***
Total pot $24 | Rake $0.48
Board [Kh 7s Qc Jc Ad]
Seat 4: fsreibnitz (big blind) showed [As 2d] and won ($23.52) with a pair of Aces
Seat 6: TinaTurner72 (button) (small blind) mucked


PokerStars Hand #153539006315:  Hold'em Limit ($3/$6 USD) - 2016/05/19 10:59:55 ET
Table 'Canopus II' 6-max Seat #6 is the button
Seat 4: fsreibnitz ($149.38 in chips)
Seat 6: TinaTurner72 ($75.90 in chips)
TinaTurner72: posts small blind $1
fsreibnitz: posts big blind $3
*** HOLE CARDS ***
TinaTurner72: raises $3 to $6
fsreibnitz: calls $3
*** FLOP *** [2c Kc 8c]
fsreibnitz: checks
TinaTurner72: bets $3
fsreibnitz: raises $3 to $6
TinaTurner72: folds
Uncalled bet ($3) returned to fsreibnitz
fsreibnitz collected $17.64 from pot
*** SUMMARY ***
Total pot $18 | Rake $0.36
Board [2c Kc 8c]
Seat 4: fsreibnitz (big blind) collected ($17.64)
Seat 6: TinaTurner72 (button) (small blind) folded on the Flop


