PokerStars Hand #159729270336:  Hold'em Limit ($3/$6 USD) - 2016/10/10 6:10:25 ET
Table 'Canopus' 6-max Seat #6 is the button
Seat 1: kolaz03 ($75 in chips)
Seat 6: Dennis410 ($57.41 in chips)
Dennis410: posts small blind $1
kolaz03: posts big blind $3
*** HOLE CARDS ***
Dennis410: folds
Uncalled bet ($2) returned to kolaz03
kolaz03 collected $2 from pot
kolaz03: doesn't show hand
*** SUMMARY ***
Total pot $2 | Rake $0
Seat 1: kolaz03 (big blind) collected ($2)
Seat 6: Dennis410 (button) (small blind) folded before Flop


PokerStars Hand #159729267029:  Hold'em Limit ($3/$6 USD) - 2016/10/10 6:10:16 ET
Table 'Canopus' 6-max Seat #1 is the button
Seat 1: kolaz03 ($72 in chips)
Seat 6: Dennis410 ($60.41 in chips)
kolaz03: posts small blind $1
swics1202: is sitting out
Actionni13 was removed from the table for failing to post
Dennis410: posts big blind $3
*** HOLE CARDS ***
kolaz03: raises $3 to $6
Actionni13 joins the table at seat #4
Dennis410: folds
Uncalled bet ($3) returned to kolaz03
kolaz03 collected $6 from pot
kolaz03: doesn't show hand
*** SUMMARY ***
Total pot $6 | Rake $0
Seat 1: kolaz03 (button) (small blind) collected ($6)
Seat 6: Dennis410 (big blind) folded before Flop


PokerStars Hand #159729793070:  Hold'em Limit ($3/$6 USD) - 2016/10/10 6:31:49 ET
Table 'Canopus' 6-max Seat #1 is the button
Seat 1: Rmk1500 ($183.70 in chips)
Seat 4: Actionni13 ($169.03 in chips)
Rmk1500: posts small blind $1
Actionni13: posts big blind $3
*** HOLE CARDS ***
Rmk1500: raises $3 to $6
Actionni13: raises $3 to $9
Rmk1500: calls $3
*** FLOP *** [5h 2c 8h]
Actionni13: bets $3
Rmk1500: calls $3
*** TURN *** [5h 2c 8h] [3h]
Actionni13: bets $6
Rmk1500: calls $6
*** RIVER *** [5h 2c 8h 3h] [Tc]
Actionni13: checks
Rmk1500: checks
*** SHOW DOWN ***
Actionni13: shows [Ad 9c] (high card Ace)
Rmk1500: shows [Qd Ac] (high card Ace - Queen kicker)
Rmk1500 collected $35.50 from pot
*** SUMMARY ***
Total pot $36 | Rake $0.50
Board [5h 2c 8h 3h Tc]
Seat 1: Rmk1500 (button) (small blind) showed [Qd Ac] and won ($35.50) with high card Ace
Seat 4: Actionni13 (big blind) showed [Ad 9c] and lost with high card Ace


PokerStars Hand #159729785537:  Hold'em Limit ($3/$6 USD) - 2016/10/10 6:31:31 ET
Table 'Canopus' 6-max Seat #4 is the button
Seat 1: Rmk1500 ($163.20 in chips)
Seat 4: Actionni13 ($190.03 in chips)
Actionni13: posts small blind $1
Rmk1500: posts big blind $3
*** HOLE CARDS ***
Actionni13: raises $3 to $6
Rmk1500: calls $3
*** FLOP *** [8s Qs Ad]
Rmk1500: checks
Actionni13: bets $3
Rmk1500: calls $3
*** TURN *** [8s Qs Ad] [4s]
Rmk1500: checks
Actionni13: bets $6
Rmk1500: raises $6 to $12
Actionni13: calls $6
*** RIVER *** [8s Qs Ad 4s] [9h]
Rmk1500: bets $6
Actionni13: folds
Uncalled bet ($6) returned to Rmk1500
Rmk1500 collected $41.50 from pot
*** SUMMARY ***
Total pot $42 | Rake $0.50
Board [8s Qs Ad 4s 9h]
Seat 1: Rmk1500 (big blind) collected ($41.50)
Seat 4: Actionni13 (button) (small blind) folded on the River


PokerStars Hand #159729776732:  Hold'em Limit ($3/$6 USD) - 2016/10/10 6:31:10 ET
Table 'Canopus' 6-max Seat #1 is the button
Seat 1: Rmk1500 ($172.20 in chips)
Seat 4: Actionni13 ($181.39 in chips)
Rmk1500: posts small blind $1
Actionni13: posts big blind $3
*** HOLE CARDS ***
Rmk1500: raises $3 to $6
Actionni13: raises $3 to $9
Rmk1500: calls $3
*** FLOP *** [2s Ah 6d]
Actionni13: bets $3
Rmk1500: folds
Uncalled bet ($3) returned to Actionni13
Actionni13 collected $17.64 from pot
Actionni13: doesn't show hand
*** SUMMARY ***
Total pot $18 | Rake $0.36
Board [2s Ah 6d]
Seat 1: Rmk1500 (button) (small blind) folded on the Flop
Seat 4: Actionni13 (big blind) collected ($17.64)


PokerStars Hand #159729803289:  Hold'em Limit ($3/$6 USD) - 2016/10/10 6:32:14 ET
Table 'Canopus' 6-max Seat #4 is the button
Seat 1: Rmk1500 ($201.20 in chips)
Seat 4: Actionni13 ($151.03 in chips)
Actionni13: posts small blind $1
Rmk1500: posts big blind $3
*** HOLE CARDS ***
Actionni13: raises $3 to $6
Rmk1500: calls $3
*** FLOP *** [Td 8h Ac]
Rmk1500: checks
Actionni13: bets $3
Rmk1500: calls $3
*** TURN *** [Td 8h Ac] [3h]
Rmk1500: checks
Actionni13: bets $6
Rmk1500: folds
Uncalled bet ($6) returned to Actionni13
Actionni13 collected $17.64 from pot
Actionni13: doesn't show hand
cojo777 joins the table at seat #5
*** SUMMARY ***
Total pot $18 | Rake $0.36
Board [Td 8h Ac 3h]
Seat 1: Rmk1500 (big blind) folded on the Turn
Seat 4: Actionni13 (button) (small blind) collected ($17.64)


PokerStars Hand #159729810942:  Hold'em Limit ($3/$6 USD) - 2016/10/10 6:32:32 ET
Table 'Canopus' 6-max Seat #1 is the button
Seat 1: Rmk1500 ($192.20 in chips)
Seat 4: Actionni13 ($159.67 in chips)
Rmk1500: posts small blind $1
Actionni13: posts big blind $3
*** HOLE CARDS ***
Rmk1500: raises $3 to $6
Actionni13: calls $3
*** FLOP *** [Kh Tc Jc]
Actionni13: checks
Rmk1500: bets $3
Actionni13: folds
Uncalled bet ($3) returned to Rmk1500
Rmk1500 collected $11.76 from pot
*** SUMMARY ***
Total pot $12 | Rake $0.24
Board [Kh Tc Jc]
Seat 1: Rmk1500 (button) (small blind) collected ($11.76)
Seat 4: Actionni13 (big blind) folded on the Flop


PokerStars Hand #159730097896:  Hold'em Limit ($3/$6 USD) - 2016/10/10 6:43:47 ET
Table 'Canopus' 6-max Seat #5 is the button
Seat 4: Actionni13 ($270.47 in chips)
Seat 5: cojo777 ($147.97 in chips)
cojo777: posts small blind $1
Actionni13: posts big blind $3
*** HOLE CARDS ***
cojo777: raises $3 to $6
Actionni13: raises $3 to $9
cojo777: calls $3
*** FLOP *** [As Ac Ks]
Actionni13: bets $3
cojo777: folds
Uncalled bet ($3) returned to Actionni13
Actionni13 collected $17.64 from pot
Actionni13: doesn't show hand
*** SUMMARY ***
Total pot $18 | Rake $0.36
Board [As Ac Ks]
Seat 4: Actionni13 (big blind) collected ($17.64)
Seat 5: cojo777 (button) (small blind) folded on the Flop


PokerStars Hand #159730102252:  Hold'em Limit ($3/$6 USD) - 2016/10/10 6:43:57 ET
Table 'Canopus' 6-max Seat #4 is the button
Seat 4: Actionni13 ($279.11 in chips)
Seat 5: cojo777 ($138.97 in chips)
Actionni13: posts small blind $1
cojo777: posts big blind $3
*** HOLE CARDS ***
Actionni13: raises $3 to $6
cojo777: raises $3 to $9
Actionni13: calls $3
*** FLOP *** [9c Jh 9d]
cojo777: bets $3
Actionni13: calls $3
*** TURN *** [9c Jh 9d] [Jc]
cojo777: bets $6
Actionni13: raises $6 to $12
cojo777: folds
Uncalled bet ($6) returned to Actionni13
Actionni13 collected $35.50 from pot
Actionni13: doesn't show hand
liza3008 joins the table at seat #3
*** SUMMARY ***
Total pot $36 | Rake $0.50
Board [9c Jh 9d Jc]
Seat 4: Actionni13 (button) (small blind) collected ($35.50)
Seat 5: cojo777 (big blind) folded on the Turn


PokerStars Hand #159733353134:  Hold'em Limit ($3/$6 USD) - 2016/10/10 8:40:45 ET
Table 'Canopus' 6-max Seat #3 is the button
Seat 1: jackRizzar ($308.38 in chips)
Seat 3: DePokeraap ($97.87 in chips)
DePokeraap: posts small blind $1
TinaTurner72: is sitting out
jackRizzar: posts big blind $3
*** HOLE CARDS ***
DePokeraap: raises $3 to $6
jackRizzar: calls $3
*** FLOP *** [2s 8d Ac]
jackRizzar: checks
DePokeraap: bets $3
jackRizzar: folds
Uncalled bet ($3) returned to DePokeraap
DePokeraap collected $11.76 from pot
*** SUMMARY ***
Total pot $12 | Rake $0.24
Board [2s 8d Ac]
Seat 1: jackRizzar (big blind) folded on the Flop
Seat 3: DePokeraap (button) (small blind) collected ($11.76)


