PokerStars Hand #160391266657:  Hold'em Limit ($3/$6 USD) - 2016/10/24 17:14:30 ET
Table 'Cantabia II' 10-max Seat #2 is the button
Seat 2: TinaTurner72 ($135.50 in chips)
Seat 5: xcgxcg2005 ($103.76 in chips)
TinaTurner72: posts small blind $1
xcgxcg2005: posts big blind $3
*** HOLE CARDS ***
TinaTurner72: raises $3 to $6
xcgxcg2005: raises $3 to $9
TinaTurner72: calls $3
*** FLOP *** [2d 6h 8c]
xcgxcg2005: bets $3
Ph@ntomkpz joins the table at seat #10
GRAILKO joins the table at seat #1
TinaTurner72: calls $3
*** TURN *** [2d 6h 8c] [7s]
xcgxcg2005: checks
TinaTurner72: bets $6
xcgxcg2005: calls $6
*** RIVER *** [2d 6h 8c 7s] [4s]
xcgxcg2005: checks
TinaTurner72: checks
*** SHOW DOWN ***
xcgxcg2005: shows [Jc Ks] (high card King)
TinaTurner72: shows [Kh 7c] (a pair of Sevens)
TinaTurner72 collected $35.50 from pot
*** SUMMARY ***
Total pot $36 | Rake $0.50
Board [2d 6h 8c 7s 4s]
Seat 2: TinaTurner72 (button) (small blind) showed [Kh 7c] and won ($35.50) with a pair of Sevens
Seat 5: xcgxcg2005 (big blind) showed [Jc Ks] and lost with high card King


PokerStars Hand #160391233947:  Hold'em Limit ($3/$6 USD) - 2016/10/24 17:13:52 ET
Table 'Cantabia II' 10-max Seat #2 is the button
Seat 2: TinaTurner72 ($117 in chips)
Seat 5: xcgxcg2005 ($122.76 in chips)
TinaTurner72: posts small blind $1
xcgxcg2005: posts big blind $3
*** HOLE CARDS ***
TinaTurner72: raises $3 to $6
xcgxcg2005: raises $3 to $9
TinaTurner72: calls $3
*** FLOP *** [5s 4d Qh]
xcgxcg2005: bets $3
TinaTurner72: calls $3
*** TURN *** [5s 4d Qh] [Ah]
xcgxcg2005: bets $6
TinaTurner72: raises $6 to $12
xcgxcg2005: folds
Uncalled bet ($6) returned to TinaTurner72
TinaTurner72 collected $35.50 from pot
TinaTurner72: doesn't show hand
*** SUMMARY ***
Total pot $36 | Rake $0.50
Board [5s 4d Qh Ah]
Seat 2: TinaTurner72 (button) (small blind) collected ($35.50)
Seat 5: xcgxcg2005 (big blind) folded on the Turn


PokerStars Hand #160391573153:  Hold'em Limit ($3/$6 USD) - 2016/10/24 17:20:14 ET
Table 'Cantabia II' 10-max Seat #5 is the button
Seat 1: GRAILKO ($110.60 in chips)
Seat 5: xcgxcg2005 ($216.50 in chips)
xcgxcg2005: posts small blind $1
GRAILKO: posts big blind $3
*** HOLE CARDS ***
xcgxcg2005: raises $3 to $6
GRAILKO: calls $3
*** FLOP *** [Th 4c 6c]
GRAILKO: checks
xcgxcg2005: bets $3
GRAILKO: raises $3 to $6
xcgxcg2005: raises $3 to $9
GRAILKO: calls $3
*** TURN *** [Th 4c 6c] [Ks]
GRAILKO: checks
xcgxcg2005: bets $6
GRAILKO: calls $6
*** RIVER *** [Th 4c 6c Ks] [3h]
GRAILKO: checks
xcgxcg2005: bets $6
GRAILKO: calls $6
*** SHOW DOWN ***
xcgxcg2005: shows [9d 9h] (a pair of Nines)
GRAILKO: mucks hand
xcgxcg2005 collected $53.50 from pot
*** SUMMARY ***
Total pot $54 | Rake $0.50
Board [Th 4c 6c Ks 3h]
Seat 1: GRAILKO (big blind) mucked
Seat 5: xcgxcg2005 (button) (small blind) showed [9d 9h] and won ($53.50) with a pair of Nines


PokerStars Hand #160391594936:  Hold'em Limit ($3/$6 USD) - 2016/10/24 17:20:35 ET
Table 'Cantabia II' 10-max Seat #1 is the button
Seat 1: GRAILKO ($83.60 in chips)
Seat 5: xcgxcg2005 ($243 in chips)
GRAILKO: posts small blind $1
xcgxcg2005: posts big blind $3
*** HOLE CARDS ***
GRAILKO: raises $3 to $6
xcgxcg2005: raises $3 to $9
GRAILKO: calls $3
*** FLOP *** [5d 7h 3c]
xcgxcg2005: bets $3
GRAILKO: calls $3
*** TURN *** [5d 7h 3c] [7s]
xcgxcg2005: bets $6
GRAILKO: raises $6 to $12
xcgxcg2005: raises $6 to $18
GRAILKO: raises $6 to $24
Betting is capped
xcgxcg2005: calls $6
*** RIVER *** [5d 7h 3c 7s] [Th]
xcgxcg2005: bets $6
GRAILKO: calls $6
*** SHOW DOWN ***
xcgxcg2005: shows [Tc 7d] (a full house, Sevens full of Tens)
GRAILKO: mucks hand
xcgxcg2005 collected $83.50 from pot
*** SUMMARY ***
Total pot $84 | Rake $0.50
Board [5d 7h 3c 7s Th]
Seat 1: GRAILKO (button) (small blind) mucked
Seat 5: xcgxcg2005 (big blind) showed [Tc 7d] and won ($83.50) with a full house, Sevens full of Tens


PokerStars Hand #160391619793:  Hold'em Limit ($3/$6 USD) - 2016/10/24 17:20:59 ET
Table 'Cantabia II' 10-max Seat #5 is the button
Seat 1: GRAILKO ($41.60 in chips)
Seat 5: xcgxcg2005 ($284.50 in chips)
xcgxcg2005: posts small blind $1
GRAILKO: posts big blind $3
*** HOLE CARDS ***
xcgxcg2005: raises $3 to $6
GRAILKO: folds
Uncalled bet ($3) returned to xcgxcg2005
xcgxcg2005 collected $6 from pot
xcgxcg2005: doesn't show hand
*** SUMMARY ***
Total pot $6 | Rake $0
Seat 1: GRAILKO (big blind) folded before Flop
Seat 5: xcgxcg2005 (button) (small blind) collected ($6)


PokerStars Hand #160391626243:  Hold'em Limit ($3/$6 USD) - 2016/10/24 17:21:05 ET
Table 'Cantabia II' 10-max Seat #1 is the button
Seat 1: GRAILKO ($38.60 in chips)
Seat 5: xcgxcg2005 ($287.50 in chips)
GRAILKO: posts small blind $1
xcgxcg2005: posts big blind $3
*** HOLE CARDS ***
GRAILKO: raises $3 to $6
xcgxcg2005: raises $3 to $9
GRAILKO: calls $3
*** FLOP *** [As Ts Qc]
xcgxcg2005: bets $3
GRAILKO: folds
Uncalled bet ($3) returned to xcgxcg2005
xcgxcg2005 collected $17.64 from pot
xcgxcg2005: doesn't show hand
*** SUMMARY ***
Total pot $18 | Rake $0.36
Board [As Ts Qc]
Seat 1: GRAILKO (button) (small blind) folded on the Flop
Seat 5: xcgxcg2005 (big blind) collected ($17.64)


PokerStars Hand #160391636054:  Hold'em Limit ($3/$6 USD) - 2016/10/24 17:21:14 ET
Table 'Cantabia II' 10-max Seat #5 is the button
Seat 1: GRAILKO ($29.60 in chips)
Seat 5: xcgxcg2005 ($296.14 in chips)
xcgxcg2005: posts small blind $1
GRAILKO: posts big blind $3
*** HOLE CARDS ***
xcgxcg2005: raises $3 to $6
GRAILKO: calls $3
*** FLOP *** [9s 7c Kc]
GRAILKO: checks
xcgxcg2005: bets $3
GRAILKO: calls $3
*** TURN *** [9s 7c Kc] [2s]
GRAILKO: checks
xcgxcg2005: bets $6
GRAILKO: calls $6
*** RIVER *** [9s 7c Kc 2s] [Qs]
GRAILKO: checks
xcgxcg2005: bets $6
GRAILKO: calls $6
*** SHOW DOWN ***
xcgxcg2005: shows [Qd Jc] (a pair of Queens)
GRAILKO: mucks hand
xcgxcg2005 collected $41.50 from pot
*** SUMMARY ***
Total pot $42 | Rake $0.50
Board [9s 7c Kc 2s Qs]
Seat 1: GRAILKO (big blind) mucked
Seat 5: xcgxcg2005 (button) (small blind) showed [Qd Jc] and won ($41.50) with a pair of Queens


PokerStars Hand #160391654681:  Hold'em Limit ($3/$6 USD) - 2016/10/24 17:21:32 ET
Table 'Cantabia II' 10-max Seat #1 is the button
Seat 1: GRAILKO ($68.60 in chips)
Seat 5: xcgxcg2005 ($316.64 in chips)
GRAILKO: posts small blind $1
xcgxcg2005: posts big blind $3
*** HOLE CARDS ***
GRAILKO: raises $3 to $6
xcgxcg2005: calls $3
*** FLOP *** [7h Ah 2s]
xcgxcg2005: checks
GRAILKO: bets $3
xcgxcg2005: raises $3 to $6
GRAILKO: calls $3
*** TURN *** [7h Ah 2s] [3c]
xcgxcg2005: bets $6
GRAILKO: calls $6
*** RIVER *** [7h Ah 2s 3c] [2d]
xcgxcg2005: checks
GRAILKO: checks
*** SHOW DOWN ***
xcgxcg2005: shows [9s 3d] (two pair, Threes and Deuces)
GRAILKO: mucks hand
xcgxcg2005 collected $35.50 from pot
*** SUMMARY ***
Total pot $36 | Rake $0.50
Board [7h Ah 2s 3c 2d]
Seat 1: GRAILKO (button) (small blind) mucked
Seat 5: xcgxcg2005 (big blind) showed [9s 3d] and won ($35.50) with two pair, Threes and Deuces


PokerStars Hand #160391683569:  Hold'em Limit ($3/$6 USD) - 2016/10/24 17:21:59 ET
Table 'Cantabia II' 10-max Seat #1 is the button
Seat 1: GRAILKO ($44.60 in chips)
Seat 5: xcgxcg2005 ($339.90 in chips)
GRAILKO: posts small blind $1
xcgxcg2005: posts big blind $3
*** HOLE CARDS ***
GRAILKO: raises $3 to $6
xcgxcg2005: raises $3 to $9
GRAILKO: calls $3
*** FLOP *** [6h Js Kd]
xcgxcg2005: bets $3
GRAILKO: calls $3
*** TURN *** [6h Js Kd] [Th]
xcgxcg2005: checks
GRAILKO: checks
*** RIVER *** [6h Js Kd Th] [6s]
xcgxcg2005: checks
GRAILKO: checks
*** SHOW DOWN ***
xcgxcg2005: shows [7c 2c] (a pair of Sixes)
GRAILKO: shows [Qs Ts] (two pair, Tens and Sixes)
GRAILKO collected $23.52 from pot
*** SUMMARY ***
Total pot $24 | Rake $0.48
Board [6h Js Kd Th 6s]
Seat 1: GRAILKO (button) (small blind) showed [Qs Ts] and won ($23.52) with two pair, Tens and Sixes
Seat 5: xcgxcg2005 (big blind) showed [7c 2c] and lost with a pair of Sixes


PokerStars Hand #160391707849:  Hold'em Limit ($3/$6 USD) - 2016/10/24 17:22:22 ET
Table 'Cantabia II' 10-max Seat #1 is the button
Seat 1: GRAILKO ($57.12 in chips)
Seat 5: xcgxcg2005 ($326.90 in chips)
GRAILKO: posts small blind $1
xcgxcg2005: posts big blind $3
*** HOLE CARDS ***
GRAILKO: folds
Uncalled bet ($2) returned to xcgxcg2005
xcgxcg2005 collected $2 from pot
xcgxcg2005: doesn't show hand
*** SUMMARY ***
Total pot $2 | Rake $0
Seat 1: GRAILKO (button) (small blind) folded before Flop
Seat 5: xcgxcg2005 (big blind) collected ($2)


PokerStars Hand #160391702983:  Hold'em Limit ($3/$6 USD) - 2016/10/24 17:22:18 ET
Table 'Cantabia II' 10-max Seat #5 is the button
Seat 1: GRAILKO ($56.12 in chips)
Seat 5: xcgxcg2005 ($327.90 in chips)
xcgxcg2005: posts small blind $1
GRAILKO: posts big blind $3
*** HOLE CARDS ***
xcgxcg2005: folds
Uncalled bet ($2) returned to GRAILKO
GRAILKO collected $2 from pot
GRAILKO: doesn't show hand
*** SUMMARY ***
Total pot $2 | Rake $0
Seat 1: GRAILKO (big blind) collected ($2)
Seat 5: xcgxcg2005 (button) (small blind) folded before Flop


PokerStars Hand #160391717927:  Hold'em Limit ($3/$6 USD) - 2016/10/24 17:22:32 ET
Table 'Cantabia II' 10-max Seat #1 is the button
Seat 1: GRAILKO ($57.12 in chips)
Seat 5: xcgxcg2005 ($326.90 in chips)
GRAILKO: posts small blind $1
xcgxcg2005: posts big blind $3
*** HOLE CARDS ***
GRAILKO: folds
Uncalled bet ($2) returned to xcgxcg2005
xcgxcg2005 collected $2 from pot
xcgxcg2005: doesn't show hand
*** SUMMARY ***
Total pot $2 | Rake $0
Seat 1: GRAILKO (button) (small blind) folded before Flop
Seat 5: xcgxcg2005 (big blind) collected ($2)


PokerStars Hand #160391712740:  Hold'em Limit ($3/$6 USD) - 2016/10/24 17:22:27 ET
Table 'Cantabia II' 10-max Seat #5 is the button
Seat 1: GRAILKO ($56.12 in chips)
Seat 5: xcgxcg2005 ($327.90 in chips)
xcgxcg2005: posts small blind $1
GRAILKO: posts big blind $3
*** HOLE CARDS ***
xcgxcg2005: folds
Uncalled bet ($2) returned to GRAILKO
GRAILKO collected $2 from pot
GRAILKO: doesn't show hand
*** SUMMARY ***
Total pot $2 | Rake $0
Seat 1: GRAILKO (big blind) collected ($2)
Seat 5: xcgxcg2005 (button) (small blind) folded before Flop


PokerStars Hand #160391722513:  Hold'em Limit ($3/$6 USD) - 2016/10/24 17:22:36 ET
Table 'Cantabia II' 10-max Seat #5 is the button
Seat 1: GRAILKO ($56.12 in chips)
Seat 5: xcgxcg2005 ($327.90 in chips)
xcgxcg2005: posts small blind $1
GRAILKO: posts big blind $3
*** HOLE CARDS ***
xcgxcg2005: raises $3 to $6
GRAILKO: calls $3
*** FLOP *** [9s Qh 7d]
GRAILKO: checks
xcgxcg2005: bets $3
GRAILKO: calls $3
*** TURN *** [9s Qh 7d] [2c]
GRAILKO: checks
xcgxcg2005: bets $6
GRAILKO: calls $6
*** RIVER *** [9s Qh 7d 2c] [7c]
GRAILKO: checks
xcgxcg2005: bets $6
GRAILKO: raises $6 to $12
xcgxcg2005: raises $6 to $18
GRAILKO: calls $6
*** SHOW DOWN ***
xcgxcg2005: shows [7s Qs] (a full house, Sevens full of Queens)
GRAILKO: mucks hand
xcgxcg2005 collected $65.50 from pot
*** SUMMARY ***
Total pot $66 | Rake $0.50
Board [9s Qh 7d 2c 7c]
Seat 1: GRAILKO (big blind) mucked
Seat 5: xcgxcg2005 (button) (small blind) showed [7s Qs] and won ($65.50) with a full house, Sevens full of Queens


PokerStars Hand #160391743741:  Hold'em Limit ($3/$6 USD) - 2016/10/24 17:22:57 ET
Table 'Cantabia II' 10-max Seat #1 is the button
Seat 1: GRAILKO ($23.12 in chips)
Seat 5: xcgxcg2005 ($360.40 in chips)
GRAILKO: posts small blind $1
xcgxcg2005: posts big blind $3
*** HOLE CARDS ***
GRAILKO: raises $3 to $6
xcgxcg2005: raises $3 to $9
GRAILKO: calls $3
*** FLOP *** [8d 5s 8s]
xcgxcg2005: bets $3
GRAILKO: calls $3
*** TURN *** [8d 5s 8s] [Kd]
xcgxcg2005: bets $6
GRAILKO: calls $6
*** RIVER *** [8d 5s 8s Kd] [2h]
xcgxcg2005: bets $6
GRAILKO: folds
Uncalled bet ($6) returned to xcgxcg2005
xcgxcg2005 collected $35.50 from pot
xcgxcg2005: doesn't show hand
*** SUMMARY ***
Total pot $36 | Rake $0.50
Board [8d 5s 8s Kd 2h]
Seat 1: GRAILKO (button) (small blind) folded on the River
Seat 5: xcgxcg2005 (big blind) collected ($35.50)


PokerStars Hand #160391759800:  Hold'em Limit ($3/$6 USD) - 2016/10/24 17:23:12 ET
Table 'Cantabia II' 10-max Seat #5 is the button
Seat 1: GRAILKO ($65.12 in chips)
Seat 5: xcgxcg2005 ($377.90 in chips)
xcgxcg2005: posts small blind $1
GRAILKO: posts big blind $3
*** HOLE CARDS ***
xcgxcg2005: folds
Uncalled bet ($2) returned to GRAILKO
GRAILKO collected $2 from pot
GRAILKO: doesn't show hand
*** SUMMARY ***
Total pot $2 | Rake $0
Seat 1: GRAILKO (big blind) collected ($2)
Seat 5: xcgxcg2005 (button) (small blind) folded before Flop


PokerStars Hand #160391829588:  Hold'em Limit ($3/$6 USD) - 2016/10/24 17:24:13 ET
Table 'Cantabia II' 10-max Seat #5 is the button
Seat 1: GRAILKO ($128.62 in chips)
Seat 5: xcgxcg2005 ($373.06 in chips)
xcgxcg2005: posts small blind $1
GRAILKO: posts big blind $3
*** HOLE CARDS ***
xcgxcg2005: raises $3 to $6
GRAILKO: calls $3
*** FLOP *** [4c Jc Kh]
GRAILKO: checks
xcgxcg2005: bets $3
GRAILKO: folds
Uncalled bet ($3) returned to xcgxcg2005
xcgxcg2005 collected $11.76 from pot
xcgxcg2005: doesn't show hand
*** SUMMARY ***
Total pot $12 | Rake $0.24
Board [4c Jc Kh]
Seat 1: GRAILKO (big blind) folded on the Flop
Seat 5: xcgxcg2005 (button) (small blind) collected ($11.76)


PokerStars Hand #160391781090:  Hold'em Limit ($3/$6 USD) - 2016/10/24 17:23:33 ET
Table 'Cantabia II' 10-max Seat #5 is the button
Seat 1: GRAILKO ($54.12 in chips)
Seat 5: xcgxcg2005 ($388.42 in chips)
xcgxcg2005: posts small blind $1
GRAILKO: posts big blind $3
*** HOLE CARDS ***
xcgxcg2005: raises $3 to $6
GRAILKO: folds
Uncalled bet ($3) returned to xcgxcg2005
xcgxcg2005 collected $6 from pot
xcgxcg2005: doesn't show hand
*** SUMMARY ***
Total pot $6 | Rake $0
Seat 1: GRAILKO (big blind) folded before Flop
Seat 5: xcgxcg2005 (button) (small blind) collected ($6)


PokerStars Hand #160391768951:  Hold'em Limit ($3/$6 USD) - 2016/10/24 17:23:21 ET
Table 'Cantabia II' 10-max Seat #1 is the button
Seat 1: GRAILKO ($66.12 in chips)
Seat 5: xcgxcg2005 ($376.90 in chips)
GRAILKO: posts small blind $1
xcgxcg2005: posts big blind $3
*** HOLE CARDS ***
GRAILKO: raises $3 to $6
xcgxcg2005: raises $3 to $9
GRAILKO: calls $3
*** FLOP *** [4d Qc 6h]
xcgxcg2005: bets $3
GRAILKO: calls $3
*** TURN *** [4d Qc 6h] [Kh]
xcgxcg2005: bets $6
GRAILKO: folds
Uncalled bet ($6) returned to xcgxcg2005
xcgxcg2005 collected $23.52 from pot
xcgxcg2005: doesn't show hand
*** SUMMARY ***
Total pot $24 | Rake $0.48
Board [4d Qc 6h Kh]
Seat 1: GRAILKO (button) (small blind) folded on the Turn
Seat 5: xcgxcg2005 (big blind) collected ($23.52)


PokerStars Hand #160391795220:  Hold'em Limit ($3/$6 USD) - 2016/10/24 17:23:39 ET
Table 'Cantabia II' 10-max Seat #1 is the button
Seat 1: GRAILKO ($51.12 in chips)
Seat 5: xcgxcg2005 ($391.42 in chips)
GRAILKO: posts small blind $1
xcgxcg2005: posts big blind $3
*** HOLE CARDS ***
GRAILKO: raises $3 to $6
xcgxcg2005: calls $3
*** FLOP *** [Ks Qc 7s]
xcgxcg2005: checks
GRAILKO: bets $3
xcgxcg2005: raises $3 to $6
GRAILKO: folds
Uncalled bet ($3) returned to xcgxcg2005
xcgxcg2005 collected $17.64 from pot
xcgxcg2005: doesn't show hand
*** SUMMARY ***
Total pot $18 | Rake $0.36
Board [Ks Qc 7s]
Seat 1: GRAILKO (button) (small blind) folded on the Flop
Seat 5: xcgxcg2005 (big blind) collected ($17.64)


PokerStars Hand #160391808367:  Hold'em Limit ($3/$6 USD) - 2016/10/24 17:23:51 ET
Table 'Cantabia II' 10-max Seat #5 is the button
Seat 1: GRAILKO ($102.12 in chips)
Seat 5: xcgxcg2005 ($400.06 in chips)
xcgxcg2005: posts small blind $1
GRAILKO: posts big blind $3
*** HOLE CARDS ***
xcgxcg2005: raises $3 to $6
GRAILKO: calls $3
*** FLOP *** [Qs Kc 8s]
GRAILKO: checks
xcgxcg2005: bets $3
GRAILKO: raises $3 to $6
xcgxcg2005: calls $3
*** TURN *** [Qs Kc 8s] [Qh]
GRAILKO: bets $6
xcgxcg2005: calls $6
*** RIVER *** [Qs Kc 8s Qh] [4d]
GRAILKO: bets $6
xcgxcg2005: calls $6
*** SHOW DOWN ***
GRAILKO: shows [5d Kh] (two pair, Kings and Queens)
xcgxcg2005: mucks hand
GRAILKO collected $47.50 from pot
*** SUMMARY ***
Total pot $48 | Rake $0.50
Board [Qs Kc 8s Qh 4d]
Seat 1: GRAILKO (big blind) showed [5d Kh] and won ($47.50) with two pair, Kings and Queens
Seat 5: xcgxcg2005 (button) (small blind) mucked


PokerStars Hand #160391824723:  Hold'em Limit ($3/$6 USD) - 2016/10/24 17:24:08 ET
Table 'Cantabia II' 10-max Seat #1 is the button
Seat 1: GRAILKO ($125.62 in chips)
Seat 5: xcgxcg2005 ($376.06 in chips)
GRAILKO: posts small blind $1
xcgxcg2005: posts big blind $3
*** HOLE CARDS ***
GRAILKO: raises $3 to $6
xcgxcg2005: folds
Uncalled bet ($3) returned to GRAILKO
GRAILKO collected $6 from pot
GRAILKO: doesn't show hand
*** SUMMARY ***
Total pot $6 | Rake $0
Seat 1: GRAILKO (button) (small blind) collected ($6)
Seat 5: xcgxcg2005 (big blind) folded before Flop


PokerStars Hand #160391839735:  Hold'em Limit ($3/$6 USD) - 2016/10/24 17:24:23 ET
Table 'Cantabia II' 10-max Seat #1 is the button
Seat 1: GRAILKO ($122.62 in chips)
Seat 5: xcgxcg2005 ($378.82 in chips)
GRAILKO: posts small blind $1
xcgxcg2005: posts big blind $3
*** HOLE CARDS ***
GRAILKO: raises $3 to $6
xcgxcg2005: calls $3
*** FLOP *** [7s 6s Qh]
xcgxcg2005: checks
GRAILKO: bets $3
xcgxcg2005: calls $3
*** TURN *** [7s 6s Qh] [9d]
xcgxcg2005: checks
GRAILKO: checks
*** RIVER *** [7s 6s Qh 9d] [Th]
xcgxcg2005: checks
GRAILKO: checks
*** SHOW DOWN ***
xcgxcg2005: shows [4s 4h] (a pair of Fours)
GRAILKO: shows [Kc 7d] (a pair of Sevens)
GRAILKO collected $17.64 from pot
*** SUMMARY ***
Total pot $18 | Rake $0.36
Board [7s 6s Qh 9d Th]
Seat 1: GRAILKO (button) (small blind) showed [Kc 7d] and won ($17.64) with a pair of Sevens
Seat 5: xcgxcg2005 (big blind) showed [4s 4h] and lost with a pair of Fours


PokerStars Hand #160391879965:  Hold'em Limit ($3/$6 USD) - 2016/10/24 17:25:02 ET
Table 'Cantabia II' 10-max Seat #1 is the button
Seat 1: GRAILKO ($113.26 in chips)
Seat 5: xcgxcg2005 ($387.32 in chips)
GRAILKO: posts small blind $1
xcgxcg2005: posts big blind $3
*** HOLE CARDS ***
GRAILKO: raises $3 to $6
xcgxcg2005: folds
Uncalled bet ($3) returned to GRAILKO
GRAILKO collected $6 from pot
GRAILKO: doesn't show hand
*** SUMMARY ***
Total pot $6 | Rake $0
Seat 1: GRAILKO (button) (small blind) collected ($6)
Seat 5: xcgxcg2005 (big blind) folded before Flop


PokerStars Hand #160391860907:  Hold'em Limit ($3/$6 USD) - 2016/10/24 17:24:44 ET
Table 'Cantabia II' 10-max Seat #5 is the button
Seat 1: GRAILKO ($131.26 in chips)
Seat 5: xcgxcg2005 ($369.82 in chips)
xcgxcg2005: posts small blind $1
GRAILKO: posts big blind $3
*** HOLE CARDS ***
xcgxcg2005: raises $3 to $6
GRAILKO: calls $3
*** FLOP *** [Tc 7c 6h]
GRAILKO: checks
xcgxcg2005: checks
*** TURN *** [Tc 7c 6h] [9d]
GRAILKO: bets $6
xcgxcg2005: calls $6
*** RIVER *** [Tc 7c 6h 9d] [8h]
GRAILKO: checks
xcgxcg2005: bets $6
GRAILKO: calls $6
*** SHOW DOWN ***
xcgxcg2005: shows [Jd Qh] (a straight, Eight to Queen)
GRAILKO: mucks hand
xcgxcg2005 collected $35.50 from pot
*** SUMMARY ***
Total pot $36 | Rake $0.50
Board [Tc 7c 6h 9d 8h]
Seat 1: GRAILKO (big blind) mucked
Seat 5: xcgxcg2005 (button) (small blind) showed [Jd Qh] and won ($35.50) with a straight, Eight to Queen


PokerStars Hand #160391885468:  Hold'em Limit ($3/$6 USD) - 2016/10/24 17:25:08 ET
Table 'Cantabia II' 10-max Seat #5 is the button
Seat 1: GRAILKO ($116.26 in chips)
Seat 5: xcgxcg2005 ($384.32 in chips)
xcgxcg2005: posts small blind $1
GRAILKO: posts big blind $3
*** HOLE CARDS ***
xcgxcg2005: raises $3 to $6
GRAILKO: folds
Uncalled bet ($3) returned to xcgxcg2005
xcgxcg2005 collected $6 from pot
xcgxcg2005: doesn't show hand
*** SUMMARY ***
Total pot $6 | Rake $0
Seat 1: GRAILKO (big blind) folded before Flop
Seat 5: xcgxcg2005 (button) (small blind) collected ($6)


PokerStars Hand #160391892035:  Hold'em Limit ($3/$6 USD) - 2016/10/24 17:25:14 ET
Table 'Cantabia II' 10-max Seat #1 is the button
Seat 1: GRAILKO ($113.26 in chips)
Seat 5: xcgxcg2005 ($387.32 in chips)
GRAILKO: posts small blind $1
xcgxcg2005: posts big blind $3
*** HOLE CARDS ***
GRAILKO: raises $3 to $6
xcgxcg2005: raises $3 to $9
GRAILKO: calls $3
*** FLOP *** [7d Kc Qd]
xcgxcg2005: bets $3
GRAILKO: calls $3
*** TURN *** [7d Kc Qd] [7s]
xcgxcg2005: bets $6
GRAILKO: calls $6
*** RIVER *** [7d Kc Qd 7s] [Qc]
xcgxcg2005: checks
GRAILKO: checks
*** SHOW DOWN ***
xcgxcg2005: shows [4d Td] (two pair, Queens and Sevens)
GRAILKO: shows [Ts Th] (two pair, Queens and Tens)
GRAILKO collected $35.50 from pot
*** SUMMARY ***
Total pot $36 | Rake $0.50
Board [7d Kc Qd 7s Qc]
Seat 1: GRAILKO (button) (small blind) showed [Ts Th] and won ($35.50) with two pair, Queens and Tens
Seat 5: xcgxcg2005 (big blind) showed [4d Td] and lost with two pair, Queens and Sevens


PokerStars Hand #160391912432:  Hold'em Limit ($3/$6 USD) - 2016/10/24 17:25:35 ET
Table 'Cantabia II' 10-max Seat #5 is the button
Seat 1: GRAILKO ($130.76 in chips)
Seat 5: xcgxcg2005 ($369.32 in chips)
xcgxcg2005: posts small blind $1
GRAILKO: posts big blind $3
*** HOLE CARDS ***
xcgxcg2005: raises $3 to $6
GRAILKO: calls $3
*** FLOP *** [5h Jd Kc]
GRAILKO: checks
xcgxcg2005: bets $3
GRAILKO: folds
Uncalled bet ($3) returned to xcgxcg2005
xcgxcg2005 collected $11.76 from pot
xcgxcg2005: doesn't show hand
*** SUMMARY ***
Total pot $12 | Rake $0.24
Board [5h Jd Kc]
Seat 1: GRAILKO (big blind) folded on the Flop
Seat 5: xcgxcg2005 (button) (small blind) collected ($11.76)


PokerStars Hand #160391923475:  Hold'em Limit ($3/$6 USD) - 2016/10/24 17:25:46 ET
Table 'Cantabia II' 10-max Seat #1 is the button
Seat 1: GRAILKO ($124.76 in chips)
Seat 5: xcgxcg2005 ($375.08 in chips)
GRAILKO: posts small blind $1
xcgxcg2005: posts big blind $3
*** HOLE CARDS ***
GRAILKO: raises $3 to $6
xcgxcg2005: folds
Uncalled bet ($3) returned to GRAILKO
GRAILKO collected $6 from pot
GRAILKO: doesn't show hand
*** SUMMARY ***
Total pot $6 | Rake $0
Seat 1: GRAILKO (button) (small blind) collected ($6)
Seat 5: xcgxcg2005 (big blind) folded before Flop


PokerStars Hand #160391929618:  Hold'em Limit ($3/$6 USD) - 2016/10/24 17:25:52 ET
Table 'Cantabia II' 10-max Seat #5 is the button
Seat 1: GRAILKO ($127.76 in chips)
Seat 5: xcgxcg2005 ($372.08 in chips)
xcgxcg2005: posts small blind $1
GRAILKO: posts big blind $3
*** HOLE CARDS ***
xcgxcg2005: raises $3 to $6
GRAILKO: calls $3
*** FLOP *** [3c Ts 9c]
GRAILKO: checks
xcgxcg2005: bets $3
GRAILKO: raises $3 to $6
xcgxcg2005: calls $3
*** TURN *** [3c Ts 9c] [Js]
GRAILKO: bets $6
xcgxcg2005: calls $6
*** RIVER *** [3c Ts 9c Js] [2c]
GRAILKO: bets $6
xcgxcg2005: calls $6
*** SHOW DOWN ***
GRAILKO: shows [Kd Th] (a pair of Tens)
xcgxcg2005: mucks hand
GRAILKO collected $47.50 from pot
*** SUMMARY ***
Total pot $48 | Rake $0.50
Board [3c Ts 9c Js 2c]
Seat 1: GRAILKO (big blind) showed [Kd Th] and won ($47.50) with a pair of Tens
Seat 5: xcgxcg2005 (button) (small blind) mucked


