PokerStars Hand #166507220109:  Hold'em Limit ($3/$6 USD) - 2017/02/20 12:17:49 ET
Table 'Cantabia' 10-max Seat #10 is the button
Seat 1: ABATAPP ($99 in chips)
Seat 10: JarlG ($151.46 in chips)
JarlG: posts small blind $1
ABATAPP: posts big blind $3
*** HOLE CARDS ***
JarlG: calls $2
ABATAPP: checks
*** FLOP *** [8d 2h Ks]
ABATAPP: bets $3
Larooo leaves the table
JarlG: folds
Uncalled bet ($3) returned to ABATAPP
ABATAPP collected $5.88 from pot
ABATAPP: doesn't show hand
*** SUMMARY ***
Total pot $6 | Rake $0.12
Board [8d 2h Ks]
Seat 1: ABATAPP (big blind) collected ($5.88)
Seat 10: JarlG (button) (small blind) folded on the Flop


PokerStars Hand #166507204449:  Hold'em Limit ($3/$6 USD) - 2017/02/20 12:17:30 ET
Table 'Cantabia' 10-max Seat #1 is the button
Seat 1: ABATAPP ($114 in chips)
Seat 10: JarlG ($136.96 in chips)
ABATAPP: posts small blind $1
vestimokrec: is sitting out
JarlG: posts big blind $3
*** HOLE CARDS ***
vestimokrec leaves the table
ABATAPP: raises $3 to $6
JarlG: calls $3
*** FLOP *** [7s Jc 9d]
JarlG: checks
ABATAPP: bets $3
JarlG: calls $3
*** TURN *** [7s Jc 9d] [2c]
JarlG: checks
ABATAPP: bets $6
JarlG: raises $6 to $12
ABATAPP: folds
Uncalled bet ($6) returned to JarlG
JarlG collected $29.50 from pot
JarlG: doesn't show hand
*** SUMMARY ***
Total pot $30 | Rake $0.50
Board [7s Jc 9d 2c]
Seat 1: ABATAPP (button) (small blind) folded on the Turn
Seat 10: JarlG (big blind) collected ($29.50)


PokerStars Hand #166507262814:  Hold'em Limit ($3/$6 USD) - 2017/02/20 12:18:41 ET
Table 'Cantabia' 10-max Seat #10 is the button
Seat 1: ABATAPP ($91.88 in chips)
Seat 10: JarlG ($158.22 in chips)
JarlG: posts small blind $1
ABATAPP: posts big blind $3
*** HOLE CARDS ***
JarlG: calls $2
ABATAPP: checks
*** FLOP *** [Jd Ah 6s]
ABATAPP: bets $3
JarlG: folds
Uncalled bet ($3) returned to ABATAPP
ABATAPP collected $5.88 from pot
ABATAPP: doesn't show hand
*** SUMMARY ***
Total pot $6 | Rake $0.12
Board [Jd Ah 6s]
Seat 1: ABATAPP (big blind) collected ($5.88)
Seat 10: JarlG (button) (small blind) folded on the Flop


PokerStars Hand #166507257766:  Hold'em Limit ($3/$6 USD) - 2017/02/20 12:18:34 ET
Table 'Cantabia' 10-max Seat #1 is the button
Seat 1: ABATAPP ($92.88 in chips)
Seat 10: JarlG ($157.22 in chips)
ABATAPP: posts small blind $1
JarlG: posts big blind $3
*** HOLE CARDS ***
ABATAPP: folds
Uncalled bet ($2) returned to JarlG
JarlG collected $2 from pot
JarlG: doesn't show hand
*** SUMMARY ***
Total pot $2 | Rake $0
Seat 1: ABATAPP (button) (small blind) folded before Flop
Seat 10: JarlG (big blind) collected ($2)


PokerStars Hand #166507251209:  Hold'em Limit ($3/$6 USD) - 2017/02/20 12:18:26 ET
Table 'Cantabia' 10-max Seat #10 is the button
Seat 1: ABATAPP ($95.88 in chips)
Seat 10: JarlG ($154.22 in chips)
JarlG: posts small blind $1
ABATAPP: posts big blind $3
*** HOLE CARDS ***
JarlG: raises $3 to $6
ABATAPP: folds
Uncalled bet ($3) returned to JarlG
JarlG collected $6 from pot
JarlG: doesn't show hand
*** SUMMARY ***
Total pot $6 | Rake $0
Seat 1: ABATAPP (big blind) folded before Flop
Seat 10: JarlG (button) (small blind) collected ($6)


PokerStars Hand #166507233239:  Hold'em Limit ($3/$6 USD) - 2017/02/20 12:18:05 ET
Table 'Cantabia' 10-max Seat #1 is the button
Seat 1: ABATAPP ($101.88 in chips)
Seat 10: JarlG ($148.46 in chips)
ABATAPP: posts small blind $1
JarlG: posts big blind $3
*** HOLE CARDS ***
ABATAPP: raises $3 to $6
JarlG: calls $3
*** FLOP *** [5h 6s 2s]
JarlG: checks
ABATAPP: checks
*** TURN *** [5h 6s 2s] [Tc]
JarlG: bets $6
ABATAPP: folds
Uncalled bet ($6) returned to JarlG
JarlG collected $11.76 from pot
JarlG: doesn't show hand
*** SUMMARY ***
Total pot $12 | Rake $0.24
Board [5h 6s 2s Tc]
Seat 1: ABATAPP (button) (small blind) folded on the Turn
Seat 10: JarlG (big blind) collected ($11.76)


PokerStars Hand #166507314231:  Hold'em Limit ($3/$6 USD) - 2017/02/20 12:19:43 ET
Table 'Cantabia' 10-max Seat #1 is the button
Seat 1: ABATAPP ($117.90 in chips)
Seat 10: JarlG ($131.22 in chips)
ABATAPP: posts small blind $1
JarlG: posts big blind $3
*** HOLE CARDS ***
ABATAPP: raises $3 to $6
JarlG: calls $3
*** FLOP *** [6c 7d 7c]
JarlG: checks
ABATAPP: bets $3
JarlG: raises $3 to $6
ABATAPP: calls $3
*** TURN *** [6c 7d 7c] [2h]
JarlG: bets $6
ABATAPP: raises $6 to $12
JarlG: calls $6
*** RIVER *** [6c 7d 7c 2h] [Ts]
JarlG: checks
ABATAPP: bets $6
JarlG: calls $6
*** SHOW DOWN ***
ABATAPP: shows [9h 9d] (two pair, Nines and Sevens)
JarlG: mucks hand
ABATAPP collected $59.50 from pot
*** SUMMARY ***
Total pot $60 | Rake $0.50
Board [6c 7d 7c 2h Ts]
Seat 1: ABATAPP (button) (small blind) showed [9h 9d] and won ($59.50) with two pair, Nines and Sevens
Seat 10: JarlG (big blind) mucked


PokerStars Hand #166507297366:  Hold'em Limit ($3/$6 USD) - 2017/02/20 12:19:23 ET
Table 'Cantabia' 10-max Seat #10 is the button
Seat 1: ABATAPP ($109.26 in chips)
Seat 10: JarlG ($140.22 in chips)
JarlG: posts small blind $1
ABATAPP: posts big blind $3
*** HOLE CARDS ***
JarlG: calls $2
ABATAPP: raises $3 to $6
JarlG: raises $3 to $9
ABATAPP: calls $3
*** FLOP *** [8c 7h Js]
ABATAPP: checks
JarlG: checks
*** TURN *** [8c 7h Js] [2c]
ABATAPP: bets $6
JarlG: folds
Uncalled bet ($6) returned to ABATAPP
ABATAPP collected $17.64 from pot
ABATAPP: doesn't show hand
*** SUMMARY ***
Total pot $18 | Rake $0.36
Board [8c 7h Js 2c]
Seat 1: ABATAPP (big blind) collected ($17.64)
Seat 10: JarlG (button) (small blind) folded on the Turn


PokerStars Hand #166507273923:  Hold'em Limit ($3/$6 USD) - 2017/02/20 12:18:54 ET
Table 'Cantabia' 10-max Seat #1 is the button
Seat 1: ABATAPP ($94.76 in chips)
Seat 10: JarlG ($155.22 in chips)
ABATAPP: posts small blind $1
JarlG: posts big blind $3
*** HOLE CARDS ***
ABATAPP: raises $3 to $6
JarlG: calls $3
*** FLOP *** [3s Kc 5d]
JarlG: checks
ABATAPP: bets $3
JarlG: calls $3
*** TURN *** [3s Kc 5d] [8s]
JarlG: checks
ABATAPP: bets $6
JarlG: calls $6
*** RIVER *** [3s Kc 5d 8s] [4h]
JarlG: checks
ABATAPP: bets $6
JarlG: folds
Uncalled bet ($6) returned to ABATAPP
ABATAPP collected $29.50 from pot
ABATAPP: doesn't show hand
*** SUMMARY ***
Total pot $30 | Rake $0.50
Board [3s Kc 5d 8s 4h]
Seat 1: ABATAPP (button) (small blind) collected ($29.50)
Seat 10: JarlG (big blind) folded on the River


PokerStars Hand #166507352825:  Hold'em Limit ($3/$6 USD) - 2017/02/20 12:20:30 ET
Table 'Cantabia' 10-max Seat #10 is the button
Seat 1: ABATAPP ($145.40 in chips)
Seat 10: JarlG ($103.22 in chips)
JarlG: posts small blind $1
ABATAPP: posts big blind $3
*** HOLE CARDS ***
JarlG: calls $2
ABATAPP: checks
*** FLOP *** [3h 7c 2c]
ABATAPP: bets $3
JarlG: folds
Uncalled bet ($3) returned to ABATAPP
ABATAPP collected $5.88 from pot
ABATAPP: doesn't show hand
*** SUMMARY ***
Total pot $6 | Rake $0.12
Board [3h 7c 2c]
Seat 1: ABATAPP (big blind) collected ($5.88)
Seat 10: JarlG (button) (small blind) folded on the Flop


PokerStars Hand #166507345236:  Hold'em Limit ($3/$6 USD) - 2017/02/20 12:20:21 ET
Table 'Cantabia' 10-max Seat #1 is the button
Seat 1: ABATAPP ($148.40 in chips)
Seat 10: JarlG ($100.22 in chips)
ABATAPP: posts small blind $1
JarlG: posts big blind $3
*** HOLE CARDS ***
ABATAPP: calls $2
JarlG: raises $3 to $6
ABATAPP: folds
Uncalled bet ($3) returned to JarlG
vestimokrec joins the table at seat #2
JarlG collected $6 from pot
*** SUMMARY ***
Total pot $6 | Rake $0
Seat 1: ABATAPP (button) (small blind) folded before Flop
Seat 10: JarlG (big blind) collected ($6)


PokerStars Hand #166507341284:  Hold'em Limit ($3/$6 USD) - 2017/02/20 12:20:16 ET
Table 'Cantabia' 10-max Seat #10 is the button
Seat 1: ABATAPP ($147.40 in chips)
Seat 10: JarlG ($101.22 in chips)
JarlG: posts small blind $1
ABATAPP: posts big blind $3
*** HOLE CARDS ***
JarlG: folds
Uncalled bet ($2) returned to ABATAPP
ABATAPP collected $2 from pot
ABATAPP: doesn't show hand
*** SUMMARY ***
Total pot $2 | Rake $0
Seat 1: ABATAPP (big blind) collected ($2)
Seat 10: JarlG (button) (small blind) folded before Flop


PokerStars Hand #166507335569:  Hold'em Limit ($3/$6 USD) - 2017/02/20 12:20:09 ET
Table 'Cantabia' 10-max Seat #1 is the button
Seat 1: ABATAPP ($148.40 in chips)
Seat 10: JarlG ($100.22 in chips)
ABATAPP: posts small blind $1
JarlG: posts big blind $3
*** HOLE CARDS ***
ABATAPP: folds
Uncalled bet ($2) returned to JarlG
JarlG collected $2 from pot
*** SUMMARY ***
Total pot $2 | Rake $0
Seat 1: ABATAPP (button) (small blind) folded before Flop
Seat 10: JarlG (big blind) collected ($2)


PokerStars Hand #166507331780:  Hold'em Limit ($3/$6 USD) - 2017/02/20 12:20:04 ET
Table 'Cantabia' 10-max Seat #10 is the button
Seat 1: ABATAPP ($147.40 in chips)
Seat 10: JarlG ($101.22 in chips)
JarlG: posts small blind $1
ABATAPP: posts big blind $3
*** HOLE CARDS ***
JarlG: folds
Uncalled bet ($2) returned to ABATAPP
ABATAPP collected $2 from pot
ABATAPP: doesn't show hand
*** SUMMARY ***
Total pot $2 | Rake $0
Seat 1: ABATAPP (big blind) collected ($2)
Seat 10: JarlG (button) (small blind) folded before Flop


PokerStars Hand #166509297711:  Hold'em Limit ($3/$6 USD) - 2017/02/20 12:58:58 ET
Table 'Cantabia' 10-max Seat #7 is the button
Seat 5: __P0o_P0o__ ($152.60 in chips)
Seat 7: stronghawk ($59.15 in chips)
stronghawk: posts small blind $1
Larooo: is sitting out
__P0o_P0o__: posts big blind $3
*** HOLE CARDS ***
Larooo said, "kkk"
stronghawk: raises $3 to $6
__P0o_P0o__: calls $3
*** FLOP *** [Kh 4s 3s]
Larooo said, "lol"
__P0o_P0o__: checks
stronghawk: checks
*** TURN *** [Kh 4s 3s] [Js]
__P0o_P0o__: checks
stronghawk: bets $6
__P0o_P0o__: folds
Uncalled bet ($6) returned to stronghawk
stronghawk collected $11.76 from pot
stronghawk: doesn't show hand
*** SUMMARY ***
Total pot $12 | Rake $0.24
Board [Kh 4s 3s Js]
Seat 5: __P0o_P0o__ (big blind) folded on the Turn
Seat 7: stronghawk (button) (small blind) collected ($11.76)


PokerStars Hand #166509312093:  Hold'em Limit ($3/$6 USD) - 2017/02/20 12:59:17 ET
Table 'Cantabia' 10-max Seat #5 is the button
Seat 5: __P0o_P0o__ ($146.60 in chips)
Seat 7: stronghawk ($64.91 in chips)
__P0o_P0o__: posts small blind $1
stronghawk: posts big blind $3
*** HOLE CARDS ***
__P0o_P0o__: raises $3 to $6
stronghawk: calls $3
*** FLOP *** [Jh Th Ac]
stronghawk: checks
__P0o_P0o__: bets $3
stronghawk: calls $3
*** TURN *** [Jh Th Ac] [Qc]
stronghawk: checks
__P0o_P0o__: bets $6
stronghawk: calls $6
*** RIVER *** [Jh Th Ac Qc] [8d]
stronghawk: checks
__P0o_P0o__: bets $6
stronghawk: folds
Uncalled bet ($6) returned to __P0o_P0o__
__P0o_P0o__ collected $29.50 from pot
*** SUMMARY ***
Total pot $30 | Rake $0.50
Board [Jh Th Ac Qc 8d]
Seat 5: __P0o_P0o__ (button) (small blind) collected ($29.50)
Seat 7: stronghawk (big blind) folded on the River


PokerStars Hand #166509333545:  Hold'em Limit ($3/$6 USD) - 2017/02/20 12:59:46 ET
Table 'Cantabia' 10-max Seat #7 is the button
Seat 5: __P0o_P0o__ ($161.10 in chips)
Seat 7: stronghawk ($49.91 in chips)
stronghawk: posts small blind $1
__P0o_P0o__: posts big blind $3
*** HOLE CARDS ***
stronghawk: raises $3 to $6
__P0o_P0o__: calls $3
*** FLOP *** [Tc 8h 9c]
__P0o_P0o__: checks
stronghawk: checks
*** TURN *** [Tc 8h 9c] [4h]
__P0o_P0o__: bets $6
stronghawk: calls $6
*** RIVER *** [Tc 8h 9c 4h] [Js]
__P0o_P0o__: bets $6
stronghawk: folds
Uncalled bet ($6) returned to __P0o_P0o__
__P0o_P0o__ collected $23.52 from pot
*** SUMMARY ***
Total pot $24 | Rake $0.48
Board [Tc 8h 9c 4h Js]
Seat 5: __P0o_P0o__ (big blind) collected ($23.52)
Seat 7: stronghawk (button) (small blind) folded on the River


PokerStars Hand #166509367533:  Hold'em Limit ($3/$6 USD) - 2017/02/20 13:00:31 ET
Table 'Cantabia' 10-max Seat #5 is the button
Seat 5: __P0o_P0o__ ($172.62 in chips)
Seat 7: stronghawk ($37.91 in chips)
__P0o_P0o__: posts small blind $1
stronghawk: posts big blind $3
*** HOLE CARDS ***
__P0o_P0o__: folds
Uncalled bet ($2) returned to stronghawk
stronghawk collected $2 from pot
stronghawk: doesn't show hand
*** SUMMARY ***
Total pot $2 | Rake $0
Seat 5: __P0o_P0o__ (button) (small blind) folded before Flop
Seat 7: stronghawk (big blind) collected ($2)


PokerStars Hand #166509375381:  Hold'em Limit ($3/$6 USD) - 2017/02/20 13:00:41 ET
Table 'Cantabia' 10-max Seat #7 is the button
Seat 5: __P0o_P0o__ ($171.62 in chips)
Seat 7: stronghawk ($38.91 in chips)
stronghawk: posts small blind $1
__P0o_P0o__: posts big blind $3
*** HOLE CARDS ***
stronghawk: raises $3 to $6
__P0o_P0o__: folds
Uncalled bet ($3) returned to stronghawk
stronghawk collected $6 from pot
stronghawk: doesn't show hand
*** SUMMARY ***
Total pot $6 | Rake $0
Seat 5: __P0o_P0o__ (big blind) folded before Flop
Seat 7: stronghawk (button) (small blind) collected ($6)


PokerStars Hand #166509381236:  Hold'em Limit ($3/$6 USD) - 2017/02/20 13:00:49 ET
Table 'Cantabia' 10-max Seat #5 is the button
Seat 5: __P0o_P0o__ ($168.62 in chips)
Seat 7: stronghawk ($41.91 in chips)
__P0o_P0o__: posts small blind $1
stronghawk: posts big blind $3
*** HOLE CARDS ***
__P0o_P0o__: folds
Uncalled bet ($2) returned to stronghawk
stronghawk collected $2 from pot
stronghawk: doesn't show hand
*** SUMMARY ***
Total pot $2 | Rake $0
Seat 5: __P0o_P0o__ (button) (small blind) folded before Flop
Seat 7: stronghawk (big blind) collected ($2)


PokerStars Hand #166509385091:  Hold'em Limit ($3/$6 USD) - 2017/02/20 13:00:54 ET
Table 'Cantabia' 10-max Seat #7 is the button
Seat 5: __P0o_P0o__ ($167.62 in chips)
Seat 7: stronghawk ($42.91 in chips)
stronghawk: posts small blind $1
__P0o_P0o__: posts big blind $3
*** HOLE CARDS ***
stronghawk: raises $3 to $6
__P0o_P0o__: calls $3
*** FLOP *** [4c Ah 4s]
__P0o_P0o__: checks
stronghawk: checks
*** TURN *** [4c Ah 4s] [Ac]
__P0o_P0o__: checks
stronghawk: bets $6
__P0o_P0o__: folds
Uncalled bet ($6) returned to stronghawk
stronghawk collected $11.76 from pot
stronghawk: doesn't show hand
*** SUMMARY ***
Total pot $12 | Rake $0.24
Board [4c Ah 4s Ac]
Seat 5: __P0o_P0o__ (big blind) folded on the Turn
Seat 7: stronghawk (button) (small blind) collected ($11.76)


PokerStars Hand #166509403252:  Hold'em Limit ($3/$6 USD) - 2017/02/20 13:01:16 ET
Table 'Cantabia' 10-max Seat #5 is the button
Seat 5: __P0o_P0o__ ($161.62 in chips)
Seat 7: stronghawk ($48.67 in chips)
__P0o_P0o__: posts small blind $1
stronghawk: posts big blind $3
*** HOLE CARDS ***
__P0o_P0o__: raises $3 to $6
stronghawk: calls $3
*** FLOP *** [Ah Ac Qh]
stronghawk: checks
__P0o_P0o__: bets $3
stronghawk: folds
Uncalled bet ($3) returned to __P0o_P0o__
__P0o_P0o__ collected $11.76 from pot
*** SUMMARY ***
Total pot $12 | Rake $0.24
Board [Ah Ac Qh]
Seat 5: __P0o_P0o__ (button) (small blind) collected ($11.76)
Seat 7: stronghawk (big blind) folded on the Flop


PokerStars Hand #166509412615:  Hold'em Limit ($3/$6 USD) - 2017/02/20 13:01:27 ET
Table 'Cantabia' 10-max Seat #7 is the button
Seat 5: __P0o_P0o__ ($167.38 in chips)
Seat 7: stronghawk ($42.67 in chips)
stronghawk: posts small blind $1
__P0o_P0o__: posts big blind $3
*** HOLE CARDS ***
ABATAPP leaves the table
stronghawk: raises $3 to $6
__P0o_P0o__: calls $3
*** FLOP *** [7h 8h Kc]
__P0o_P0o__: checks
stronghawk: checks
*** TURN *** [7h 8h Kc] [9c]
__P0o_P0o__: bets $6
stronghawk: folds
Uncalled bet ($6) returned to __P0o_P0o__
__P0o_P0o__ collected $11.76 from pot
*** SUMMARY ***
Total pot $12 | Rake $0.24
Board [7h 8h Kc 9c]
Seat 5: __P0o_P0o__ (big blind) collected ($11.76)
Seat 7: stronghawk (button) (small blind) folded on the Turn


PokerStars Hand #166509428060:  Hold'em Limit ($3/$6 USD) - 2017/02/20 13:01:46 ET
Table 'Cantabia' 10-max Seat #5 is the button
Seat 5: __P0o_P0o__ ($173.14 in chips)
Seat 7: stronghawk ($36.67 in chips)
__P0o_P0o__: posts small blind $1
stronghawk: posts big blind $3
*** HOLE CARDS ***
__P0o_P0o__: raises $3 to $6
stronghawk: calls $3
*** FLOP *** [Qh Kc 4h]
stronghawk: checks
__P0o_P0o__: bets $3
stronghawk: folds
Uncalled bet ($3) returned to __P0o_P0o__
__P0o_P0o__ collected $11.76 from pot
*** SUMMARY ***
Total pot $12 | Rake $0.24
Board [Qh Kc 4h]
Seat 5: __P0o_P0o__ (button) (small blind) collected ($11.76)
Seat 7: stronghawk (big blind) folded on the Flop


PokerStars Hand #166509435886:  Hold'em Limit ($3/$6 USD) - 2017/02/20 13:01:55 ET
Table 'Cantabia' 10-max Seat #7 is the button
Seat 5: __P0o_P0o__ ($178.90 in chips)
Seat 7: stronghawk ($30.67 in chips)
stronghawk: posts small blind $1
__P0o_P0o__: posts big blind $3
*** HOLE CARDS ***
stronghawk: raises $3 to $6
__P0o_P0o__: raises $3 to $9
stronghawk: calls $3
*** FLOP *** [Kd 5d Th]
__P0o_P0o__: bets $3
stronghawk: calls $3
*** TURN *** [Kd 5d Th] [3s]
__P0o_P0o__: bets $6
stronghawk: calls $6
*** RIVER *** [Kd 5d Th 3s] [2h]
__P0o_P0o__: checks
stronghawk: checks
*** SHOW DOWN ***
__P0o_P0o__: shows [7s 6s] (high card King)
stronghawk: shows [Qd Ac] (high card Ace)
stronghawk collected $35.50 from pot
*** SUMMARY ***
Total pot $36 | Rake $0.50
Board [Kd 5d Th 3s 2h]
Seat 5: __P0o_P0o__ (big blind) showed [7s 6s] and lost with high card King
Seat 7: stronghawk (button) (small blind) showed [Qd Ac] and won ($35.50) with high card Ace


PokerStars Hand #166509452125:  Hold'em Limit ($3/$6 USD) - 2017/02/20 13:02:13 ET
Table 'Cantabia' 10-max Seat #5 is the button
Seat 5: __P0o_P0o__ ($160.90 in chips)
Seat 7: stronghawk ($48.17 in chips)
__P0o_P0o__: posts small blind $1
stronghawk: posts big blind $3
*** HOLE CARDS ***
__P0o_P0o__: raises $3 to $6
stronghawk: raises $3 to $9
__P0o_P0o__: calls $3
*** FLOP *** [Qd 5c Ac]
stronghawk: bets $3
__P0o_P0o__: folds
Uncalled bet ($3) returned to stronghawk
stronghawk collected $17.64 from pot
stronghawk: doesn't show hand
*** SUMMARY ***
Total pot $18 | Rake $0.36
Board [Qd 5c Ac]
Seat 5: __P0o_P0o__ (button) (small blind) folded on the Flop
Seat 7: stronghawk (big blind) collected ($17.64)


PokerStars Hand #166509459669:  Hold'em Limit ($3/$6 USD) - 2017/02/20 13:02:22 ET
Table 'Cantabia' 10-max Seat #7 is the button
Seat 5: __P0o_P0o__ ($151.90 in chips)
Seat 7: stronghawk ($56.81 in chips)
stronghawk: posts small blind $1
__P0o_P0o__: posts big blind $3
*** HOLE CARDS ***
stronghawk: raises $3 to $6
__P0o_P0o__: calls $3
*** FLOP *** [4c 2c 8d]
__P0o_P0o__: checks
stronghawk: bets $3
__P0o_P0o__: calls $3
*** TURN *** [4c 2c 8d] [Ts]
__P0o_P0o__: checks
stronghawk: bets $6
__P0o_P0o__: folds
Uncalled bet ($6) returned to stronghawk
stronghawk collected $17.64 from pot
stronghawk: doesn't show hand
*** SUMMARY ***
Total pot $18 | Rake $0.36
Board [4c 2c 8d Ts]
Seat 5: __P0o_P0o__ (big blind) folded on the Turn
Seat 7: stronghawk (button) (small blind) collected ($17.64)


PokerStars Hand #166509473785:  Hold'em Limit ($3/$6 USD) - 2017/02/20 13:02:39 ET
Table 'Cantabia' 10-max Seat #5 is the button
Seat 5: __P0o_P0o__ ($142.90 in chips)
Seat 7: stronghawk ($65.45 in chips)
__P0o_P0o__: posts small blind $1
stronghawk: posts big blind $3
*** HOLE CARDS ***
__P0o_P0o__: raises $3 to $6
stronghawk: folds
Uncalled bet ($3) returned to __P0o_P0o__
__P0o_P0o__ collected $6 from pot
*** SUMMARY ***
Total pot $6 | Rake $0
Seat 5: __P0o_P0o__ (button) (small blind) collected ($6)
Seat 7: stronghawk (big blind) folded before Flop


PokerStars Hand #166509487917:  Hold'em Limit ($3/$6 USD) - 2017/02/20 13:02:55 ET
Table 'Cantabia' 10-max Seat #5 is the button
Seat 5: __P0o_P0o__ ($139.90 in chips)
Seat 7: stronghawk ($68.21 in chips)
__P0o_P0o__: posts small blind $1
stronghawk: posts big blind $3
*** HOLE CARDS ***
__P0o_P0o__: folds
Uncalled bet ($2) returned to stronghawk
stronghawk collected $2 from pot
stronghawk: doesn't show hand
*** SUMMARY ***
Total pot $2 | Rake $0
Seat 5: __P0o_P0o__ (button) (small blind) folded before Flop
Seat 7: stronghawk (big blind) collected ($2)


PokerStars Hand #166509478407:  Hold'em Limit ($3/$6 USD) - 2017/02/20 13:02:44 ET
Table 'Cantabia' 10-max Seat #7 is the button
Seat 5: __P0o_P0o__ ($145.90 in chips)
Seat 7: stronghawk ($62.45 in chips)
stronghawk: posts small blind $1
__P0o_P0o__: posts big blind $3
*** HOLE CARDS ***
stronghawk: raises $3 to $6
__P0o_P0o__: calls $3
*** FLOP *** [Ah 5d 7c]
__P0o_P0o__: checks
stronghawk: bets $3
__P0o_P0o__: folds
Uncalled bet ($3) returned to stronghawk
stronghawk collected $11.76 from pot
stronghawk: doesn't show hand
*** SUMMARY ***
Total pot $12 | Rake $0.24
Board [Ah 5d 7c]
Seat 5: __P0o_P0o__ (big blind) folded on the Flop
Seat 7: stronghawk (button) (small blind) collected ($11.76)


PokerStars Hand #166509492050:  Hold'em Limit ($3/$6 USD) - 2017/02/20 13:03:00 ET
Table 'Cantabia' 10-max Seat #7 is the button
Seat 5: __P0o_P0o__ ($138.90 in chips)
Seat 7: stronghawk ($69.21 in chips)
stronghawk: posts small blind $1
__P0o_P0o__: posts big blind $3
*** HOLE CARDS ***
stronghawk: raises $3 to $6
__P0o_P0o__: raises $3 to $9
stronghawk: calls $3
*** FLOP *** [7d 8d Kh]
__P0o_P0o__: bets $3
stronghawk: calls $3
*** TURN *** [7d 8d Kh] [5c]
__P0o_P0o__: bets $6
stronghawk: raises $6 to $12
__P0o_P0o__: calls $6
*** RIVER *** [7d 8d Kh 5c] [7c]
__P0o_P0o__: checks
stronghawk: checks
*** SHOW DOWN ***
__P0o_P0o__: shows [Kc Jd] (two pair, Kings and Sevens)
stronghawk: mucks hand
__P0o_P0o__ collected $47.50 from pot
*** SUMMARY ***
Total pot $48 | Rake $0.50
Board [7d 8d Kh 5c 7c]
Seat 5: __P0o_P0o__ (big blind) showed [Kc Jd] and won ($47.50) with two pair, Kings and Sevens
Seat 7: stronghawk (button) (small blind) mucked


PokerStars Hand #166509513559:  Hold'em Limit ($3/$6 USD) - 2017/02/20 13:03:25 ET
Table 'Cantabia' 10-max Seat #5 is the button
Seat 5: __P0o_P0o__ ($162.40 in chips)
Seat 7: stronghawk ($45.21 in chips)
__P0o_P0o__: posts small blind $1
stronghawk: posts big blind $3
*** HOLE CARDS ***
__P0o_P0o__: raises $3 to $6
stronghawk: calls $3
*** FLOP *** [3c 7c 8s]
stronghawk: checks
__P0o_P0o__: bets $3
stronghawk: calls $3
*** TURN *** [3c 7c 8s] [5s]
stronghawk: checks
__P0o_P0o__: checks
*** RIVER *** [3c 7c 8s 5s] [Kh]
stronghawk: checks
__P0o_P0o__: bets $6
stronghawk: calls $6
*** SHOW DOWN ***
__P0o_P0o__: shows [Td 9s] (high card King)
stronghawk: shows [Qc 3d] (a pair of Threes)
stronghawk collected $29.50 from pot
*** SUMMARY ***
Total pot $30 | Rake $0.50
Board [3c 7c 8s 5s Kh]
Seat 5: __P0o_P0o__ (button) (small blind) showed [Td 9s] and lost with high card King
Seat 7: stronghawk (big blind) showed [Qc 3d] and won ($29.50) with a pair of Threes


PokerStars Hand #166509537446:  Hold'em Limit ($3/$6 USD) - 2017/02/20 13:03:52 ET
Table 'Cantabia' 10-max Seat #7 is the button
Seat 5: __P0o_P0o__ ($147.40 in chips)
Seat 7: stronghawk ($59.71 in chips)
stronghawk: posts small blind $1
__P0o_P0o__: posts big blind $3
*** HOLE CARDS ***
stronghawk: folds
Uncalled bet ($2) returned to __P0o_P0o__
__P0o_P0o__ collected $2 from pot
*** SUMMARY ***
Total pot $2 | Rake $0
Seat 5: __P0o_P0o__ (big blind) collected ($2)
Seat 7: stronghawk (button) (small blind) folded before Flop


PokerStars Hand #166509542303:  Hold'em Limit ($3/$6 USD) - 2017/02/20 13:03:57 ET
Table 'Cantabia' 10-max Seat #5 is the button
Seat 5: __P0o_P0o__ ($148.40 in chips)
Seat 7: stronghawk ($58.71 in chips)
__P0o_P0o__: posts small blind $1
stronghawk: posts big blind $3
*** HOLE CARDS ***
__P0o_P0o__: raises $3 to $6
stronghawk: raises $3 to $9
__P0o_P0o__: calls $3
*** FLOP *** [Ah Kc 8d]
stronghawk: bets $3
__P0o_P0o__: folds
Uncalled bet ($3) returned to stronghawk
stronghawk collected $17.64 from pot
stronghawk: doesn't show hand
*** SUMMARY ***
Total pot $18 | Rake $0.36
Board [Ah Kc 8d]
Seat 5: __P0o_P0o__ (button) (small blind) folded on the Flop
Seat 7: stronghawk (big blind) collected ($17.64)


PokerStars Hand #166509553050:  Hold'em Limit ($3/$6 USD) - 2017/02/20 13:04:10 ET
Table 'Cantabia' 10-max Seat #7 is the button
Seat 5: __P0o_P0o__ ($139.40 in chips)
Seat 7: stronghawk ($67.35 in chips)
stronghawk: posts small blind $1
__P0o_P0o__: posts big blind $3
*** HOLE CARDS ***
stronghawk: raises $3 to $6
__P0o_P0o__: calls $3
*** FLOP *** [5d Jd 2d]
__P0o_P0o__: checks
stronghawk: bets $3
__P0o_P0o__: calls $3
*** TURN *** [5d Jd 2d] [5h]
__P0o_P0o__: checks
stronghawk: bets $6
__P0o_P0o__: calls $6
*** RIVER *** [5d Jd 2d 5h] [6c]
__P0o_P0o__: checks
stronghawk: bets $6
__P0o_P0o__: calls $6
*** SHOW DOWN ***
stronghawk: shows [8s 5s] (three of a kind, Fives)
__P0o_P0o__: mucks hand
stronghawk collected $41.50 from pot
*** SUMMARY ***
Total pot $42 | Rake $0.50
Board [5d Jd 2d 5h 6c]
Seat 5: __P0o_P0o__ (big blind) mucked
Seat 7: stronghawk (button) (small blind) showed [8s 5s] and won ($41.50) with three of a kind, Fives


PokerStars Hand #166509569040:  Hold'em Limit ($3/$6 USD) - 2017/02/20 13:04:28 ET
Table 'Cantabia' 10-max Seat #5 is the button
Seat 5: __P0o_P0o__ ($118.40 in chips)
Seat 7: stronghawk ($87.85 in chips)
__P0o_P0o__: posts small blind $1
stronghawk: posts big blind $3
*** HOLE CARDS ***
__P0o_P0o__: raises $3 to $6
stronghawk: calls $3
*** FLOP *** [7s Ts 5s]
stronghawk: checks
__P0o_P0o__: bets $3
stronghawk: raises $3 to $6
__P0o_P0o__: calls $3
*** TURN *** [7s Ts 5s] [Ks]
stronghawk: bets $6
__P0o_P0o__: folds
Uncalled bet ($6) returned to stronghawk
stronghawk collected $23.52 from pot
stronghawk: doesn't show hand
*** SUMMARY ***
Total pot $24 | Rake $0.48
Board [7s Ts 5s Ks]
Seat 5: __P0o_P0o__ (button) (small blind) folded on the Turn
Seat 7: stronghawk (big blind) collected ($23.52)


PokerStars Hand #166509582300:  Hold'em Limit ($3/$6 USD) - 2017/02/20 13:04:44 ET
Table 'Cantabia' 10-max Seat #7 is the button
Seat 5: __P0o_P0o__ ($106.40 in chips)
Seat 7: stronghawk ($99.37 in chips)
stronghawk: posts small blind $1
__P0o_P0o__: posts big blind $3
*** HOLE CARDS ***
stronghawk: raises $3 to $6
__P0o_P0o__: calls $3
*** FLOP *** [7h 4h Tc]
__P0o_P0o__: checks
stronghawk: bets $3
__P0o_P0o__: raises $3 to $6
stronghawk: calls $3
*** TURN *** [7h 4h Tc] [Ad]
__P0o_P0o__: bets $6
stronghawk: raises $6 to $12
__P0o_P0o__: calls $6
*** RIVER *** [7h 4h Tc Ad] [5h]
__P0o_P0o__: checks
stronghawk: bets $6
__P0o_P0o__: calls $6
*** SHOW DOWN ***
stronghawk: shows [9h Ah] (a flush, Ace high)
__P0o_P0o__: mucks hand
stronghawk collected $59.50 from pot
*** SUMMARY ***
Total pot $60 | Rake $0.50
Board [7h 4h Tc Ad 5h]
Seat 5: __P0o_P0o__ (big blind) mucked
Seat 7: stronghawk (button) (small blind) showed [9h Ah] and won ($59.50) with a flush, Ace high


PokerStars Hand #166516904812:  Hold'em Limit ($3/$6 USD) - 2017/02/20 15:15:31 ET
Table 'Cantabia' 10-max Seat #6 is the button
Seat 6: Zubasa07 ($300 in chips)
Seat 7: chrissie ($67.96 in chips)
Zubasa07: posts small blind $1
chrissie: posts big blind $3
*** HOLE CARDS ***
Zubasa07: raises $3 to $6
chrissie: calls $3
*** FLOP *** [Th 2h Tc]
chrissie: checks
Zubasa07: bets $3
kolaz03 joins the table at seat #8
chrissie: calls $3
*** TURN *** [Th 2h Tc] [7s]
chrissie: checks
Zubasa07: bets $6
chrissie: raises $6 to $12
Zubasa07: folds
Uncalled bet ($6) returned to chrissie
chrissie collected $29.50 from pot
chrissie: doesn't show hand
*** SUMMARY ***
Total pot $30 | Rake $0.50
Board [Th 2h Tc 7s]
Seat 6: Zubasa07 (button) (small blind) folded on the Turn
Seat 7: chrissie (big blind) collected ($29.50)


PokerStars Hand #166517467597:  Hold'em Limit ($3/$6 USD) - 2017/02/20 15:24:45 ET
Table 'Cantabia' 10-max Seat #7 is the button
Seat 7: chrissie ($139.61 in chips)
Seat 9: Chessnok ($122.53 in chips)
chrissie: posts small blind $1
kolaz03: is sitting out
Chessnok: posts big blind $3
*** HOLE CARDS ***
chrissie: raises $3 to $6
Chessnok: calls $3
*** FLOP *** [Kd 9c 6s]
Chessnok: checks
chrissie: bets $3
Chessnok: folds
Uncalled bet ($3) returned to chrissie
chrissie collected $11.76 from pot
chrissie: doesn't show hand
*** SUMMARY ***
Total pot $12 | Rake $0.24
Board [Kd 9c 6s]
Seat 7: chrissie (button) (small blind) collected ($11.76)
Seat 9: Chessnok (big blind) folded on the Flop


