PokerStars Hand #149098641805:  Hold'em Limit ($3/$6 USD) - 2016/02/19 22:35:16 ET
Table 'Cantabia' 6-max Seat #6 is the button
Seat 1: yu1104 ($140.50 in chips)
Seat 6: NIGHTyxa ($72 in chips)
NIGHTyxa: posts small blind $1
yu1104: posts big blind $3
*** HOLE CARDS ***
NIGHTyxa: raises $3 to $6
yu1104: calls $3
*** FLOP *** [7c Jd 8d]
yu1104: checks
NIGHTyxa: bets $3
yu1104: raises $3 to $6
NIGHTyxa: raises $3 to $9
yu1104: calls $3
*** TURN *** [7c Jd 8d] [Ah]
yu1104: checks
NIGHTyxa: bets $6
yu1104: calls $6
*** RIVER *** [7c Jd 8d Ah] [3d]
yu1104: checks
NIGHTyxa: bets $6
yu1104: folds
Uncalled bet ($6) returned to NIGHTyxa
NIGHTyxa collected $41.50 from pot
NIGHTyxa: doesn't show hand
*** SUMMARY ***
Total pot $42 | Rake $0.50
Board [7c Jd 8d Ah 3d]
Seat 1: yu1104 (big blind) folded on the River
Seat 6: NIGHTyxa (button) (small blind) collected ($41.50)


PokerStars Hand #149098638478:  Hold'em Limit ($3/$6 USD) - 2016/02/19 22:35:07 ET
Table 'Cantabia' 6-max Seat #1 is the button
Seat 1: yu1104 ($137.50 in chips)
Seat 6: NIGHTyxa ($72 in chips)
yu1104: posts small blind $1
NIGHTyxa: posts big blind $3
*** HOLE CARDS ***
yu1104: raises $3 to $6
NIGHTyxa: folds
Uncalled bet ($3) returned to yu1104
yu1104 collected $6 from pot
yu1104: doesn't show hand
*** SUMMARY ***
Total pot $6 | Rake $0
Seat 1: yu1104 (button) (small blind) collected ($6)
Seat 6: NIGHTyxa (big blind) folded before Flop


PokerStars Hand #149098670969:  Hold'em Limit ($3/$6 USD) - 2016/02/19 22:36:33 ET
Table 'Cantabia' 6-max Seat #6 is the button
Seat 1: yu1104 ($152.64 in chips)
Seat 6: NIGHTyxa ($72 in chips)
NIGHTyxa: posts small blind $1
yu1104: posts big blind $3
*** HOLE CARDS ***
NIGHTyxa: raises $3 to $6
yu1104: folds
Uncalled bet ($3) returned to NIGHTyxa
NIGHTyxa collected $6 from pot
NIGHTyxa: doesn't show hand
*** SUMMARY ***
Total pot $6 | Rake $0
Seat 1: yu1104 (big blind) folded before Flop
Seat 6: NIGHTyxa (button) (small blind) collected ($6)


PokerStars Hand #149098663148:  Hold'em Limit ($3/$6 USD) - 2016/02/19 22:36:12 ET
Table 'Cantabia' 6-max Seat #1 is the button
Seat 1: yu1104 ($129.14 in chips)
Seat 6: NIGHTyxa ($82.50 in chips)
yu1104: posts small blind $1
NIGHTyxa: posts big blind $3
*** HOLE CARDS ***
yu1104: raises $3 to $6
NIGHTyxa: raises $3 to $9
yu1104: calls $3
*** FLOP *** [4d 9h 7d]
NIGHTyxa: bets $3
yu1104: calls $3
*** TURN *** [4d 9h 7d] [9c]
NIGHTyxa: bets $6
yu1104: calls $6
*** RIVER *** [4d 9h 7d 9c] [Qh]
Chessnok joins the table at seat #2
NIGHTyxa: checks
yu1104: bets $6
NIGHTyxa: calls $6
*** SHOW DOWN ***
yu1104: shows [Ks Qc] (two pair, Queens and Nines)
NIGHTyxa: mucks hand
yu1104 collected $47.50 from pot
*** SUMMARY ***
Total pot $48 | Rake $0.50
Board [4d 9h 7d 9c Qh]
Seat 1: yu1104 (button) (small blind) showed [Ks Qc] and won ($47.50) with two pair, Queens and Nines
Seat 6: NIGHTyxa (big blind) mucked


PokerStars Hand #149098661015:  Hold'em Limit ($3/$6 USD) - 2016/02/19 22:36:07 ET
Table 'Cantabia' 6-max Seat #6 is the button
Seat 1: yu1104 ($128.14 in chips)
Seat 6: NIGHTyxa ($83.50 in chips)
NIGHTyxa: posts small blind $1
yu1104: posts big blind $3
*** HOLE CARDS ***
NIGHTyxa: folds
Uncalled bet ($2) returned to yu1104
yu1104 collected $2 from pot
yu1104: doesn't show hand
*** SUMMARY ***
Total pot $2 | Rake $0
Seat 1: yu1104 (big blind) collected ($2)
Seat 6: NIGHTyxa (button) (small blind) folded before Flop


PokerStars Hand #149098653753:  Hold'em Limit ($3/$6 USD) - 2016/02/19 22:35:48 ET
Table 'Cantabia' 6-max Seat #1 is the button
Seat 1: yu1104 ($119.50 in chips)
Seat 6: NIGHTyxa ($92.50 in chips)
yu1104: posts small blind $1
NIGHTyxa: posts big blind $3
*** HOLE CARDS ***
yu1104: raises $3 to $6
NIGHTyxa: calls $3
*** FLOP *** [Th Jh 3h]
NIGHTyxa: checks
yu1104: bets $3
NIGHTyxa: calls $3
*** TURN *** [Th Jh 3h] [Kh]
NIGHTyxa: checks
yu1104: bets $6
NIGHTyxa: folds
Uncalled bet ($6) returned to yu1104
yu1104 collected $17.64 from pot
yu1104: doesn't show hand
*** SUMMARY ***
Total pot $18 | Rake $0.36
Board [Th Jh 3h Kh]
Seat 1: yu1104 (button) (small blind) collected ($17.64)
Seat 6: NIGHTyxa (big blind) folded on the Turn


PokerStars Hand #149098800785:  Hold'em Limit ($3/$6 USD) - 2016/02/19 22:42:17 ET
Table 'Cantabia' 6-max Seat #1 is the button
Seat 1: yu1104 ($134.60 in chips)
Seat 2: Chessnok ($163.51 in chips)
yu1104: posts small blind $1
Chessnok: posts big blind $3
*** HOLE CARDS ***
yu1104: raises $3 to $6
Chessnok: folds
Uncalled bet ($3) returned to yu1104
yu1104 collected $6 from pot
yu1104: doesn't show hand
*** SUMMARY ***
Total pot $6 | Rake $0
Seat 1: yu1104 (button) (small blind) collected ($6)
Seat 2: Chessnok (big blind) folded before Flop


PokerStars Hand #149098788354:  Hold'em Limit ($3/$6 USD) - 2016/02/19 22:41:43 ET
Table 'Cantabia' 6-max Seat #2 is the button
Seat 1: yu1104 ($120.10 in chips)
Seat 2: Chessnok ($178.51 in chips)
Chessnok: posts small blind $1
NIGHTyxa: is sitting out
NIGHTyxa leaves the table
yu1104: posts big blind $3
*** HOLE CARDS ***
Chessnok: raises $3 to $6
yu1104: calls $3
*** FLOP *** [Kd 4d 6d]
aless284 joins the table at seat #3
yu1104: checks
Chessnok: bets $3
yu1104: calls $3
*** TURN *** [Kd 4d 6d] [Ac]
yu1104: checks
Chessnok: bets $6
yu1104: calls $6
*** RIVER *** [Kd 4d 6d Ac] [Ad]
yu1104: bets $6
Chessnok: folds
Uncalled bet ($6) returned to yu1104
yu1104 collected $29.50 from pot
yu1104: doesn't show hand
*** SUMMARY ***
Total pot $30 | Rake $0.50
Board [Kd 4d 6d Ac Ad]
Seat 1: yu1104 (big blind) collected ($29.50)
Seat 2: Chessnok (button) (small blind) folded on the River


PokerStars Hand #149099366835:  Hold'em Limit ($3/$6 USD) - 2016/02/19 23:08:54 ET
Table 'Cantabia' 6-max Seat #1 is the button
Seat 1: yu1104 ($266.02 in chips)
Seat 2: Chessnok ($105.43 in chips)
yu1104: posts small blind $1
Chessnok: posts big blind $3
*** HOLE CARDS ***
yu1104: folds
Uncalled bet ($2) returned to Chessnok
Chessnok collected $2 from pot
Chessnok: doesn't show hand
*** SUMMARY ***
Total pot $2 | Rake $0
Seat 1: yu1104 (button) (small blind) folded before Flop
Seat 2: Chessnok (big blind) collected ($2)


PokerStars Hand #149099355758:  Hold'em Limit ($3/$6 USD) - 2016/02/19 23:08:22 ET
Table 'Cantabia' 6-max Seat #2 is the button
Seat 1: yu1104 ($290.02 in chips)
Seat 2: Chessnok ($81.93 in chips)
Chessnok: posts small blind $1
iskambil: is sitting out
yu1104: posts big blind $3
*** HOLE CARDS ***
Chessnok: raises $3 to $6
yu1104: raises $3 to $9
Chessnok: calls $3
*** FLOP *** [3c Js 4s]
iskambil leaves the table
yu1104: bets $3
Chessnok: calls $3
*** TURN *** [3c Js 4s] [2c]
yu1104: bets $6
Chessnok: calls $6
*** RIVER *** [3c Js 4s 2c] [4h]
yu1104: checks
Chessnok: bets $6
yu1104: calls $6
*** SHOW DOWN ***
Chessnok: shows [Qh Jh] (two pair, Jacks and Fours)
yu1104: mucks hand
Chessnok collected $47.50 from pot
*** SUMMARY ***
Total pot $48 | Rake $0.50
Board [3c Js 4s 2c 4h]
Seat 1: yu1104 (big blind) mucked
Seat 2: Chessnok (button) (small blind) showed [Qh Jh] and won ($47.50) with two pair, Jacks and Fours


