PokerStars Hand #163429052050:  Hold'em Limit ($3/$6 USD) - 2016/12/23 23:06:46 ET
Table 'Cantabia' 6-max Seat #3 is the button
Seat 3: stensson623 ($30 in chips)
Seat 4: ToDaFelt ($120 in chips)
stensson623: posts small blind $1
ToDaFelt: posts big blind $3
*** HOLE CARDS ***
stensson623: calls $2
LifeisagameX leaves the table
ToDaFelt: raises $3 to $6
stensson623: calls $3
*** FLOP *** [4s 9s 2s]
ToDaFelt: bets $3
stensson623: raises $3 to $6
ToDaFelt: calls $3
*** TURN *** [4s 9s 2s] [Kd]
ToDaFelt: checks
stensson623: bets $6
ToDaFelt: calls $6
*** RIVER *** [4s 9s 2s Kd] [7s]
ToDaFelt: checks
stensson623: bets $6
ToDaFelt: calls $6
*** SHOW DOWN ***
stensson623: shows [2c 3c] (a pair of Deuces)
ToDaFelt: shows [Ah 7d] (a pair of Sevens)
ToDaFelt collected $47.50 from pot
*** SUMMARY ***
Total pot $48 | Rake $0.50
Board [4s 9s 2s Kd 7s]
Seat 3: stensson623 (button) (small blind) showed [2c 3c] and lost with a pair of Deuces
Seat 4: ToDaFelt (big blind) showed [Ah 7d] and won ($47.50) with a pair of Sevens


PokerStars Hand #163429072519:  Hold'em Limit ($3/$6 USD) - 2016/12/23 23:07:41 ET
Table 'Cantabia' 6-max Seat #4 is the button
Seat 3: stensson623 ($6 in chips)
Seat 4: ToDaFelt ($143.50 in chips)
ToDaFelt: posts small blind $1
stensson623: posts big blind $3
*** HOLE CARDS ***
ToDaFelt: raises $3 to $6
stensson623: calls $3 and is all-in
*** FLOP *** [Jc Kd 4d]
*** TURN *** [Jc Kd 4d] [Jh]
*** RIVER *** [Jc Kd 4d Jh] [5s]
*** SHOW DOWN ***
stensson623: shows [7h Ks] (two pair, Kings and Jacks)
ToDaFelt: shows [5h 7d] (two pair, Jacks and Fives)
stensson623 collected $11.76 from pot
*** SUMMARY ***
Total pot $12 | Rake $0.24
Board [Jc Kd 4d Jh 5s]
Seat 3: stensson623 (big blind) showed [7h Ks] and won ($11.76) with two pair, Kings and Jacks
Seat 4: ToDaFelt (button) (small blind) showed [5h 7d] and lost with two pair, Jacks and Fives


PokerStars Hand #163429084719:  Hold'em Limit ($3/$6 USD) - 2016/12/23 23:08:13 ET
Table 'Cantabia' 6-max Seat #4 is the button
Seat 3: stensson623 ($10.76 in chips)
Seat 4: ToDaFelt ($138.50 in chips)
ToDaFelt: posts small blind $1
stensson623: posts big blind $3
*** HOLE CARDS ***
ToDaFelt: raises $3 to $6
stensson623: raises $3 to $9
ToDaFelt: calls $3
*** FLOP *** [4s 7d 4c]
stensson623: bets $1.76 and is all-in
ToDaFelt: calls $1.76
*** TURN *** [4s 7d 4c] [Qc]
*** RIVER *** [4s 7d 4c Qc] [Qh]
*** SHOW DOWN ***
stensson623: shows [Kh 2h] (two pair, Queens and Fours)
ToDaFelt: shows [6d 7s] (two pair, Queens and Sevens)
ToDaFelt collected $21.09 from pot
*** SUMMARY ***
Total pot $21.52 | Rake $0.43
Board [4s 7d 4c Qc Qh]
Seat 3: stensson623 (big blind) showed [Kh 2h] and lost with two pair, Queens and Fours
Seat 4: ToDaFelt (button) (small blind) showed [6d 7s] and won ($21.09) with two pair, Queens and Sevens


PokerStars Hand #163429080044:  Hold'em Limit ($3/$6 USD) - 2016/12/23 23:08:01 ET
Table 'Cantabia' 6-max Seat #3 is the button
Seat 3: stensson623 ($11.76 in chips)
Seat 4: ToDaFelt ($137.50 in chips)
stensson623: posts small blind $1
ToDaFelt: posts big blind $3
*** HOLE CARDS ***
stensson623: folds
Uncalled bet ($2) returned to ToDaFelt
ToDaFelt collected $2 from pot
ToDaFelt: doesn't show hand
*** SUMMARY ***
Total pot $2 | Rake $0
Seat 3: stensson623 (button) (small blind) folded before Flop
Seat 4: ToDaFelt (big blind) collected ($2)


