PokerStars Hand #175506104183:  Hold'em Limit ($3/$6 USD) - 2017/09/11 11:52:57 ET
Table 'Capella II' 6-max Seat #5 is the button
Seat 4: Actionni13 ($179.50 in chips)
Seat 5: mytuter ($20 in chips)
mytuter: posts small blind $1
Actionni13: posts big blind $3
*** HOLE CARDS ***
mytuter: raises $3 to $6
Actionni13: calls $3
*** FLOP *** [5h 7d Td]
Actionni13: checks
fleabaggs joins the table at seat #6
mytuter: bets $3
Actionni13: calls $3
*** TURN *** [5h 7d Td] [9h]
Actionni13: bets $6
mytuter: calls $6
*** RIVER *** [5h 7d Td 9h] [4h]
Actionni13: checks
mytuter: checks
*** SHOW DOWN ***
Actionni13: shows [8h 5s] (a pair of Fives)
ChawkDee joins the table at seat #1
mytuter: mucks hand
Actionni13 collected $29.50 from pot
*** SUMMARY ***
Total pot $30 | Rake $0.50
Board [5h 7d Td 9h 4h]
Seat 4: Actionni13 (big blind) showed [8h 5s] and won ($29.50) with a pair of Fives
Seat 5: mytuter (button) (small blind) mucked


PokerStars Hand #175506088143:  Hold'em Limit ($3/$6 USD) - 2017/09/11 11:52:33 ET
Table 'Capella II' 6-max Seat #4 is the button
Seat 4: Actionni13 ($150 in chips)
Seat 5: mytuter ($50 in chips)
Actionni13: posts small blind $1
mytuter: posts big blind $3
*** HOLE CARDS ***
Actionni13: raises $3 to $6
mytuter: raises $3 to $9
Actionni13: calls $3
*** FLOP *** [Td Jh 6s]
mytuter: bets $3
Actionni13: calls $3
*** TURN *** [Td Jh 6s] [9h]
mytuter: bets $6
Actionni13: raises $6 to $12
mytuter: calls $6
*** RIVER *** [Td Jh 6s 9h] [3d]
mytuter: checks
Actionni13: bets $6
mytuter: calls $6
*** SHOW DOWN ***
Actionni13: shows [7s 8h] (a straight, Seven to Jack)
mytuter: mucks hand
Actionni13 collected $59.50 from pot
*** SUMMARY ***
Total pot $60 | Rake $0.50
Board [Td Jh 6s 9h 3d]
Seat 4: Actionni13 (button) (small blind) showed [7s 8h] and won ($59.50) with a straight, Seven to Jack
Seat 5: mytuter (big blind) mucked


PokerStars Hand #175506123312:  Hold'em Limit ($3/$6 USD) - 2017/09/11 11:53:27 ET
Table 'Capella II' 6-max Seat #4 is the button
Seat 4: Actionni13 ($194 in chips)
Seat 5: mytuter ($65 in chips)
Actionni13: posts small blind $1
mytuter: posts big blind $3
*** HOLE CARDS ***
Actionni13: raises $3 to $6
mytuter: raises $3 to $9
Actionni13: calls $3
*** FLOP *** [Td 2c Qd]
mytuter: bets $3
Actionni13: calls $3
*** TURN *** [Td 2c Qd] [Kd]
mytuter: bets $6
Actionni13: calls $6
*** RIVER *** [Td 2c Qd Kd] [9s]
DECAlpha joins the table at seat #2
mytuter: bets $6
Actionni13: calls $6
*** SHOW DOWN ***
mytuter: shows [Jd Js] (a straight, Nine to King)
Actionni13: mucks hand
mytuter collected $47.50 from pot
*** SUMMARY ***
Total pot $48 | Rake $0.50
Board [Td 2c Qd Kd 9s]
Seat 4: Actionni13 (button) (small blind) mucked
Seat 5: mytuter (big blind) showed [Jd Js] and won ($47.50) with a straight, Nine to King


PokerStars Hand #175512629870:  Hold'em Limit ($3/$6 USD) - 2017/09/11 14:19:29 ET
Table 'Capella II' 6-max Seat #4 is the button
Seat 3: Chefred ($113.30 in chips)
Seat 4: fleabaggs ($95.78 in chips)
fleabaggs: posts small blind $1
Chefred: posts big blind $3
*** HOLE CARDS ***
fleabaggs: folds
Uncalled bet ($2) returned to Chefred
Chefred collected $2 from pot
Chefred: doesn't show hand
*** SUMMARY ***
Total pot $2 | Rake $0
Seat 3: Chefred (big blind) collected ($2)
Seat 4: fleabaggs (button) (small blind) folded before Flop


