PokerStars Hand #152187943349:  Hold'em Limit ($3/$6 USD) - 2016/04/20 9:55:33 ET
Table 'Capek' 6-max Seat #6 is the button
Seat 1: krossguard ($120 in chips)
Seat 6: 19woody58 ($82.55 in chips)
19woody58: posts small blind $1
krossguard: posts big blind $3
*** HOLE CARDS ***
TbIP-TbIP 88 leaves the table
19woody58: raises $3 to $6
krossguard: calls $3
*** FLOP *** [9h Kh 8h]
krossguard: checks
19woody58: bets $3
krossguard: raises $3 to $6
19woody58: calls $3
*** TURN *** [9h Kh 8h] [Js]
krossguard: bets $6
19woody58: calls $6
*** RIVER *** [9h Kh 8h Js] [9c]
krossguard: bets $6
19woody58: calls $6
*** SHOW DOWN ***
krossguard: shows [Qh 6h] (a flush, King high)
19woody58: mucks hand
krossguard collected $47.50 from pot
*** SUMMARY ***
Total pot $48 | Rake $0.50
Board [9h Kh 8h Js 9c]
Seat 1: krossguard (big blind) showed [Qh 6h] and won ($47.50) with a flush, King high
Seat 6: 19woody58 (button) (small blind) mucked


PokerStars Hand #152187995979:  Hold'em Limit ($3/$6 USD) - 2016/04/20 9:57:19 ET
Table 'Capek' 6-max Seat #1 is the button
Seat 1: krossguard ($95.50 in chips)
Seat 6: 19woody58 ($105.55 in chips)
krossguard: posts small blind $1
19woody58: posts big blind $3
*** HOLE CARDS ***
krossguard: raises $3 to $6
19woody58: calls $3
*** FLOP *** [7h Qd Ks]
19woody58: checks
krossguard: bets $3
19woody58: folds
Uncalled bet ($3) returned to krossguard
krossguard collected $11.76 from pot
krossguard: doesn't show hand
*** SUMMARY ***
Total pot $12 | Rake $0.24
Board [7h Qd Ks]
Seat 1: krossguard (button) (small blind) collected ($11.76)
Seat 6: 19woody58 (big blind) folded on the Flop


PokerStars Hand #152187983065:  Hold'em Limit ($3/$6 USD) - 2016/04/20 9:56:53 ET
Table 'Capek' 6-max Seat #6 is the button
Seat 1: krossguard ($122.50 in chips)
Seat 6: 19woody58 ($79.05 in chips)
19woody58: posts small blind $1
krossguard: posts big blind $3
*** HOLE CARDS ***
19woody58: raises $3 to $6
krossguard: calls $3
*** FLOP *** [6c 5c 7h]
krossguard: bets $3
19woody58: calls $3
*** TURN *** [6c 5c 7h] [6s]
krossguard: bets $6
19woody58: calls $6
*** RIVER *** [6c 5c 7h 6s] [8s]
krossguard: bets $6
19woody58: raises $6 to $12
krossguard: calls $6
*** SHOW DOWN ***
19woody58: shows [9d Ac] (a straight, Five to Nine)
krossguard: mucks hand
19woody58 collected $53.50 from pot
*** SUMMARY ***
Total pot $54 | Rake $0.50
Board [6c 5c 7h 6s 8s]
Seat 1: krossguard (big blind) mucked
Seat 6: 19woody58 (button) (small blind) showed [9d Ac] and won ($53.50) with a straight, Five to Nine


PokerStars Hand #152187957597:  Hold'em Limit ($3/$6 USD) - 2016/04/20 9:56:02 ET
Table 'Capek' 6-max Seat #1 is the button
Seat 1: krossguard ($143.50 in chips)
Seat 6: 19woody58 ($58.55 in chips)
krossguard: posts small blind $1
19woody58: posts big blind $3
*** HOLE CARDS ***
krossguard: raises $3 to $6
19woody58: calls $3
*** FLOP *** [4h 3s Qs]
19woody58: checks
krossguard: bets $3
19woody58: calls $3
*** TURN *** [4h 3s Qs] [2s]
19woody58: checks
krossguard: bets $6
19woody58: calls $6
*** RIVER *** [4h 3s Qs 2s] [2d]
19woody58: checks
krossguard: bets $6
19woody58: calls $6
*** SHOW DOWN ***
krossguard: shows [Ts 7h] (a pair of Deuces)
19woody58: shows [8h Ah] (a pair of Deuces - Ace kicker)
19woody58 collected $41.50 from pot
*** SUMMARY ***
Total pot $42 | Rake $0.50
Board [4h 3s Qs 2s 2d]
Seat 1: krossguard (button) (small blind) showed [Ts 7h] and lost with a pair of Deuces
Seat 6: 19woody58 (big blind) showed [8h Ah] and won ($41.50) with a pair of Deuces


PokerStars Hand #152188007195:  Hold'em Limit ($3/$6 USD) - 2016/04/20 9:57:41 ET
Table 'Capek' 6-max Seat #1 is the button
Seat 1: krossguard ($102.26 in chips)
Seat 6: 19woody58 ($98.55 in chips)
krossguard: posts small blind $1
19woody58: posts big blind $3
*** HOLE CARDS ***
krossguard: raises $3 to $6
19woody58: calls $3
*** FLOP *** [Tc 7s As]
19woody58: checks
krossguard: bets $3
19woody58: calls $3
*** TURN *** [Tc 7s As] [8d]
19woody58: checks
krossguard: bets $6
19woody58: raises $6 to $12
krossguard: calls $6
*** RIVER *** [Tc 7s As 8d] [6c]
19woody58: bets $6
krossguard: raises $6 to $12
19woody58: calls $6
*** SHOW DOWN ***
krossguard: shows [Ks 9d] (a straight, Six to Ten)
19woody58: shows [9s 6h] (a straight, Six to Ten)
19woody58 collected $32.75 from pot
krossguard collected $32.75 from pot
*** SUMMARY ***
Total pot $66 | Rake $0.50
Board [Tc 7s As 8d 6c]
Seat 1: krossguard (button) (small blind) showed [Ks 9d] and won ($32.75) with a straight, Six to Ten
Seat 6: 19woody58 (big blind) showed [9s 6h] and won ($32.75) with a straight, Six to Ten


PokerStars Hand #152188003399:  Hold'em Limit ($3/$6 USD) - 2016/04/20 9:57:34 ET
Table 'Capek' 6-max Seat #6 is the button
Seat 1: krossguard ($101.26 in chips)
Seat 6: 19woody58 ($99.55 in chips)
19woody58: posts small blind $1
krossguard: posts big blind $3
*** HOLE CARDS ***
19woody58: folds
Uncalled bet ($2) returned to krossguard
krossguard collected $2 from pot
krossguard: doesn't show hand
*** SUMMARY ***
Total pot $2 | Rake $0
Seat 1: krossguard (big blind) collected ($2)
Seat 6: 19woody58 (button) (small blind) folded before Flop


PokerStars Hand #152188022769:  Hold'em Limit ($3/$6 USD) - 2016/04/20 9:58:12 ET
Table 'Capek' 6-max Seat #6 is the button
Seat 1: krossguard ($102.01 in chips)
Seat 6: 19woody58 ($98.30 in chips)
19woody58: posts small blind $1
krossguard: posts big blind $3
*** HOLE CARDS ***
19woody58: raises $3 to $6
krossguard: calls $3
*** FLOP *** [Js Tc 8c]
krossguard: checks
19woody58: bets $3
krossguard: calls $3
*** TURN *** [Js Tc 8c] [5c]
krossguard: checks
19woody58: checks
*** RIVER *** [Js Tc 8c 5c] [7h]
krossguard: checks
19woody58: checks
*** SHOW DOWN ***
krossguard: shows [3s Ad] (high card Ace)
19woody58: shows [6s 6h] (a pair of Sixes)
19woody58 collected $17.64 from pot
*** SUMMARY ***
Total pot $18 | Rake $0.36
Board [Js Tc 8c 5c 7h]
Seat 1: krossguard (big blind) showed [3s Ad] and lost with high card Ace
Seat 6: 19woody58 (button) (small blind) showed [6s 6h] and won ($17.64) with a pair of Sixes


PokerStars Hand #152188050578:  Hold'em Limit ($3/$6 USD) - 2016/04/20 9:59:08 ET
Table 'Capek' 6-max Seat #6 is the button
Seat 1: krossguard ($78.01 in chips)
Seat 6: 19woody58 ($121.44 in chips)
19woody58: posts small blind $1
krossguard: posts big blind $3
*** HOLE CARDS ***
19woody58: folds
Uncalled bet ($2) returned to krossguard
krossguard collected $2 from pot
krossguard: doesn't show hand
*** SUMMARY ***
Total pot $2 | Rake $0
Seat 1: krossguard (big blind) collected ($2)
Seat 6: 19woody58 (button) (small blind) folded before Flop


PokerStars Hand #152188035848:  Hold'em Limit ($3/$6 USD) - 2016/04/20 9:58:39 ET
Table 'Capek' 6-max Seat #1 is the button
Seat 1: krossguard ($93.01 in chips)
Seat 6: 19woody58 ($106.94 in chips)
krossguard: posts small blind $1
19woody58: posts big blind $3
*** HOLE CARDS ***
krossguard: raises $3 to $6
19woody58: calls $3
*** FLOP *** [8s 6h Kh]
19woody58: checks
krossguard: bets $3
19woody58: calls $3
*** TURN *** [8s 6h Kh] [5d]
19woody58: checks
krossguard: bets $6
19woody58: calls $6
*** RIVER *** [8s 6h Kh 5d] [6d]
19woody58: checks
krossguard: checks
*** SHOW DOWN ***
19woody58: shows [3c 6c] (three of a kind, Sixes)
krossguard: mucks hand
19woody58 collected $29.50 from pot
*** SUMMARY ***
Total pot $30 | Rake $0.50
Board [8s 6h Kh 5d 6d]
Seat 1: krossguard (button) (small blind) mucked
Seat 6: 19woody58 (big blind) showed [3c 6c] and won ($29.50) with three of a kind, Sixes


PokerStars Hand #152188054514:  Hold'em Limit ($3/$6 USD) - 2016/04/20 9:59:16 ET
Table 'Capek' 6-max Seat #1 is the button
Seat 1: krossguard ($79.01 in chips)
Seat 6: 19woody58 ($120.44 in chips)
krossguard: posts small blind $1
19woody58: posts big blind $3
*** HOLE CARDS ***
krossguard: raises $3 to $6
19woody58: calls $3
*** FLOP *** [7d Qs 8s]
19woody58: checks
krossguard: bets $3
19woody58: calls $3
*** TURN *** [7d Qs 8s] [Td]
19woody58: checks
krossguard: checks
*** RIVER *** [7d Qs 8s Td] [2c]
19woody58: bets $6
krossguard: calls $6
*** SHOW DOWN ***
19woody58: shows [8c 7s] (two pair, Eights and Sevens)
krossguard: mucks hand
19woody58 collected $29.50 from pot
*** SUMMARY ***
Total pot $30 | Rake $0.50
Board [7d Qs 8s Td 2c]
Seat 1: krossguard (button) (small blind) mucked
Seat 6: 19woody58 (big blind) showed [8c 7s] and won ($29.50) with two pair, Eights and Sevens


PokerStars Hand #152188069017:  Hold'em Limit ($3/$6 USD) - 2016/04/20 9:59:45 ET
Table 'Capek' 6-max Seat #6 is the button
Seat 1: krossguard ($64.01 in chips)
Seat 6: 19woody58 ($134.94 in chips)
19woody58: posts small blind $1
krossguard: posts big blind $3
*** HOLE CARDS ***
19woody58: folds
Uncalled bet ($2) returned to krossguard
krossguard collected $2 from pot
krossguard: doesn't show hand
*** SUMMARY ***
Total pot $2 | Rake $0
Seat 1: krossguard (big blind) collected ($2)
Seat 6: 19woody58 (button) (small blind) folded before Flop


PokerStars Hand #152188072413:  Hold'em Limit ($3/$6 USD) - 2016/04/20 9:59:52 ET
Table 'Capek' 6-max Seat #1 is the button
Seat 1: krossguard ($65.01 in chips)
Seat 6: 19woody58 ($133.94 in chips)
krossguard: posts small blind $1
19woody58: posts big blind $3
*** HOLE CARDS ***
krossguard: raises $3 to $6
19woody58: calls $3
*** FLOP *** [3h 9h Qs]
19woody58: checks
krossguard: bets $3
19woody58: calls $3
*** TURN *** [3h 9h Qs] [5h]
19woody58: checks
krossguard: bets $6
19woody58: calls $6
*** RIVER *** [3h 9h Qs 5h] [5c]
19woody58: checks
krossguard: bets $6
19woody58: calls $6
*** SHOW DOWN ***
krossguard: shows [Qc Ah] (two pair, Queens and Fives)
19woody58: mucks hand
krossguard collected $41.50 from pot
*** SUMMARY ***
Total pot $42 | Rake $0.50
Board [3h 9h Qs 5h 5c]
Seat 1: krossguard (button) (small blind) showed [Qc Ah] and won ($41.50) with two pair, Queens and Fives
Seat 6: 19woody58 (big blind) mucked


PokerStars Hand #152188092719:  Hold'em Limit ($3/$6 USD) - 2016/04/20 10:00:32 ET
Table 'Capek' 6-max Seat #6 is the button
Seat 1: krossguard ($85.51 in chips)
Seat 6: 19woody58 ($112.94 in chips)
19woody58: posts small blind $1
krossguard: posts big blind $3
*** HOLE CARDS ***
19woody58: calls $2
krossguard: checks
*** FLOP *** [5h 2h 6s]
krossguard: bets $3
19woody58: calls $3
*** TURN *** [5h 2h 6s] [7s]
krossguard: checks
19woody58: checks
*** RIVER *** [5h 2h 6s 7s] [5s]
krossguard: checks
19woody58: checks
*** SHOW DOWN ***
krossguard: shows [2c Qh] (two pair, Fives and Deuces)
19woody58: mucks hand
krossguard collected $11.76 from pot
*** SUMMARY ***
Total pot $12 | Rake $0.24
Board [5h 2h 6s 7s 5s]
Seat 1: krossguard (big blind) showed [2c Qh] and won ($11.76) with two pair, Fives and Deuces
Seat 6: 19woody58 (button) (small blind) mucked


PokerStars Hand #152188126441:  Hold'em Limit ($3/$6 USD) - 2016/04/20 10:01:33 ET
Table 'Capek' 6-max Seat #6 is the button
Seat 1: krossguard ($76.27 in chips)
Seat 6: 19woody58 ($121.44 in chips)
19woody58: posts small blind $1
krossguard: posts big blind $3
*** HOLE CARDS ***
19woody58: raises $3 to $6
krossguard: raises $3 to $9
19woody58: calls $3
*** FLOP *** [2d 8s 5s]
krossguard: bets $3
19woody58: calls $3
*** TURN *** [2d 8s 5s] [Kh]
krossguard: bets $6
19woody58: calls $6
*** RIVER *** [2d 8s 5s Kh] [Ac]
krossguard: checks
19woody58: bets $6
krossguard: folds
Uncalled bet ($6) returned to 19woody58
19woody58 collected $35.50 from pot
*** SUMMARY ***
Total pot $36 | Rake $0.50
Board [2d 8s 5s Kh Ac]
Seat 1: krossguard (big blind) folded on the River
Seat 6: 19woody58 (button) (small blind) collected ($35.50)


