PokerStars Hand #166961511666:  Hold'em Limit ($3/$6 USD) - 2017/03/01 14:04:41 ET
Table 'Capek' 10-max Seat #3 is the button
Seat 1: Whitty29 ($127.94 in chips)
Seat 3: vestimokrec ($145.51 in chips)
vestimokrec: posts small blind $1
volkovsky: is sitting out
Whitty29: posts big blind $3
*** HOLE CARDS ***
volkovsky leaves the table
vestimokrec: raises $3 to $6
Whitty29: calls $3
*** FLOP *** [8s 4d Ks]
Whitty29: checks
vestimokrec: bets $3
Whitty29: folds
Uncalled bet ($3) returned to vestimokrec
vestimokrec collected $11.76 from pot
vestimokrec: doesn't show hand
*** SUMMARY ***
Total pot $12 | Rake $0.24
Board [8s 4d Ks]
Seat 1: Whitty29 (big blind) folded on the Flop
Seat 3: vestimokrec (button) (small blind) collected ($11.76)


PokerStars Hand #166961526963:  Hold'em Limit ($3/$6 USD) - 2017/03/01 14:04:58 ET
Table 'Capek' 10-max Seat #1 is the button
Seat 1: Whitty29 ($121.94 in chips)
Seat 3: vestimokrec ($151.27 in chips)
Whitty29: posts small blind $1
vestimokrec: posts big blind $3
*** HOLE CARDS ***
Whitty29: folds
Uncalled bet ($2) returned to vestimokrec
vestimokrec collected $2 from pot
vestimokrec: doesn't show hand
*** SUMMARY ***
Total pot $2 | Rake $0
Seat 1: Whitty29 (button) (small blind) folded before Flop
Seat 3: vestimokrec (big blind) collected ($2)


PokerStars Hand #166961531952:  Hold'em Limit ($3/$6 USD) - 2017/03/01 14:05:03 ET
Table 'Capek' 10-max Seat #3 is the button
Seat 1: Whitty29 ($120.94 in chips)
Seat 3: vestimokrec ($152.27 in chips)
vestimokrec: posts small blind $1
Whitty29: posts big blind $3
*** HOLE CARDS ***
vestimokrec: raises $3 to $6
Whitty29: calls $3
*** FLOP *** [6s Ks 7h]
Whitty29: checks
vestimokrec: bets $3
Whitty29: calls $3
*** TURN *** [6s Ks 7h] [Jh]
Whitty29: checks
vestimokrec: bets $6
Whitty29: calls $6
*** RIVER *** [6s Ks 7h Jh] [Th]
Whitty29: checks
vestimokrec: checks
*** SHOW DOWN ***
Whitty29: shows [6h 3d] (a pair of Sixes)
vestimokrec: shows [Qd 7s] (a pair of Sevens)
vestimokrec collected $29.50 from pot
*** SUMMARY ***
Total pot $30 | Rake $0.50
Board [6s Ks 7h Jh Th]
Seat 1: Whitty29 (big blind) showed [6h 3d] and lost with a pair of Sixes
Seat 3: vestimokrec (button) (small blind) showed [Qd 7s] and won ($29.50) with a pair of Sevens


PokerStars Hand #166961553080:  Hold'em Limit ($3/$6 USD) - 2017/03/01 14:05:26 ET
Table 'Capek' 10-max Seat #1 is the button
Seat 1: Whitty29 ($105.94 in chips)
Seat 3: vestimokrec ($166.77 in chips)
Whitty29: posts small blind $1
vestimokrec: posts big blind $3
*** HOLE CARDS ***
Whitty29: raises $3 to $6
vestimokrec: calls $3
*** FLOP *** [6s 6h 9h]
vestimokrec: checks
Whitty29: bets $3
vestimokrec: calls $3
*** TURN *** [6s 6h 9h] [Jh]
vestimokrec: checks
Whitty29: bets $6
vestimokrec: calls $6
*** RIVER *** [6s 6h 9h Jh] [2c]
vestimokrec: checks
Whitty29: bets $6
vestimokrec: calls $6
*** SHOW DOWN ***
Whitty29: shows [Js 4s] (two pair, Jacks and Sixes)
vestimokrec: mucks hand
Whitty29 collected $41.50 from pot
*** SUMMARY ***
Total pot $42 | Rake $0.50
Board [6s 6h 9h Jh 2c]
Seat 1: Whitty29 (button) (small blind) showed [Js 4s] and won ($41.50) with two pair, Jacks and Sixes
Seat 3: vestimokrec (big blind) mucked


PokerStars Hand #166961575084:  Hold'em Limit ($3/$6 USD) - 2017/03/01 14:05:51 ET
Table 'Capek' 10-max Seat #3 is the button
Seat 1: Whitty29 ($126.44 in chips)
Seat 3: vestimokrec ($145.77 in chips)
vestimokrec: posts small blind $1
Whitty29: posts big blind $3
*** HOLE CARDS ***
vestimokrec: raises $3 to $6
Whitty29: calls $3
*** FLOP *** [4d 3c 3s]
Whitty29: checks
vestimokrec: bets $3
Whitty29: calls $3
*** TURN *** [4d 3c 3s] [Th]
Whitty29: checks
vestimokrec: bets $6
Whitty29: folds
Uncalled bet ($6) returned to vestimokrec
vestimokrec collected $17.64 from pot
vestimokrec: doesn't show hand
*** SUMMARY ***
Total pot $18 | Rake $0.36
Board [4d 3c 3s Th]
Seat 1: Whitty29 (big blind) folded on the Turn
Seat 3: vestimokrec (button) (small blind) collected ($17.64)


PokerStars Hand #166961611800:  Hold'em Limit ($3/$6 USD) - 2017/03/01 14:06:31 ET
Table 'Capek' 10-max Seat #3 is the button
Seat 1: Whitty29 ($120.32 in chips)
Seat 3: vestimokrec ($151.41 in chips)
vestimokrec: posts small blind $1
Whitty29: posts big blind $3
*** HOLE CARDS ***
vestimokrec: raises $3 to $6
Whitty29: folds
Uncalled bet ($3) returned to vestimokrec
vestimokrec collected $6 from pot
vestimokrec: doesn't show hand
*** SUMMARY ***
Total pot $6 | Rake $0
Seat 1: Whitty29 (big blind) folded before Flop
Seat 3: vestimokrec (button) (small blind) collected ($6)


PokerStars Hand #166961592461:  Hold'em Limit ($3/$6 USD) - 2017/03/01 14:06:10 ET
Table 'Capek' 10-max Seat #1 is the button
Seat 1: Whitty29 ($117.44 in chips)
Seat 3: vestimokrec ($154.41 in chips)
Whitty29: posts small blind $1
vestimokrec: posts big blind $3
*** HOLE CARDS ***
Whitty29: calls $2
vestimokrec: checks
*** FLOP *** [Th 4h Ac]
vestimokrec: checks
Whitty29: bets $3
vestimokrec: folds
Uncalled bet ($3) returned to Whitty29
Whitty29 collected $5.88 from pot
*** SUMMARY ***
Total pot $6 | Rake $0.12
Board [Th 4h Ac]
Seat 1: Whitty29 (button) (small blind) collected ($5.88)
Seat 3: vestimokrec (big blind) folded on the Flop


PokerStars Hand #166961617246:  Hold'em Limit ($3/$6 USD) - 2017/03/01 14:06:37 ET
Table 'Capek' 10-max Seat #1 is the button
Seat 1: Whitty29 ($117.32 in chips)
Seat 3: vestimokrec ($154.41 in chips)
Whitty29: posts small blind $1
vestimokrec: posts big blind $3
*** HOLE CARDS ***
Whitty29: folds
Uncalled bet ($2) returned to vestimokrec
vestimokrec collected $2 from pot
vestimokrec: doesn't show hand
*** SUMMARY ***
Total pot $2 | Rake $0
Seat 1: Whitty29 (button) (small blind) folded before Flop
Seat 3: vestimokrec (big blind) collected ($2)


PokerStars Hand #166961622157:  Hold'em Limit ($3/$6 USD) - 2017/03/01 14:06:42 ET
Table 'Capek' 10-max Seat #3 is the button
Seat 1: Whitty29 ($116.32 in chips)
Seat 3: vestimokrec ($155.41 in chips)
vestimokrec: posts small blind $1
Whitty29: posts big blind $3
*** HOLE CARDS ***
vestimokrec: raises $3 to $6
Whitty29: calls $3
*** FLOP *** [8d 3d Qc]
Whitty29: checks
vestimokrec: bets $3
Whitty29: calls $3
*** TURN *** [8d 3d Qc] [Qs]
Whitty29: checks
vestimokrec: checks
*** RIVER *** [8d 3d Qc Qs] [Qh]
Whitty29: bets $6
vestimokrec: folds
Uncalled bet ($6) returned to Whitty29
Whitty29 collected $17.64 from pot
*** SUMMARY ***
Total pot $18 | Rake $0.36
Board [8d 3d Qc Qs Qh]
Seat 1: Whitty29 (big blind) collected ($17.64)
Seat 3: vestimokrec (button) (small blind) folded on the River


PokerStars Hand #166961664006:  Hold'em Limit ($3/$6 USD) - 2017/03/01 14:07:29 ET
Table 'Capek' 10-max Seat #1 is the button
Seat 1: Whitty29 ($124.96 in chips)
Seat 3: vestimokrec ($146.41 in chips)
Whitty29: posts small blind $1
vestimokrec: posts big blind $3
*** HOLE CARDS ***
Whitty29: folds
Uncalled bet ($2) returned to vestimokrec
vestimokrec collected $2 from pot
vestimokrec: doesn't show hand
*** SUMMARY ***
Total pot $2 | Rake $0
Seat 1: Whitty29 (button) (small blind) folded before Flop
Seat 3: vestimokrec (big blind) collected ($2)


PokerStars Hand #166961675959:  Hold'em Limit ($3/$6 USD) - 2017/03/01 14:07:42 ET
Table 'Capek' 10-max Seat #1 is the button
Seat 1: Whitty29 ($124.96 in chips)
Seat 3: vestimokrec ($146.41 in chips)
Whitty29: posts small blind $1
vestimokrec: posts big blind $3
*** HOLE CARDS ***
Whitty29: folds
Uncalled bet ($2) returned to vestimokrec
vestimokrec collected $2 from pot
vestimokrec: doesn't show hand
*** SUMMARY ***
Total pot $2 | Rake $0
Seat 1: Whitty29 (button) (small blind) folded before Flop
Seat 3: vestimokrec (big blind) collected ($2)


PokerStars Hand #166961668510:  Hold'em Limit ($3/$6 USD) - 2017/03/01 14:07:34 ET
Table 'Capek' 10-max Seat #3 is the button
Seat 1: Whitty29 ($123.96 in chips)
Seat 3: vestimokrec ($147.41 in chips)
vestimokrec: posts small blind $1
Whitty29: posts big blind $3
*** HOLE CARDS ***
vestimokrec: folds
Uncalled bet ($2) returned to Whitty29
Whitty29 collected $2 from pot
*** SUMMARY ***
Total pot $2 | Rake $0
Seat 1: Whitty29 (big blind) collected ($2)
Seat 3: vestimokrec (button) (small blind) folded before Flop


PokerStars Hand #166961683660:  Hold'em Limit ($3/$6 USD) - 2017/03/01 14:07:50 ET
Table 'Capek' 10-max Seat #1 is the button
Seat 1: Whitty29 ($124.96 in chips)
Seat 3: vestimokrec ($146.41 in chips)
Whitty29: posts small blind $1
vestimokrec: posts big blind $3
*** HOLE CARDS ***
Whitty29: folds
Uncalled bet ($2) returned to vestimokrec
vestimokrec collected $2 from pot
vestimokrec: doesn't show hand
*** SUMMARY ***
Total pot $2 | Rake $0
Seat 1: Whitty29 (button) (small blind) folded before Flop
Seat 3: vestimokrec (big blind) collected ($2)


PokerStars Hand #166961680035:  Hold'em Limit ($3/$6 USD) - 2017/03/01 14:07:46 ET
Table 'Capek' 10-max Seat #3 is the button
Seat 1: Whitty29 ($123.96 in chips)
Seat 3: vestimokrec ($147.41 in chips)
vestimokrec: posts small blind $1
Whitty29: posts big blind $3
*** HOLE CARDS ***
vestimokrec: folds
Uncalled bet ($2) returned to Whitty29
Whitty29 collected $2 from pot
*** SUMMARY ***
Total pot $2 | Rake $0
Seat 1: Whitty29 (big blind) collected ($2)
Seat 3: vestimokrec (button) (small blind) folded before Flop


PokerStars Hand #166961719467:  Hold'em Limit ($3/$6 USD) - 2017/03/01 14:08:30 ET
Table 'Capek' 10-max Seat #1 is the button
Seat 1: Whitty29 ($102.96 in chips)
Seat 3: vestimokrec ($167.91 in chips)
Whitty29: posts small blind $1
vestimokrec: posts big blind $3
*** HOLE CARDS ***
Whitty29: folds
Uncalled bet ($2) returned to vestimokrec
vestimokrec collected $2 from pot
vestimokrec: doesn't show hand
*** SUMMARY ***
Total pot $2 | Rake $0
Seat 1: Whitty29 (button) (small blind) folded before Flop
Seat 3: vestimokrec (big blind) collected ($2)


PokerStars Hand #166961687882:  Hold'em Limit ($3/$6 USD) - 2017/03/01 14:07:55 ET
Table 'Capek' 10-max Seat #3 is the button
Seat 1: Whitty29 ($123.96 in chips)
Seat 3: vestimokrec ($147.41 in chips)
vestimokrec: posts small blind $1
Whitty29: posts big blind $3
*** HOLE CARDS ***
vestimokrec: raises $3 to $6
Whitty29: calls $3
*** FLOP *** [2h Js Th]
Whitty29: checks
vestimokrec: bets $3
Whitty29: calls $3
*** TURN *** [2h Js Th] [Jc]
Whitty29: checks
vestimokrec: bets $6
Whitty29: calls $6
*** RIVER *** [2h Js Th Jc] [Qd]
Whitty29: checks
vestimokrec: bets $6
Whitty29: calls $6
*** SHOW DOWN ***
vestimokrec: shows [9s 8d] (a straight, Eight to Queen)
Whitty29: mucks hand
vestimokrec collected $41.50 from pot
*** SUMMARY ***
Total pot $42 | Rake $0.50
Board [2h Js Th Jc Qd]
Seat 1: Whitty29 (big blind) mucked
Seat 3: vestimokrec (button) (small blind) showed [9s 8d] and won ($41.50) with a straight, Eight to Queen


PokerStars Hand #166961724462:  Hold'em Limit ($3/$6 USD) - 2017/03/01 14:08:36 ET
Table 'Capek' 10-max Seat #3 is the button
Seat 1: Whitty29 ($101.96 in chips)
Seat 3: vestimokrec ($168.91 in chips)
vestimokrec: posts small blind $1
Whitty29: posts big blind $3
*** HOLE CARDS ***
vestimokrec: raises $3 to $6
Whitty29: raises $3 to $9
vestimokrec: calls $3
*** FLOP *** [8s Qh 4h]
Whitty29: bets $3
vestimokrec: calls $3
*** TURN *** [8s Qh 4h] [7c]
Whitty29: bets $6
vestimokrec: raises $6 to $12
Whitty29: folds
Uncalled bet ($6) returned to vestimokrec
vestimokrec collected $35.50 from pot
vestimokrec: doesn't show hand
*** SUMMARY ***
Total pot $36 | Rake $0.50
Board [8s Qh 4h 7c]
Seat 1: Whitty29 (big blind) folded on the Turn
Seat 3: vestimokrec (button) (small blind) collected ($35.50)


PokerStars Hand #166961739864:  Hold'em Limit ($3/$6 USD) - 2017/03/01 14:08:53 ET
Table 'Capek' 10-max Seat #1 is the button
Seat 1: Whitty29 ($83.96 in chips)
Seat 3: vestimokrec ($186.41 in chips)
Whitty29: posts small blind $1
vestimokrec: posts big blind $3
*** HOLE CARDS ***
Whitty29: calls $2
vestimokrec: raises $3 to $6
Whitty29: calls $3
*** FLOP *** [3h Tc 8h]
vestimokrec: bets $3
Whitty29: calls $3
*** TURN *** [3h Tc 8h] [Qs]
vestimokrec: checks
Whitty29: checks
*** RIVER *** [3h Tc 8h Qs] [Qc]
vestimokrec: checks
Whitty29: checks
*** SHOW DOWN ***
vestimokrec: shows [7d Ac] (a pair of Queens)
Whitty29: shows [3d As] (two pair, Queens and Threes)
Whitty29 collected $17.64 from pot
*** SUMMARY ***
Total pot $18 | Rake $0.36
Board [3h Tc 8h Qs Qc]
Seat 1: Whitty29 (button) (small blind) showed [3d As] and won ($17.64) with two pair, Queens and Threes
Seat 3: vestimokrec (big blind) showed [7d Ac] and lost with a pair of Queens


PokerStars Hand #166961758550:  Hold'em Limit ($3/$6 USD) - 2017/03/01 14:09:14 ET
Table 'Capek' 10-max Seat #3 is the button
Seat 1: Whitty29 ($92.60 in chips)
Seat 3: vestimokrec ($177.41 in chips)
vestimokrec: posts small blind $1
Whitty29: posts big blind $3
*** HOLE CARDS ***
nimzon joins the table at seat #4
Apanage joins the table at seat #2
vestimokrec: raises $3 to $6
Whitty29: calls $3
*** FLOP *** [2c Kd 5h]
Whitty29: checks
nimzon leaves the table
vestimokrec: checks
*** TURN *** [2c Kd 5h] [Kh]
Whitty29: checks
vestimokrec: bets $6
Whitty29: folds
Uncalled bet ($6) returned to vestimokrec
vestimokrec collected $11.76 from pot
vestimokrec: doesn't show hand
*** SUMMARY ***
Total pot $12 | Rake $0.24
Board [2c Kd 5h Kh]
Seat 1: Whitty29 (big blind) folded on the Turn
Seat 3: vestimokrec (button) (small blind) collected ($11.76)


PokerStars Hand #166962002956:  Hold'em Limit ($3/$6 USD) - 2017/03/01 14:13:45 ET
Table 'Capek' 10-max Seat #2 is the button
Seat 2: Apanage ($79 in chips)
Seat 3: vestimokrec ($224.24 in chips)
Apanage: posts small blind $1
vestimokrec: posts big blind $3
*** HOLE CARDS ***
Apanage: raises $3 to $6
vestimokrec: calls $3
*** FLOP *** [6s 2h Kh]
vestimokrec: checks
Apanage: bets $3
vestimokrec: calls $3
*** TURN *** [6s 2h Kh] [9d]
vestimokrec: checks
Apanage: checks
*** RIVER *** [6s 2h Kh 9d] [8s]
vestimokrec: bets $6
Apanage: folds
Uncalled bet ($6) returned to vestimokrec
vestimokrec collected $17.64 from pot
vestimokrec: doesn't show hand
*** SUMMARY ***
Total pot $18 | Rake $0.36
Board [6s 2h Kh 9d 8s]
Seat 2: Apanage (button) (small blind) folded on the River
Seat 3: vestimokrec (big blind) collected ($17.64)


