PokerStars Hand #158210246825:  Hold'em Limit ($3/$6 USD) - 2016/09/05 16:30:07 ET
Table 'Capella' 6-max Seat #1 is the button
Seat 1: Wurst2000 ($125 in chips)
Seat 6: manly70 ($138.78 in chips)
Wurst2000: posts small blind $1
manly70: posts big blind $3
*** HOLE CARDS ***
Wurst2000: raises $3 to $6
manly70: calls $3
*** FLOP *** [6h 3d 4s]
manly70: checks
Wurst2000: bets $3
manly70: calls $3
*** TURN *** [6h 3d 4s] [2d]
manly70: checks
Wurst2000: checks
*** RIVER *** [6h 3d 4s 2d] [Td]
manly70: checks
Wurst2000: checks
*** SHOW DOWN ***
manly70: shows [Js Kc] (high card King)
Wurst2000: shows [Kh 3h] (a pair of Threes)
Wurst2000 collected $17.64 from pot
*** SUMMARY ***
Total pot $18 | Rake $0.36
Board [6h 3d 4s 2d Td]
Seat 1: Wurst2000 (button) (small blind) showed [Kh 3h] and won ($17.64) with a pair of Threes
Seat 6: manly70 (big blind) showed [Js Kc] and lost with high card King


PokerStars Hand #158210286833:  Hold'em Limit ($3/$6 USD) - 2016/09/05 16:30:51 ET
Table 'Capella' 6-max Seat #1 is the button
Seat 1: Wurst2000 ($154.14 in chips)
Seat 6: manly70 ($108.78 in chips)
Wurst2000: posts small blind $1
manly70: posts big blind $3
*** HOLE CARDS ***
Wurst2000: raises $3 to $6
manly70: calls $3
*** FLOP *** [2s Td Qh]
manly70: checks
Wurst2000: bets $3
manly70: folds
Uncalled bet ($3) returned to Wurst2000
Wurst2000 collected $11.76 from pot
Wurst2000: doesn't show hand
*** SUMMARY ***
Total pot $12 | Rake $0.24
Board [2s Td Qh]
Seat 1: Wurst2000 (button) (small blind) collected ($11.76)
Seat 6: manly70 (big blind) folded on the Flop


PokerStars Hand #158210266466:  Hold'em Limit ($3/$6 USD) - 2016/09/05 16:30:29 ET
Table 'Capella' 6-max Seat #6 is the button
Seat 1: Wurst2000 ($133.64 in chips)
Seat 6: manly70 ($129.78 in chips)
manly70: posts small blind $1
Wurst2000: posts big blind $3
*** HOLE CARDS ***
manly70: raises $3 to $6
Wurst2000: calls $3
*** FLOP *** [Kd 7s 6h]
Wurst2000: checks
manly70: bets $3
Wurst2000: calls $3
*** TURN *** [Kd 7s 6h] [Qd]
Wurst2000: checks
manly70: bets $6
Wurst2000: raises $6 to $12
manly70: calls $6
*** RIVER *** [Kd 7s 6h Qd] [3h]
Wurst2000: bets $6
manly70: folds
Uncalled bet ($6) returned to Wurst2000
Wurst2000 collected $41.50 from pot
Wurst2000: doesn't show hand
*** SUMMARY ***
Total pot $42 | Rake $0.50
Board [Kd 7s 6h Qd 3h]
Seat 1: Wurst2000 (big blind) collected ($41.50)
Seat 6: manly70 (button) (small blind) folded on the River


PokerStars Hand #158210345655:  Hold'em Limit ($3/$6 USD) - 2016/09/05 16:31:56 ET
Table 'Capella' 6-max Seat #6 is the button
Seat 1: Wurst2000 ($180.06 in chips)
Seat 6: manly70 ($81.78 in chips)
manly70: posts small blind $1
Wurst2000: posts big blind $3
*** HOLE CARDS ***
ToDaFelt joins the table at seat #2
manly70: folds
Uncalled bet ($2) returned to Wurst2000
Wurst2000 collected $2 from pot
Wurst2000: doesn't show hand
*** SUMMARY ***
Total pot $2 | Rake $0
Seat 1: Wurst2000 (big blind) collected ($2)
Seat 6: manly70 (button) (small blind) folded before Flop


PokerStars Hand #158210329399:  Hold'em Limit ($3/$6 USD) - 2016/09/05 16:31:38 ET
Table 'Capella' 6-max Seat #1 is the button
Seat 1: Wurst2000 ($171.42 in chips)
Seat 6: manly70 ($90.78 in chips)
Wurst2000: posts small blind $1
manly70: posts big blind $3
*** HOLE CARDS ***
Wurst2000: raises $3 to $6
LordBorzi II joins the table at seat #5
manly70: calls $3
*** FLOP *** [Tc Kc 6d]
manly70: checks
Wurst2000: bets $3
manly70: calls $3
*** TURN *** [Tc Kc 6d] [8c]
manly70: checks
Wurst2000: checks
*** RIVER *** [Tc Kc 6d 8c] [5c]
manly70: checks
Wurst2000: checks
*** SHOW DOWN ***
manly70: shows [7d As] (high card Ace)
Wurst2000: shows [7s 7h] (a pair of Sevens)
Wurst2000 collected $17.64 from pot
*** SUMMARY ***
Total pot $18 | Rake $0.36
Board [Tc Kc 6d 8c 5c]
Seat 1: Wurst2000 (button) (small blind) showed [7s 7h] and won ($17.64) with a pair of Sevens
Seat 6: manly70 (big blind) showed [7d As] and lost with high card Ace


PokerStars Hand #158210299351:  Hold'em Limit ($3/$6 USD) - 2016/09/05 16:31:05 ET
Table 'Capella' 6-max Seat #6 is the button
Seat 1: Wurst2000 ($159.90 in chips)
Seat 6: manly70 ($102.78 in chips)
manly70: posts small blind $1
Wurst2000: posts big blind $3
*** HOLE CARDS ***
manly70: raises $3 to $6
Wurst2000: raises $3 to $9
manly70: calls $3
*** FLOP *** [2c Td 2d]
Wurst2000: bets $3
manly70: calls $3
*** TURN *** [2c Td 2d] [Qs]
Wurst2000: bets $6
manly70: folds
Uncalled bet ($6) returned to Wurst2000
Wurst2000 collected $23.52 from pot
Wurst2000: doesn't show hand
*** SUMMARY ***
Total pot $24 | Rake $0.48
Board [2c Td 2d Qs]
Seat 1: Wurst2000 (big blind) collected ($23.52)
Seat 6: manly70 (button) (small blind) folded on the Turn


PokerStars Hand #158210955929:  Hold'em Limit ($3/$6 USD) - 2016/09/05 16:43:06 ET
Table 'Capella' 6-max Seat #6 is the button
Seat 1: Wurst2000 ($177.50 in chips)
Seat 6: manly70 ($10.91 in chips)
manly70: posts small blind $1
Wurst2000: posts big blind $3
*** HOLE CARDS ***
manly70: raises $3 to $6
Wurst2000: folds
Uncalled bet ($3) returned to manly70
manly70 collected $6 from pot
*** SUMMARY ***
Total pot $6 | Rake $0
Seat 1: Wurst2000 (big blind) folded before Flop
Seat 6: manly70 (button) (small blind) collected ($6)


PokerStars Hand #158210975175:  Hold'em Limit ($3/$6 USD) - 2016/09/05 16:43:28 ET
Table 'Capella' 6-max Seat #6 is the button
Seat 1: Wurst2000 ($180.26 in chips)
Seat 6: manly70 ($7.91 in chips)
manly70: posts small blind $1
Wurst2000: posts big blind $3
*** HOLE CARDS ***
manly70: folds
Uncalled bet ($2) returned to Wurst2000
Wurst2000 collected $2 from pot
Wurst2000: doesn't show hand
*** SUMMARY ***
Total pot $2 | Rake $0
Seat 1: Wurst2000 (big blind) collected ($2)
Seat 6: manly70 (button) (small blind) folded before Flop


PokerStars Hand #158210963104:  Hold'em Limit ($3/$6 USD) - 2016/09/05 16:43:15 ET
Table 'Capella' 6-max Seat #1 is the button
Seat 1: Wurst2000 ($174.50 in chips)
Seat 6: manly70 ($13.91 in chips)
Wurst2000: posts small blind $1
manly70: posts big blind $3
*** HOLE CARDS ***
Wurst2000: raises $3 to $6
manly70: calls $3
*** FLOP *** [Ts 8s 8d]
manly70: checks
Wurst2000: bets $3
manly70: folds
Uncalled bet ($3) returned to Wurst2000
Wurst2000 collected $11.76 from pot
Wurst2000: doesn't show hand
*** SUMMARY ***
Total pot $12 | Rake $0.24
Board [Ts 8s 8d]
Seat 1: Wurst2000 (button) (small blind) collected ($11.76)
Seat 6: manly70 (big blind) folded on the Flop


PokerStars Hand #158210924885:  Hold'em Limit ($3/$6 USD) - 2016/09/05 16:42:31 ET
Table 'Capella' 6-max Seat #1 is the button
Seat 1: Wurst2000 ($168.86 in chips)
Seat 6: manly70 ($19.91 in chips)
Wurst2000: posts small blind $1
ToDaFelt: is sitting out
I M GOIN OFF: is sitting out
manly70: posts big blind $3
*** HOLE CARDS ***
ToDaFelt leaves the table
Wurst2000: raises $3 to $6
manly70: folds
Uncalled bet ($3) returned to Wurst2000
Wurst2000 collected $6 from pot
Wurst2000: doesn't show hand
*** SUMMARY ***
Total pot $6 | Rake $0
Seat 1: Wurst2000 (button) (small blind) collected ($6)
Seat 6: manly70 (big blind) folded before Flop


PokerStars Hand #158210931329:  Hold'em Limit ($3/$6 USD) - 2016/09/05 16:42:38 ET
Table 'Capella' 6-max Seat #6 is the button
Seat 1: Wurst2000 ($171.86 in chips)
Seat 6: manly70 ($16.91 in chips)
manly70: posts small blind $1
Wurst2000: posts big blind $3
*** HOLE CARDS ***
manly70: raises $3 to $6
Wurst2000: folds
Uncalled bet ($3) returned to manly70
manly70 collected $6 from pot
I M GOIN OFF leaves the table
*** SUMMARY ***
Total pot $6 | Rake $0
Seat 1: Wurst2000 (big blind) folded before Flop
Seat 6: manly70 (button) (small blind) collected ($6)


PokerStars Hand #158210939611:  Hold'em Limit ($3/$6 USD) - 2016/09/05 16:42:48 ET
Table 'Capella' 6-max Seat #1 is the button
Seat 1: Wurst2000 ($168.86 in chips)
Seat 6: manly70 ($19.91 in chips)
Wurst2000: posts small blind $1
manly70: posts big blind $3
*** HOLE CARDS ***
Wurst2000: raises $3 to $6
manly70: calls $3
*** FLOP *** [Ac 2d Kh]
manly70: checks
Wurst2000: bets $3
manly70: calls $3
*** TURN *** [Ac 2d Kh] [Js]
manly70: checks
Wurst2000: checks
*** RIVER *** [Ac 2d Kh Js] [7d]
manly70: checks
Wurst2000: checks
*** SHOW DOWN ***
manly70: shows [4c 5c] (high card Ace)
Wurst2000: shows [Ts 8c] (high card Ace - King+Jack+Ten kicker)
Wurst2000 collected $17.64 from pot
*** SUMMARY ***
Total pot $18 | Rake $0.36
Board [Ac 2d Kh Js 7d]
Seat 1: Wurst2000 (button) (small blind) showed [Ts 8c] and won ($17.64) with high card Ace
Seat 6: manly70 (big blind) showed [4c 5c] and lost with high card Ace


PokerStars Hand #158211008712:  Hold'em Limit ($3/$6 USD) - 2016/09/05 16:44:06 ET
Table 'Capella' 6-max Seat #6 is the button
Seat 1: Wurst2000 ($175.35 in chips)
Seat 6: manly70 ($12.50 in chips)
manly70: posts small blind $1
Wurst2000: posts big blind $3
*** HOLE CARDS ***
manly70: raises $3 to $6
Wurst2000: raises $3 to $9
manly70: raises $3 to $12
Betting is capped
Wurst2000: calls $3
*** FLOP *** [Qs 7s 7c]
Wurst2000: bets $3
manly70: calls $0.50 and is all-in
Uncalled bet ($2.50) returned to Wurst2000
*** TURN *** [Qs 7s 7c] [Kh]
*** RIVER *** [Qs 7s 7c Kh] [6s]
*** SHOW DOWN ***
Wurst2000: shows [Ah 4s] (a pair of Sevens)
manly70: shows [2s 2c] (two pair, Sevens and Deuces)
manly70 collected $24.50 from pot
*** SUMMARY ***
Total pot $25 | Rake $0.50
Board [Qs 7s 7c Kh 6s]
Seat 1: Wurst2000 (big blind) showed [Ah 4s] and lost with a pair of Sevens
Seat 6: manly70 (button) (small blind) showed [2s 2c] and won ($24.50) with two pair, Sevens and Deuces


PokerStars Hand #158210980387:  Hold'em Limit ($3/$6 USD) - 2016/09/05 16:43:34 ET
Table 'Capella' 6-max Seat #1 is the button
Seat 1: Wurst2000 ($181.26 in chips)
Seat 6: manly70 ($6.91 in chips)
Wurst2000: posts small blind $1
manly70: posts big blind $3
*** HOLE CARDS ***
Wurst2000: folds
Uncalled bet ($2) returned to manly70
manly70 collected $2 from pot
*** SUMMARY ***
Total pot $2 | Rake $0
Seat 1: Wurst2000 (button) (small blind) folded before Flop
Seat 6: manly70 (big blind) collected ($2)


PokerStars Hand #158211001182:  Hold'em Limit ($3/$6 USD) - 2016/09/05 16:43:58 ET
Table 'Capella' 6-max Seat #1 is the button
Seat 1: Wurst2000 ($172.35 in chips)
Seat 6: manly70 ($15.50 in chips)
Wurst2000: posts small blind $1
manly70: posts big blind $3
*** HOLE CARDS ***
Wurst2000: raises $3 to $6
manly70: folds
Uncalled bet ($3) returned to Wurst2000
Wurst2000 collected $6 from pot
Wurst2000: doesn't show hand
*** SUMMARY ***
Total pot $6 | Rake $0
Seat 1: Wurst2000 (button) (small blind) collected ($6)
Seat 6: manly70 (big blind) folded before Flop


PokerStars Hand #158210986964:  Hold'em Limit ($3/$6 USD) - 2016/09/05 16:43:42 ET
Table 'Capella' 6-max Seat #6 is the button
Seat 1: Wurst2000 ($180.26 in chips)
Seat 6: manly70 ($7.91 in chips)
manly70: posts small blind $1
Wurst2000: posts big blind $3
*** HOLE CARDS ***
manly70: raises $3 to $6
Wurst2000: calls $3
*** FLOP *** [Qh 6d 3s]
Wurst2000: checks
manly70: bets $1.91 and is all-in
Wurst2000: calls $1.91
*** TURN *** [Qh 6d 3s] [Ad]
*** RIVER *** [Qh 6d 3s Ad] [8s]
*** SHOW DOWN ***
Wurst2000: shows [Ts 5c] (high card Ace)
manly70: shows [Ks As] (a pair of Aces)
manly70 collected $15.50 from pot
*** SUMMARY ***
Total pot $15.82 | Rake $0.32
Board [Qh 6d 3s Ad 8s]
Seat 1: Wurst2000 (big blind) showed [Ts 5c] and lost with high card Ace
Seat 6: manly70 (button) (small blind) showed [Ks As] and won ($15.50) with a pair of Aces


PokerStars Hand #158211063084:  Hold'em Limit ($3/$6 USD) - 2016/09/05 16:45:07 ET
Table 'Capella' 6-max Seat #6 is the button
Seat 1: Wurst2000 ($172.61 in chips)
Seat 6: manly70 ($14.50 in chips)
manly70: posts small blind $1
Wurst2000: posts big blind $3
*** HOLE CARDS ***
manly70: raises $3 to $6
Wurst2000: calls $3
*** FLOP *** [8d 3c 2c]
Wurst2000: checks
manly70: checks
*** TURN *** [8d 3c 2c] [Jh]
Wurst2000: checks
manly70: checks
*** RIVER *** [8d 3c 2c Jh] [As]
Wurst2000: checks
manly70: checks
*** SHOW DOWN ***
Wurst2000: shows [6h Kd] (high card Ace)
manly70: mucks hand
Wurst2000 collected $11.76 from pot
*** SUMMARY ***
Total pot $12 | Rake $0.24
Board [8d 3c 2c Jh As]
Seat 1: Wurst2000 (big blind) showed [6h Kd] and won ($11.76) with high card Ace
Seat 6: manly70 (button) (small blind) mucked


PokerStars Hand #158211036449:  Hold'em Limit ($3/$6 USD) - 2016/09/05 16:44:37 ET
Table 'Capella' 6-max Seat #6 is the button
Seat 1: Wurst2000 ($168.61 in chips)
Seat 6: manly70 ($18.50 in chips)
manly70: posts small blind $1
Wurst2000: posts big blind $3
*** HOLE CARDS ***
manly70: folds
Uncalled bet ($2) returned to Wurst2000
Wurst2000 collected $2 from pot
Wurst2000: doesn't show hand
*** SUMMARY ***
Total pot $2 | Rake $0
Seat 1: Wurst2000 (big blind) collected ($2)
Seat 6: manly70 (button) (small blind) folded before Flop


PokerStars Hand #158211026199:  Hold'em Limit ($3/$6 USD) - 2016/09/05 16:44:26 ET
Table 'Capella' 6-max Seat #1 is the button
Seat 1: Wurst2000 ($162.85 in chips)
Seat 6: manly70 ($24.50 in chips)
Wurst2000: posts small blind $1
manly70: posts big blind $3
*** HOLE CARDS ***
Wurst2000: raises $3 to $6
manly70: calls $3
*** FLOP *** [4h Ad Ah]
manly70: checks
Wurst2000: bets $3
manly70: folds
Uncalled bet ($3) returned to Wurst2000
Wurst2000 collected $11.76 from pot
Wurst2000: doesn't show hand
*** SUMMARY ***
Total pot $12 | Rake $0.24
Board [4h Ad Ah]
Seat 1: Wurst2000 (button) (small blind) collected ($11.76)
Seat 6: manly70 (big blind) folded on the Flop


PokerStars Hand #158211044631:  Hold'em Limit ($3/$6 USD) - 2016/09/05 16:44:47 ET
Table 'Capella' 6-max Seat #1 is the button
Seat 1: Wurst2000 ($169.61 in chips)
Seat 6: manly70 ($17.50 in chips)
Wurst2000: posts small blind $1
manly70: posts big blind $3
*** HOLE CARDS ***
Wurst2000: raises $3 to $6
manly70: folds
Uncalled bet ($3) returned to Wurst2000
Wurst2000 collected $6 from pot
Wurst2000: doesn't show hand
*** SUMMARY ***
Total pot $6 | Rake $0
Seat 1: Wurst2000 (button) (small blind) collected ($6)
Seat 6: manly70 (big blind) folded before Flop


PokerStars Hand #158211056568:  Hold'em Limit ($3/$6 USD) - 2016/09/05 16:45:00 ET
Table 'Capella' 6-max Seat #1 is the button
Seat 1: Wurst2000 ($169.61 in chips)
Seat 6: manly70 ($17.50 in chips)
Wurst2000: posts small blind $1
manly70: posts big blind $3
*** HOLE CARDS ***
Wurst2000: raises $3 to $6
manly70: folds
Uncalled bet ($3) returned to Wurst2000
Wurst2000 collected $6 from pot
Wurst2000: doesn't show hand
*** SUMMARY ***
Total pot $6 | Rake $0
Seat 1: Wurst2000 (button) (small blind) collected ($6)
Seat 6: manly70 (big blind) folded before Flop


PokerStars Hand #158211051605:  Hold'em Limit ($3/$6 USD) - 2016/09/05 16:44:54 ET
Table 'Capella' 6-max Seat #6 is the button
Seat 1: Wurst2000 ($172.61 in chips)
Seat 6: manly70 ($14.50 in chips)
manly70: posts small blind $1
Wurst2000: posts big blind $3
*** HOLE CARDS ***
manly70: raises $3 to $6
Wurst2000: folds
Uncalled bet ($3) returned to manly70
manly70 collected $6 from pot
*** SUMMARY ***
Total pot $6 | Rake $0
Seat 1: Wurst2000 (big blind) folded before Flop
Seat 6: manly70 (button) (small blind) collected ($6)


PokerStars Hand #158211117664:  Hold'em Limit ($3/$6 USD) - 2016/09/05 16:46:09 ET
Table 'Capella' 6-max Seat #6 is the button
Seat 1: Wurst2000 ($181.51 in chips)
Seat 6: manly70 ($4.66 in chips)
manly70: posts small blind $1
Wurst2000: posts big blind $3
*** HOLE CARDS ***
manly70: folds
Uncalled bet ($2) returned to Wurst2000
Wurst2000 collected $2 from pot
Wurst2000: doesn't show hand
*** SUMMARY ***
Total pot $2 | Rake $0
Seat 1: Wurst2000 (big blind) collected ($2)
Seat 6: manly70 (button) (small blind) folded before Flop


PokerStars Hand #158211112039:  Hold'em Limit ($3/$6 USD) - 2016/09/05 16:46:02 ET
Table 'Capella' 6-max Seat #1 is the button
Seat 1: Wurst2000 ($178.51 in chips)
Seat 6: manly70 ($7.66 in chips)
Wurst2000: posts small blind $1
manly70: posts big blind $3
*** HOLE CARDS ***
Wurst2000: raises $3 to $6
manly70: folds
Uncalled bet ($3) returned to Wurst2000
Wurst2000 collected $6 from pot
Wurst2000: doesn't show hand
*** SUMMARY ***
Total pot $6 | Rake $0
Seat 1: Wurst2000 (button) (small blind) collected ($6)
Seat 6: manly70 (big blind) folded before Flop


PokerStars Hand #158211138173:  Hold'em Limit ($3/$6 USD) - 2016/09/05 16:46:32 ET
Table 'Capella' 6-max Seat #6 is the button
Seat 1: Wurst2000 ($178.85 in chips)
Seat 6: manly70 ($7.17 in chips)
manly70: posts small blind $1
Wurst2000: posts big blind $3
*** HOLE CARDS ***
manly70: folds
Uncalled bet ($2) returned to Wurst2000
Wurst2000 collected $2 from pot
Wurst2000: doesn't show hand
*** SUMMARY ***
Total pot $2 | Rake $0
Seat 1: Wurst2000 (big blind) collected ($2)
Seat 6: manly70 (button) (small blind) folded before Flop


PokerStars Hand #158211122888:  Hold'em Limit ($3/$6 USD) - 2016/09/05 16:46:15 ET
Table 'Capella' 6-max Seat #1 is the button
Seat 1: Wurst2000 ($182.51 in chips)
Seat 6: manly70 ($3.66 in chips)
Wurst2000: posts small blind $1
manly70: posts big blind $3
*** HOLE CARDS ***
Wurst2000: raises $3 to $6
manly70: calls $0.66 and is all-in
Uncalled bet ($2.34) returned to Wurst2000
*** FLOP *** [Qc 6c 7s]
*** TURN *** [Qc 6c 7s] [2h]
*** RIVER *** [Qc 6c 7s 2h] [8c]
*** SHOW DOWN ***
manly70: shows [5c Jc] (a flush, Queen high)
Wurst2000: shows [Th 4c] (high card Queen)
manly70 collected $7.17 from pot
jestanie joins the table at seat #3
*** SUMMARY ***
Total pot $7.32 | Rake $0.15
Board [Qc 6c 7s 2h 8c]
Seat 1: Wurst2000 (button) (small blind) showed [Th 4c] and lost with high card Queen
Seat 6: manly70 (big blind) showed [5c Jc] and won ($7.17) with a flush, Queen high


PokerStars Hand #158211079220:  Hold'em Limit ($3/$6 USD) - 2016/09/05 16:45:26 ET
Table 'Capella' 6-max Seat #1 is the button
Seat 1: Wurst2000 ($178.37 in chips)
Seat 6: manly70 ($8.50 in chips)
Wurst2000: posts small blind $1
manly70: posts big blind $3
*** HOLE CARDS ***
Wurst2000: raises $3 to $6
manly70: calls $3
*** FLOP *** [Qd 6h 5s]
manly70: checks
Wurst2000: bets $3
manly70: calls $2.50 and is all-in
Uncalled bet ($0.50) returned to Wurst2000
*** TURN *** [Qd 6h 5s] [9s]
*** RIVER *** [Qd 6h 5s 9s] [2d]
*** SHOW DOWN ***
manly70: shows [5d 4d] (a pair of Fives)
Wurst2000: shows [7d Jh] (high card Queen)
manly70 collected $16.66 from pot
*** SUMMARY ***
Total pot $17 | Rake $0.34
Board [Qd 6h 5s 9s 2d]
Seat 1: Wurst2000 (button) (small blind) showed [7d Jh] and lost with high card Queen
Seat 6: manly70 (big blind) showed [5d 4d] and won ($16.66) with a pair of Fives


PokerStars Hand #158211094274:  Hold'em Limit ($3/$6 USD) - 2016/09/05 16:45:42 ET
Table 'Capella' 6-max Seat #6 is the button
Seat 1: Wurst2000 ($169.87 in chips)
Seat 6: manly70 ($16.66 in chips)
manly70: posts small blind $1
Wurst2000: posts big blind $3
*** HOLE CARDS ***
manly70: raises $3 to $6
Wurst2000: raises $3 to $9
manly70: calls $3
*** FLOP *** [Qd 3d 4h]
Wurst2000: bets $3
manly70: folds
Uncalled bet ($3) returned to Wurst2000
Wurst2000 collected $17.64 from pot
Wurst2000: doesn't show hand
*** SUMMARY ***
Total pot $18 | Rake $0.36
Board [Qd 3d 4h]
Seat 1: Wurst2000 (big blind) collected ($17.64)
Seat 6: manly70 (button) (small blind) folded on the Flop


PokerStars Hand #158216656083:  Hold'em Limit ($3/$6 USD) - 2016/09/05 18:39:14 ET
Table 'Capella' 6-max Seat #1 is the button
Seat 1: Wurst2000 ($38 in chips)
Seat 6: manly70 ($140.75 in chips)
Wurst2000: posts small blind $1
ToDaFelt joins the table at seat #2
manly70: posts big blind $3
*** HOLE CARDS ***
Wurst2000: folds
Uncalled bet ($2) returned to manly70
manly70 collected $2 from pot
*** SUMMARY ***
Total pot $2 | Rake $0
Seat 1: Wurst2000 (button) (small blind) folded before Flop
Seat 6: manly70 (big blind) collected ($2)


PokerStars Hand #158216659306:  Hold'em Limit ($3/$6 USD) - 2016/09/05 18:39:19 ET
Table 'Capella' 6-max Seat #6 is the button
Seat 1: Wurst2000 ($37 in chips)
Seat 6: manly70 ($141.75 in chips)
manly70: posts small blind $1
Wurst2000: posts big blind $3
*** HOLE CARDS ***
manly70: raises $3 to $6
Wurst2000: calls $3
*** FLOP *** [Qs Kc Ts]
Wurst2000: bets $3
manly70: raises $3 to $6
Wurst2000: calls $3
*** TURN *** [Qs Kc Ts] [3h]
Wurst2000: checks
manly70: bets $6
Wurst2000: raises $6 to $12
manly70: calls $6
*** RIVER *** [Qs Kc Ts 3h] [4s]
Wurst2000: bets $6
manly70: calls $6
*** SHOW DOWN ***
Wurst2000: shows [3s Qd] (two pair, Queens and Threes)
manly70: shows [Qh Qc] (three of a kind, Queens)
manly70 collected $59.50 from pot
*** SUMMARY ***
Total pot $60 | Rake $0.50
Board [Qs Kc Ts 3h 4s]
Seat 1: Wurst2000 (big blind) showed [3s Qd] and lost with two pair, Queens and Threes
Seat 6: manly70 (button) (small blind) showed [Qh Qc] and won ($59.50) with three of a kind, Queens


PokerStars Hand #158218201421:  Hold'em Limit ($3/$6 USD) - 2016/09/05 19:20:21 ET
Table 'Capella' 6-max Seat #3 is the button
Seat 2: ToDaFelt ($329.27 in chips)
Seat 3: knas4 ($166.49 in chips)
knas4: posts small blind $1
vestimokrec: is sitting out
ToDaFelt: posts big blind $3
*** HOLE CARDS ***
knas4: calls $2
ToDaFelt: raises $3 to $6
knas4: calls $3
*** FLOP *** [Jd 3h Th]
ToDaFelt: bets $3
knas4: folds
Uncalled bet ($3) returned to ToDaFelt
ToDaFelt collected $11.76 from pot
ToDaFelt: doesn't show hand
*** SUMMARY ***
Total pot $12 | Rake $0.24
Board [Jd 3h Th]
Seat 2: ToDaFelt (big blind) collected ($11.76)
Seat 3: knas4 (button) (small blind) folded on the Flop


