PokerStars Hand #171774177572:  Hold'em Limit ($3/$6 USD) - 2017/06/14 14:58:52 ET
Table 'Capek' 6-max Seat #4 is the button
Seat 3: ROCK2010 ($125.76 in chips)
Seat 4: TbIP-TbIP 88 ($72 in chips)
TbIP-TbIP 88: posts small blind $1
ROCK2010: posts big blind $3
*** HOLE CARDS ***
TbIP-TbIP 88: raises $3 to $6
ROCK2010: folds
Uncalled bet ($3) returned to TbIP-TbIP 88
TbIP-TbIP 88 collected $6 from pot
TbIP-TbIP 88: doesn't show hand
*** SUMMARY ***
Total pot $6 | Rake $0
Seat 3: ROCK2010 (big blind) folded before Flop
Seat 4: TbIP-TbIP 88 (button) (small blind) collected ($6)


PokerStars Hand #171774167091:  Hold'em Limit ($3/$6 USD) - 2017/06/14 14:58:35 ET
Table 'Capek' 6-max Seat #3 is the button
Seat 3: ROCK2010 ($120 in chips)
Seat 4: TbIP-TbIP 88 ($72 in chips)
ROCK2010: posts small blind $1
TbIP-TbIP 88: posts big blind $3
*** HOLE CARDS ***
ROCK2010: calls $2
TbIP-TbIP 88: checks
*** FLOP *** [Kd 9h Kh]
TbIP-TbIP 88: bets $3
ROCK2010: raises $3 to $6
TbIP-TbIP 88: folds
Uncalled bet ($3) returned to ROCK2010
ROCK2010 collected $11.76 from pot
ROCK2010: doesn't show hand
*** SUMMARY ***
Total pot $12 | Rake $0.24
Board [Kd 9h Kh]
Seat 3: ROCK2010 (button) (small blind) collected ($11.76)
Seat 4: TbIP-TbIP 88 (big blind) folded on the Flop


PokerStars Hand #171774222930:  Hold'em Limit ($3/$6 USD) - 2017/06/14 15:00:04 ET
Table 'Capek' 6-max Seat #5 is the button
Seat 3: ROCK2010 ($185.28 in chips)
Seat 5: belik555 ($90 in chips)
belik555: posts small blind $1
ROCK2010: posts big blind $3
miezemuis joins the table at seat #2
*** HOLE CARDS ***
belik555: raises $3 to $6
ROCK2010: folds
Uncalled bet ($3) returned to belik555
belik555 collected $6 from pot
belik555: doesn't show hand
*** SUMMARY ***
Total pot $6 | Rake $0
Seat 3: ROCK2010 (big blind) folded before Flop
Seat 5: belik555 (button) (small blind) collected ($6)


PokerStars Hand #171774203720:  Hold'em Limit ($3/$6 USD) - 2017/06/14 14:59:33 ET
Table 'Capek' 6-max Seat #3 is the button
Seat 3: ROCK2010 ($173.76 in chips)
Seat 5: belik555 ($94 in chips)
ROCK2010: posts small blind $1
TbIP-TbIP 88: is sitting out
belik555: posts big blind $3
*** HOLE CARDS ***
ROCK2010: calls $2
belik555: raises $3 to $6
ROCK2010: calls $3
*** FLOP *** [Ts 3h 7d]
belik555: checks
ROCK2010: checks
*** TURN *** [Ts 3h 7d] [6c]
TbIP-TbIP 88 leaves the table
belik555: checks
ROCK2010: checks
*** RIVER *** [Ts 3h 7d 6c] [Ah]
belik555: checks
ROCK2010: bets $6
belik555: calls $6
*** SHOW DOWN ***
ROCK2010: shows [9h Qd] (high card Ace)
belik555: mucks hand
ROCK2010 collected $23.52 from pot
*** SUMMARY ***
Total pot $24 | Rake $0.48
Board [Ts 3h 7d 6c Ah]
Seat 3: ROCK2010 (button) (small blind) showed [9h Qd] and won ($23.52) with high card Ace
Seat 5: belik555 (big blind) mucked


PokerStars Hand #171774181130:  Hold'em Limit ($3/$6 USD) - 2017/06/14 14:58:57 ET
Table 'Capek' 6-max Seat #3 is the button
Seat 3: ROCK2010 ($122.76 in chips)
Seat 4: TbIP-TbIP 88 ($75 in chips)
ROCK2010: posts small blind $1
TbIP-TbIP 88: posts big blind $3
*** HOLE CARDS ***
ROCK2010: raises $3 to $6
belik555 joins the table at seat #5
TbIP-TbIP 88: calls $3
*** FLOP *** [8s 7s Qs]
TbIP-TbIP 88: bets $3
ROCK2010: folds
Uncalled bet ($3) returned to TbIP-TbIP 88
TbIP-TbIP 88 collected $11.76 from pot
TbIP-TbIP 88: doesn't show hand
*** SUMMARY ***
Total pot $12 | Rake $0.24
Board [8s 7s Qs]
Seat 3: ROCK2010 (button) (small blind) folded on the Flop
Seat 4: TbIP-TbIP 88 (big blind) collected ($11.76)


PokerStars Hand #171774262050:  Hold'em Limit ($3/$6 USD) - 2017/06/14 15:01:00 ET
Table 'Capek' 6-max Seat #5 is the button
Seat 3: ROCK2010 ($280.68 in chips)
Seat 5: belik555 ($94 in chips)
vestimokrec will be allowed to play after the button
belik555: posts small blind $1
ROCK2010: posts big blind $3
*** HOLE CARDS ***
belik555: raises $3 to $6
ROCK2010: folds
Uncalled bet ($3) returned to belik555
belik555 collected $6 from pot
belik555: doesn't show hand
*** SUMMARY ***
Total pot $6 | Rake $0
Seat 3: ROCK2010 (big blind) folded before Flop
Seat 5: belik555 (button) (small blind) collected ($6)


PokerStars Hand #171774227544:  Hold'em Limit ($3/$6 USD) - 2017/06/14 15:00:11 ET
Table 'Capek' 6-max Seat #3 is the button
Seat 3: ROCK2010 ($182.28 in chips)
Seat 5: belik555 ($93 in chips)
ROCK2010: posts small blind $1
vestimokrec joins the table at seat #4
belik555: posts big blind $3
*** HOLE CARDS ***
ROCK2010: folds
Uncalled bet ($2) returned to belik555
belik555 collected $2 from pot
belik555: doesn't show hand
*** SUMMARY ***
Total pot $2 | Rake $0
Seat 3: ROCK2010 (button) (small blind) folded before Flop
Seat 5: belik555 (big blind) collected ($2)


PokerStars Hand #171774612764:  Hold'em Limit ($3/$6 USD) - 2017/06/14 15:08:32 ET
Table 'Capek' 6-max Seat #2 is the button
Seat 1: RaisemyNut$ ($116 in chips)
Seat 2: scorpio04 ($164.89 in chips)
scorpio04: posts small blind $1
vestimokrec: is sitting out
belik555: is sitting out
RaisemyNut$: posts big blind $3
*** HOLE CARDS ***
belik555 leaves the table
scorpio04: raises $3 to $6
RaisemyNut$: calls $3
*** FLOP *** [8s As 7c]
RaisemyNut$: checks
scorpio04: bets $3
RaisemyNut$: raises $3 to $6
scorpio04: calls $3
*** TURN *** [8s As 7c] [Qh]
RaisemyNut$: bets $6
scorpio04: calls $6
*** RIVER *** [8s As 7c Qh] [Js]
RaisemyNut$: bets $6
scorpio04: raises $6 to $12
RaisemyNut$: folds
Uncalled bet ($6) returned to scorpio04
scorpio04 collected $47.50 from pot
scorpio04: doesn't show hand
*** SUMMARY ***
Total pot $48 | Rake $0.50
Board [8s As 7c Qh Js]
Seat 1: RaisemyNut$ (big blind) folded on the River
Seat 2: scorpio04 (button) (small blind) collected ($47.50)


