PokerStars Hand #148827718455:  Hold'em Limit ($3/$6 USD) - 2016/02/15 0:25:27 ET
Table 'Caph' 6-max Seat #1 is the button
Seat 1: Velbor107 ($300 in chips)
Seat 3: permafrost07 ($63.54 in chips)
Velbor107: posts small blind $1
permafrost07: posts big blind $3
*** HOLE CARDS ***
Velbor107: raises $3 to $6
permafrost07: calls $3
*** FLOP *** [2c Jd 9c]
permafrost07: checks
Velbor107: bets $3
permafrost07: folds
Uncalled bet ($3) returned to Velbor107
Velbor107 collected $11.76 from pot
*** SUMMARY ***
Total pot $12 | Rake $0.24
Board [2c Jd 9c]
Seat 1: Velbor107 (button) (small blind) collected ($11.76)
Seat 3: permafrost07 (big blind) folded on the Flop


PokerStars Hand #148827724066:  Hold'em Limit ($3/$6 USD) - 2016/02/15 0:25:49 ET
Table 'Caph' 6-max Seat #3 is the button
Seat 1: Velbor107 ($305.76 in chips)
Seat 3: permafrost07 ($57.54 in chips)
permafrost07: posts small blind $1
Velbor107: posts big blind $3
*** HOLE CARDS ***
permafrost07: raises $3 to $6
Velbor107: calls $3
*** FLOP *** [Qh 7h Ah]
Velbor107: checks
permafrost07: bets $3
Velbor107: calls $3
*** TURN *** [Qh 7h Ah] [5s]
Velbor107: checks
permafrost07: bets $6
Velbor107: calls $6
*** RIVER *** [Qh 7h Ah 5s] [As]
Velbor107: checks
permafrost07: checks
*** SHOW DOWN ***
Velbor107: shows [Js Kh] (a pair of Aces)
permafrost07: mucks hand
Velbor107 collected $29.50 from pot
*** SUMMARY ***
Total pot $30 | Rake $0.50
Board [Qh 7h Ah 5s As]
Seat 1: Velbor107 (big blind) showed [Js Kh] and won ($29.50) with a pair of Aces
Seat 3: permafrost07 (button) (small blind) mucked


PokerStars Hand #148827733001:  Hold'em Limit ($3/$6 USD) - 2016/02/15 0:26:23 ET
Table 'Caph' 6-max Seat #1 is the button
Seat 1: Velbor107 ($320.26 in chips)
Seat 3: permafrost07 ($42.54 in chips)
Velbor107: posts small blind $1
permafrost07: posts big blind $3
*** HOLE CARDS ***
Velbor107: raises $3 to $6
permafrost07: folds
Uncalled bet ($3) returned to Velbor107
Velbor107 collected $6 from pot
*** SUMMARY ***
Total pot $6 | Rake $0
Seat 1: Velbor107 (button) (small blind) collected ($6)
Seat 3: permafrost07 (big blind) folded before Flop


PokerStars Hand #148827743493:  Hold'em Limit ($3/$6 USD) - 2016/02/15 0:27:03 ET
Table 'Caph' 6-max Seat #1 is the button
Seat 1: Velbor107 ($311.26 in chips)
Seat 3: permafrost07 ($110.92 in chips)
Velbor107: posts small blind $1
permafrost07: posts big blind $3
*** HOLE CARDS ***
Velbor107: folds
Uncalled bet ($2) returned to permafrost07
permafrost07 collected $2 from pot
permafrost07: doesn't show hand
*** SUMMARY ***
Total pot $2 | Rake $0
Seat 1: Velbor107 (button) (small blind) folded before Flop
Seat 3: permafrost07 (big blind) collected ($2)


PokerStars Hand #148827734608:  Hold'em Limit ($3/$6 USD) - 2016/02/15 0:26:29 ET
Table 'Caph' 6-max Seat #3 is the button
Seat 1: Velbor107 ($323.26 in chips)
Seat 3: permafrost07 ($39.54 in chips)
permafrost07: posts small blind $1
Velbor107: posts big blind $3
*** HOLE CARDS ***
permafrost07: raises $3 to $6
Velbor107: calls $3
*** FLOP *** [Js 5h Kd]
Velbor107: checks
permafrost07: checks
*** TURN *** [Js 5h Kd] [3h]
Velbor107: checks
permafrost07: bets $6
Velbor107: calls $6
*** RIVER *** [Js 5h Kd 3h] [8h]
Velbor107: checks
permafrost07: checks
*** SHOW DOWN ***
Velbor107: shows [2s Ad] (high card Ace)
permafrost07: shows [6d 3d] (a pair of Threes)
permafrost07 collected $23.52 from pot
*** SUMMARY ***
Total pot $24 | Rake $0.48
Board [Js 5h Kd 3h 8h]
Seat 1: Velbor107 (big blind) showed [2s Ad] and lost with high card Ace
Seat 3: permafrost07 (button) (small blind) showed [6d 3d] and won ($23.52) with a pair of Threes


PokerStars Hand #148827744690:  Hold'em Limit ($3/$6 USD) - 2016/02/15 0:27:08 ET
Table 'Caph' 6-max Seat #3 is the button
Seat 1: Velbor107 ($310.26 in chips)
Seat 3: permafrost07 ($111.92 in chips)
permafrost07: posts small blind $1
Velbor107: posts big blind $3
*** HOLE CARDS ***
permafrost07: raises $3 to $6
Velbor107: calls $3
*** FLOP *** [9c 4c Ad]
Velbor107: checks
permafrost07: bets $3
Velbor107: raises $3 to $6
permafrost07: raises $3 to $9
Velbor107: raises $3 to $12
Betting is capped
permafrost07: calls $3
*** TURN *** [9c 4c Ad] [9s]
Velbor107: bets $6
permafrost07: raises $6 to $12
Velbor107: calls $6
*** RIVER *** [9c 4c Ad 9s] [2h]
Velbor107: checks
permafrost07: bets $6
Velbor107: calls $6
*** SHOW DOWN ***
permafrost07: shows [Ac As] (a full house, Aces full of Nines)
Velbor107: mucks hand
permafrost07 collected $71.50 from pot
*** SUMMARY ***
Total pot $72 | Rake $0.50
Board [9c 4c Ad 9s 2h]
Seat 1: Velbor107 (big blind) mucked
Seat 3: permafrost07 (button) (small blind) showed [Ac As] and won ($71.50) with a full house, Aces full of Nines


PokerStars Hand #148827765143:  Hold'em Limit ($3/$6 USD) - 2016/02/15 0:28:24 ET
Table 'Caph' 6-max Seat #1 is the button
Seat 1: Velbor107 ($300.76 in chips)
Seat 3: permafrost07 ($120.42 in chips)
Velbor107: posts small blind $1
permafrost07: posts big blind $3
*** HOLE CARDS ***
Velbor107: raises $3 to $6
permafrost07: calls $3
*** FLOP *** [Ks 9d 6c]
permafrost07: checks
Velbor107: bets $3
permafrost07: folds
Uncalled bet ($3) returned to Velbor107
Velbor107 collected $11.76 from pot
*** SUMMARY ***
Total pot $12 | Rake $0.24
Board [Ks 9d 6c]
Seat 1: Velbor107 (button) (small blind) collected ($11.76)
Seat 3: permafrost07 (big blind) folded on the Flop


PokerStars Hand #148827759164:  Hold'em Limit ($3/$6 USD) - 2016/02/15 0:28:02 ET
Table 'Caph' 6-max Seat #3 is the button
Seat 1: Velbor107 ($277.26 in chips)
Seat 3: permafrost07 ($144.42 in chips)
permafrost07: posts small blind $1
Velbor107: posts big blind $3
*** HOLE CARDS ***
permafrost07: raises $3 to $6
Velbor107: calls $3
*** FLOP *** [5d 8d Qh]
Velbor107: checks
permafrost07: bets $3
Velbor107: raises $3 to $6
permafrost07: calls $3
*** TURN *** [5d 8d Qh] [2h]
Velbor107: bets $6
permafrost07: calls $6
*** RIVER *** [5d 8d Qh 2h] [7c]
Velbor107: bets $6
permafrost07: calls $6
*** SHOW DOWN ***
Velbor107: shows [8s Qs] (two pair, Queens and Eights)
permafrost07: mucks hand
Velbor107 collected $47.50 from pot
*** SUMMARY ***
Total pot $48 | Rake $0.50
Board [5d 8d Qh 2h 7c]
Seat 1: Velbor107 (big blind) showed [8s Qs] and won ($47.50) with two pair, Queens and Eights
Seat 3: permafrost07 (button) (small blind) mucked


PokerStars Hand #148827756799:  Hold'em Limit ($3/$6 USD) - 2016/02/15 0:27:53 ET
Table 'Caph' 6-max Seat #1 is the button
Seat 1: Velbor107 ($274.26 in chips)
Seat 3: permafrost07 ($147.42 in chips)
Velbor107: posts small blind $1
permafrost07: posts big blind $3
*** HOLE CARDS ***
Velbor107: raises $3 to $6
permafrost07: folds
Uncalled bet ($3) returned to Velbor107
Velbor107 collected $6 from pot
*** SUMMARY ***
Total pot $6 | Rake $0
Seat 1: Velbor107 (button) (small blind) collected ($6)
Seat 3: permafrost07 (big blind) folded before Flop


PokerStars Hand #148827777717:  Hold'em Limit ($3/$6 USD) - 2016/02/15 0:29:12 ET
Table 'Caph' 6-max Seat #3 is the button
Seat 1: Velbor107 ($281.52 in chips)
Seat 3: permafrost07 ($138.92 in chips)
permafrost07: posts small blind $1
Velbor107: posts big blind $3
*** HOLE CARDS ***
permafrost07: raises $3 to $6
Velbor107: calls $3
*** FLOP *** [4s Jc 3h]
Velbor107: checks
permafrost07: bets $3
Velbor107: calls $3
*** TURN *** [4s Jc 3h] [2c]
Velbor107: checks
permafrost07: bets $6
Velbor107: raises $6 to $12
permafrost07: calls $6
*** RIVER *** [4s Jc 3h 2c] [Ad]
Velbor107: bets $6
permafrost07: calls $6
*** SHOW DOWN ***
Velbor107: shows [5d Ac] (a straight, Ace to Five)
permafrost07: mucks hand
Velbor107 collected $53.50 from pot
*** SUMMARY ***
Total pot $54 | Rake $0.50
Board [4s Jc 3h 2c Ad]
Seat 1: Velbor107 (big blind) showed [5d Ac] and won ($53.50) with a straight, Ace to Five
Seat 3: permafrost07 (button) (small blind) mucked


PokerStars Hand #148827776160:  Hold'em Limit ($3/$6 USD) - 2016/02/15 0:29:06 ET
Table 'Caph' 6-max Seat #1 is the button
Seat 1: Velbor107 ($282.52 in chips)
Seat 3: permafrost07 ($137.92 in chips)
Velbor107: posts small blind $1
permafrost07: posts big blind $3
*** HOLE CARDS ***
Velbor107: folds
Uncalled bet ($2) returned to permafrost07
permafrost07 collected $2 from pot
permafrost07: doesn't show hand
*** SUMMARY ***
Total pot $2 | Rake $0
Seat 1: Velbor107 (button) (small blind) folded before Flop
Seat 3: permafrost07 (big blind) collected ($2)


PokerStars Hand #148827769533:  Hold'em Limit ($3/$6 USD) - 2016/02/15 0:28:41 ET
Table 'Caph' 6-max Seat #3 is the button
Seat 1: Velbor107 ($306.52 in chips)
Seat 3: permafrost07 ($114.42 in chips)
permafrost07: posts small blind $1
Velbor107: posts big blind $3
*** HOLE CARDS ***
permafrost07: raises $3 to $6
Velbor107: calls $3
*** FLOP *** [7h Qd Qh]
Velbor107: checks
permafrost07: bets $3
Velbor107: raises $3 to $6
permafrost07: raises $3 to $9
Velbor107: raises $3 to $12
Betting is capped
permafrost07: calls $3
*** TURN *** [7h Qd Qh] [9h]
Velbor107: bets $6
permafrost07: calls $6
*** RIVER *** [7h Qd Qh 9h] [9d]
Velbor107: checks
permafrost07: checks
*** SHOW DOWN ***
Velbor107: shows [Ah 7s] (two pair, Queens and Nines)
permafrost07: shows [Kh Ks] (two pair, Kings and Queens)
permafrost07 collected $47.50 from pot
*** SUMMARY ***
Total pot $48 | Rake $0.50
Board [7h Qd Qh 9h 9d]
Seat 1: Velbor107 (big blind) showed [Ah 7s] and lost with two pair, Queens and Nines
Seat 3: permafrost07 (button) (small blind) showed [Kh Ks] and won ($47.50) with two pair, Kings and Queens


PokerStars Hand #148827798367:  Hold'em Limit ($3/$6 USD) - 2016/02/15 0:30:29 ET
Table 'Caph' 6-max Seat #3 is the button
Seat 1: Velbor107 ($335.04 in chips)
Seat 3: permafrost07 ($83.92 in chips)
permafrost07: posts small blind $1
Velbor107: posts big blind $3
*** HOLE CARDS ***
permafrost07: folds
Uncalled bet ($2) returned to Velbor107
Velbor107 collected $2 from pot
*** SUMMARY ***
Total pot $2 | Rake $0
Seat 1: Velbor107 (big blind) collected ($2)
Seat 3: permafrost07 (button) (small blind) folded before Flop


PokerStars Hand #148827792914:  Hold'em Limit ($3/$6 USD) - 2016/02/15 0:30:09 ET
Table 'Caph' 6-max Seat #1 is the button
Seat 1: Velbor107 ($320.54 in chips)
Seat 3: permafrost07 ($98.92 in chips)
Velbor107: posts small blind $1
permafrost07: posts big blind $3
*** HOLE CARDS ***
Velbor107: raises $3 to $6
permafrost07: calls $3
*** FLOP *** [7s Qs 8h]
permafrost07: bets $3
Velbor107: calls $3
*** TURN *** [7s Qs 8h] [Ah]
permafrost07: bets $6
Velbor107: calls $6
*** RIVER *** [7s Qs 8h Ah] [Td]
permafrost07: checks
Velbor107: checks
*** SHOW DOWN ***
permafrost07: shows [2h 6h] (high card Ace)
Velbor107: shows [8c 9c] (a pair of Eights)
Velbor107 collected $29.50 from pot
*** SUMMARY ***
Total pot $30 | Rake $0.50
Board [7s Qs 8h Ah Td]
Seat 1: Velbor107 (button) (small blind) showed [8c 9c] and won ($29.50) with a pair of Eights
Seat 3: permafrost07 (big blind) showed [2h 6h] and lost with high card Ace


PokerStars Hand #148827791240:  Hold'em Limit ($3/$6 USD) - 2016/02/15 0:30:04 ET
Table 'Caph' 6-max Seat #3 is the button
Seat 1: Velbor107 ($319.54 in chips)
Seat 3: permafrost07 ($99.92 in chips)
permafrost07: posts small blind $1
Velbor107: posts big blind $3
*** HOLE CARDS ***
permafrost07: folds
Uncalled bet ($2) returned to Velbor107
Velbor107 collected $2 from pot
*** SUMMARY ***
Total pot $2 | Rake $0
Seat 1: Velbor107 (big blind) collected ($2)
Seat 3: permafrost07 (button) (small blind) folded before Flop


PokerStars Hand #148827784921:  Hold'em Limit ($3/$6 USD) - 2016/02/15 0:29:39 ET
Table 'Caph' 6-max Seat #1 is the button
Seat 1: Velbor107 ($308.02 in chips)
Seat 3: permafrost07 ($111.92 in chips)
Velbor107: posts small blind $1
permafrost07: posts big blind $3
*** HOLE CARDS ***
Velbor107: raises $3 to $6
permafrost07: raises $3 to $9
Velbor107: calls $3
*** FLOP *** [4d Qc 4h]
permafrost07: bets $3
Velbor107: calls $3
*** TURN *** [4d Qc 4h] [8d]
permafrost07: checks
Velbor107: bets $6
permafrost07: folds
Uncalled bet ($6) returned to Velbor107
Velbor107 collected $23.52 from pot
*** SUMMARY ***
Total pot $24 | Rake $0.48
Board [4d Qc 4h 8d]
Seat 1: Velbor107 (button) (small blind) collected ($23.52)
Seat 3: permafrost07 (big blind) folded on the Turn


PokerStars Hand #148827816464:  Hold'em Limit ($3/$6 USD) - 2016/02/15 0:31:36 ET
Table 'Caph' 6-max Seat #3 is the button
Seat 1: Velbor107 ($311.68 in chips)
Seat 3: permafrost07 ($106.06 in chips)
permafrost07: posts small blind $1
Velbor107: posts big blind $3
*** HOLE CARDS ***
permafrost07: folds
Uncalled bet ($2) returned to Velbor107
Velbor107 collected $2 from pot
*** SUMMARY ***
Total pot $2 | Rake $0
Seat 1: Velbor107 (big blind) collected ($2)
Seat 3: permafrost07 (button) (small blind) folded before Flop


PokerStars Hand #148827811098:  Hold'em Limit ($3/$6 USD) - 2016/02/15 0:31:16 ET
Table 'Caph' 6-max Seat #1 is the button
Seat 1: Velbor107 ($303.04 in chips)
Seat 3: permafrost07 ($115.06 in chips)
Velbor107: posts small blind $1
permafrost07: posts big blind $3
*** HOLE CARDS ***
Velbor107: raises $3 to $6
permafrost07: calls $3
*** FLOP *** [7d 9d Ad]
permafrost07: bets $3
Velbor107: calls $3
*** TURN *** [7d 9d Ad] [6d]
permafrost07: checks
Velbor107: bets $6
permafrost07: folds
Uncalled bet ($6) returned to Velbor107
Velbor107 collected $17.64 from pot
*** SUMMARY ***
Total pot $18 | Rake $0.36
Board [7d 9d Ad 6d]
Seat 1: Velbor107 (button) (small blind) collected ($17.64)
Seat 3: permafrost07 (big blind) folded on the Turn


PokerStars Hand #148827807033:  Hold'em Limit ($3/$6 USD) - 2016/02/15 0:31:01 ET
Table 'Caph' 6-max Seat #3 is the button
Seat 1: Velbor107 ($312.04 in chips)
Seat 3: permafrost07 ($106.42 in chips)
permafrost07: posts small blind $1
Velbor107: posts big blind $3
*** HOLE CARDS ***
permafrost07: raises $3 to $6
Velbor107: calls $3
*** FLOP *** [Js Ac 5c]
Velbor107: checks
permafrost07: bets $3
Velbor107: calls $3
*** TURN *** [Js Ac 5c] [Qh]
Velbor107: checks
permafrost07: checks
*** RIVER *** [Js Ac 5c Qh] [6s]
Velbor107: checks
permafrost07: checks
*** SHOW DOWN ***
Velbor107: shows [Kd 8s] (high card Ace)
permafrost07: shows [7d 7c] (a pair of Sevens)
permafrost07 collected $17.64 from pot
*** SUMMARY ***
Total pot $18 | Rake $0.36
Board [Js Ac 5c Qh 6s]
Seat 1: Velbor107 (big blind) showed [Kd 8s] and lost with high card Ace
Seat 3: permafrost07 (button) (small blind) showed [7d 7c] and won ($17.64) with a pair of Sevens


PokerStars Hand #148827799873:  Hold'em Limit ($3/$6 USD) - 2016/02/15 0:30:35 ET
Table 'Caph' 6-max Seat #1 is the button
Seat 1: Velbor107 ($336.04 in chips)
Seat 3: permafrost07 ($82.92 in chips)
Velbor107: posts small blind $1
permafrost07: posts big blind $3
*** HOLE CARDS ***
Velbor107: raises $3 to $6
permafrost07: raises $3 to $9
Velbor107: calls $3
*** FLOP *** [9s 7h Jd]
permafrost07: bets $3
Velbor107: calls $3
*** TURN *** [9s 7h Jd] [Ts]
permafrost07: bets $6
Velbor107: calls $6
*** RIVER *** [9s 7h Jd Ts] [As]
permafrost07: bets $6
Velbor107: calls $6
*** SHOW DOWN ***
permafrost07: shows [Ks 7s] (a flush, Ace high)
Velbor107: mucks hand
permafrost07 collected $47.50 from pot
*** SUMMARY ***
Total pot $48 | Rake $0.50
Board [9s 7h Jd Ts As]
Seat 1: Velbor107 (button) (small blind) mucked
Seat 3: permafrost07 (big blind) showed [Ks 7s] and won ($47.50) with a flush, Ace high


PokerStars Hand #148827824963:  Hold'em Limit ($3/$6 USD) - 2016/02/15 0:32:07 ET
Table 'Caph' 6-max Seat #3 is the button
Seat 1: Velbor107 ($322.44 in chips)
Seat 3: permafrost07 ($95.06 in chips)
permafrost07: posts small blind $1
Velbor107: posts big blind $3
*** HOLE CARDS ***
permafrost07: raises $3 to $6
Velbor107: calls $3
*** FLOP *** [Jd 6s 9c]
Velbor107: checks
permafrost07: bets $3
Velbor107: raises $3 to $6
permafrost07: calls $3
*** TURN *** [Jd 6s 9c] [2s]
Velbor107: bets $6
permafrost07: calls $6
*** RIVER *** [Jd 6s 9c 2s] [3d]
Velbor107: bets $6
permafrost07: calls $6
*** SHOW DOWN ***
Velbor107: shows [6d Jh] (two pair, Jacks and Sixes)
permafrost07: mucks hand
Velbor107 collected $47.50 from pot
*** SUMMARY ***
Total pot $48 | Rake $0.50
Board [Jd 6s 9c 2s 3d]
Seat 1: Velbor107 (big blind) showed [6d Jh] and won ($47.50) with two pair, Jacks and Sixes
Seat 3: permafrost07 (button) (small blind) mucked


PokerStars Hand #148827822890:  Hold'em Limit ($3/$6 USD) - 2016/02/15 0:31:59 ET
Table 'Caph' 6-max Seat #1 is the button
Seat 1: Velbor107 ($319.44 in chips)
Seat 3: permafrost07 ($98.06 in chips)
Velbor107: posts small blind $1
permafrost07: posts big blind $3
*** HOLE CARDS ***
Velbor107: raises $3 to $6
permafrost07: folds
Uncalled bet ($3) returned to Velbor107
Velbor107 collected $6 from pot
*** SUMMARY ***
Total pot $6 | Rake $0
Seat 1: Velbor107 (button) (small blind) collected ($6)
Seat 3: permafrost07 (big blind) folded before Flop


PokerStars Hand #148827821084:  Hold'em Limit ($3/$6 USD) - 2016/02/15 0:31:53 ET
Table 'Caph' 6-max Seat #3 is the button
Seat 1: Velbor107 ($318.44 in chips)
Seat 3: permafrost07 ($99.06 in chips)
permafrost07: posts small blind $1
Velbor107: posts big blind $3
*** HOLE CARDS ***
permafrost07: folds
Uncalled bet ($2) returned to Velbor107
Velbor107 collected $2 from pot
*** SUMMARY ***
Total pot $2 | Rake $0
Seat 1: Velbor107 (big blind) collected ($2)
Seat 3: permafrost07 (button) (small blind) folded before Flop


PokerStars Hand #148827818017:  Hold'em Limit ($3/$6 USD) - 2016/02/15 0:31:41 ET
Table 'Caph' 6-max Seat #1 is the button
Seat 1: Velbor107 ($312.68 in chips)
Seat 3: permafrost07 ($105.06 in chips)
Velbor107: posts small blind $1
permafrost07: posts big blind $3
*** HOLE CARDS ***
Velbor107: raises $3 to $6
permafrost07: calls $3
*** FLOP *** [7s As 6h]
permafrost07: checks
Velbor107: bets $3
permafrost07: folds
Uncalled bet ($3) returned to Velbor107
Velbor107 collected $11.76 from pot
*** SUMMARY ***
Total pot $12 | Rake $0.24
Board [7s As 6h]
Seat 1: Velbor107 (button) (small blind) collected ($11.76)
Seat 3: permafrost07 (big blind) folded on the Flop


PokerStars Hand #148827837949:  Hold'em Limit ($3/$6 USD) - 2016/02/15 0:32:56 ET
Table 'Caph' 6-max Seat #3 is the button
Seat 1: Velbor107 ($336.94 in chips)
Seat 3: permafrost07 ($79.70 in chips)
permafrost07: posts small blind $1
Velbor107: posts big blind $3
*** HOLE CARDS ***
permafrost07: raises $3 to $6
Velbor107: calls $3
*** FLOP *** [Kc Kd 8s]
Velbor107: checks
permafrost07: checks
*** TURN *** [Kc Kd 8s] [Ah]
Velbor107: checks
permafrost07: checks
*** RIVER *** [Kc Kd 8s Ah] [8h]
Velbor107: checks
permafrost07: checks
*** SHOW DOWN ***
Velbor107: shows [7d 6d] (two pair, Kings and Eights)
permafrost07: shows [7s Qd] (two pair, Kings and Eights)
Velbor107 collected $5.88 from pot
permafrost07 collected $5.88 from pot
*** SUMMARY ***
Total pot $12 | Rake $0.24
Board [Kc Kd 8s Ah 8h]
Seat 1: Velbor107 (big blind) showed [7d 6d] and won ($5.88) with two pair, Kings and Eights
Seat 3: permafrost07 (button) (small blind) showed [7s Qd] and won ($5.88) with two pair, Kings and Eights


PokerStars Hand #148827830987:  Hold'em Limit ($3/$6 USD) - 2016/02/15 0:32:30 ET
Table 'Caph' 6-max Seat #1 is the button
Seat 1: Velbor107 ($345.94 in chips)
Seat 3: permafrost07 ($71.06 in chips)
Velbor107: posts small blind $1
permafrost07: posts big blind $3
*** HOLE CARDS ***
Velbor107: raises $3 to $6
permafrost07: calls $3
*** FLOP *** [4h Jh 7c]
permafrost07: bets $3
Velbor107: calls $3
*** TURN *** [4h Jh 7c] [Th]
permafrost07: bets $6
Velbor107: folds
Uncalled bet ($6) returned to permafrost07
permafrost07 collected $17.64 from pot
permafrost07: doesn't show hand
*** SUMMARY ***
Total pot $18 | Rake $0.36
Board [4h Jh 7c Th]
Seat 1: Velbor107 (button) (small blind) folded on the Turn
Seat 3: permafrost07 (big blind) collected ($17.64)


PokerStars Hand #148827861535:  Hold'em Limit ($3/$6 USD) - 2016/02/15 0:34:25 ET
Table 'Caph' 6-max Seat #3 is the button
Seat 1: Velbor107 ($335.58 in chips)
Seat 3: permafrost07 ($80.34 in chips)
permafrost07: posts small blind $1
Velbor107: posts big blind $3
*** HOLE CARDS ***
permafrost07: raises $3 to $6
Velbor107: calls $3
*** FLOP *** [5s 6h 4s]
Velbor107: checks
permafrost07: bets $3
Velbor107: calls $3
*** TURN *** [5s 6h 4s] [Th]
Velbor107: checks
permafrost07: checks
*** RIVER *** [5s 6h 4s Th] [6c]
Velbor107: bets $6
permafrost07: folds
Uncalled bet ($6) returned to Velbor107
Velbor107 collected $17.64 from pot
*** SUMMARY ***
Total pot $18 | Rake $0.36
Board [5s 6h 4s Th 6c]
Seat 1: Velbor107 (big blind) collected ($17.64)
Seat 3: permafrost07 (button) (small blind) folded on the River


PokerStars Hand #148827858434:  Hold'em Limit ($3/$6 USD) - 2016/02/15 0:34:13 ET
Table 'Caph' 6-max Seat #1 is the button
Seat 1: Velbor107 ($329.82 in chips)
Seat 3: permafrost07 ($86.34 in chips)
Velbor107: posts small blind $1
permafrost07: posts big blind $3
*** HOLE CARDS ***
Velbor107: raises $3 to $6
permafrost07: calls $3
*** FLOP *** [Td Qs 3c]
permafrost07: checks
Velbor107: bets $3
permafrost07: folds
Uncalled bet ($3) returned to Velbor107
Velbor107 collected $11.76 from pot
*** SUMMARY ***
Total pot $12 | Rake $0.24
Board [Td Qs 3c]
Seat 1: Velbor107 (button) (small blind) collected ($11.76)
Seat 3: permafrost07 (big blind) folded on the Flop


PokerStars Hand #148827853364:  Hold'em Limit ($3/$6 USD) - 2016/02/15 0:33:54 ET
Table 'Caph' 6-max Seat #3 is the button
Seat 1: Velbor107 ($335.82 in chips)
Seat 3: permafrost07 ($80.58 in chips)
permafrost07: posts small blind $1
Velbor107: posts big blind $3
*** HOLE CARDS ***
permafrost07: raises $3 to $6
Velbor107: calls $3
*** FLOP *** [Qh 3h Ad]
Velbor107: checks
permafrost07: bets $3
Velbor107: folds
Uncalled bet ($3) returned to permafrost07
permafrost07 collected $11.76 from pot
permafrost07: doesn't show hand
*** SUMMARY ***
Total pot $12 | Rake $0.24
Board [Qh 3h Ad]
Seat 1: Velbor107 (big blind) folded on the Flop
Seat 3: permafrost07 (button) (small blind) collected ($11.76)


PokerStars Hand #148827849319:  Hold'em Limit ($3/$6 USD) - 2016/02/15 0:33:38 ET
Table 'Caph' 6-max Seat #1 is the button
Seat 1: Velbor107 ($336.82 in chips)
Seat 3: permafrost07 ($79.58 in chips)
Velbor107: posts small blind $1
permafrost07: posts big blind $3
*** HOLE CARDS ***
Velbor107: folds
Uncalled bet ($2) returned to permafrost07
permafrost07 collected $2 from pot
permafrost07: doesn't show hand
*** SUMMARY ***
Total pot $2 | Rake $0
Seat 1: Velbor107 (button) (small blind) folded before Flop
Seat 3: permafrost07 (big blind) collected ($2)


PokerStars Hand #148827874514:  Hold'em Limit ($3/$6 USD) - 2016/02/15 0:35:14 ET
Table 'Caph' 6-max Seat #3 is the button
Seat 1: Velbor107 ($317.22 in chips)
Seat 3: permafrost07 ($97.84 in chips)
permafrost07: posts small blind $1
Velbor107: posts big blind $3
*** HOLE CARDS ***
permafrost07: raises $3 to $6
Velbor107: calls $3
*** FLOP *** [Ad Jh 2h]
Velbor107: checks
permafrost07: bets $3
Velbor107: folds
Uncalled bet ($3) returned to permafrost07
permafrost07 collected $11.76 from pot
permafrost07: doesn't show hand
*** SUMMARY ***
Total pot $12 | Rake $0.24
Board [Ad Jh 2h]
Seat 1: Velbor107 (big blind) folded on the Flop
Seat 3: permafrost07 (button) (small blind) collected ($11.76)


PokerStars Hand #148827866843:  Hold'em Limit ($3/$6 USD) - 2016/02/15 0:34:45 ET
Table 'Caph' 6-max Seat #1 is the button
Seat 1: Velbor107 ($344.22 in chips)
Seat 3: permafrost07 ($71.34 in chips)
Velbor107: posts small blind $1
permafrost07: posts big blind $3
*** HOLE CARDS ***
Velbor107: raises $3 to $6
permafrost07: calls $3
*** FLOP *** [Jc 8d 7h]
permafrost07: bets $3
Velbor107: raises $3 to $6
permafrost07: raises $3 to $9
Velbor107: calls $3
*** TURN *** [Jc 8d 7h] [4c]
permafrost07: bets $6
Velbor107: calls $6
*** RIVER *** [Jc 8d 7h 4c] [Qc]
permafrost07: bets $6
Velbor107: calls $6
*** SHOW DOWN ***
permafrost07: shows [8c Js] (two pair, Jacks and Eights)
Velbor107: mucks hand
permafrost07 collected $53.50 from pot
*** SUMMARY ***
Total pot $54 | Rake $0.50
Board [Jc 8d 7h 4c Qc]
Seat 1: Velbor107 (button) (small blind) mucked
Seat 3: permafrost07 (big blind) showed [8c Js] and won ($53.50) with two pair, Jacks and Eights


PokerStars Hand #148827878059:  Hold'em Limit ($3/$6 USD) - 2016/02/15 0:35:28 ET
Table 'Caph' 6-max Seat #1 is the button
Seat 1: Velbor107 ($311.22 in chips)
Seat 3: permafrost07 ($103.60 in chips)
Velbor107: posts small blind $1
permafrost07: posts big blind $3
*** HOLE CARDS ***
Velbor107: raises $3 to $6
permafrost07: calls $3
*** FLOP *** [9c 8h Jh]
permafrost07: bets $3
Velbor107: raises $3 to $6
permafrost07: raises $3 to $9
Velbor107: calls $3
*** TURN *** [9c 8h Jh] [Ks]
permafrost07: checks
Velbor107: bets $6
permafrost07: calls $6
*** RIVER *** [9c 8h Jh Ks] [2c]
permafrost07: checks
Velbor107: bets $6
permafrost07: calls $6
*** SHOW DOWN ***
Velbor107: shows [Jd As] (a pair of Jacks)
permafrost07: mucks hand
Velbor107 collected $53.50 from pot
*** SUMMARY ***
Total pot $54 | Rake $0.50
Board [9c 8h Jh Ks 2c]
Seat 1: Velbor107 (button) (small blind) showed [Jd As] and won ($53.50) with a pair of Jacks
Seat 3: permafrost07 (big blind) mucked


PokerStars Hand #148827896909:  Hold'em Limit ($3/$6 USD) - 2016/02/15 0:36:39 ET
Table 'Caph' 6-max Seat #3 is the button
Seat 1: Velbor107 ($340.36 in chips)
Seat 3: permafrost07 ($73.36 in chips)
permafrost07: posts small blind $1
Velbor107: posts big blind $3
*** HOLE CARDS ***
permafrost07: folds
Uncalled bet ($2) returned to Velbor107
Velbor107 collected $2 from pot
*** SUMMARY ***
Total pot $2 | Rake $0
Seat 1: Velbor107 (big blind) collected ($2)
Seat 3: permafrost07 (button) (small blind) folded before Flop


PokerStars Hand #148827889840:  Hold'em Limit ($3/$6 USD) - 2016/02/15 0:36:12 ET
Table 'Caph' 6-max Seat #1 is the button
Seat 1: Velbor107 ($331.72 in chips)
Seat 3: permafrost07 ($82.36 in chips)
Velbor107: posts small blind $1
permafrost07: posts big blind $3
*** HOLE CARDS ***
Velbor107: raises $3 to $6
permafrost07: calls $3
*** FLOP *** [3d 6d 4d]
permafrost07: bets $3
Velbor107: calls $3
*** TURN *** [3d 6d 4d] [Ah]
permafrost07: checks
Velbor107: bets $6
permafrost07: folds
Uncalled bet ($6) returned to Velbor107
Velbor107 collected $17.64 from pot
*** SUMMARY ***
Total pot $18 | Rake $0.36
Board [3d 6d 4d Ah]
Seat 1: Velbor107 (button) (small blind) collected ($17.64)
Seat 3: permafrost07 (big blind) folded on the Turn


PokerStars Hand #148827886005:  Hold'em Limit ($3/$6 USD) - 2016/02/15 0:35:58 ET
Table 'Caph' 6-max Seat #3 is the button
Seat 1: Velbor107 ($337.72 in chips)
Seat 3: permafrost07 ($76.60 in chips)
permafrost07: posts small blind $1
Velbor107: posts big blind $3
*** HOLE CARDS ***
permafrost07: calls $2
Velbor107: checks
*** FLOP *** [Td 8h 7h]
Velbor107: bets $3
permafrost07: raises $3 to $6
Velbor107: folds
Uncalled bet ($3) returned to permafrost07
permafrost07 collected $11.76 from pot
permafrost07: doesn't show hand
*** SUMMARY ***
Total pot $12 | Rake $0.24
Board [Td 8h 7h]
Seat 1: Velbor107 (big blind) folded on the Flop
Seat 3: permafrost07 (button) (small blind) collected ($11.76)


PokerStars Hand #148827909112:  Hold'em Limit ($3/$6 USD) - 2016/02/15 0:37:26 ET
Table 'Caph' 6-max Seat #1 is the button
Seat 1: Velbor107 ($308.36 in chips)
Seat 3: permafrost07 ($104.36 in chips)
Velbor107: posts small blind $1
permafrost07: posts big blind $3
*** HOLE CARDS ***
Velbor107: raises $3 to $6
permafrost07: raises $3 to $9
Velbor107: calls $3
*** FLOP *** [8h 6s 5c]
permafrost07: bets $3
Velbor107: raises $3 to $6
permafrost07: calls $3
*** TURN *** [8h 6s 5c] [5h]
permafrost07: checks
Velbor107: bets $6
permafrost07: folds
Uncalled bet ($6) returned to Velbor107
Velbor107 collected $29.50 from pot
*** SUMMARY ***
Total pot $30 | Rake $0.50
Board [8h 6s 5c 5h]
Seat 1: Velbor107 (button) (small blind) collected ($29.50)
Seat 3: permafrost07 (big blind) folded on the Turn


PokerStars Hand #148827904162:  Hold'em Limit ($3/$6 USD) - 2016/02/15 0:37:07 ET
Table 'Caph' 6-max Seat #3 is the button
Seat 1: Velbor107 ($323.36 in chips)
Seat 3: permafrost07 ($89.86 in chips)
permafrost07: posts small blind $1
Velbor107: posts big blind $3
*** HOLE CARDS ***
permafrost07: raises $3 to $6
Velbor107: calls $3
*** FLOP *** [Kc Kd Js]
Velbor107: checks
permafrost07: bets $3
Velbor107: calls $3
*** TURN *** [Kc Kd Js] [5d]
Velbor107: bets $6
permafrost07: raises $6 to $12
Velbor107: folds
Uncalled bet ($6) returned to permafrost07
permafrost07 collected $29.50 from pot
permafrost07: doesn't show hand
*** SUMMARY ***
Total pot $30 | Rake $0.50
Board [Kc Kd Js 5d]
Seat 1: Velbor107 (big blind) folded on the Turn
Seat 3: permafrost07 (button) (small blind) collected ($29.50)


PokerStars Hand #148827898348:  Hold'em Limit ($3/$6 USD) - 2016/02/15 0:36:45 ET
Table 'Caph' 6-max Seat #1 is the button
Seat 1: Velbor107 ($341.36 in chips)
Seat 3: permafrost07 ($72.36 in chips)
Velbor107: posts small blind $1
permafrost07: posts big blind $3
*** HOLE CARDS ***
Velbor107: raises $3 to $6
permafrost07: raises $3 to $9
Velbor107: calls $3
*** FLOP *** [Td 2d Qh]
permafrost07: bets $3
Velbor107: calls $3
*** TURN *** [Td 2d Qh] [4d]
permafrost07: bets $6
Velbor107: calls $6
*** RIVER *** [Td 2d Qh 4d] [6s]
permafrost07: bets $6
Velbor107: folds
Uncalled bet ($6) returned to permafrost07
permafrost07 collected $35.50 from pot
permafrost07: doesn't show hand
*** SUMMARY ***
Total pot $36 | Rake $0.50
Board [Td 2d Qh 4d 6s]
Seat 1: Velbor107 (button) (small blind) folded on the River
Seat 3: permafrost07 (big blind) collected ($35.50)


PokerStars Hand #148827922759:  Hold'em Limit ($3/$6 USD) - 2016/02/15 0:38:18 ET
Table 'Caph' 6-max Seat #1 is the button
Seat 1: Velbor107 ($313.86 in chips)
Seat 3: permafrost07 ($98 in chips)
Velbor107: posts small blind $1
permafrost07: posts big blind $3
*** HOLE CARDS ***
Velbor107: raises $3 to $6
permafrost07: calls $3
*** FLOP *** [Ah Td Qc]
permafrost07: bets $3
Velbor107: calls $3
*** TURN *** [Ah Td Qc] [9s]
permafrost07: bets $6
Velbor107: calls $6
*** RIVER *** [Ah Td Qc 9s] [Jh]
permafrost07: checks
Velbor107: checks
*** SHOW DOWN ***
permafrost07: shows [7d 9h] (a pair of Nines)
Velbor107: shows [Qd 6c] (a pair of Queens)
Velbor107 collected $29.50 from pot
*** SUMMARY ***
Total pot $30 | Rake $0.50
Board [Ah Td Qc 9s Jh]
Seat 1: Velbor107 (button) (small blind) showed [Qd 6c] and won ($29.50) with a pair of Queens
Seat 3: permafrost07 (big blind) showed [7d 9h] and lost with a pair of Nines


PokerStars Hand #148827914884:  Hold'em Limit ($3/$6 USD) - 2016/02/15 0:37:48 ET
Table 'Caph' 6-max Seat #3 is the button
Seat 1: Velbor107 ($322.86 in chips)
Seat 3: permafrost07 ($89.36 in chips)
permafrost07: posts small blind $1
Velbor107: posts big blind $3
*** HOLE CARDS ***
permafrost07: calls $2
Velbor107: checks
*** FLOP *** [8h 7s Kd]
Velbor107: checks
permafrost07: checks
*** TURN *** [8h 7s Kd] [Qs]
Velbor107: bets $6
permafrost07: calls $6
*** RIVER *** [8h 7s Kd Qs] [6d]
Velbor107: checks
permafrost07: checks
*** SHOW DOWN ***
Velbor107: shows [7h 9c] (a pair of Sevens)
permafrost07: shows [5c Qc] (a pair of Queens)
permafrost07 collected $17.64 from pot
*** SUMMARY ***
Total pot $18 | Rake $0.36
Board [8h 7s Kd Qs 6d]
Seat 1: Velbor107 (big blind) showed [7h 9c] and lost with a pair of Sevens
Seat 3: permafrost07 (button) (small blind) showed [5c Qc] and won ($17.64) with a pair of Queens


PokerStars Hand #148827939408:  Hold'em Limit ($3/$6 USD) - 2016/02/15 0:39:20 ET
Table 'Caph' 6-max Seat #3 is the button
Seat 1: Velbor107 ($316 in chips)
Seat 3: permafrost07 ($94.50 in chips)
permafrost07: posts small blind $1
Velbor107: posts big blind $3
*** HOLE CARDS ***
permafrost07: raises $3 to $6
Velbor107: calls $3
*** FLOP *** [8d Ts 7h]
Velbor107: checks
permafrost07: bets $3
Velbor107: calls $3
*** TURN *** [8d Ts 7h] [Jc]
Velbor107: checks
permafrost07: bets $6
Velbor107: folds
Uncalled bet ($6) returned to permafrost07
permafrost07 collected $17.64 from pot
permafrost07: doesn't show hand
*** SUMMARY ***
Total pot $18 | Rake $0.36
Board [8d Ts 7h Jc]
Seat 1: Velbor107 (big blind) folded on the Turn
Seat 3: permafrost07 (button) (small blind) collected ($17.64)


PokerStars Hand #148827934091:  Hold'em Limit ($3/$6 USD) - 2016/02/15 0:39:00 ET
Table 'Caph' 6-max Seat #1 is the button
Seat 1: Velbor107 ($337 in chips)
Seat 3: permafrost07 ($74 in chips)
Velbor107: posts small blind $1
permafrost07: posts big blind $3
*** HOLE CARDS ***
Velbor107: raises $3 to $6
permafrost07: calls $3
*** FLOP *** [4h Ts 5c]
permafrost07: bets $3
Velbor107: calls $3
*** TURN *** [4h Ts 5c] [3d]
permafrost07: bets $6
Velbor107: calls $6
*** RIVER *** [4h Ts 5c 3d] [Jh]
permafrost07: bets $6
Velbor107: calls $6
*** SHOW DOWN ***
permafrost07: shows [5s 8d] (a pair of Fives)
Velbor107: mucks hand
permafrost07 collected $41.50 from pot
*** SUMMARY ***
Total pot $42 | Rake $0.50
Board [4h Ts 5c 3d Jh]
Seat 1: Velbor107 (button) (small blind) mucked
Seat 3: permafrost07 (big blind) showed [5s 8d] and won ($41.50) with a pair of Fives


PokerStars Hand #148827929235:  Hold'em Limit ($3/$6 USD) - 2016/02/15 0:38:42 ET
Table 'Caph' 6-max Seat #3 is the button
Seat 1: Velbor107 ($328.36 in chips)
Seat 3: permafrost07 ($83 in chips)
permafrost07: posts small blind $1
Velbor107: posts big blind $3
*** HOLE CARDS ***
permafrost07: raises $3 to $6
Velbor107: calls $3
*** FLOP *** [Qs Jh 6s]
Velbor107: checks
permafrost07: bets $3
Velbor107: calls $3
*** TURN *** [Qs Jh 6s] [3d]
Velbor107: checks
permafrost07: checks
*** RIVER *** [Qs Jh 6s 3d] [7c]
Velbor107: bets $6
permafrost07: folds
Uncalled bet ($6) returned to Velbor107
Velbor107 collected $17.64 from pot
*** SUMMARY ***
Total pot $18 | Rake $0.36
Board [Qs Jh 6s 3d 7c]
Seat 1: Velbor107 (big blind) collected ($17.64)
Seat 3: permafrost07 (button) (small blind) folded on the River


PokerStars Hand #148827952082:  Hold'em Limit ($3/$6 USD) - 2016/02/15 0:40:08 ET
Table 'Caph' 6-max Seat #3 is the button
Seat 1: Velbor107 ($277 in chips)
Seat 3: permafrost07 ($132.64 in chips)
permafrost07: posts small blind $1
Velbor107: posts big blind $3
*** HOLE CARDS ***
permafrost07: raises $3 to $6
Velbor107: calls $3
*** FLOP *** [Ts 9h 7d]
Velbor107: checks
permafrost07: bets $3
Velbor107: raises $3 to $6
permafrost07: calls $3
*** TURN *** [Ts 9h 7d] [6s]
Velbor107: bets $6
permafrost07: calls $6
*** RIVER *** [Ts 9h 7d 6s] [7h]
Velbor107: bets $6
permafrost07: raises $6 to $12
Velbor107: folds
Uncalled bet ($6) returned to permafrost07
permafrost07 collected $47.50 from pot
permafrost07: doesn't show hand
*** SUMMARY ***
Total pot $48 | Rake $0.50
Board [Ts 9h 7d 6s 7h]
Seat 1: Velbor107 (big blind) folded on the River
Seat 3: permafrost07 (button) (small blind) collected ($47.50)


PokerStars Hand #148827950422:  Hold'em Limit ($3/$6 USD) - 2016/02/15 0:40:02 ET
Table 'Caph' 6-max Seat #1 is the button
Seat 1: Velbor107 ($278 in chips)
Seat 3: permafrost07 ($131.64 in chips)
Velbor107: posts small blind $1
permafrost07: posts big blind $3
*** HOLE CARDS ***
Velbor107: folds
Uncalled bet ($2) returned to permafrost07
permafrost07 collected $2 from pot
permafrost07: doesn't show hand
*** SUMMARY ***
Total pot $2 | Rake $0
Seat 1: Velbor107 (button) (small blind) folded before Flop
Seat 3: permafrost07 (big blind) collected ($2)


PokerStars Hand #148827949028:  Hold'em Limit ($3/$6 USD) - 2016/02/15 0:39:56 ET
Table 'Caph' 6-max Seat #3 is the button
Seat 1: Velbor107 ($277 in chips)
Seat 3: permafrost07 ($132.64 in chips)
permafrost07: posts small blind $1
Velbor107: posts big blind $3
*** HOLE CARDS ***
permafrost07: folds
Uncalled bet ($2) returned to Velbor107
Velbor107 collected $2 from pot
*** SUMMARY ***
Total pot $2 | Rake $0
Seat 1: Velbor107 (big blind) collected ($2)
Seat 3: permafrost07 (button) (small blind) folded before Flop


PokerStars Hand #148827943256:  Hold'em Limit ($3/$6 USD) - 2016/02/15 0:39:35 ET
Table 'Caph' 6-max Seat #1 is the button
Seat 1: Velbor107 ($307 in chips)
Seat 3: permafrost07 ($103.14 in chips)
Velbor107: posts small blind $1
permafrost07: posts big blind $3
*** HOLE CARDS ***
Velbor107: raises $3 to $6
permafrost07: raises $3 to $9
Velbor107: calls $3
*** FLOP *** [3c 3s Kd]
permafrost07: bets $3
Velbor107: calls $3
*** TURN *** [3c 3s Kd] [5s]
permafrost07: bets $6
Velbor107: raises $6 to $12
permafrost07: raises $6 to $18
Velbor107: calls $6
*** RIVER *** [3c 3s Kd 5s] [6d]
permafrost07: bets $6
Velbor107: folds
Uncalled bet ($6) returned to permafrost07
permafrost07 collected $59.50 from pot
permafrost07: doesn't show hand
*** SUMMARY ***
Total pot $60 | Rake $0.50
Board [3c 3s Kd 5s 6d]
Seat 1: Velbor107 (button) (small blind) folded on the River
Seat 3: permafrost07 (big blind) collected ($59.50)


PokerStars Hand #148827970099:  Hold'em Limit ($3/$6 USD) - 2016/02/15 0:41:16 ET
Table 'Caph' 6-max Seat #1 is the button
Seat 1: Velbor107 ($276.14 in chips)
Seat 3: permafrost07 ($132.14 in chips)
Velbor107: posts small blind $1
permafrost07: posts big blind $3
*** HOLE CARDS ***
Velbor107: raises $3 to $6
permafrost07: calls $3
*** FLOP *** [3c 5c 2d]
permafrost07: bets $3
Velbor107: calls $3
*** TURN *** [3c 5c 2d] [Qd]
permafrost07: checks
Velbor107: bets $6
permafrost07: calls $6
*** RIVER *** [3c 5c 2d Qd] [7h]
permafrost07: bets $6
Velbor107: calls $6
*** SHOW DOWN ***
permafrost07: shows [5d 7c] (two pair, Sevens and Fives)
Velbor107: mucks hand
permafrost07 collected $41.50 from pot
*** SUMMARY ***
Total pot $42 | Rake $0.50
Board [3c 5c 2d Qd 7h]
Seat 1: Velbor107 (button) (small blind) mucked
Seat 3: permafrost07 (big blind) showed [5d 7c] and won ($41.50) with two pair, Sevens and Fives


PokerStars Hand #148827965053:  Hold'em Limit ($3/$6 USD) - 2016/02/15 0:40:57 ET
Table 'Caph' 6-max Seat #3 is the button
Seat 1: Velbor107 ($267.50 in chips)
Seat 3: permafrost07 ($141.14 in chips)
permafrost07: posts small blind $1
Velbor107: posts big blind $3
*** HOLE CARDS ***
permafrost07: raises $3 to $6
Velbor107: calls $3
*** FLOP *** [Jd 3h 2d]
Velbor107: checks
permafrost07: bets $3
Velbor107: calls $3
*** TURN *** [Jd 3h 2d] [9c]
Velbor107: checks
permafrost07: checks
*** RIVER *** [Jd 3h 2d 9c] [Ac]
Velbor107: checks
permafrost07: checks
*** SHOW DOWN ***
Velbor107: shows [Kd 7s] (high card Ace)
permafrost07: mucks hand
Velbor107 collected $17.64 from pot
*** SUMMARY ***
Total pot $18 | Rake $0.36
Board [Jd 3h 2d 9c Ac]
Seat 1: Velbor107 (big blind) showed [Kd 7s] and won ($17.64) with high card Ace
Seat 3: permafrost07 (button) (small blind) mucked


PokerStars Hand #148827958563:  Hold'em Limit ($3/$6 USD) - 2016/02/15 0:40:33 ET
Table 'Caph' 6-max Seat #1 is the button
Seat 1: Velbor107 ($253 in chips)
Seat 3: permafrost07 ($156.14 in chips)
Velbor107: posts small blind $1
permafrost07: posts big blind $3
*** HOLE CARDS ***
Velbor107: raises $3 to $6
permafrost07: calls $3
*** FLOP *** [8s Jh 9h]
permafrost07: bets $3
Velbor107: calls $3
*** TURN *** [8s Jh 9h] [9s]
permafrost07: bets $6
Velbor107: calls $6
*** RIVER *** [8s Jh 9h 9s] [8h]
permafrost07: checks
Velbor107: checks
*** SHOW DOWN ***
permafrost07: shows [2s Qh] (two pair, Nines and Eights)
Velbor107: shows [Ad Qc] (two pair, Nines and Eights - Ace kicker)
Velbor107 collected $29.50 from pot
*** SUMMARY ***
Total pot $30 | Rake $0.50
Board [8s Jh 9h 9s 8h]
Seat 1: Velbor107 (button) (small blind) showed [Ad Qc] and won ($29.50) with two pair, Nines and Eights
Seat 3: permafrost07 (big blind) showed [2s Qh] and lost with two pair, Nines and Eights


PokerStars Hand #148827983141:  Hold'em Limit ($3/$6 USD) - 2016/02/15 0:42:06 ET
Table 'Caph' 6-max Seat #1 is the button
Seat 1: Velbor107 ($269.64 in chips)
Seat 3: permafrost07 ($137.64 in chips)
Velbor107: posts small blind $1
permafrost07: posts big blind $3
*** HOLE CARDS ***
Velbor107: raises $3 to $6
permafrost07: calls $3
*** FLOP *** [Qh Ts 2d]
permafrost07: bets $3
Velbor107: calls $3
*** TURN *** [Qh Ts 2d] [8d]
permafrost07: checks
Velbor107: bets $6
permafrost07: folds
Uncalled bet ($6) returned to Velbor107
Velbor107 collected $17.64 from pot
*** SUMMARY ***
Total pot $18 | Rake $0.36
Board [Qh Ts 2d 8d]
Seat 1: Velbor107 (button) (small blind) collected ($17.64)
Seat 3: permafrost07 (big blind) folded on the Turn


PokerStars Hand #148827977711:  Hold'em Limit ($3/$6 USD) - 2016/02/15 0:41:45 ET
Table 'Caph' 6-max Seat #3 is the button
Seat 1: Velbor107 ($255.14 in chips)
Seat 3: permafrost07 ($152.64 in chips)
permafrost07: posts small blind $1
Velbor107: posts big blind $3
*** HOLE CARDS ***
permafrost07: raises $3 to $6
Velbor107: raises $3 to $9
permafrost07: calls $3
*** FLOP *** [7s 8s 2c]
Velbor107: bets $3
permafrost07: raises $3 to $6
Velbor107: calls $3
*** TURN *** [7s 8s 2c] [9h]
Velbor107: checks
permafrost07: checks
*** RIVER *** [7s 8s 2c 9h] [Qs]
Velbor107: checks
permafrost07: checks
*** SHOW DOWN ***
Velbor107: shows [4s 4c] (a pair of Fours)
permafrost07: mucks hand
Velbor107 collected $29.50 from pot
*** SUMMARY ***
Total pot $30 | Rake $0.50
Board [7s 8s 2c 9h Qs]
Seat 1: Velbor107 (big blind) showed [4s 4c] and won ($29.50) with a pair of Fours
Seat 3: permafrost07 (button) (small blind) mucked


PokerStars Hand #148827988136:  Hold'em Limit ($3/$6 USD) - 2016/02/15 0:42:25 ET
Table 'Caph' 6-max Seat #3 is the button
Seat 1: Velbor107 ($278.28 in chips)
Seat 3: permafrost07 ($128.64 in chips)
permafrost07: posts small blind $1
Velbor107: posts big blind $3
*** HOLE CARDS ***
permafrost07: raises $3 to $6
Velbor107: raises $3 to $9
permafrost07: calls $3
*** FLOP *** [3s 7h 6d]
Velbor107: bets $3
permafrost07: raises $3 to $6
Velbor107: calls $3
*** TURN *** [3s 7h 6d] [4d]
Velbor107: checks
permafrost07: bets $6
Velbor107: folds
Uncalled bet ($6) returned to permafrost07
permafrost07 collected $29.50 from pot
permafrost07: doesn't show hand
*** SUMMARY ***
Total pot $30 | Rake $0.50
Board [3s 7h 6d 4d]
Seat 1: Velbor107 (big blind) folded on the Turn
Seat 3: permafrost07 (button) (small blind) collected ($29.50)


PokerStars Hand #148827995139:  Hold'em Limit ($3/$6 USD) - 2016/02/15 0:42:51 ET
Table 'Caph' 6-max Seat #1 is the button
Seat 1: Velbor107 ($263.28 in chips)
Seat 3: permafrost07 ($143.14 in chips)
Velbor107: posts small blind $1
permafrost07: posts big blind $3
*** HOLE CARDS ***
Velbor107: raises $3 to $6
permafrost07: calls $3
*** FLOP *** [4c 7s Kc]
permafrost07: checks
Velbor107: bets $3
permafrost07: folds
Uncalled bet ($3) returned to Velbor107
Velbor107 collected $11.76 from pot
*** SUMMARY ***
Total pot $12 | Rake $0.24
Board [4c 7s Kc]
Seat 1: Velbor107 (button) (small blind) collected ($11.76)
Seat 3: permafrost07 (big blind) folded on the Flop


PokerStars Hand #148827999793:  Hold'em Limit ($3/$6 USD) - 2016/02/15 0:43:09 ET
Table 'Caph' 6-max Seat #3 is the button
Seat 1: Velbor107 ($269.04 in chips)
Seat 3: permafrost07 ($137.14 in chips)
permafrost07: posts small blind $1
Velbor107: posts big blind $3
*** HOLE CARDS ***
permafrost07: folds
Uncalled bet ($2) returned to Velbor107
Velbor107 collected $2 from pot
*** SUMMARY ***
Total pot $2 | Rake $0
Seat 1: Velbor107 (big blind) collected ($2)
Seat 3: permafrost07 (button) (small blind) folded before Flop


PokerStars Hand #148828001123:  Hold'em Limit ($3/$6 USD) - 2016/02/15 0:43:14 ET
Table 'Caph' 6-max Seat #1 is the button
Seat 1: Velbor107 ($270.04 in chips)
Seat 3: permafrost07 ($136.14 in chips)
Velbor107: posts small blind $1
permafrost07: posts big blind $3
*** HOLE CARDS ***
Velbor107: raises $3 to $6
permafrost07: raises $3 to $9
Velbor107: calls $3
*** FLOP *** [6c Qc Td]
permafrost07: bets $3
Velbor107: raises $3 to $6
permafrost07: raises $3 to $9
Velbor107: calls $3
*** TURN *** [6c Qc Td] [6h]
permafrost07: bets $6
Velbor107: folds
Uncalled bet ($6) returned to permafrost07
permafrost07 collected $35.50 from pot
permafrost07: doesn't show hand
*** SUMMARY ***
Total pot $36 | Rake $0.50
Board [6c Qc Td 6h]
Seat 1: Velbor107 (button) (small blind) folded on the Turn
Seat 3: permafrost07 (big blind) collected ($35.50)


PokerStars Hand #148828006713:  Hold'em Limit ($3/$6 USD) - 2016/02/15 0:43:35 ET
Table 'Caph' 6-max Seat #3 is the button
Seat 1: Velbor107 ($252.04 in chips)
Seat 3: permafrost07 ($153.64 in chips)
permafrost07: posts small blind $1
Velbor107: posts big blind $3
*** HOLE CARDS ***
permafrost07: raises $3 to $6
Velbor107: calls $3
*** FLOP *** [Ah 3c 6c]
Velbor107: checks
permafrost07: bets $3
Velbor107: calls $3
*** TURN *** [Ah 3c 6c] [7h]
Velbor107: checks
permafrost07: checks
*** RIVER *** [Ah 3c 6c 7h] [Jd]
Velbor107: bets $6
permafrost07: folds
Uncalled bet ($6) returned to Velbor107
Velbor107 collected $17.64 from pot
*** SUMMARY ***
Total pot $18 | Rake $0.36
Board [Ah 3c 6c 7h Jd]
Seat 1: Velbor107 (big blind) collected ($17.64)
Seat 3: permafrost07 (button) (small blind) folded on the River


PokerStars Hand #148828012514:  Hold'em Limit ($3/$6 USD) - 2016/02/15 0:43:58 ET
Table 'Caph' 6-max Seat #1 is the button
Seat 1: Velbor107 ($260.68 in chips)
Seat 3: permafrost07 ($144.64 in chips)
Velbor107: posts small blind $1
permafrost07: posts big blind $3
*** HOLE CARDS ***
Velbor107: raises $3 to $6
permafrost07: raises $3 to $9
Velbor107: calls $3
*** FLOP *** [9c Qd 5h]
permafrost07: bets $3
Velbor107: calls $3
*** TURN *** [9c Qd 5h] [Jc]
permafrost07: bets $6
Velbor107: calls $6
*** RIVER *** [9c Qd 5h Jc] [2d]
permafrost07: bets $6
Velbor107: calls $6
*** SHOW DOWN ***
permafrost07: shows [Kd Td] (a straight, Nine to King)
Velbor107: mucks hand
permafrost07 collected $47.50 from pot
*** SUMMARY ***
Total pot $48 | Rake $0.50
Board [9c Qd 5h Jc 2d]
Seat 1: Velbor107 (button) (small blind) mucked
Seat 3: permafrost07 (big blind) showed [Kd Td] and won ($47.50) with a straight, Nine to King


PokerStars Hand #148828018268:  Hold'em Limit ($3/$6 USD) - 2016/02/15 0:44:20 ET
Table 'Caph' 6-max Seat #3 is the button
Seat 1: Velbor107 ($236.68 in chips)
Seat 3: permafrost07 ($168.14 in chips)
permafrost07: posts small blind $1
Velbor107: posts big blind $3
*** HOLE CARDS ***
permafrost07: raises $3 to $6
Velbor107: calls $3
*** FLOP *** [8d 4s 9c]
Velbor107: checks
permafrost07: bets $3
Velbor107: raises $3 to $6
permafrost07: calls $3
*** TURN *** [8d 4s 9c] [2s]
Velbor107: bets $6
permafrost07: calls $6
*** RIVER *** [8d 4s 9c 2s] [3c]
Velbor107: bets $6
permafrost07: calls $6
*** SHOW DOWN ***
Velbor107: shows [4d 5d] (a pair of Fours)
permafrost07: mucks hand
Velbor107 collected $47.50 from pot
*** SUMMARY ***
Total pot $48 | Rake $0.50
Board [8d 4s 9c 2s 3c]
Seat 1: Velbor107 (big blind) showed [4d 5d] and won ($47.50) with a pair of Fours
Seat 3: permafrost07 (button) (small blind) mucked


PokerStars Hand #148828025654:  Hold'em Limit ($3/$6 USD) - 2016/02/15 0:44:48 ET
Table 'Caph' 6-max Seat #1 is the button
Seat 1: Velbor107 ($260.18 in chips)
Seat 3: permafrost07 ($144.14 in chips)
Velbor107: posts small blind $1
permafrost07: posts big blind $3
*** HOLE CARDS ***
Velbor107: raises $3 to $6
permafrost07: calls $3
*** FLOP *** [6h 3s Jd]
permafrost07: bets $3
Velbor107: calls $3
*** TURN *** [6h 3s Jd] [Kh]
permafrost07: checks
Velbor107: bets $6
permafrost07: calls $6
*** RIVER *** [6h 3s Jd Kh] [3c]
permafrost07: checks
Velbor107: bets $6
permafrost07: folds
Uncalled bet ($6) returned to Velbor107
Velbor107 collected $29.50 from pot
*** SUMMARY ***
Total pot $30 | Rake $0.50
Board [6h 3s Jd Kh 3c]
Seat 1: Velbor107 (button) (small blind) collected ($29.50)
Seat 3: permafrost07 (big blind) folded on the River


PokerStars Hand #148828032298:  Hold'em Limit ($3/$6 USD) - 2016/02/15 0:45:13 ET
Table 'Caph' 6-max Seat #3 is the button
Seat 1: Velbor107 ($274.68 in chips)
Seat 3: permafrost07 ($129.14 in chips)
permafrost07: posts small blind $1
Velbor107: posts big blind $3
*** HOLE CARDS ***
permafrost07: raises $3 to $6
Velbor107: calls $3
*** FLOP *** [2h Ad Ks]
Velbor107: checks
permafrost07: checks
*** TURN *** [2h Ad Ks] [4d]
Velbor107: checks
permafrost07: bets $6
Velbor107: folds
Uncalled bet ($6) returned to permafrost07
permafrost07 collected $11.76 from pot
permafrost07: doesn't show hand
*** SUMMARY ***
Total pot $12 | Rake $0.24
Board [2h Ad Ks 4d]
Seat 1: Velbor107 (big blind) folded on the Turn
Seat 3: permafrost07 (button) (small blind) collected ($11.76)


PokerStars Hand #148828037731:  Hold'em Limit ($3/$6 USD) - 2016/02/15 0:45:34 ET
Table 'Caph' 6-max Seat #3 is the button
Seat 1: Velbor107 ($267.68 in chips)
Seat 3: permafrost07 ($135.90 in chips)
permafrost07: posts small blind $1
Velbor107: posts big blind $3
*** HOLE CARDS ***
permafrost07: raises $3 to $6
Velbor107: folds
Uncalled bet ($3) returned to permafrost07
permafrost07 collected $6 from pot
permafrost07: doesn't show hand
*** SUMMARY ***
Total pot $6 | Rake $0
Seat 1: Velbor107 (big blind) folded before Flop
Seat 3: permafrost07 (button) (small blind) collected ($6)


PokerStars Hand #148828036543:  Hold'em Limit ($3/$6 USD) - 2016/02/15 0:45:29 ET
Table 'Caph' 6-max Seat #1 is the button
Seat 1: Velbor107 ($268.68 in chips)
Seat 3: permafrost07 ($134.90 in chips)
Velbor107: posts small blind $1
permafrost07: posts big blind $3
*** HOLE CARDS ***
Velbor107: folds
Uncalled bet ($2) returned to permafrost07
permafrost07 collected $2 from pot
permafrost07: doesn't show hand
*** SUMMARY ***
Total pot $2 | Rake $0
Seat 1: Velbor107 (button) (small blind) folded before Flop
Seat 3: permafrost07 (big blind) collected ($2)


PokerStars Hand #148828039365:  Hold'em Limit ($3/$6 USD) - 2016/02/15 0:45:40 ET
Table 'Caph' 6-max Seat #1 is the button
Seat 1: Velbor107 ($264.68 in chips)
Seat 3: permafrost07 ($138.90 in chips)
Velbor107: posts small blind $1
permafrost07: posts big blind $3
*** HOLE CARDS ***
Velbor107: raises $3 to $6
permafrost07: calls $3
*** FLOP *** [5d Ac 7d]
permafrost07: checks
Velbor107: bets $3
permafrost07: folds
Uncalled bet ($3) returned to Velbor107
Velbor107 collected $11.76 from pot
*** SUMMARY ***
Total pot $12 | Rake $0.24
Board [5d Ac 7d]
Seat 1: Velbor107 (button) (small blind) collected ($11.76)
Seat 3: permafrost07 (big blind) folded on the Flop


PokerStars Hand #148828043243:  Hold'em Limit ($3/$6 USD) - 2016/02/15 0:45:55 ET
Table 'Caph' 6-max Seat #3 is the button
Seat 1: Velbor107 ($270.44 in chips)
Seat 3: permafrost07 ($132.90 in chips)
permafrost07: posts small blind $1
Velbor107: posts big blind $3
*** HOLE CARDS ***
permafrost07: raises $3 to $6
Velbor107: calls $3
*** FLOP *** [Tc 7s 7c]
Velbor107: checks
permafrost07: checks
*** TURN *** [Tc 7s 7c] [3s]
Velbor107: checks
permafrost07: checks
*** RIVER *** [Tc 7s 7c 3s] [Ks]
Velbor107: checks
permafrost07: checks
*** SHOW DOWN ***
Velbor107: shows [Qc 4c] (a pair of Sevens)
permafrost07: shows [Qs 8c] (a pair of Sevens)
Velbor107 collected $5.88 from pot
permafrost07 collected $5.88 from pot
*** SUMMARY ***
Total pot $12 | Rake $0.24
Board [Tc 7s 7c 3s Ks]
Seat 1: Velbor107 (big blind) showed [Qc 4c] and won ($5.88) with a pair of Sevens
Seat 3: permafrost07 (button) (small blind) showed [Qs 8c] and won ($5.88) with a pair of Sevens


PokerStars Hand #148828049153:  Hold'em Limit ($3/$6 USD) - 2016/02/15 0:46:17 ET
Table 'Caph' 6-max Seat #1 is the button
Seat 1: Velbor107 ($270.32 in chips)
Seat 3: permafrost07 ($132.78 in chips)
Velbor107: posts small blind $1
permafrost07: posts big blind $3
*** HOLE CARDS ***
Velbor107: raises $3 to $6
permafrost07: calls $3
*** FLOP *** [7s 3h Js]
permafrost07: bets $3
Velbor107: folds
Uncalled bet ($3) returned to permafrost07
permafrost07 collected $11.76 from pot
permafrost07: doesn't show hand
*** SUMMARY ***
Total pot $12 | Rake $0.24
Board [7s 3h Js]
Seat 1: Velbor107 (button) (small blind) folded on the Flop
Seat 3: permafrost07 (big blind) collected ($11.76)


PokerStars Hand #148828051774:  Hold'em Limit ($3/$6 USD) - 2016/02/15 0:46:27 ET
Table 'Caph' 6-max Seat #3 is the button
Seat 1: Velbor107 ($264.32 in chips)
Seat 3: permafrost07 ($138.54 in chips)
permafrost07: posts small blind $1
Velbor107: posts big blind $3
*** HOLE CARDS ***
permafrost07: raises $3 to $6
Velbor107: folds
Uncalled bet ($3) returned to permafrost07
permafrost07 collected $6 from pot
permafrost07: doesn't show hand
*** SUMMARY ***
Total pot $6 | Rake $0
Seat 1: Velbor107 (big blind) folded before Flop
Seat 3: permafrost07 (button) (small blind) collected ($6)


PokerStars Hand #148828053662:  Hold'em Limit ($3/$6 USD) - 2016/02/15 0:46:34 ET
Table 'Caph' 6-max Seat #1 is the button
Seat 1: Velbor107 ($261.32 in chips)
Seat 3: permafrost07 ($141.54 in chips)
Velbor107: posts small blind $1
permafrost07: posts big blind $3
*** HOLE CARDS ***
Velbor107: raises $3 to $6
permafrost07: calls $3
*** FLOP *** [5s 7c Th]
permafrost07: bets $3
Velbor107: calls $3
*** TURN *** [5s 7c Th] [Ks]
permafrost07: bets $6
Velbor107: raises $6 to $12
permafrost07: calls $6
*** RIVER *** [5s 7c Th Ks] [Kh]
permafrost07: checks
Velbor107: bets $6
permafrost07: calls $6
*** SHOW DOWN ***
Velbor107: shows [Kc 9d] (three of a kind, Kings)
permafrost07: mucks hand
Velbor107 collected $53.50 from pot
*** SUMMARY ***
Total pot $54 | Rake $0.50
Board [5s 7c Th Ks Kh]
Seat 1: Velbor107 (button) (small blind) showed [Kc 9d] and won ($53.50) with three of a kind, Kings
Seat 3: permafrost07 (big blind) mucked


PokerStars Hand #148828060373:  Hold'em Limit ($3/$6 USD) - 2016/02/15 0:47:00 ET
Table 'Caph' 6-max Seat #3 is the button
Seat 1: Velbor107 ($287.82 in chips)
Seat 3: permafrost07 ($114.54 in chips)
permafrost07: posts small blind $1
Velbor107: posts big blind $3
*** HOLE CARDS ***
permafrost07: raises $3 to $6
Velbor107: folds
Uncalled bet ($3) returned to permafrost07
permafrost07 collected $6 from pot
permafrost07: doesn't show hand
*** SUMMARY ***
Total pot $6 | Rake $0
Seat 1: Velbor107 (big blind) folded before Flop
Seat 3: permafrost07 (button) (small blind) collected ($6)


PokerStars Hand #148828063707:  Hold'em Limit ($3/$6 USD) - 2016/02/15 0:47:13 ET
Table 'Caph' 6-max Seat #3 is the button
Seat 1: Velbor107 ($283.82 in chips)
Seat 3: permafrost07 ($118.54 in chips)
permafrost07: posts small blind $1
Velbor107: posts big blind $3
*** HOLE CARDS ***
permafrost07: raises $3 to $6
Velbor107: folds
Uncalled bet ($3) returned to permafrost07
permafrost07 collected $6 from pot
permafrost07: doesn't show hand
*** SUMMARY ***
Total pot $6 | Rake $0
Seat 1: Velbor107 (big blind) folded before Flop
Seat 3: permafrost07 (button) (small blind) collected ($6)


PokerStars Hand #148828062385:  Hold'em Limit ($3/$6 USD) - 2016/02/15 0:47:08 ET
Table 'Caph' 6-max Seat #1 is the button
Seat 1: Velbor107 ($284.82 in chips)
Seat 3: permafrost07 ($117.54 in chips)
Velbor107: posts small blind $1
permafrost07: posts big blind $3
*** HOLE CARDS ***
Velbor107: folds
Uncalled bet ($2) returned to permafrost07
permafrost07 collected $2 from pot
permafrost07: doesn't show hand
*** SUMMARY ***
Total pot $2 | Rake $0
Seat 1: Velbor107 (button) (small blind) folded before Flop
Seat 3: permafrost07 (big blind) collected ($2)


PokerStars Hand #148828066672:  Hold'em Limit ($3/$6 USD) - 2016/02/15 0:47:24 ET
Table 'Caph' 6-max Seat #3 is the button
Seat 1: Velbor107 ($279.82 in chips)
Seat 3: permafrost07 ($122.54 in chips)
permafrost07: posts small blind $1
Velbor107: posts big blind $3
*** HOLE CARDS ***
permafrost07: folds
Uncalled bet ($2) returned to Velbor107
Velbor107 collected $2 from pot
*** SUMMARY ***
Total pot $2 | Rake $0
Seat 1: Velbor107 (big blind) collected ($2)
Seat 3: permafrost07 (button) (small blind) folded before Flop


PokerStars Hand #148828065385:  Hold'em Limit ($3/$6 USD) - 2016/02/15 0:47:19 ET
Table 'Caph' 6-max Seat #1 is the button
Seat 1: Velbor107 ($280.82 in chips)
Seat 3: permafrost07 ($121.54 in chips)
Velbor107: posts small blind $1
permafrost07: posts big blind $3
*** HOLE CARDS ***
Velbor107: folds
Uncalled bet ($2) returned to permafrost07
permafrost07 collected $2 from pot
permafrost07: doesn't show hand
*** SUMMARY ***
Total pot $2 | Rake $0
Seat 1: Velbor107 (button) (small blind) folded before Flop
Seat 3: permafrost07 (big blind) collected ($2)


PokerStars Hand #148828068416:  Hold'em Limit ($3/$6 USD) - 2016/02/15 0:47:31 ET
Table 'Caph' 6-max Seat #1 is the button
Seat 1: Velbor107 ($280.82 in chips)
Seat 3: permafrost07 ($121.54 in chips)
Velbor107: posts small blind $1
permafrost07: posts big blind $3
*** HOLE CARDS ***
Velbor107: folds
Uncalled bet ($2) returned to permafrost07
permafrost07 collected $2 from pot
permafrost07: doesn't show hand
*** SUMMARY ***
Total pot $2 | Rake $0
Seat 1: Velbor107 (button) (small blind) folded before Flop
Seat 3: permafrost07 (big blind) collected ($2)


PokerStars Hand #148828069733:  Hold'em Limit ($3/$6 USD) - 2016/02/15 0:47:36 ET
Table 'Caph' 6-max Seat #3 is the button
Seat 1: Velbor107 ($279.82 in chips)
Seat 3: permafrost07 ($122.54 in chips)
permafrost07: posts small blind $1
Velbor107: posts big blind $3
*** HOLE CARDS ***
permafrost07: raises $3 to $6
Velbor107: calls $3
*** FLOP *** [Qh Jd 2h]
Velbor107: checks
permafrost07: bets $3
Velbor107: calls $3
*** TURN *** [Qh Jd 2h] [Qc]
Velbor107: checks
permafrost07: bets $6
Velbor107: folds
Uncalled bet ($6) returned to permafrost07
permafrost07 collected $17.64 from pot
permafrost07: doesn't show hand
*** SUMMARY ***
Total pot $18 | Rake $0.36
Board [Qh Jd 2h Qc]
Seat 1: Velbor107 (big blind) folded on the Turn
Seat 3: permafrost07 (button) (small blind) collected ($17.64)


PokerStars Hand #148828073920:  Hold'em Limit ($3/$6 USD) - 2016/02/15 0:47:52 ET
Table 'Caph' 6-max Seat #1 is the button
Seat 1: Velbor107 ($270.82 in chips)
Seat 3: permafrost07 ($131.18 in chips)
Velbor107: posts small blind $1
permafrost07: posts big blind $3
*** HOLE CARDS ***
Velbor107: raises $3 to $6
permafrost07: calls $3
*** FLOP *** [6s 8h 6d]
permafrost07: bets $3
Velbor107: calls $3
*** TURN *** [6s 8h 6d] [5s]
permafrost07: bets $6
Velbor107: calls $6
*** RIVER *** [6s 8h 6d 5s] [Jc]
permafrost07: bets $6
Velbor107: folds
Uncalled bet ($6) returned to permafrost07
permafrost07 collected $29.50 from pot
permafrost07: doesn't show hand
*** SUMMARY ***
Total pot $30 | Rake $0.50
Board [6s 8h 6d 5s Jc]
Seat 1: Velbor107 (button) (small blind) folded on the River
Seat 3: permafrost07 (big blind) collected ($29.50)


PokerStars Hand #148828079045:  Hold'em Limit ($3/$6 USD) - 2016/02/15 0:48:11 ET
Table 'Caph' 6-max Seat #3 is the button
Seat 1: Velbor107 ($255.82 in chips)
Seat 3: permafrost07 ($145.68 in chips)
permafrost07: posts small blind $1
Velbor107: posts big blind $3
*** HOLE CARDS ***
permafrost07: raises $3 to $6
Velbor107: calls $3
*** FLOP *** [Qs 3h Jd]
Velbor107: checks
permafrost07: bets $3
Velbor107: calls $3
*** TURN *** [Qs 3h Jd] [6s]
Velbor107: checks
permafrost07: checks
*** RIVER *** [Qs 3h Jd 6s] [Ks]
Velbor107: bets $6
permafrost07: calls $6
*** SHOW DOWN ***
Velbor107: shows [Kd 6h] (two pair, Kings and Sixes)
permafrost07: mucks hand
Velbor107 collected $29.50 from pot
*** SUMMARY ***
Total pot $30 | Rake $0.50
Board [Qs 3h Jd 6s Ks]
Seat 1: Velbor107 (big blind) showed [Kd 6h] and won ($29.50) with two pair, Kings and Sixes
Seat 3: permafrost07 (button) (small blind) mucked


PokerStars Hand #148828083618:  Hold'em Limit ($3/$6 USD) - 2016/02/15 0:48:28 ET
Table 'Caph' 6-max Seat #1 is the button
Seat 1: Velbor107 ($270.32 in chips)
Seat 3: permafrost07 ($130.68 in chips)
Velbor107: posts small blind $1
permafrost07: posts big blind $3
*** HOLE CARDS ***
Velbor107: folds
Uncalled bet ($2) returned to permafrost07
permafrost07 collected $2 from pot
permafrost07: doesn't show hand
*** SUMMARY ***
Total pot $2 | Rake $0
Seat 1: Velbor107 (button) (small blind) folded before Flop
Seat 3: permafrost07 (big blind) collected ($2)


PokerStars Hand #148828085050:  Hold'em Limit ($3/$6 USD) - 2016/02/15 0:48:34 ET
Table 'Caph' 6-max Seat #3 is the button
Seat 1: Velbor107 ($269.32 in chips)
Seat 3: permafrost07 ($131.68 in chips)
permafrost07: posts small blind $1
Velbor107: posts big blind $3
*** HOLE CARDS ***
permafrost07: raises $3 to $6
Velbor107: raises $3 to $9
permafrost07: calls $3
*** FLOP *** [3h Qc 4d]
Velbor107: bets $3
permafrost07: raises $3 to $6
Velbor107: calls $3
*** TURN *** [3h Qc 4d] [Ah]
Velbor107: bets $6
permafrost07: folds
Uncalled bet ($6) returned to Velbor107
Velbor107 collected $29.50 from pot
*** SUMMARY ***
Total pot $30 | Rake $0.50
Board [3h Qc 4d Ah]
Seat 1: Velbor107 (big blind) collected ($29.50)
Seat 3: permafrost07 (button) (small blind) folded on the Turn


PokerStars Hand #148828095334:  Hold'em Limit ($3/$6 USD) - 2016/02/15 0:49:13 ET
Table 'Caph' 6-max Seat #3 is the button
Seat 1: Velbor107 ($295.34 in chips)
Seat 3: permafrost07 ($104.68 in chips)
permafrost07: posts small blind $1
Velbor107: posts big blind $3
*** HOLE CARDS ***
permafrost07: raises $3 to $6
Velbor107: folds
Uncalled bet ($3) returned to permafrost07
permafrost07 collected $6 from pot
permafrost07: doesn't show hand
*** SUMMARY ***
Total pot $6 | Rake $0
Seat 1: Velbor107 (big blind) folded before Flop
Seat 3: permafrost07 (button) (small blind) collected ($6)


PokerStars Hand #148828089679:  Hold'em Limit ($3/$6 USD) - 2016/02/15 0:48:51 ET
Table 'Caph' 6-max Seat #1 is the button
Seat 1: Velbor107 ($283.82 in chips)
Seat 3: permafrost07 ($116.68 in chips)
Velbor107: posts small blind $1
permafrost07: posts big blind $3
*** HOLE CARDS ***
Velbor107: raises $3 to $6
permafrost07: raises $3 to $9
Velbor107: calls $3
*** FLOP *** [Qd 6d 2h]
permafrost07: bets $3
Velbor107: calls $3
*** TURN *** [Qd 6d 2h] [Jc]
permafrost07: checks
Velbor107: bets $6
permafrost07: folds
Uncalled bet ($6) returned to Velbor107
Velbor107 collected $23.52 from pot
*** SUMMARY ***
Total pot $24 | Rake $0.48
Board [Qd 6d 2h Jc]
Seat 1: Velbor107 (button) (small blind) collected ($23.52)
Seat 3: permafrost07 (big blind) folded on the Turn


PokerStars Hand #148828097383:  Hold'em Limit ($3/$6 USD) - 2016/02/15 0:49:21 ET
Table 'Caph' 6-max Seat #1 is the button
Seat 1: Velbor107 ($292.34 in chips)
Seat 3: permafrost07 ($107.68 in chips)
Velbor107: posts small blind $1
permafrost07: posts big blind $3
*** HOLE CARDS ***
Velbor107: raises $3 to $6
permafrost07: raises $3 to $9
Velbor107: calls $3
*** FLOP *** [6h 5s 7h]
permafrost07: bets $3
Velbor107: raises $3 to $6
permafrost07: calls $3
*** TURN *** [6h 5s 7h] [8h]
permafrost07: checks
Velbor107: bets $6
permafrost07: calls $6
*** RIVER *** [6h 5s 7h 8h] [8s]
permafrost07: checks
Velbor107: bets $6
permafrost07: calls $6
*** SHOW DOWN ***
Velbor107: shows [Ks Kd] (two pair, Kings and Eights)
permafrost07: mucks hand
Velbor107 collected $53.50 from pot
*** SUMMARY ***
Total pot $54 | Rake $0.50
Board [6h 5s 7h 8h 8s]
Seat 1: Velbor107 (button) (small blind) showed [Ks Kd] and won ($53.50) with two pair, Kings and Eights
Seat 3: permafrost07 (big blind) mucked


PokerStars Hand #148828108479:  Hold'em Limit ($3/$6 USD) - 2016/02/15 0:50:03 ET
Table 'Caph' 6-max Seat #3 is the button
Seat 1: Velbor107 ($318.84 in chips)
Seat 3: permafrost07 ($80.68 in chips)
permafrost07: posts small blind $1
Velbor107: posts big blind $3
*** HOLE CARDS ***
permafrost07: raises $3 to $6
Velbor107: raises $3 to $9
permafrost07: calls $3
*** FLOP *** [7h Td Jd]
Velbor107: bets $3
permafrost07: raises $3 to $6
Velbor107: calls $3
*** TURN *** [7h Td Jd] [Jh]
Velbor107: checks
permafrost07: bets $6
Velbor107: calls $6
*** RIVER *** [7h Td Jd Jh] [Ah]
Velbor107: checks
permafrost07: checks
*** SHOW DOWN ***
Velbor107: shows [Kd Ac] (two pair, Aces and Jacks)
permafrost07: mucks hand
Velbor107 collected $41.50 from pot
*** SUMMARY ***
Total pot $42 | Rake $0.50
Board [7h Td Jd Jh Ah]
Seat 1: Velbor107 (big blind) showed [Kd Ac] and won ($41.50) with two pair, Aces and Jacks
Seat 3: permafrost07 (button) (small blind) mucked


PokerStars Hand #148828114626:  Hold'em Limit ($3/$6 USD) - 2016/02/15 0:50:26 ET
Table 'Caph' 6-max Seat #1 is the button
Seat 1: Velbor107 ($339.34 in chips)
Seat 3: permafrost07 ($59.68 in chips)
Velbor107: posts small blind $1
permafrost07: posts big blind $3
*** HOLE CARDS ***
Velbor107: raises $3 to $6
permafrost07: raises $3 to $9
Velbor107: calls $3
*** FLOP *** [2s 3h 5h]
permafrost07: bets $3
Velbor107: calls $3
*** TURN *** [2s 3h 5h] [8h]
permafrost07: bets $6
Velbor107: calls $6
*** RIVER *** [2s 3h 5h 8h] [Kc]
permafrost07: checks
Velbor107: checks
*** SHOW DOWN ***
permafrost07: shows [Ad 6c] (high card Ace)
Velbor107: mucks hand
permafrost07 collected $35.50 from pot
*** SUMMARY ***
Total pot $36 | Rake $0.50
Board [2s 3h 5h 8h Kc]
Seat 1: Velbor107 (button) (small blind) mucked
Seat 3: permafrost07 (big blind) showed [Ad 6c] and won ($35.50) with high card Ace


PokerStars Hand #148828125274:  Hold'em Limit ($3/$6 USD) - 2016/02/15 0:51:07 ET
Table 'Caph' 6-max Seat #1 is the button
Seat 1: Velbor107 ($327.10 in chips)
Seat 3: permafrost07 ($71.18 in chips)
Velbor107: posts small blind $1
permafrost07: posts big blind $3
*** HOLE CARDS ***
Velbor107: raises $3 to $6
permafrost07: calls $3
*** FLOP *** [3h 5h 4h]
permafrost07: bets $3
Velbor107: calls $3
*** TURN *** [3h 5h 4h] [Kc]
permafrost07: checks
Velbor107: bets $6
permafrost07: calls $6
*** RIVER *** [3h 5h 4h Kc] [7s]
permafrost07: bets $6
Velbor107: calls $6
*** SHOW DOWN ***
permafrost07: shows [6d Js] (a straight, Three to Seven)
Velbor107: mucks hand
permafrost07 collected $41.50 from pot
*** SUMMARY ***
Total pot $42 | Rake $0.50
Board [3h 5h 4h Kc 7s]
Seat 1: Velbor107 (button) (small blind) mucked
Seat 3: permafrost07 (big blind) showed [6d Js] and won ($41.50) with a straight, Three to Seven


PokerStars Hand #148828120364:  Hold'em Limit ($3/$6 USD) - 2016/02/15 0:50:48 ET
Table 'Caph' 6-max Seat #3 is the button
Seat 1: Velbor107 ($321.34 in chips)
Seat 3: permafrost07 ($77.18 in chips)
permafrost07: posts small blind $1
Velbor107: posts big blind $3
*** HOLE CARDS ***
permafrost07: raises $3 to $6
Velbor107: calls $3
*** FLOP *** [Qs 2c Ks]
Velbor107: checks
permafrost07: checks
*** TURN *** [Qs 2c Ks] [Kh]
Velbor107: bets $6
permafrost07: folds
Uncalled bet ($6) returned to Velbor107
Velbor107 collected $11.76 from pot
*** SUMMARY ***
Total pot $12 | Rake $0.24
Board [Qs 2c Ks Kh]
Seat 1: Velbor107 (big blind) collected ($11.76)
Seat 3: permafrost07 (button) (small blind) folded on the Turn


PokerStars Hand #148828137415:  Hold'em Limit ($3/$6 USD) - 2016/02/15 0:51:54 ET
Table 'Caph' 6-max Seat #1 is the button
Seat 1: Velbor107 ($305.92 in chips)
Seat 3: permafrost07 ($91.50 in chips)
Velbor107: posts small blind $1
permafrost07: posts big blind $3
*** HOLE CARDS ***
Velbor107: folds
Uncalled bet ($2) returned to permafrost07
permafrost07 collected $2 from pot
permafrost07: doesn't show hand
*** SUMMARY ***
Total pot $2 | Rake $0
Seat 1: Velbor107 (button) (small blind) folded before Flop
Seat 3: permafrost07 (big blind) collected ($2)


PokerStars Hand #148828132825:  Hold'em Limit ($3/$6 USD) - 2016/02/15 0:51:36 ET
Table 'Caph' 6-max Seat #3 is the button
Seat 1: Velbor107 ($306.10 in chips)
Seat 3: permafrost07 ($91.68 in chips)
permafrost07: posts small blind $1
Velbor107: posts big blind $3
*** HOLE CARDS ***
permafrost07: calls $2
Velbor107: checks
*** FLOP *** [3h Ks 9c]
Velbor107: bets $3
permafrost07: raises $3 to $6
Velbor107: calls $3
*** TURN *** [3h Ks 9c] [Th]
Velbor107: checks
permafrost07: checks
*** RIVER *** [3h Ks 9c Th] [7s]
Velbor107: checks
permafrost07: checks
*** SHOW DOWN ***
Velbor107: shows [2h 3d] (a pair of Threes)
permafrost07: shows [3c 8d] (a pair of Threes)
Velbor107 collected $8.82 from pot
permafrost07 collected $8.82 from pot
*** SUMMARY ***
Total pot $18 | Rake $0.36
Board [3h Ks 9c Th 7s]
Seat 1: Velbor107 (big blind) showed [2h 3d] and won ($8.82) with a pair of Threes
Seat 3: permafrost07 (button) (small blind) showed [3c 8d] and won ($8.82) with a pair of Threes


PokerStars Hand #148828138604:  Hold'em Limit ($3/$6 USD) - 2016/02/15 0:51:59 ET
Table 'Caph' 6-max Seat #3 is the button
Seat 1: Velbor107 ($304.92 in chips)
Seat 3: permafrost07 ($92.50 in chips)
permafrost07: posts small blind $1
Velbor107: posts big blind $3
*** HOLE CARDS ***
permafrost07: raises $3 to $6
Velbor107: raises $3 to $9
permafrost07: calls $3
*** FLOP *** [Js 9s Kh]
Velbor107: bets $3
permafrost07: calls $3
*** TURN *** [Js 9s Kh] [7h]
Velbor107: bets $6
permafrost07: calls $6
*** RIVER *** [Js 9s Kh 7h] [3h]
Velbor107: bets $6
permafrost07: folds
Uncalled bet ($6) returned to Velbor107
Velbor107 collected $35.50 from pot
*** SUMMARY ***
Total pot $36 | Rake $0.50
Board [Js 9s Kh 7h 3h]
Seat 1: Velbor107 (big blind) collected ($35.50)
Seat 3: permafrost07 (button) (small blind) folded on the River


PokerStars Hand #148828144224:  Hold'em Limit ($3/$6 USD) - 2016/02/15 0:52:21 ET
Table 'Caph' 6-max Seat #1 is the button
Seat 1: Velbor107 ($322.42 in chips)
Seat 3: permafrost07 ($74.50 in chips)
Velbor107: posts small blind $1
permafrost07: posts big blind $3
*** HOLE CARDS ***
Velbor107: raises $3 to $6
permafrost07: raises $3 to $9
Velbor107: calls $3
*** FLOP *** [4d 8h 9c]
permafrost07: bets $3
Velbor107: calls $3
*** TURN *** [4d 8h 9c] [3c]
permafrost07: bets $6
Velbor107: calls $6
*** RIVER *** [4d 8h 9c 3c] [3d]
permafrost07: bets $6
Velbor107: calls $6
*** SHOW DOWN ***
permafrost07: shows [6h Ah] (a pair of Threes)
Velbor107: shows [8c 5c] (two pair, Eights and Threes)
Velbor107 collected $47.50 from pot
*** SUMMARY ***
Total pot $48 | Rake $0.50
Board [4d 8h 9c 3c 3d]
Seat 1: Velbor107 (button) (small blind) showed [8c 5c] and won ($47.50) with two pair, Eights and Threes
Seat 3: permafrost07 (big blind) showed [6h Ah] and lost with a pair of Threes


PokerStars Hand #148828154416:  Hold'em Limit ($3/$6 USD) - 2016/02/15 0:53:00 ET
Table 'Caph' 6-max Seat #3 is the button
Seat 1: Velbor107 ($345.92 in chips)
Seat 3: permafrost07 ($50.50 in chips)
permafrost07: posts small blind $1
Velbor107: posts big blind $3
*** HOLE CARDS ***
permafrost07: calls $2
Velbor107: checks
*** FLOP *** [4h Qc Kc]
Velbor107: bets $3
permafrost07: raises $3 to $6
Velbor107: folds
Uncalled bet ($3) returned to permafrost07
permafrost07 collected $11.76 from pot
*** SUMMARY ***
Total pot $12 | Rake $0.24
Board [4h Qc Kc]
Seat 1: Velbor107 (big blind) folded on the Flop
Seat 3: permafrost07 (button) (small blind) collected ($11.76)


PokerStars Hand #148828160854:  Hold'em Limit ($3/$6 USD) - 2016/02/15 0:53:25 ET
Table 'Caph' 6-max Seat #3 is the button
Seat 1: Velbor107 ($338.92 in chips)
Seat 3: permafrost07 ($57.26 in chips)
permafrost07: posts small blind $1
Velbor107: posts big blind $3
*** HOLE CARDS ***
permafrost07: raises $3 to $6
Velbor107: folds
Uncalled bet ($3) returned to permafrost07
permafrost07 collected $6 from pot
permafrost07: doesn't show hand
*** SUMMARY ***
Total pot $6 | Rake $0
Seat 1: Velbor107 (big blind) folded before Flop
Seat 3: permafrost07 (button) (small blind) collected ($6)


PokerStars Hand #148828159660:  Hold'em Limit ($3/$6 USD) - 2016/02/15 0:53:21 ET
Table 'Caph' 6-max Seat #1 is the button
Seat 1: Velbor107 ($339.92 in chips)
Seat 3: permafrost07 ($56.26 in chips)
Velbor107: posts small blind $1
permafrost07: posts big blind $3
*** HOLE CARDS ***
Velbor107: folds
Uncalled bet ($2) returned to permafrost07
permafrost07 collected $2 from pot
permafrost07: doesn't show hand
*** SUMMARY ***
Total pot $2 | Rake $0
Seat 1: Velbor107 (button) (small blind) folded before Flop
Seat 3: permafrost07 (big blind) collected ($2)


PokerStars Hand #148828168328:  Hold'em Limit ($3/$6 USD) - 2016/02/15 0:53:54 ET
Table 'Caph' 6-max Seat #3 is the button
Seat 1: Velbor107 ($314.92 in chips)
Seat 3: permafrost07 ($80.76 in chips)
permafrost07: posts small blind $1
Velbor107: posts big blind $3
*** HOLE CARDS ***
permafrost07: raises $3 to $6
Velbor107: folds
Uncalled bet ($3) returned to permafrost07
permafrost07 collected $6 from pot
permafrost07: doesn't show hand
*** SUMMARY ***
Total pot $6 | Rake $0
Seat 1: Velbor107 (big blind) folded before Flop
Seat 3: permafrost07 (button) (small blind) collected ($6)


PokerStars Hand #148828162277:  Hold'em Limit ($3/$6 USD) - 2016/02/15 0:53:31 ET
Table 'Caph' 6-max Seat #1 is the button
Seat 1: Velbor107 ($335.92 in chips)
Seat 3: permafrost07 ($60.26 in chips)
Velbor107: posts small blind $1
permafrost07: posts big blind $3
*** HOLE CARDS ***
Velbor107: raises $3 to $6
permafrost07: calls $3
*** FLOP *** [8c 2h Qd]
permafrost07: bets $3
Velbor107: calls $3
*** TURN *** [8c 2h Qd] [Kd]
permafrost07: bets $6
Velbor107: calls $6
*** RIVER *** [8c 2h Qd Kd] [6c]
permafrost07: bets $6
Velbor107: calls $6
*** SHOW DOWN ***
permafrost07: shows [Qs 5h] (a pair of Queens)
Velbor107: mucks hand
permafrost07 collected $41.50 from pot
*** SUMMARY ***
Total pot $42 | Rake $0.50
Board [8c 2h Qd Kd 6c]
Seat 1: Velbor107 (button) (small blind) mucked
Seat 3: permafrost07 (big blind) showed [Qs 5h] and won ($41.50) with a pair of Queens


PokerStars Hand #148828170057:  Hold'em Limit ($3/$6 USD) - 2016/02/15 0:54:01 ET
Table 'Caph' 6-max Seat #1 is the button
Seat 1: Velbor107 ($311.92 in chips)
Seat 3: permafrost07 ($83.76 in chips)
Velbor107: posts small blind $1
permafrost07: posts big blind $3
*** HOLE CARDS ***
Velbor107: raises $3 to $6
permafrost07: raises $3 to $9
Velbor107: calls $3
*** FLOP *** [Kh 7d 5c]
permafrost07: bets $3
Velbor107: calls $3
*** TURN *** [Kh 7d 5c] [Tc]
permafrost07: bets $6
Velbor107: calls $6
*** RIVER *** [Kh 7d 5c Tc] [8d]
permafrost07: checks
Velbor107: checks
*** SHOW DOWN ***
permafrost07: shows [4h Ah] (high card Ace)
Velbor107: shows [6s Ad] (high card Ace)
permafrost07 collected $17.75 from pot
Velbor107 collected $17.75 from pot
*** SUMMARY ***
Total pot $36 | Rake $0.50
Board [Kh 7d 5c Tc 8d]
Seat 1: Velbor107 (button) (small blind) showed [6s Ad] and won ($17.75) with high card Ace
Seat 3: permafrost07 (big blind) showed [4h Ah] and won ($17.75) with high card Ace


PokerStars Hand #148828175362:  Hold'em Limit ($3/$6 USD) - 2016/02/15 0:54:21 ET
Table 'Caph' 6-max Seat #3 is the button
Seat 1: Velbor107 ($311.67 in chips)
Seat 3: permafrost07 ($83.51 in chips)
permafrost07: posts small blind $1
Velbor107: posts big blind $3
*** HOLE CARDS ***
permafrost07: folds
Uncalled bet ($2) returned to Velbor107
Velbor107 collected $2 from pot
*** SUMMARY ***
Total pot $2 | Rake $0
Seat 1: Velbor107 (big blind) collected ($2)
Seat 3: permafrost07 (button) (small blind) folded before Flop


PokerStars Hand #148828176847:  Hold'em Limit ($3/$6 USD) - 2016/02/15 0:54:27 ET
Table 'Caph' 6-max Seat #1 is the button
Seat 1: Velbor107 ($312.67 in chips)
Seat 3: permafrost07 ($82.51 in chips)
Velbor107: posts small blind $1
permafrost07: posts big blind $3
*** HOLE CARDS ***
Velbor107: raises $3 to $6
permafrost07: calls $3
*** FLOP *** [6c 4d Qs]
permafrost07: bets $3
Velbor107: calls $3
*** TURN *** [6c 4d Qs] [7c]
permafrost07: bets $6
Velbor107: calls $6
*** RIVER *** [6c 4d Qs 7c] [4h]
permafrost07: bets $6
Velbor107: raises $6 to $12
permafrost07: calls $6
*** SHOW DOWN ***
Velbor107: shows [4s Js] (three of a kind, Fours)
permafrost07: mucks hand
Velbor107 collected $53.50 from pot
*** SUMMARY ***
Total pot $54 | Rake $0.50
Board [6c 4d Qs 7c 4h]
Seat 1: Velbor107 (button) (small blind) showed [4s Js] and won ($53.50) with three of a kind, Fours
Seat 3: permafrost07 (big blind) mucked


PokerStars Hand #148828182269:  Hold'em Limit ($3/$6 USD) - 2016/02/15 0:54:48 ET
Table 'Caph' 6-max Seat #3 is the button
Seat 1: Velbor107 ($339.17 in chips)
Seat 3: permafrost07 ($55.51 in chips)
permafrost07: posts small blind $1
Velbor107: posts big blind $3
*** HOLE CARDS ***
permafrost07: raises $3 to $6
Velbor107: calls $3
*** FLOP *** [Qs Ks Ah]
Velbor107: checks
permafrost07: bets $3
Velbor107: calls $3
*** TURN *** [Qs Ks Ah] [8d]
Velbor107: checks
permafrost07: bets $6
Velbor107: folds
Uncalled bet ($6) returned to permafrost07
permafrost07 collected $17.64 from pot
permafrost07: doesn't show hand
*** SUMMARY ***
Total pot $18 | Rake $0.36
Board [Qs Ks Ah 8d]
Seat 1: Velbor107 (big blind) folded on the Turn
Seat 3: permafrost07 (button) (small blind) collected ($17.64)


PokerStars Hand #148828186198:  Hold'em Limit ($3/$6 USD) - 2016/02/15 0:55:03 ET
Table 'Caph' 6-max Seat #1 is the button
Seat 1: Velbor107 ($330.17 in chips)
Seat 3: permafrost07 ($64.15 in chips)
Velbor107: posts small blind $1
permafrost07: posts big blind $3
*** HOLE CARDS ***
Velbor107: folds
Uncalled bet ($2) returned to permafrost07
permafrost07 collected $2 from pot
permafrost07: doesn't show hand
*** SUMMARY ***
Total pot $2 | Rake $0
Seat 1: Velbor107 (button) (small blind) folded before Flop
Seat 3: permafrost07 (big blind) collected ($2)


PokerStars Hand #148828187538:  Hold'em Limit ($3/$6 USD) - 2016/02/15 0:55:08 ET
Table 'Caph' 6-max Seat #3 is the button
Seat 1: Velbor107 ($329.17 in chips)
Seat 3: permafrost07 ($65.15 in chips)
permafrost07: posts small blind $1
Velbor107: posts big blind $3
*** HOLE CARDS ***
permafrost07: raises $3 to $6
Velbor107: calls $3
*** FLOP *** [Qd Ts 7c]
Velbor107: checks
permafrost07: bets $3
Velbor107: calls $3
*** TURN *** [Qd Ts 7c] [Ks]
Velbor107: checks
permafrost07: bets $6
Velbor107: folds
Uncalled bet ($6) returned to permafrost07
permafrost07 collected $17.64 from pot
permafrost07: doesn't show hand
*** SUMMARY ***
Total pot $18 | Rake $0.36
Board [Qd Ts 7c Ks]
Seat 1: Velbor107 (big blind) folded on the Turn
Seat 3: permafrost07 (button) (small blind) collected ($17.64)


PokerStars Hand #148828190898:  Hold'em Limit ($3/$6 USD) - 2016/02/15 0:55:23 ET
Table 'Caph' 6-max Seat #1 is the button
Seat 1: Velbor107 ($320.17 in chips)
Seat 3: permafrost07 ($73.79 in chips)
Velbor107: posts small blind $1
permafrost07: posts big blind $3
*** HOLE CARDS ***
Velbor107: raises $3 to $6
permafrost07: raises $3 to $9
Velbor107: calls $3
*** FLOP *** [6s 8h 7d]
permafrost07: bets $3
Velbor107: raises $3 to $6
permafrost07: calls $3
*** TURN *** [6s 8h 7d] [2h]
permafrost07: checks
Velbor107: bets $6
permafrost07: folds
Uncalled bet ($6) returned to Velbor107
Velbor107 collected $29.50 from pot
*** SUMMARY ***
Total pot $30 | Rake $0.50
Board [6s 8h 7d 2h]
Seat 1: Velbor107 (button) (small blind) collected ($29.50)
Seat 3: permafrost07 (big blind) folded on the Turn


PokerStars Hand #148828195281:  Hold'em Limit ($3/$6 USD) - 2016/02/15 0:55:42 ET
Table 'Caph' 6-max Seat #3 is the button
Seat 1: Velbor107 ($334.67 in chips)
Seat 3: permafrost07 ($58.79 in chips)
permafrost07: posts small blind $1
Velbor107: posts big blind $3
*** HOLE CARDS ***
permafrost07: folds
Uncalled bet ($2) returned to Velbor107
Velbor107 collected $2 from pot
*** SUMMARY ***
Total pot $2 | Rake $0
Seat 1: Velbor107 (big blind) collected ($2)
Seat 3: permafrost07 (button) (small blind) folded before Flop


PokerStars Hand #148828196623:  Hold'em Limit ($3/$6 USD) - 2016/02/15 0:55:48 ET
Table 'Caph' 6-max Seat #1 is the button
Seat 1: Velbor107 ($335.67 in chips)
Seat 3: permafrost07 ($57.79 in chips)
Velbor107: posts small blind $1
permafrost07: posts big blind $3
*** HOLE CARDS ***
Velbor107: raises $3 to $6
permafrost07: raises $3 to $9
Velbor107: calls $3
*** FLOP *** [9s 4h 8h]
permafrost07: bets $3
Velbor107: calls $3
*** TURN *** [9s 4h 8h] [Ah]
permafrost07: bets $6
Velbor107: calls $6
*** RIVER *** [9s 4h 8h Ah] [6d]
permafrost07: bets $6
Velbor107: folds
Uncalled bet ($6) returned to permafrost07
permafrost07 collected $35.50 from pot
permafrost07: doesn't show hand
*** SUMMARY ***
Total pot $36 | Rake $0.50
Board [9s 4h 8h Ah 6d]
Seat 1: Velbor107 (button) (small blind) folded on the River
Seat 3: permafrost07 (big blind) collected ($35.50)


PokerStars Hand #148828207426:  Hold'em Limit ($3/$6 USD) - 2016/02/15 0:56:34 ET
Table 'Caph' 6-max Seat #1 is the button
Seat 1: Velbor107 ($296.67 in chips)
Seat 3: permafrost07 ($95.79 in chips)
Velbor107: posts small blind $1
permafrost07: posts big blind $3
*** HOLE CARDS ***
Velbor107: folds
Uncalled bet ($2) returned to permafrost07
permafrost07 collected $2 from pot
permafrost07: doesn't show hand
*** SUMMARY ***
Total pot $2 | Rake $0
Seat 1: Velbor107 (button) (small blind) folded before Flop
Seat 3: permafrost07 (big blind) collected ($2)


PokerStars Hand #148828202254:  Hold'em Limit ($3/$6 USD) - 2016/02/15 0:56:12 ET
Table 'Caph' 6-max Seat #3 is the button
Seat 1: Velbor107 ($317.67 in chips)
Seat 3: permafrost07 ($75.29 in chips)
permafrost07: posts small blind $1
Velbor107: posts big blind $3
*** HOLE CARDS ***
permafrost07: raises $3 to $6
Velbor107: calls $3
*** FLOP *** [8s Ah 4c]
Velbor107: checks
permafrost07: bets $3
Velbor107: calls $3
*** TURN *** [8s Ah 4c] [9d]
Velbor107: checks
permafrost07: bets $6
Velbor107: calls $6
*** RIVER *** [8s Ah 4c 9d] [Kd]
Velbor107: checks
permafrost07: bets $6
Velbor107: calls $6
*** SHOW DOWN ***
permafrost07: shows [Qs Ac] (a pair of Aces)
Velbor107: mucks hand
permafrost07 collected $41.50 from pot
*** SUMMARY ***
Total pot $42 | Rake $0.50
Board [8s Ah 4c 9d Kd]
Seat 1: Velbor107 (big blind) mucked
Seat 3: permafrost07 (button) (small blind) showed [Qs Ac] and won ($41.50) with a pair of Aces


PokerStars Hand #148828219912:  Hold'em Limit ($3/$6 USD) - 2016/02/15 0:57:28 ET
Table 'Caph' 6-max Seat #1 is the button
Seat 1: Velbor107 ($292.19 in chips)
Seat 3: permafrost07 ($99.31 in chips)
Velbor107: posts small blind $1
permafrost07: posts big blind $3
*** HOLE CARDS ***
Velbor107: folds
Uncalled bet ($2) returned to permafrost07
permafrost07 collected $2 from pot
permafrost07: doesn't show hand
*** SUMMARY ***
Total pot $2 | Rake $0
Seat 1: Velbor107 (button) (small blind) folded before Flop
Seat 3: permafrost07 (big blind) collected ($2)


PokerStars Hand #148828208551:  Hold'em Limit ($3/$6 USD) - 2016/02/15 0:56:39 ET
Table 'Caph' 6-max Seat #3 is the button
Seat 1: Velbor107 ($295.67 in chips)
Seat 3: permafrost07 ($96.79 in chips)
permafrost07: posts small blind $1
Velbor107: posts big blind $3
*** HOLE CARDS ***
permafrost07: calls $2
Velbor107: raises $3 to $6
permafrost07: calls $3
*** FLOP *** [2c Jd 7s]
Velbor107: bets $3
permafrost07: raises $3 to $6
Velbor107: calls $3
*** TURN *** [2c Jd 7s] [3c]
Velbor107: checks
permafrost07: checks
*** RIVER *** [2c Jd 7s 3c] [Qs]
Velbor107: checks
permafrost07: checks
*** SHOW DOWN ***
Velbor107: shows [As 5d] (high card Ace)
permafrost07: shows [6h 2s] (a pair of Deuces)
permafrost07 collected $23.52 from pot
*** SUMMARY ***
Total pot $24 | Rake $0.48
Board [2c Jd 7s 3c Qs]
Seat 1: Velbor107 (big blind) showed [As 5d] and lost with high card Ace
Seat 3: permafrost07 (button) (small blind) showed [6h 2s] and won ($23.52) with a pair of Deuces


PokerStars Hand #148828213147:  Hold'em Limit ($3/$6 USD) - 2016/02/15 0:56:59 ET
Table 'Caph' 6-max Seat #1 is the button
Seat 1: Velbor107 ($283.67 in chips)
Seat 3: permafrost07 ($108.31 in chips)
Velbor107: posts small blind $1
permafrost07: posts big blind $3
*** HOLE CARDS ***
Velbor107: raises $3 to $6
permafrost07: raises $3 to $9
Velbor107: calls $3
*** FLOP *** [Ad Kd As]
permafrost07: bets $3
Velbor107: calls $3
*** TURN *** [Ad Kd As] [3c]
permafrost07: checks
Velbor107: bets $6
permafrost07: folds
Uncalled bet ($6) returned to Velbor107
Velbor107 collected $23.52 from pot
*** SUMMARY ***
Total pot $24 | Rake $0.48
Board [Ad Kd As 3c]
Seat 1: Velbor107 (button) (small blind) collected ($23.52)
Seat 3: permafrost07 (big blind) folded on the Turn


PokerStars Hand #148828217275:  Hold'em Limit ($3/$6 USD) - 2016/02/15 0:57:16 ET
Table 'Caph' 6-max Seat #3 is the button
Seat 1: Velbor107 ($295.19 in chips)
Seat 3: permafrost07 ($96.31 in chips)
permafrost07: posts small blind $1
Velbor107: posts big blind $3
*** HOLE CARDS ***
permafrost07: raises $3 to $6
Velbor107: folds
Uncalled bet ($3) returned to permafrost07
permafrost07 collected $6 from pot
permafrost07: doesn't show hand
*** SUMMARY ***
Total pot $6 | Rake $0
Seat 1: Velbor107 (big blind) folded before Flop
Seat 3: permafrost07 (button) (small blind) collected ($6)


PokerStars Hand #148828233491:  Hold'em Limit ($3/$6 USD) - 2016/02/15 0:58:11 ET
Table 'Caph' 6-max Seat #3 is the button
Seat 1: Velbor107 ($281.19 in chips)
Seat 3: permafrost07 ($109.95 in chips)
permafrost07: posts small blind $1
Velbor107: posts big blind $3
*** HOLE CARDS ***
permafrost07: raises $3 to $6
Velbor107: calls $3
*** FLOP *** [6c 3s 4s]
Velbor107: checks
permafrost07: bets $3
Velbor107: calls $3
*** TURN *** [6c 3s 4s] [7s]
Velbor107: bets $6
permafrost07: raises $6 to $12
Velbor107: calls $6
*** RIVER *** [6c 3s 4s 7s] [Jh]
Velbor107: checks
permafrost07: bets $6
Velbor107: calls $6
*** SHOW DOWN ***
permafrost07: shows [2h 5s] (a straight, Three to Seven)
Velbor107: shows [Kc 5h] (a straight, Three to Seven)
Velbor107 collected $26.75 from pot
permafrost07 collected $26.75 from pot
*** SUMMARY ***
Total pot $54 | Rake $0.50
Board [6c 3s 4s 7s Jh]
Seat 1: Velbor107 (big blind) showed [Kc 5h] and won ($26.75) with a straight, Three to Seven
Seat 3: permafrost07 (button) (small blind) showed [2h 5s] and won ($26.75) with a straight, Three to Seven


PokerStars Hand #148828228136:  Hold'em Limit ($3/$6 USD) - 2016/02/15 0:58:03 ET
Table 'Caph' 6-max Seat #1 is the button
Seat 1: Velbor107 ($282.19 in chips)
Seat 3: permafrost07 ($108.95 in chips)
Velbor107: posts small blind $1
permafrost07: posts big blind $3
*** HOLE CARDS ***
Velbor107: folds
Uncalled bet ($2) returned to permafrost07
permafrost07 collected $2 from pot
permafrost07: doesn't show hand
*** SUMMARY ***
Total pot $2 | Rake $0
Seat 1: Velbor107 (button) (small blind) folded before Flop
Seat 3: permafrost07 (big blind) collected ($2)


PokerStars Hand #148828222990:  Hold'em Limit ($3/$6 USD) - 2016/02/15 0:57:41 ET
Table 'Caph' 6-max Seat #3 is the button
Seat 1: Velbor107 ($291.19 in chips)
Seat 3: permafrost07 ($100.31 in chips)
permafrost07: posts small blind $1
Velbor107: posts big blind $3
*** HOLE CARDS ***
permafrost07: raises $3 to $6
Velbor107: calls $3
*** FLOP *** [4h 9s Kc]
Velbor107: checks
permafrost07: bets $3
Velbor107: calls $3
*** TURN *** [4h 9s Kc] [Js]
Velbor107: checks
permafrost07: checks
*** RIVER *** [4h 9s Kc Js] [6c]
Velbor107: checks
permafrost07: bets $6
Velbor107: folds
Uncalled bet ($6) returned to permafrost07
permafrost07 collected $17.64 from pot
*** SUMMARY ***
Total pot $18 | Rake $0.36
Board [4h 9s Kc Js 6c]
Seat 1: Velbor107 (big blind) folded on the River
Seat 3: permafrost07 (button) (small blind) collected ($17.64)


PokerStars Hand #148828252959:  Hold'em Limit ($3/$6 USD) - 2016/02/15 0:59:19 ET
Table 'Caph' 6-max Seat #3 is the button
Seat 1: Velbor107 ($279.58 in chips)
Seat 3: permafrost07 ($110.34 in chips)
permafrost07: posts small blind $1
Velbor107: posts big blind $3
*** HOLE CARDS ***
permafrost07: raises $3 to $6
Velbor107: calls $3
*** FLOP *** [Jd 3h 4c]
Velbor107: checks
permafrost07: bets $3
Velbor107: calls $3
*** TURN *** [Jd 3h 4c] [Td]
Velbor107: checks
permafrost07: checks
*** RIVER *** [Jd 3h 4c Td] [5s]
Velbor107: bets $6
permafrost07: calls $6
*** SHOW DOWN ***
Velbor107: shows [7s 6d] (a straight, Three to Seven)
permafrost07: mucks hand
Velbor107 collected $29.50 from pot
*** SUMMARY ***
Total pot $30 | Rake $0.50
Board [Jd 3h 4c Td 5s]
Seat 1: Velbor107 (big blind) showed [7s 6d] and won ($29.50) with a straight, Three to Seven
Seat 3: permafrost07 (button) (small blind) mucked


PokerStars Hand #148828251922:  Hold'em Limit ($3/$6 USD) - 2016/02/15 0:59:15 ET
Table 'Caph' 6-max Seat #1 is the button
Seat 1: Velbor107 ($280.58 in chips)
Seat 3: permafrost07 ($109.34 in chips)
Velbor107: posts small blind $1
permafrost07: posts big blind $3
*** HOLE CARDS ***
Velbor107: folds
Uncalled bet ($2) returned to permafrost07
permafrost07 collected $2 from pot
permafrost07: doesn't show hand
*** SUMMARY ***
Total pot $2 | Rake $0
Seat 1: Velbor107 (button) (small blind) folded before Flop
Seat 3: permafrost07 (big blind) collected ($2)


PokerStars Hand #148828248463:  Hold'em Limit ($3/$6 USD) - 2016/02/15 0:59:00 ET
Table 'Caph' 6-max Seat #3 is the button
Seat 1: Velbor107 ($289.58 in chips)
Seat 3: permafrost07 ($100.70 in chips)
permafrost07: posts small blind $1
Velbor107: posts big blind $3
*** HOLE CARDS ***
permafrost07: raises $3 to $6
Velbor107: calls $3
*** FLOP *** [5c Kh 2d]
Velbor107: checks
permafrost07: bets $3
Velbor107: calls $3
*** TURN *** [5c Kh 2d] [Qc]
Velbor107: checks
permafrost07: bets $6
Velbor107: folds
Uncalled bet ($6) returned to permafrost07
permafrost07 collected $17.64 from pot
permafrost07: doesn't show hand
*** SUMMARY ***
Total pot $18 | Rake $0.36
Board [5c Kh 2d Qc]
Seat 1: Velbor107 (big blind) folded on the Turn
Seat 3: permafrost07 (button) (small blind) collected ($17.64)


PokerStars Hand #148828243352:  Hold'em Limit ($3/$6 USD) - 2016/02/15 0:58:40 ET
Table 'Caph' 6-max Seat #1 is the button
Seat 1: Velbor107 ($280.94 in chips)
Seat 3: permafrost07 ($109.70 in chips)
Velbor107: posts small blind $1
permafrost07: posts big blind $3
*** HOLE CARDS ***
Velbor107: raises $3 to $6
permafrost07: calls $3
*** FLOP *** [9h Qs Qh]
permafrost07: bets $3
Velbor107: calls $3
*** TURN *** [9h Qs Qh] [3h]
permafrost07: checks
Velbor107: bets $6
permafrost07: folds
Uncalled bet ($6) returned to Velbor107
Velbor107 collected $17.64 from pot
*** SUMMARY ***
Total pot $18 | Rake $0.36
Board [9h Qs Qh 3h]
Seat 1: Velbor107 (button) (small blind) collected ($17.64)
Seat 3: permafrost07 (big blind) folded on the Turn


PokerStars Hand #148828267079:  Hold'em Limit ($3/$6 USD) - 2016/02/15 1:00:18 ET
Table 'Caph' 6-max Seat #1 is the button
Seat 1: Velbor107 ($317.12 in chips)
Seat 3: permafrost07 ($71.34 in chips)
Velbor107: posts small blind $1
permafrost07: posts big blind $3
*** HOLE CARDS ***
Velbor107: folds
Uncalled bet ($2) returned to permafrost07
permafrost07 collected $2 from pot
permafrost07: doesn't show hand
*** SUMMARY ***
Total pot $2 | Rake $0
Seat 1: Velbor107 (button) (small blind) folded before Flop
Seat 3: permafrost07 (big blind) collected ($2)


PokerStars Hand #148828262823:  Hold'em Limit ($3/$6 USD) - 2016/02/15 1:00:01 ET
Table 'Caph' 6-max Seat #3 is the button
Seat 1: Velbor107 ($305.60 in chips)
Seat 3: permafrost07 ($83.34 in chips)
permafrost07: posts small blind $1
Velbor107: posts big blind $3
*** HOLE CARDS ***
permafrost07: raises $3 to $6
Velbor107: raises $3 to $9
permafrost07: raises $3 to $12
Betting is capped
Velbor107: calls $3
*** FLOP *** [2h 6d 5d]
Velbor107: checks
permafrost07: checks
*** TURN *** [2h 6d 5d] [6s]
Velbor107: bets $6
permafrost07: folds
Uncalled bet ($6) returned to Velbor107
Velbor107 collected $23.52 from pot
*** SUMMARY ***
Total pot $24 | Rake $0.48
Board [2h 6d 5d 6s]
Seat 1: Velbor107 (big blind) collected ($23.52)
Seat 3: permafrost07 (button) (small blind) folded on the Turn


PokerStars Hand #148828257280:  Hold'em Limit ($3/$6 USD) - 2016/02/15 0:59:37 ET
Table 'Caph' 6-max Seat #1 is the button
Seat 1: Velbor107 ($294.08 in chips)
Seat 3: permafrost07 ($95.34 in chips)
Velbor107: posts small blind $1
permafrost07: posts big blind $3
*** HOLE CARDS ***
Velbor107: raises $3 to $6
permafrost07: raises $3 to $9
Velbor107: calls $3
*** FLOP *** [4h 2d 4c]
permafrost07: bets $3
Velbor107: calls $3
*** TURN *** [4h 2d 4c] [9c]
permafrost07: checks
Velbor107: checks
*** RIVER *** [4h 2d 4c 9c] [3s]
permafrost07: checks
Velbor107: bets $6
permafrost07: folds
Uncalled bet ($6) returned to Velbor107
Velbor107 collected $23.52 from pot
*** SUMMARY ***
Total pot $24 | Rake $0.48
Board [4h 2d 4c 9c 3s]
Seat 1: Velbor107 (button) (small blind) collected ($23.52)
Seat 3: permafrost07 (big blind) folded on the River


PokerStars Hand #148828284765:  Hold'em Limit ($3/$6 USD) - 2016/02/15 1:01:29 ET
Table 'Caph' 6-max Seat #1 is the button
Seat 1: Velbor107 ($303.62 in chips)
Seat 3: permafrost07 ($83.36 in chips)
Velbor107: posts small blind $1
permafrost07: posts big blind $3
*** HOLE CARDS ***
Velbor107: raises $3 to $6
permafrost07: calls $3
*** FLOP *** [Ad 8c 4s]
permafrost07: checks
Fabulous108 joins the table at seat #4
Velbor107: bets $3
permafrost07: folds
Uncalled bet ($3) returned to Velbor107
Velbor107 collected $11.76 from pot
*** SUMMARY ***
Total pot $12 | Rake $0.24
Board [Ad 8c 4s]
Seat 1: Velbor107 (button) (small blind) collected ($11.76)
Seat 3: permafrost07 (big blind) folded on the Flop


PokerStars Hand #148828278553:  Hold'em Limit ($3/$6 USD) - 2016/02/15 1:01:04 ET
Table 'Caph' 6-max Seat #3 is the button
Seat 1: Velbor107 ($318.62 in chips)
Seat 3: permafrost07 ($68.86 in chips)
permafrost07: posts small blind $1
Velbor107: posts big blind $3
*** HOLE CARDS ***
permafrost07: raises $3 to $6
Velbor107: calls $3
*** FLOP *** [7c 8s Jh]
Velbor107: checks
permafrost07: bets $3
Velbor107: calls $3
*** TURN *** [7c 8s Jh] [5s]
Velbor107: checks
permafrost07: bets $6
Velbor107: calls $6
*** RIVER *** [7c 8s Jh 5s] [9s]
Velbor107: checks
permafrost07: bets $6
Velbor107: folds
Uncalled bet ($6) returned to permafrost07
permafrost07 collected $29.50 from pot
permafrost07: doesn't show hand
*** SUMMARY ***
Total pot $30 | Rake $0.50
Board [7c 8s Jh 5s 9s]
Seat 1: Velbor107 (big blind) folded on the River
Seat 3: permafrost07 (button) (small blind) collected ($29.50)


PokerStars Hand #148828274608:  Hold'em Limit ($3/$6 USD) - 2016/02/15 1:00:48 ET
Table 'Caph' 6-max Seat #1 is the button
Seat 1: Velbor107 ($330.62 in chips)
Seat 3: permafrost07 ($57.34 in chips)
Velbor107: posts small blind $1
permafrost07: posts big blind $3
*** HOLE CARDS ***
Velbor107: raises $3 to $6
permafrost07: raises $3 to $9
Velbor107: calls $3
*** FLOP *** [6s Ad 6c]
permafrost07: bets $3
Velbor107: calls $3
*** TURN *** [6s Ad 6c] [Jc]
permafrost07: bets $6
Velbor107: folds
Uncalled bet ($6) returned to permafrost07
permafrost07 collected $23.52 from pot
permafrost07: doesn't show hand
*** SUMMARY ***
Total pot $24 | Rake $0.48
Board [6s Ad 6c Jc]
Seat 1: Velbor107 (button) (small blind) folded on the Turn
Seat 3: permafrost07 (big blind) collected ($23.52)


PokerStars Hand #148828270084:  Hold'em Limit ($3/$6 USD) - 2016/02/15 1:00:30 ET
Table 'Caph' 6-max Seat #3 is the button
Seat 1: Velbor107 ($316.12 in chips)
Seat 3: permafrost07 ($72.34 in chips)
permafrost07: posts small blind $1
Velbor107: posts big blind $3
*** HOLE CARDS ***
permafrost07: raises $3 to $6
Velbor107: calls $3
*** FLOP *** [Ac 9h Jc]
Velbor107: checks
permafrost07: bets $3
Velbor107: calls $3
*** TURN *** [Ac 9h Jc] [4d]
Velbor107: checks
permafrost07: bets $6
Velbor107: calls $6
*** RIVER *** [Ac 9h Jc 4d] [Qh]
Velbor107: checks
permafrost07: checks
*** SHOW DOWN ***
Velbor107: shows [Js Th] (a pair of Jacks)
permafrost07: mucks hand
Velbor107 collected $29.50 from pot
*** SUMMARY ***
Total pot $30 | Rake $0.50
Board [Ac 9h Jc 4d Qh]
Seat 1: Velbor107 (big blind) showed [Js Th] and won ($29.50) with a pair of Jacks
Seat 3: permafrost07 (button) (small blind) mucked


PokerStars Hand #148828313806:  Hold'em Limit ($3/$6 USD) - 2016/02/15 1:03:20 ET
Table 'Caph' 6-max Seat #1 is the button
Seat 1: Velbor107 ($264.02 in chips)
Seat 3: permafrost07 ($112.61 in chips)
Velbor107: posts small blind $1
permafrost07: posts big blind $3
*** HOLE CARDS ***
Velbor107: raises $3 to $6
permafrost07: calls $3
*** FLOP *** [Ah Ad 8s]
permafrost07: bets $3
Velbor107: calls $3
*** TURN *** [Ah Ad 8s] [Qd]
permafrost07: bets $6
Velbor107: calls $6
*** RIVER *** [Ah Ad 8s Qd] [5d]
permafrost07: bets $6
Velbor107: folds
Uncalled bet ($6) returned to permafrost07
permafrost07 collected $29.50 from pot
permafrost07: doesn't show hand
*** SUMMARY ***
Total pot $30 | Rake $0.50
Board [Ah Ad 8s Qd 5d]
Seat 1: Velbor107 (button) (small blind) folded on the River
Seat 3: permafrost07 (big blind) collected ($29.50)


PokerStars Hand #148828312278:  Hold'em Limit ($3/$6 USD) - 2016/02/15 1:03:14 ET
Table 'Caph' 6-max Seat #3 is the button
Seat 1: Velbor107 ($267.02 in chips)
Seat 3: permafrost07 ($109.61 in chips)
permafrost07: posts small blind $1
Velbor107: posts big blind $3
*** HOLE CARDS ***
permafrost07: raises $3 to $6
Velbor107: folds
Uncalled bet ($3) returned to permafrost07
permafrost07 collected $6 from pot
permafrost07: doesn't show hand
*** SUMMARY ***
Total pot $6 | Rake $0
Seat 1: Velbor107 (big blind) folded before Flop
Seat 3: permafrost07 (button) (small blind) collected ($6)


PokerStars Hand #148828306030:  Hold'em Limit ($3/$6 USD) - 2016/02/15 1:02:50 ET
Table 'Caph' 6-max Seat #1 is the button
Seat 1: Velbor107 ($288.02 in chips)
Seat 3: permafrost07 ($89.11 in chips)
Velbor107: posts small blind $1
permafrost07: posts big blind $3
*** HOLE CARDS ***
Velbor107: raises $3 to $6
permafrost07: calls $3
*** FLOP *** [2h 5h 8s]
permafrost07: bets $3
Velbor107: raises $3 to $6
permafrost07: raises $3 to $9
Velbor107: calls $3
*** TURN *** [2h 5h 8s] [Ts]
permafrost07: checks
Velbor107: bets $6
permafrost07: calls $6
*** RIVER *** [2h 5h 8s Ts] [7h]
permafrost07: checks
Velbor107: checks
*** SHOW DOWN ***
permafrost07: shows [4d 8c] (a pair of Eights)
Velbor107: mucks hand
permafrost07 collected $41.50 from pot
*** SUMMARY ***
Total pot $42 | Rake $0.50
Board [2h 5h 8s Ts 7h]
Seat 1: Velbor107 (button) (small blind) mucked
Seat 3: permafrost07 (big blind) showed [4d 8c] and won ($41.50) with a pair of Eights


PokerStars Hand #148828301182:  Hold'em Limit ($3/$6 USD) - 2016/02/15 1:02:32 ET
Table 'Caph' 6-max Seat #3 is the button
Seat 1: Velbor107 ($303.02 in chips)
Seat 3: permafrost07 ($74.61 in chips)
permafrost07: posts small blind $1
Fabulous108: is sitting out
Velbor107: posts big blind $3
*** HOLE CARDS ***
permafrost07: raises $3 to $6
Velbor107: calls $3
*** FLOP *** [3d Kd 2d]
Velbor107: checks
permafrost07: bets $3
Velbor107: calls $3
*** TURN *** [3d Kd 2d] [6s]
Velbor107: checks
permafrost07: checks
*** RIVER *** [3d Kd 2d 6s] [Ah]
Velbor107: bets $6
permafrost07: raises $6 to $12
Velbor107: folds
Uncalled bet ($6) returned to permafrost07
permafrost07 collected $29.50 from pot
permafrost07: doesn't show hand
*** SUMMARY ***
Total pot $30 | Rake $0.50
Board [3d Kd 2d 6s Ah]
Seat 1: Velbor107 (big blind) folded on the River
Seat 3: permafrost07 (button) (small blind) collected ($29.50)


PokerStars Hand #148828325487:  Hold'em Limit ($3/$6 USD) - 2016/02/15 1:04:05 ET
Table 'Caph' 6-max Seat #1 is the button
Seat 1: Velbor107 ($222.02 in chips)
Seat 3: permafrost07 ($153.61 in chips)
Velbor107: posts small blind $1
permafrost07: posts big blind $3
*** HOLE CARDS ***
Velbor107: raises $3 to $6
permafrost07: calls $3
*** FLOP *** [2d Qs Ks]
permafrost07: bets $3
Velbor107: calls $3
*** TURN *** [2d Qs Ks] [Td]
permafrost07: bets $6
Velbor107: calls $6
*** RIVER *** [2d Qs Ks Td] [9c]
permafrost07: checks
Velbor107: checks
*** SHOW DOWN ***
permafrost07: shows [Kc 4d] (a pair of Kings)
Velbor107: mucks hand
permafrost07 collected $29.50 from pot
*** SUMMARY ***
Total pot $30 | Rake $0.50
Board [2d Qs Ks Td 9c]
Seat 1: Velbor107 (button) (small blind) mucked
Seat 3: permafrost07 (big blind) showed [Kc 4d] and won ($29.50) with a pair of Kings


PokerStars Hand #148828318863:  Hold'em Limit ($3/$6 USD) - 2016/02/15 1:03:39 ET
Table 'Caph' 6-max Seat #3 is the button
Seat 1: Velbor107 ($249.02 in chips)
Seat 3: permafrost07 ($127.11 in chips)
permafrost07: posts small blind $1
Velbor107: posts big blind $3
*** HOLE CARDS ***
permafrost07: raises $3 to $6
Velbor107: calls $3
*** FLOP *** [Jh 8h Th]
Velbor107: checks
permafrost07: bets $3
Velbor107: calls $3
*** TURN *** [Jh 8h Th] [3c]
Velbor107: bets $6
permafrost07: calls $6
*** RIVER *** [Jh 8h Th 3c] [3s]
Velbor107: bets $6
permafrost07: raises $6 to $12
Velbor107: calls $6
*** SHOW DOWN ***
permafrost07: shows [3d 9h] (three of a kind, Threes)
Velbor107: mucks hand
permafrost07 collected $53.50 from pot
*** SUMMARY ***
Total pot $54 | Rake $0.50
Board [Jh 8h Th 3c 3s]
Seat 1: Velbor107 (big blind) mucked
Seat 3: permafrost07 (button) (small blind) showed [3d 9h] and won ($53.50) with three of a kind, Threes


PokerStars Hand #148828348806:  Hold'em Limit ($3/$6 USD) - 2016/02/15 1:05:30 ET
Table 'Caph' 6-max Seat #1 is the button
Seat 1: Velbor107 ($194.52 in chips)
Seat 3: permafrost07 ($179.25 in chips)
Velbor107: posts small blind $1
permafrost07: posts big blind $3
*** HOLE CARDS ***
Velbor107: raises $3 to $6
permafrost07: calls $3
*** FLOP *** [Qc 6d Ad]
permafrost07: checks
Velbor107: bets $3
permafrost07: folds
Uncalled bet ($3) returned to Velbor107
Velbor107 collected $11.76 from pot
*** SUMMARY ***
Total pot $12 | Rake $0.24
Board [Qc 6d Ad]
Seat 1: Velbor107 (button) (small blind) collected ($11.76)
Seat 3: permafrost07 (big blind) folded on the Flop


PokerStars Hand #148828344834:  Hold'em Limit ($3/$6 USD) - 2016/02/15 1:05:16 ET
Table 'Caph' 6-max Seat #3 is the button
Seat 1: Velbor107 ($203.52 in chips)
Seat 3: permafrost07 ($170.61 in chips)
permafrost07: posts small blind $1
Velbor107: posts big blind $3
*** HOLE CARDS ***
permafrost07: raises $3 to $6
Velbor107: calls $3
*** FLOP *** [Qd 6d Kc]
Velbor107: checks
permafrost07: bets $3
Velbor107: calls $3
*** TURN *** [Qd 6d Kc] [2d]
Velbor107: checks
permafrost07: bets $6
Velbor107: folds
Uncalled bet ($6) returned to permafrost07
permafrost07 collected $17.64 from pot
permafrost07: doesn't show hand
*** SUMMARY ***
Total pot $18 | Rake $0.36
Board [Qd 6d Kc 2d]
Seat 1: Velbor107 (big blind) folded on the Turn
Seat 3: permafrost07 (button) (small blind) collected ($17.64)


PokerStars Hand #148828338545:  Hold'em Limit ($3/$6 USD) - 2016/02/15 1:04:54 ET
Table 'Caph' 6-max Seat #1 is the button
Seat 1: Velbor107 ($224.52 in chips)
Seat 3: permafrost07 ($150.11 in chips)
Velbor107: posts small blind $1
permafrost07: posts big blind $3
*** HOLE CARDS ***
Velbor107: raises $3 to $6
permafrost07: calls $3
*** FLOP *** [7h 3c Jc]
permafrost07: bets $3
Velbor107: calls $3
*** TURN *** [7h 3c Jc] [4d]
permafrost07: checks
Velbor107: bets $6
permafrost07: calls $6
*** RIVER *** [7h 3c Jc 4d] [2s]
permafrost07: checks
Velbor107: bets $6
permafrost07: calls $6
*** SHOW DOWN ***
Velbor107: shows [9d 5d] (high card Jack)
permafrost07: shows [3h Kc] (a pair of Threes)
permafrost07 collected $41.50 from pot
*** SUMMARY ***
Total pot $42 | Rake $0.50
Board [7h 3c Jc 4d 2s]
Seat 1: Velbor107 (button) (small blind) showed [9d 5d] and lost with high card Jack
Seat 3: permafrost07 (big blind) showed [3h Kc] and won ($41.50) with a pair of Threes


PokerStars Hand #148828331108:  Hold'em Limit ($3/$6 USD) - 2016/02/15 1:04:26 ET
Table 'Caph' 6-max Seat #3 is the button
Seat 1: Velbor107 ($207.02 in chips)
Seat 3: permafrost07 ($168.11 in chips)
permafrost07: posts small blind $1
Velbor107: posts big blind $3
*** HOLE CARDS ***
permafrost07: raises $3 to $6
Velbor107: calls $3
*** FLOP *** [5d 8s 3h]
Velbor107: checks
permafrost07: bets $3
Velbor107: raises $3 to $6
permafrost07: calls $3
*** TURN *** [5d 8s 3h] [Qs]
Velbor107: bets $6
permafrost07: calls $6
*** RIVER *** [5d 8s 3h Qs] [2c]
Velbor107: bets $6
permafrost07: folds
Uncalled bet ($6) returned to Velbor107
Velbor107 collected $35.50 from pot
*** SUMMARY ***
Total pot $36 | Rake $0.50
Board [5d 8s 3h Qs 2c]
Seat 1: Velbor107 (big blind) collected ($35.50)
Seat 3: permafrost07 (button) (small blind) folded on the River


PokerStars Hand #148828351922:  Hold'em Limit ($3/$6 USD) - 2016/02/15 1:05:42 ET
Table 'Caph' 6-max Seat #3 is the button
Seat 1: Velbor107 ($200.28 in chips)
Seat 3: permafrost07 ($173.25 in chips)
permafrost07: posts small blind $1
Velbor107: posts big blind $3
*** HOLE CARDS ***
permafrost07: raises $3 to $6
Velbor107: folds
Uncalled bet ($3) returned to permafrost07
permafrost07 collected $6 from pot
permafrost07: doesn't show hand
*** SUMMARY ***
Total pot $6 | Rake $0
Seat 1: Velbor107 (big blind) folded before Flop
Seat 3: permafrost07 (button) (small blind) collected ($6)


PokerStars Hand #148828355977:  Hold'em Limit ($3/$6 USD) - 2016/02/15 1:05:57 ET
Table 'Caph' 6-max Seat #3 is the button
Seat 1: Velbor107 ($196.28 in chips)
Seat 3: permafrost07 ($177.25 in chips)
permafrost07: posts small blind $1
Velbor107: posts big blind $3
*** HOLE CARDS ***
permafrost07: raises $3 to $6
Velbor107: folds
Uncalled bet ($3) returned to permafrost07
permafrost07 collected $6 from pot
*** SUMMARY ***
Total pot $6 | Rake $0
Seat 1: Velbor107 (big blind) folded before Flop
Seat 3: permafrost07 (button) (small blind) collected ($6)


PokerStars Hand #148828354424:  Hold'em Limit ($3/$6 USD) - 2016/02/15 1:05:52 ET
Table 'Caph' 6-max Seat #1 is the button
Seat 1: Velbor107 ($197.28 in chips)
Seat 3: permafrost07 ($176.25 in chips)
Velbor107: posts small blind $1
permafrost07: posts big blind $3
*** HOLE CARDS ***
Velbor107: folds
Uncalled bet ($2) returned to permafrost07
permafrost07 collected $2 from pot
permafrost07: doesn't show hand
*** SUMMARY ***
Total pot $2 | Rake $0
Seat 1: Velbor107 (button) (small blind) folded before Flop
Seat 3: permafrost07 (big blind) collected ($2)


PokerStars Hand #148828357716:  Hold'em Limit ($3/$6 USD) - 2016/02/15 1:06:04 ET
Table 'Caph' 6-max Seat #1 is the button
Seat 1: Velbor107 ($193.28 in chips)
Seat 3: permafrost07 ($180.25 in chips)
Velbor107: posts small blind $1
permafrost07: posts big blind $3
*** HOLE CARDS ***
Velbor107: raises $3 to $6
permafrost07: calls $3
*** FLOP *** [6c 2d 6s]
permafrost07: checks
Velbor107: bets $3
permafrost07: calls $3
*** TURN *** [6c 2d 6s] [2s]
permafrost07: checks
Velbor107: bets $6
permafrost07: raises $6 to $12
Velbor107: calls $6
*** RIVER *** [6c 2d 6s 2s] [5s]
permafrost07: bets $6
Velbor107: calls $6
*** SHOW DOWN ***
permafrost07: shows [9c 6d] (a full house, Sixes full of Deuces)
Velbor107: mucks hand
permafrost07 collected $53.50 from pot
*** SUMMARY ***
Total pot $54 | Rake $0.50
Board [6c 2d 6s 2s 5s]
Seat 1: Velbor107 (button) (small blind) mucked
Seat 3: permafrost07 (big blind) showed [9c 6d] and won ($53.50) with a full house, Sixes full of Deuces


PokerStars Hand #148828383738:  Hold'em Limit ($3/$6 USD) - 2016/02/15 1:07:41 ET
Table 'Caph' 6-max Seat #1 is the button
Seat 1: Velbor107 ($171.42 in chips)
Seat 3: permafrost07 ($200.25 in chips)
Velbor107: posts small blind $1
permafrost07: posts big blind $3
*** HOLE CARDS ***
Velbor107: folds
Uncalled bet ($2) returned to permafrost07
permafrost07 collected $2 from pot
permafrost07: doesn't show hand
*** SUMMARY ***
Total pot $2 | Rake $0
Seat 1: Velbor107 (button) (small blind) folded before Flop
Seat 3: permafrost07 (big blind) collected ($2)


PokerStars Hand #148828378019:  Hold'em Limit ($3/$6 USD) - 2016/02/15 1:07:19 ET
Table 'Caph' 6-max Seat #3 is the button
Seat 1: Velbor107 ($162.78 in chips)
Seat 3: permafrost07 ($209.25 in chips)
permafrost07: posts small blind $1
Velbor107: posts big blind $3
*** HOLE CARDS ***
permafrost07: raises $3 to $6
Velbor107: calls $3
*** FLOP *** [6h 6d 8d]
Velbor107: checks
permafrost07: bets $3
Velbor107: calls $3
*** TURN *** [6h 6d 8d] [As]
Velbor107: checks
permafrost07: checks
*** RIVER *** [6h 6d 8d As] [5c]
Velbor107: bets $6
permafrost07: folds
Uncalled bet ($6) returned to Velbor107
Velbor107 collected $17.64 from pot
*** SUMMARY ***
Total pot $18 | Rake $0.36
Board [6h 6d 8d As 5c]
Seat 1: Velbor107 (big blind) collected ($17.64)
Seat 3: permafrost07 (button) (small blind) folded on the River


PokerStars Hand #148828371493:  Hold'em Limit ($3/$6 USD) - 2016/02/15 1:06:55 ET
Table 'Caph' 6-max Seat #1 is the button
Seat 1: Velbor107 ($148.28 in chips)
Seat 3: permafrost07 ($224.25 in chips)
Velbor107: posts small blind $1
permafrost07: posts big blind $3
*** HOLE CARDS ***
Velbor107: raises $3 to $6
permafrost07: calls $3
*** FLOP *** [8h 9d 3h]
permafrost07: bets $3
Velbor107: calls $3
*** TURN *** [8h 9d 3h] [7s]
permafrost07: checks
Velbor107: bets $6
permafrost07: calls $6
*** RIVER *** [8h 9d 3h 7s] [2c]
permafrost07: checks
Velbor107: bets $6
permafrost07: folds
Uncalled bet ($6) returned to Velbor107
Velbor107 collected $29.50 from pot
*** SUMMARY ***
Total pot $30 | Rake $0.50
Board [8h 9d 3h 7s 2c]
Seat 1: Velbor107 (button) (small blind) collected ($29.50)
Seat 3: permafrost07 (big blind) folded on the River


PokerStars Hand #148828365699:  Hold'em Limit ($3/$6 USD) - 2016/02/15 1:06:33 ET
Table 'Caph' 6-max Seat #3 is the button
Seat 1: Velbor107 ($166.28 in chips)
Seat 3: permafrost07 ($206.75 in chips)
permafrost07: posts small blind $1
Velbor107: posts big blind $3
*** HOLE CARDS ***
permafrost07: raises $3 to $6
Velbor107: calls $3
*** FLOP *** [5d 2h Js]
Velbor107: checks
permafrost07: bets $3
Velbor107: raises $3 to $6
permafrost07: calls $3
*** TURN *** [5d 2h Js] [9s]
Velbor107: bets $6
permafrost07: calls $6
*** RIVER *** [5d 2h Js 9s] [As]
Velbor107: checks
permafrost07: bets $6
Velbor107: folds
Uncalled bet ($6) returned to permafrost07
permafrost07 collected $35.50 from pot
permafrost07: doesn't show hand
*** SUMMARY ***
Total pot $36 | Rake $0.50
Board [5d 2h Js 9s As]
Seat 1: Velbor107 (big blind) folded on the River
Seat 3: permafrost07 (button) (small blind) collected ($35.50)


PokerStars Hand #148828390487:  Hold'em Limit ($3/$6 USD) - 2016/02/15 1:08:06 ET
Table 'Caph' 6-max Seat #1 is the button
Seat 1: Velbor107 ($190.92 in chips)
Seat 3: permafrost07 ($180.25 in chips)
Velbor107: posts small blind $1
permafrost07: posts big blind $3
*** HOLE CARDS ***
Velbor107: raises $3 to $6
permafrost07: raises $3 to $9
Velbor107: calls $3
*** FLOP *** [7s 9d 8h]
permafrost07: bets $3
Velbor107: calls $3
*** TURN *** [7s 9d 8h] [8s]
permafrost07: checks
Velbor107: checks
*** RIVER *** [7s 9d 8h 8s] [2d]
permafrost07: checks
Velbor107: bets $6
permafrost07: calls $6
*** SHOW DOWN ***
Velbor107: shows [2h Kh] (two pair, Eights and Deuces)
permafrost07: mucks hand
Velbor107 collected $35.50 from pot
*** SUMMARY ***
Total pot $36 | Rake $0.50
Board [7s 9d 8h 8s 2d]
Seat 1: Velbor107 (button) (small blind) showed [2h Kh] and won ($35.50) with two pair, Eights and Deuces
Seat 3: permafrost07 (big blind) mucked


PokerStars Hand #148828384981:  Hold'em Limit ($3/$6 USD) - 2016/02/15 1:07:45 ET
Table 'Caph' 6-max Seat #3 is the button
Seat 1: Velbor107 ($170.42 in chips)
Seat 3: permafrost07 ($201.25 in chips)
permafrost07: posts small blind $1
Velbor107: posts big blind $3
*** HOLE CARDS ***
permafrost07: raises $3 to $6
Velbor107: raises $3 to $9
permafrost07: raises $3 to $12
Betting is capped
Velbor107: calls $3
*** FLOP *** [7d Td 3h]
Velbor107: checks
krossguard joins the table at seat #5
permafrost07: bets $3
Velbor107: calls $3
*** TURN *** [7d Td 3h] [4h]
Velbor107: checks
permafrost07: checks
*** RIVER *** [7d Td 3h 4h] [Tc]
Velbor107: bets $6
permafrost07: calls $6
*** SHOW DOWN ***
Velbor107: shows [Kh Ac] (a pair of Tens)
permafrost07: mucks hand
Velbor107 collected $41.50 from pot
*** SUMMARY ***
Total pot $42 | Rake $0.50
Board [7d Td 3h 4h Tc]
Seat 1: Velbor107 (big blind) showed [Kh Ac] and won ($41.50) with a pair of Tens
Seat 3: permafrost07 (button) (small blind) mucked


PokerStars Hand #148828539446:  Hold'em Limit ($3/$6 USD) - 2016/02/15 1:17:19 ET
Table 'Caph' 6-max Seat #5 is the button
Seat 3: permafrost07 ($188.15 in chips)
Seat 5: krossguard ($107.64 in chips)
krossguard: posts small blind $1
SphinX88: is sitting out
permafrost07: posts big blind $3
*** HOLE CARDS ***
krossguard: raises $3 to $6
permafrost07: raises $3 to $9
krossguard: calls $3
*** FLOP *** [3s 9s 3h]
permafrost07: bets $3
krossguard: calls $3
*** TURN *** [3s 9s 3h] [Js]
permafrost07: checks
krossguard: checks
*** RIVER *** [3s 9s 3h Js] [Jd]
permafrost07: checks
krossguard: bets $6
permafrost07: calls $6
*** SHOW DOWN ***
krossguard: shows [5d 7c] (two pair, Jacks and Threes)
permafrost07: shows [Kh Qs] (two pair, Jacks and Threes - King kicker)
permafrost07 collected $35.50 from pot
*** SUMMARY ***
Total pot $36 | Rake $0.50
Board [3s 9s 3h Js Jd]
Seat 3: permafrost07 (big blind) showed [Kh Qs] and won ($35.50) with two pair, Jacks and Threes
Seat 5: krossguard (button) (small blind) showed [5d 7c] and lost with two pair, Jacks and Threes


PokerStars Hand #148828547990:  Hold'em Limit ($3/$6 USD) - 2016/02/15 1:17:50 ET
Table 'Caph' 6-max Seat #3 is the button
Seat 3: permafrost07 ($205.65 in chips)
Seat 5: krossguard ($89.64 in chips)
permafrost07: posts small blind $1
krossguard: posts big blind $3
*** HOLE CARDS ***
permafrost07: calls $2
krossguard: checks
*** FLOP *** [7c 2d Qs]
krossguard: checks
permafrost07: checks
*** TURN *** [7c 2d Qs] [Td]
krossguard: checks
permafrost07: bets $6
krossguard: folds
Uncalled bet ($6) returned to permafrost07
permafrost07 collected $5.88 from pot
permafrost07: doesn't show hand
*** SUMMARY ***
Total pot $6 | Rake $0.12
Board [7c 2d Qs Td]
Seat 3: permafrost07 (button) (small blind) collected ($5.88)
Seat 5: krossguard (big blind) folded on the Turn


PokerStars Hand #148828558707:  Hold'em Limit ($3/$6 USD) - 2016/02/15 1:18:29 ET
Table 'Caph' 6-max Seat #3 is the button
Seat 3: permafrost07 ($211.41 in chips)
Seat 5: krossguard ($83.64 in chips)
permafrost07: posts small blind $1
krossguard: posts big blind $3
*** HOLE CARDS ***
permafrost07: folds
Uncalled bet ($2) returned to krossguard
krossguard collected $2 from pot
krossguard: doesn't show hand
*** SUMMARY ***
Total pot $2 | Rake $0
Seat 3: permafrost07 (button) (small blind) folded before Flop
Seat 5: krossguard (big blind) collected ($2)


PokerStars Hand #148828554023:  Hold'em Limit ($3/$6 USD) - 2016/02/15 1:18:12 ET
Table 'Caph' 6-max Seat #5 is the button
Seat 3: permafrost07 ($208.53 in chips)
Seat 5: krossguard ($86.64 in chips)
krossguard: posts small blind $1
permafrost07: posts big blind $3
*** HOLE CARDS ***
krossguard: calls $2
permafrost07: checks
*** FLOP *** [9s 9d Tc]
permafrost07: bets $3
SphinX88 leaves the table
krossguard: folds
Uncalled bet ($3) returned to permafrost07
permafrost07 collected $5.88 from pot
permafrost07: doesn't show hand
*** SUMMARY ***
Total pot $6 | Rake $0.12
Board [9s 9d Tc]
Seat 3: permafrost07 (big blind) collected ($5.88)
Seat 5: krossguard (button) (small blind) folded on the Flop


PokerStars Hand #148828560195:  Hold'em Limit ($3/$6 USD) - 2016/02/15 1:18:35 ET
Table 'Caph' 6-max Seat #5 is the button
Seat 3: permafrost07 ($210.41 in chips)
Seat 5: krossguard ($84.64 in chips)
krossguard: posts small blind $1
permafrost07: posts big blind $3
*** HOLE CARDS ***
krossguard: raises $3 to $6
permafrost07: raises $3 to $9
krossguard: calls $3
*** FLOP *** [3d 6h Jd]
permafrost07: bets $3
krossguard: calls $3
*** TURN *** [3d 6h Jd] [Ac]
permafrost07: checks
krossguard: checks
*** RIVER *** [3d 6h Jd Ac] [7c]
permafrost07: checks
krossguard: bets $6
permafrost07: calls $6
*** SHOW DOWN ***
krossguard: shows [Kc 7s] (a pair of Sevens)
permafrost07: shows [9s 9d] (a pair of Nines)
permafrost07 collected $35.50 from pot
*** SUMMARY ***
Total pot $36 | Rake $0.50
Board [3d 6h Jd Ac 7c]
Seat 3: permafrost07 (big blind) showed [9s 9d] and won ($35.50) with a pair of Nines
Seat 5: krossguard (button) (small blind) showed [Kc 7s] and lost with a pair of Sevens


PokerStars Hand #148828569475:  Hold'em Limit ($3/$6 USD) - 2016/02/15 1:19:10 ET
Table 'Caph' 6-max Seat #5 is the button
Seat 3: permafrost07 ($226.91 in chips)
Seat 5: krossguard ($67.64 in chips)
krossguard: posts small blind $1
permafrost07: posts big blind $3
*** HOLE CARDS ***
krossguard: folds
Uncalled bet ($2) returned to permafrost07
permafrost07 collected $2 from pot
permafrost07: doesn't show hand
*** SUMMARY ***
Total pot $2 | Rake $0
Seat 3: permafrost07 (big blind) collected ($2)
Seat 5: krossguard (button) (small blind) folded before Flop


PokerStars Hand #148828567747:  Hold'em Limit ($3/$6 USD) - 2016/02/15 1:19:03 ET
Table 'Caph' 6-max Seat #3 is the button
Seat 3: permafrost07 ($227.91 in chips)
Seat 5: krossguard ($66.64 in chips)
permafrost07: posts small blind $1
krossguard: posts big blind $3
*** HOLE CARDS ***
permafrost07: folds
Uncalled bet ($2) returned to krossguard
krossguard collected $2 from pot
krossguard: doesn't show hand
*** SUMMARY ***
Total pot $2 | Rake $0
Seat 3: permafrost07 (button) (small blind) folded before Flop
Seat 5: krossguard (big blind) collected ($2)


PokerStars Hand #148828571842:  Hold'em Limit ($3/$6 USD) - 2016/02/15 1:19:18 ET
Table 'Caph' 6-max Seat #3 is the button
Seat 3: permafrost07 ($227.91 in chips)
Seat 5: krossguard ($66.64 in chips)
permafrost07: posts small blind $1
krossguard: posts big blind $3
*** HOLE CARDS ***
permafrost07: raises $3 to $6
krossguard: calls $3
*** FLOP *** [5d 3h Js]
krossguard: checks
permafrost07: checks
*** TURN *** [5d 3h Js] [Kh]
krossguard: checks
permafrost07: checks
*** RIVER *** [5d 3h Js Kh] [Ac]
krossguard: checks
permafrost07: bets $6
krossguard: folds
Uncalled bet ($6) returned to permafrost07
permafrost07 collected $11.76 from pot
permafrost07: doesn't show hand
*** SUMMARY ***
Total pot $12 | Rake $0.24
Board [5d 3h Js Kh Ac]
Seat 3: permafrost07 (button) (small blind) collected ($11.76)
Seat 5: krossguard (big blind) folded on the River


PokerStars Hand #148828577246:  Hold'em Limit ($3/$6 USD) - 2016/02/15 1:19:38 ET
Table 'Caph' 6-max Seat #5 is the button
Seat 3: permafrost07 ($233.67 in chips)
Seat 5: krossguard ($60.64 in chips)
krossguard: posts small blind $1
permafrost07: posts big blind $3
*** HOLE CARDS ***
krossguard: raises $3 to $6
permafrost07: calls $3
*** FLOP *** [9c Qh 3s]
permafrost07: checks
krossguard: bets $3
permafrost07: calls $3
*** TURN *** [9c Qh 3s] [5h]
permafrost07: checks
krossguard: bets $6
permafrost07: calls $6
*** RIVER *** [9c Qh 3s 5h] [Ah]
permafrost07: checks
krossguard: checks
*** SHOW DOWN ***
permafrost07: shows [Js 8h] (high card Ace)
krossguard: shows [6h 9s] (a pair of Nines)
krossguard collected $29.50 from pot
*** SUMMARY ***
Total pot $30 | Rake $0.50
Board [9c Qh 3s 5h Ah]
Seat 3: permafrost07 (big blind) showed [Js 8h] and lost with high card Ace
Seat 5: krossguard (button) (small blind) showed [6h 9s] and won ($29.50) with a pair of Nines


PokerStars Hand #148828584041:  Hold'em Limit ($3/$6 USD) - 2016/02/15 1:20:03 ET
Table 'Caph' 6-max Seat #3 is the button
Seat 3: permafrost07 ($218.67 in chips)
Seat 5: krossguard ($75.14 in chips)
permafrost07: posts small blind $1
krossguard: posts big blind $3
*** HOLE CARDS ***
permafrost07: raises $3 to $6
krossguard: calls $3
*** FLOP *** [4s 3d 2s]
krossguard: bets $3
permafrost07: raises $3 to $6
krossguard: calls $3
*** TURN *** [4s 3d 2s] [7h]
krossguard: checks
permafrost07: bets $6
krossguard: calls $6
*** RIVER *** [4s 3d 2s 7h] [Ac]
krossguard: checks
permafrost07: checks
*** SHOW DOWN ***
krossguard: shows [4d 9h] (a pair of Fours)
permafrost07: mucks hand
krossguard collected $35.50 from pot
*** SUMMARY ***
Total pot $36 | Rake $0.50
Board [4s 3d 2s 7h Ac]
Seat 3: permafrost07 (button) (small blind) mucked
Seat 5: krossguard (big blind) showed [4d 9h] and won ($35.50) with a pair of Fours


PokerStars Hand #148828608248:  Hold'em Limit ($3/$6 USD) - 2016/02/15 1:21:33 ET
Table 'Caph' 6-max Seat #5 is the button
Seat 3: permafrost07 ($222.93 in chips)
Seat 5: krossguard ($69.40 in chips)
krossguard: posts small blind $1
permafrost07: posts big blind $3
*** HOLE CARDS ***
krossguard: raises $3 to $6
permafrost07: calls $3
*** FLOP *** [3c 8s 2s]
permafrost07: checks
krossguard: bets $3
permafrost07: folds
Uncalled bet ($3) returned to krossguard
krossguard collected $11.76 from pot
krossguard: doesn't show hand
*** SUMMARY ***
Total pot $12 | Rake $0.24
Board [3c 8s 2s]
Seat 3: permafrost07 (big blind) folded on the Flop
Seat 5: krossguard (button) (small blind) collected ($11.76)


PokerStars Hand #148828606773:  Hold'em Limit ($3/$6 USD) - 2016/02/15 1:21:28 ET
Table 'Caph' 6-max Seat #3 is the button
Seat 3: permafrost07 ($223.93 in chips)
Seat 5: krossguard ($68.40 in chips)
permafrost07: posts small blind $1
krossguard: posts big blind $3
*** HOLE CARDS ***
permafrost07: folds
Uncalled bet ($2) returned to krossguard
krossguard collected $2 from pot
krossguard: doesn't show hand
*** SUMMARY ***
Total pot $2 | Rake $0
Seat 3: permafrost07 (button) (small blind) folded before Flop
Seat 5: krossguard (big blind) collected ($2)


PokerStars Hand #148828593328:  Hold'em Limit ($3/$6 USD) - 2016/02/15 1:20:38 ET
Table 'Caph' 6-max Seat #5 is the button
Seat 3: permafrost07 ($200.67 in chips)
Seat 5: krossguard ($92.64 in chips)
krossguard: posts small blind $1
permafrost07: posts big blind $3
*** HOLE CARDS ***
krossguard: raises $3 to $6
permafrost07: calls $3
*** FLOP *** [4h 2c 3d]
permafrost07: bets $3
krossguard: raises $3 to $6
permafrost07: calls $3
*** TURN *** [4h 2c 3d] [3c]
permafrost07: checks
krossguard: bets $6
permafrost07: calls $6
*** RIVER *** [4h 2c 3d 3c] [As]
permafrost07: bets $6
krossguard: calls $6
*** SHOW DOWN ***
permafrost07: shows [Ks 5s] (a straight, Ace to Five)
krossguard: mucks hand
permafrost07 collected $47.50 from pot
*** SUMMARY ***
Total pot $48 | Rake $0.50
Board [4h 2c 3d 3c As]
Seat 3: permafrost07 (big blind) showed [Ks 5s] and won ($47.50) with a straight, Ace to Five
Seat 5: krossguard (button) (small blind) mucked


PokerStars Hand #148828599057:  Hold'em Limit ($3/$6 USD) - 2016/02/15 1:20:59 ET
Table 'Caph' 6-max Seat #3 is the button
Seat 3: permafrost07 ($224.17 in chips)
Seat 5: krossguard ($68.64 in chips)
permafrost07: posts small blind $1
krossguard: posts big blind $3
*** HOLE CARDS ***
permafrost07: raises $3 to $6
krossguard: calls $3
*** FLOP *** [9s Qh 4c]
krossguard: checks
permafrost07: checks
*** TURN *** [9s Qh 4c] [3c]
krossguard: checks
permafrost07: checks
*** RIVER *** [9s Qh 4c 3c] [6h]
krossguard: checks
permafrost07: checks
*** SHOW DOWN ***
krossguard: shows [Ks 7d] (high card King)
permafrost07: shows [Ad Jc] (high card Ace)
permafrost07 collected $11.76 from pot
*** SUMMARY ***
Total pot $12 | Rake $0.24
Board [9s Qh 4c 3c 6h]
Seat 3: permafrost07 (button) (small blind) showed [Ad Jc] and won ($11.76) with high card Ace
Seat 5: krossguard (big blind) showed [Ks 7d] and lost with high card King


PokerStars Hand #148828603348:  Hold'em Limit ($3/$6 USD) - 2016/02/15 1:21:15 ET
Table 'Caph' 6-max Seat #5 is the button
Seat 3: permafrost07 ($229.93 in chips)
Seat 5: krossguard ($62.64 in chips)
krossguard: posts small blind $1
permafrost07: posts big blind $3
*** HOLE CARDS ***
krossguard: raises $3 to $6
permafrost07: calls $3
*** FLOP *** [4h 3h Js]
permafrost07: checks
krossguard: bets $3
permafrost07: folds
Uncalled bet ($3) returned to krossguard
krossguard collected $11.76 from pot
krossguard: doesn't show hand
*** SUMMARY ***
Total pot $12 | Rake $0.24
Board [4h 3h Js]
Seat 3: permafrost07 (big blind) folded on the Flop
Seat 5: krossguard (button) (small blind) collected ($11.76)


PokerStars Hand #148828613125:  Hold'em Limit ($3/$6 USD) - 2016/02/15 1:21:51 ET
Table 'Caph' 6-max Seat #5 is the button
Seat 3: permafrost07 ($215.93 in chips)
Seat 5: krossguard ($76.16 in chips)
krossguard: posts small blind $1
permafrost07: posts big blind $3
*** HOLE CARDS ***
krossguard: folds
Uncalled bet ($2) returned to permafrost07
permafrost07 collected $2 from pot
permafrost07: doesn't show hand
*** SUMMARY ***
Total pot $2 | Rake $0
Seat 3: permafrost07 (big blind) collected ($2)
Seat 5: krossguard (button) (small blind) folded before Flop


PokerStars Hand #148828611526:  Hold'em Limit ($3/$6 USD) - 2016/02/15 1:21:45 ET
Table 'Caph' 6-max Seat #3 is the button
Seat 3: permafrost07 ($216.93 in chips)
Seat 5: krossguard ($75.16 in chips)
permafrost07: posts small blind $1
krossguard: posts big blind $3
*** HOLE CARDS ***
permafrost07: folds
Uncalled bet ($2) returned to krossguard
krossguard collected $2 from pot
krossguard: doesn't show hand
*** SUMMARY ***
Total pot $2 | Rake $0
Seat 3: permafrost07 (button) (small blind) folded before Flop
Seat 5: krossguard (big blind) collected ($2)


PokerStars Hand #148828614958:  Hold'em Limit ($3/$6 USD) - 2016/02/15 1:21:57 ET
Table 'Caph' 6-max Seat #3 is the button
Seat 3: permafrost07 ($216.93 in chips)
Seat 5: krossguard ($75.16 in chips)
permafrost07: posts small blind $1
krossguard: posts big blind $3
*** HOLE CARDS ***
permafrost07: raises $3 to $6
krossguard: raises $3 to $9
permafrost07: raises $3 to $12
Betting is capped
krossguard: calls $3
*** FLOP *** [5d Td Jh]
krossguard: bets $3
permafrost07: raises $3 to $6
krossguard: folds
Uncalled bet ($3) returned to permafrost07
permafrost07 collected $29.50 from pot
permafrost07: doesn't show hand
*** SUMMARY ***
Total pot $30 | Rake $0.50
Board [5d Td Jh]
Seat 3: permafrost07 (button) (small blind) collected ($29.50)
Seat 5: krossguard (big blind) folded on the Flop


PokerStars Hand #148828627057:  Hold'em Limit ($3/$6 USD) - 2016/02/15 1:22:43 ET
Table 'Caph' 6-max Seat #3 is the button
Seat 3: permafrost07 ($254.93 in chips)
Seat 5: krossguard ($120 in chips)
permafrost07: posts small blind $1
krossguard: posts big blind $3
*** HOLE CARDS ***
permafrost07: folds
Uncalled bet ($2) returned to krossguard
krossguard collected $2 from pot
krossguard: doesn't show hand
*** SUMMARY ***
Total pot $2 | Rake $0
Seat 3: permafrost07 (button) (small blind) folded before Flop
Seat 5: krossguard (big blind) collected ($2)


PokerStars Hand #148828620968:  Hold'em Limit ($3/$6 USD) - 2016/02/15 1:22:20 ET
Table 'Caph' 6-max Seat #5 is the button
Seat 3: permafrost07 ($231.43 in chips)
Seat 5: krossguard ($60.16 in chips)
krossguard: posts small blind $1
permafrost07: posts big blind $3
*** HOLE CARDS ***
krossguard: raises $3 to $6
permafrost07: calls $3
*** FLOP *** [9c 4s 7h]
permafrost07: bets $3
krossguard: raises $3 to $6
permafrost07: calls $3
*** TURN *** [9c 4s 7h] [3d]
permafrost07: checks
krossguard: bets $6
permafrost07: calls $6
*** RIVER *** [9c 4s 7h 3d] [Td]
permafrost07: checks
krossguard: bets $6
permafrost07: calls $6
*** SHOW DOWN ***
krossguard: shows [5s 7d] (a pair of Sevens)
permafrost07: shows [7s 6h] (a pair of Sevens - Ten+Nine+Six kicker)
permafrost07 collected $47.50 from pot
*** SUMMARY ***
Total pot $48 | Rake $0.50
Board [9c 4s 7h 3d Td]
Seat 3: permafrost07 (big blind) showed [7s 6h] and won ($47.50) with a pair of Sevens
Seat 5: krossguard (button) (small blind) showed [5s 7d] and lost with a pair of Sevens


PokerStars Hand #148828631737:  Hold'em Limit ($3/$6 USD) - 2016/02/15 1:23:00 ET
Table 'Caph' 6-max Seat #3 is the button
Seat 3: permafrost07 ($247.93 in chips)
Seat 5: krossguard ($126.76 in chips)
permafrost07: posts small blind $1
krossguard: posts big blind $3
*** HOLE CARDS ***
permafrost07: folds
Uncalled bet ($2) returned to krossguard
krossguard collected $2 from pot
krossguard: doesn't show hand
*** SUMMARY ***
Total pot $2 | Rake $0
Seat 3: permafrost07 (button) (small blind) folded before Flop
Seat 5: krossguard (big blind) collected ($2)


PokerStars Hand #148828628804:  Hold'em Limit ($3/$6 USD) - 2016/02/15 1:22:49 ET
Table 'Caph' 6-max Seat #5 is the button
Seat 3: permafrost07 ($253.93 in chips)
Seat 5: krossguard ($121 in chips)
krossguard: posts small blind $1
permafrost07: posts big blind $3
*** HOLE CARDS ***
krossguard: raises $3 to $6
permafrost07: calls $3
*** FLOP *** [8s 6s Qc]
permafrost07: checks
krossguard: bets $3
permafrost07: folds
Uncalled bet ($3) returned to krossguard
krossguard collected $11.76 from pot
krossguard: doesn't show hand
*** SUMMARY ***
Total pot $12 | Rake $0.24
Board [8s 6s Qc]
Seat 3: permafrost07 (big blind) folded on the Flop
Seat 5: krossguard (button) (small blind) collected ($11.76)


PokerStars Hand #148828633136:  Hold'em Limit ($3/$6 USD) - 2016/02/15 1:23:05 ET
Table 'Caph' 6-max Seat #5 is the button
Seat 3: permafrost07 ($246.93 in chips)
Seat 5: krossguard ($127.76 in chips)
krossguard: posts small blind $1
permafrost07: posts big blind $3
*** HOLE CARDS ***
krossguard: raises $3 to $6
permafrost07: calls $3
*** FLOP *** [Js 2h 2c]
permafrost07: checks
krossguard: bets $3
permafrost07: folds
Uncalled bet ($3) returned to krossguard
krossguard collected $11.76 from pot
krossguard: doesn't show hand
*** SUMMARY ***
Total pot $12 | Rake $0.24
Board [Js 2h 2c]
Seat 3: permafrost07 (big blind) folded on the Flop
Seat 5: krossguard (button) (small blind) collected ($11.76)


PokerStars Hand #148828636149:  Hold'em Limit ($3/$6 USD) - 2016/02/15 1:23:16 ET
Table 'Caph' 6-max Seat #3 is the button
Seat 3: permafrost07 ($240.93 in chips)
Seat 5: krossguard ($133.52 in chips)
permafrost07: posts small blind $1
krossguard: posts big blind $3
*** HOLE CARDS ***
permafrost07: folds
Uncalled bet ($2) returned to krossguard
krossguard collected $2 from pot
krossguard: doesn't show hand
*** SUMMARY ***
Total pot $2 | Rake $0
Seat 3: permafrost07 (button) (small blind) folded before Flop
Seat 5: krossguard (big blind) collected ($2)


PokerStars Hand #148828637690:  Hold'em Limit ($3/$6 USD) - 2016/02/15 1:23:22 ET
Table 'Caph' 6-max Seat #5 is the button
Seat 3: permafrost07 ($239.93 in chips)
Seat 5: krossguard ($134.52 in chips)
krossguard: posts small blind $1
permafrost07: posts big blind $3
*** HOLE CARDS ***
krossguard: raises $3 to $6
permafrost07: calls $3
*** FLOP *** [5c 3c Tc]
permafrost07: bets $3
krossguard: raises $3 to $6
permafrost07: calls $3
*** TURN *** [5c 3c Tc] [5d]
permafrost07: checks
krossguard: bets $6
permafrost07: calls $6
*** RIVER *** [5c 3c Tc 5d] [9h]
permafrost07: checks
krossguard: bets $6
permafrost07: calls $6
*** SHOW DOWN ***
krossguard: shows [5s Ad] (three of a kind, Fives)
permafrost07: mucks hand
krossguard collected $47.50 from pot
*** SUMMARY ***
Total pot $48 | Rake $0.50
Board [5c 3c Tc 5d 9h]
Seat 3: permafrost07 (big blind) mucked
Seat 5: krossguard (button) (small blind) showed [5s Ad] and won ($47.50) with three of a kind, Fives


PokerStars Hand #148828643414:  Hold'em Limit ($3/$6 USD) - 2016/02/15 1:23:44 ET
Table 'Caph' 6-max Seat #3 is the button
Seat 3: permafrost07 ($215.93 in chips)
Seat 5: krossguard ($158.02 in chips)
permafrost07: posts small blind $1
krossguard: posts big blind $3
*** HOLE CARDS ***
permafrost07: raises $3 to $6
krossguard: calls $3
*** FLOP *** [4c 2h Jc]
krossguard: checks
permafrost07: checks
*** TURN *** [4c 2h Jc] [7s]
krossguard: bets $6
permafrost07: calls $6
*** RIVER *** [4c 2h Jc 7s] [8s]
krossguard: bets $6
permafrost07: calls $6
*** SHOW DOWN ***
krossguard: shows [4d Jh] (two pair, Jacks and Fours)
permafrost07: mucks hand
krossguard collected $35.50 from pot
*** SUMMARY ***
Total pot $36 | Rake $0.50
Board [4c 2h Jc 7s 8s]
Seat 3: permafrost07 (button) (small blind) mucked
Seat 5: krossguard (big blind) showed [4d Jh] and won ($35.50) with two pair, Jacks and Fours


PokerStars Hand #148828647639:  Hold'em Limit ($3/$6 USD) - 2016/02/15 1:23:59 ET
Table 'Caph' 6-max Seat #5 is the button
Seat 3: permafrost07 ($197.93 in chips)
Seat 5: krossguard ($175.52 in chips)
krossguard: posts small blind $1
permafrost07: posts big blind $3
*** HOLE CARDS ***
krossguard: raises $3 to $6
permafrost07: raises $3 to $9
krossguard: calls $3
*** FLOP *** [2s 4d Qh]
permafrost07: bets $3
krossguard: calls $3
*** TURN *** [2s 4d Qh] [7c]
permafrost07: bets $6
krossguard: folds
Uncalled bet ($6) returned to permafrost07
permafrost07 collected $23.52 from pot
permafrost07: doesn't show hand
*** SUMMARY ***
Total pot $24 | Rake $0.48
Board [2s 4d Qh 7c]
Seat 3: permafrost07 (big blind) collected ($23.52)
Seat 5: krossguard (button) (small blind) folded on the Turn


PokerStars Hand #148828651823:  Hold'em Limit ($3/$6 USD) - 2016/02/15 1:24:14 ET
Table 'Caph' 6-max Seat #3 is the button
Seat 3: permafrost07 ($209.45 in chips)
Seat 5: krossguard ($163.52 in chips)
permafrost07: posts small blind $1
krossguard: posts big blind $3
*** HOLE CARDS ***
permafrost07: raises $3 to $6
krossguard: calls $3
*** FLOP *** [Jc Tc 6c]
krossguard: checks
permafrost07: bets $3
krossguard: folds
Uncalled bet ($3) returned to permafrost07
permafrost07 collected $11.76 from pot
permafrost07: doesn't show hand
*** SUMMARY ***
Total pot $12 | Rake $0.24
Board [Jc Tc 6c]
Seat 3: permafrost07 (button) (small blind) collected ($11.76)
Seat 5: krossguard (big blind) folded on the Flop


PokerStars Hand #148828655623:  Hold'em Limit ($3/$6 USD) - 2016/02/15 1:24:29 ET
Table 'Caph' 6-max Seat #5 is the button
Seat 3: permafrost07 ($215.21 in chips)
Seat 5: krossguard ($157.52 in chips)
krossguard: posts small blind $1
permafrost07: posts big blind $3
*** HOLE CARDS ***
krossguard: raises $3 to $6
permafrost07: raises $3 to $9
krossguard: raises $3 to $12
Betting is capped
permafrost07: calls $3
*** FLOP *** [3s Js Kh]
permafrost07: bets $3
krossguard: calls $3
*** TURN *** [3s Js Kh] [Ts]
permafrost07: bets $6
krossguard: calls $6
*** RIVER *** [3s Js Kh Ts] [4d]
permafrost07: bets $6
krossguard: calls $6
*** SHOW DOWN ***
permafrost07: shows [Jh Qs] (a pair of Jacks)
krossguard: mucks hand
permafrost07 collected $53.50 from pot
*** SUMMARY ***
Total pot $54 | Rake $0.50
Board [3s Js Kh Ts 4d]
Seat 3: permafrost07 (big blind) showed [Jh Qs] and won ($53.50) with a pair of Jacks
Seat 5: krossguard (button) (small blind) mucked


PokerStars Hand #148828662033:  Hold'em Limit ($3/$6 USD) - 2016/02/15 1:24:53 ET
Table 'Caph' 6-max Seat #5 is the button
Seat 3: permafrost07 ($240.71 in chips)
Seat 5: krossguard ($131.52 in chips)
krossguard: posts small blind $1
permafrost07: posts big blind $3
*** HOLE CARDS ***
krossguard: raises $3 to $6
permafrost07: folds
Uncalled bet ($3) returned to krossguard
krossguard collected $6 from pot
krossguard: doesn't show hand
*** SUMMARY ***
Total pot $6 | Rake $0
Seat 3: permafrost07 (big blind) folded before Flop
Seat 5: krossguard (button) (small blind) collected ($6)


PokerStars Hand #148828660609:  Hold'em Limit ($3/$6 USD) - 2016/02/15 1:24:47 ET
Table 'Caph' 6-max Seat #3 is the button
Seat 3: permafrost07 ($241.71 in chips)
Seat 5: krossguard ($130.52 in chips)
permafrost07: posts small blind $1
krossguard: posts big blind $3
*** HOLE CARDS ***
permafrost07: folds
Uncalled bet ($2) returned to krossguard
krossguard collected $2 from pot
krossguard: doesn't show hand
*** SUMMARY ***
Total pot $2 | Rake $0
Seat 3: permafrost07 (button) (small blind) folded before Flop
Seat 5: krossguard (big blind) collected ($2)


PokerStars Hand #148828663795:  Hold'em Limit ($3/$6 USD) - 2016/02/15 1:24:59 ET
Table 'Caph' 6-max Seat #3 is the button
Seat 3: permafrost07 ($237.71 in chips)
Seat 5: krossguard ($134.52 in chips)
permafrost07: posts small blind $1
krossguard: posts big blind $3
*** HOLE CARDS ***
permafrost07: calls $2
krossguard: raises $3 to $6
permafrost07: calls $3
*** FLOP *** [3d Ah Qd]
krossguard: bets $3
permafrost07: folds
Uncalled bet ($3) returned to krossguard
krossguard collected $11.76 from pot
krossguard: doesn't show hand
*** SUMMARY ***
Total pot $12 | Rake $0.24
Board [3d Ah Qd]
Seat 3: permafrost07 (button) (small blind) folded on the Flop
Seat 5: krossguard (big blind) collected ($11.76)


PokerStars Hand #148829147533:  Hold'em Limit ($3/$6 USD) - 2016/02/15 1:54:58 ET
Table 'Caph' 6-max Seat #4 is the button
Seat 3: Chuckles1337 ($90 in chips)
Seat 4: Actionni13 ($150 in chips)
Actionni13: posts small blind $1
Chuckles1337: posts big blind $3
*** HOLE CARDS ***
Actionni13: folds
Uncalled bet ($2) returned to Chuckles1337
Chuckles1337 collected $2 from pot
Chuckles1337: doesn't show hand
*** SUMMARY ***
Total pot $2 | Rake $0
Seat 3: Chuckles1337 (big blind) collected ($2)
Seat 4: Actionni13 (button) (small blind) folded before Flop


PokerStars Hand #148829155247:  Hold'em Limit ($3/$6 USD) - 2016/02/15 1:55:29 ET
Table 'Caph' 6-max Seat #4 is the button
Seat 3: Chuckles1337 ($94 in chips)
Seat 4: Actionni13 ($150 in chips)
Actionni13: posts small blind $1
Chuckles1337: posts big blind $3
*** HOLE CARDS ***
Actionni13: raises $3 to $6
PrayFTR joins the table at seat #5
Chuckles1337: calls $3
*** FLOP *** [4d Qs 6d]
Chuckles1337: checks
Actionni13: bets $3
Chuckles1337: calls $3
*** TURN *** [4d Qs 6d] [9c]
Chuckles1337: checks
Actionni13: checks
*** RIVER *** [4d Qs 6d 9c] [7h]
Chuckles1337: checks
Actionni13: checks
*** SHOW DOWN ***
Chuckles1337: shows [5h As] (high card Ace)
Actionni13: mucks hand
Chuckles1337 collected $17.64 from pot
*** SUMMARY ***
Total pot $18 | Rake $0.36
Board [4d Qs 6d 9c 7h]
Seat 3: Chuckles1337 (big blind) showed [5h As] and won ($17.64) with high card Ace
Seat 4: Actionni13 (button) (small blind) mucked


PokerStars Hand #148829249159:  Hold'em Limit ($3/$6 USD) - 2016/02/15 2:01:22 ET
Table 'Caph' 6-max Seat #4 is the button
Seat 3: Chuckles1337 ($91.86 in chips)
Seat 4: Actionni13 ($150 in chips)
Actionni13: posts small blind $1
Chuckles1337: posts big blind $3
*** HOLE CARDS ***
Actionni13: raises $3 to $6
Chuckles1337: calls $3
*** FLOP *** [5c 6s 4h]
Chuckles1337: checks
Actionni13: checks
*** TURN *** [5c 6s 4h] [9h]
Chuckles1337: bets $6
Actionni13: calls $6
*** RIVER *** [5c 6s 4h 9h] [Ts]
Chuckles1337: checks
Actionni13: bets $6
Chuckles1337: folds
Uncalled bet ($6) returned to Actionni13
Actionni13 collected $23.52 from pot
Actionni13: doesn't show hand
*** SUMMARY ***
Total pot $24 | Rake $0.48
Board [5c 6s 4h 9h Ts]
Seat 3: Chuckles1337 (big blind) folded on the River
Seat 4: Actionni13 (button) (small blind) collected ($23.52)


PokerStars Hand #148829265230:  Hold'em Limit ($3/$6 USD) - 2016/02/15 2:02:20 ET
Table 'Caph' 6-max Seat #4 is the button
Seat 3: Chuckles1337 ($91.38 in chips)
Seat 4: Actionni13 ($150 in chips)
Actionni13: posts small blind $1
Chuckles1337: posts big blind $3
*** HOLE CARDS ***
Actionni13: folds
Uncalled bet ($2) returned to Chuckles1337
Chuckles1337 collected $2 from pot
Chuckles1337: doesn't show hand
*** SUMMARY ***
Total pot $2 | Rake $0
Seat 3: Chuckles1337 (big blind) collected ($2)
Seat 4: Actionni13 (button) (small blind) folded before Flop


PokerStars Hand #148829257447:  Hold'em Limit ($3/$6 USD) - 2016/02/15 2:01:53 ET
Table 'Caph' 6-max Seat #3 is the button
Seat 3: Chuckles1337 ($79.86 in chips)
Seat 4: Actionni13 ($161.52 in chips)
Chuckles1337: posts small blind $1
Actionni13: posts big blind $3
*** HOLE CARDS ***
Chuckles1337: raises $3 to $6
Actionni13: raises $3 to $9
Chuckles1337: calls $3
*** FLOP *** [7s Ac 7c]
Actionni13: bets $3
Chuckles1337: calls $3
*** TURN *** [7s Ac 7c] [6c]
Actionni13: checks
Chuckles1337: bets $6
Actionni13: folds
Uncalled bet ($6) returned to Chuckles1337
Chuckles1337 collected $23.52 from pot
Chuckles1337: doesn't show hand
*** SUMMARY ***
Total pot $24 | Rake $0.48
Board [7s Ac 7c 6c]
Seat 3: Chuckles1337 (button) (small blind) collected ($23.52)
Seat 4: Actionni13 (big blind) folded on the Turn


PokerStars Hand #148829271236:  Hold'em Limit ($3/$6 USD) - 2016/02/15 2:02:43 ET
Table 'Caph' 6-max Seat #4 is the button
Seat 3: Chuckles1337 ($86.38 in chips)
Seat 4: Actionni13 ($155.76 in chips)
Actionni13: posts small blind $1
Chuckles1337: posts big blind $3
*** HOLE CARDS ***
Actionni13: raises $3 to $6
Chuckles1337: raises $3 to $9
Actionni13: calls $3
*** FLOP *** [7d 7s 2h]
Chuckles1337: bets $3
Actionni13: calls $3
*** TURN *** [7d 7s 2h] [2c]
Chuckles1337: bets $6
Actionni13: folds
Uncalled bet ($6) returned to Chuckles1337
Chuckles1337 collected $23.52 from pot
Chuckles1337: doesn't show hand
*** SUMMARY ***
Total pot $24 | Rake $0.48
Board [7d 7s 2h 2c]
Seat 3: Chuckles1337 (big blind) collected ($23.52)
Seat 4: Actionni13 (button) (small blind) folded on the Turn


PokerStars Hand #148829278607:  Hold'em Limit ($3/$6 USD) - 2016/02/15 2:03:09 ET
Table 'Caph' 6-max Seat #3 is the button
Seat 3: Chuckles1337 ($97.90 in chips)
Seat 4: Actionni13 ($150 in chips)
Chuckles1337: posts small blind $1
Actionni13: posts big blind $3
*** HOLE CARDS ***
Chuckles1337: raises $3 to $6
Actionni13: calls $3
*** FLOP *** [Jc As 7h]
Actionni13: checks
Chuckles1337: bets $3
Actionni13: folds
Uncalled bet ($3) returned to Chuckles1337
Chuckles1337 collected $11.76 from pot
Chuckles1337: doesn't show hand
*** SUMMARY ***
Total pot $12 | Rake $0.24
Board [Jc As 7h]
Seat 3: Chuckles1337 (button) (small blind) collected ($11.76)
Seat 4: Actionni13 (big blind) folded on the Flop


PokerStars Hand #148829266532:  Hold'em Limit ($3/$6 USD) - 2016/02/15 2:02:25 ET
Table 'Caph' 6-max Seat #3 is the button
Seat 3: Chuckles1337 ($92.38 in chips)
Seat 4: Actionni13 ($150 in chips)
Chuckles1337: posts small blind $1
Actionni13: posts big blind $3
*** HOLE CARDS ***
Chuckles1337: raises $3 to $6
Actionni13: calls $3
*** FLOP *** [9s 5c 3d]
Actionni13: checks
Chuckles1337: checks
*** TURN *** [9s 5c 3d] [7s]
Actionni13: bets $6
Chuckles1337: folds
Uncalled bet ($6) returned to Actionni13
Actionni13 collected $11.76 from pot
Actionni13: doesn't show hand
*** SUMMARY ***
Total pot $12 | Rake $0.24
Board [9s 5c 3d 7s]
Seat 3: Chuckles1337 (button) (small blind) folded on the Turn
Seat 4: Actionni13 (big blind) collected ($11.76)


PokerStars Hand #148829281936:  Hold'em Limit ($3/$6 USD) - 2016/02/15 2:03:21 ET
Table 'Caph' 6-max Seat #4 is the button
Seat 3: Chuckles1337 ($103.66 in chips)
Seat 4: Actionni13 ($150 in chips)
Actionni13: posts small blind $1
Chuckles1337: posts big blind $3
*** HOLE CARDS ***
Actionni13: raises $3 to $6
Chuckles1337: calls $3
*** FLOP *** [Jh Kc Jc]
Chuckles1337: checks
Actionni13: bets $3
Chuckles1337: calls $3
*** TURN *** [Jh Kc Jc] [7s]
Chuckles1337: checks
Actionni13: bets $6
Chuckles1337: calls $6
*** RIVER *** [Jh Kc Jc 7s] [Qh]
Chuckles1337: checks
Actionni13: bets $6
Chuckles1337: calls $6
*** SHOW DOWN ***
Actionni13: shows [5s Ks] (two pair, Kings and Jacks)
Chuckles1337: shows [4d Kh] (two pair, Kings and Jacks)
Chuckles1337 collected $20.75 from pot
Actionni13 collected $20.75 from pot
*** SUMMARY ***
Total pot $42 | Rake $0.50
Board [Jh Kc Jc 7s Qh]
Seat 3: Chuckles1337 (big blind) showed [4d Kh] and won ($20.75) with two pair, Kings and Jacks
Seat 4: Actionni13 (button) (small blind) showed [5s Ks] and won ($20.75) with two pair, Kings and Jacks


PokerStars Hand #148829291135:  Hold'em Limit ($3/$6 USD) - 2016/02/15 2:03:54 ET
Table 'Caph' 6-max Seat #3 is the button
Seat 3: Chuckles1337 ($103.41 in chips)
Seat 4: Actionni13 ($150 in chips)
Chuckles1337: posts small blind $1
Actionni13: posts big blind $3
*** HOLE CARDS ***
Chuckles1337: raises $3 to $6
Actionni13: calls $3
*** FLOP *** [As 4d 9s]
Actionni13: checks
Chuckles1337: bets $3
Actionni13: calls $3
*** TURN *** [As 4d 9s] [Jd]
Fabulous108 joins the table at seat #5
Actionni13: checks
Chuckles1337: bets $6
Actionni13: calls $6
*** RIVER *** [As 4d 9s Jd] [Kh]
Actionni13: checks
Chuckles1337: bets $6
Actionni13: folds
Uncalled bet ($6) returned to Chuckles1337
Chuckles1337 collected $29.50 from pot
Chuckles1337: doesn't show hand
*** SUMMARY ***
Total pot $30 | Rake $0.50
Board [As 4d 9s Jd Kh]
Seat 3: Chuckles1337 (button) (small blind) collected ($29.50)
Seat 4: Actionni13 (big blind) folded on the River


PokerStars Hand #148829309941:  Hold'em Limit ($3/$6 USD) - 2016/02/15 2:05:02 ET
Table 'Caph' 6-max Seat #3 is the button
Seat 3: Chuckles1337 ($126.55 in chips)
Seat 4: Actionni13 ($150 in chips)
Chuckles1337: posts small blind $1
Actionni13: posts big blind $3
*** HOLE CARDS ***
Chuckles1337: raises $3 to $6
Actionni13: calls $3
*** FLOP *** [Qc 6h 3d]
Actionni13: bets $3
Chuckles1337: folds
Uncalled bet ($3) returned to Actionni13
Actionni13 collected $11.76 from pot
Actionni13: doesn't show hand
*** SUMMARY ***
Total pot $12 | Rake $0.24
Board [Qc 6h 3d]
Seat 3: Chuckles1337 (button) (small blind) folded on the Flop
Seat 4: Actionni13 (big blind) collected ($11.76)


