PokerStars Hand #153572706567:  Hold'em Limit ($3/$6 USD) - 2016/05/20 2:44:39 ET
Table 'Caph II' 10-max Seat #1 is the button
Seat 1: ghgijhf ($30 in chips)
Seat 6: LifeisagameX ($60 in chips)
ghgijhf: posts small blind $1
LifeisagameX: posts big blind $3
*** HOLE CARDS ***
Agrotait joins the table at seat #2
ghgijhf: folds
Uncalled bet ($2) returned to LifeisagameX
LifeisagameX collected $2 from pot
LifeisagameX: doesn't show hand
*** SUMMARY ***
Total pot $2 | Rake $0
Seat 1: ghgijhf (button) (small blind) folded before Flop
Seat 6: LifeisagameX (big blind) collected ($2)


PokerStars Hand #153572713680:  Hold'em Limit ($3/$6 USD) - 2016/05/20 2:45:05 ET
Table 'Caph II' 10-max Seat #1 is the button
Seat 1: ghgijhf ($29 in chips)
Seat 6: LifeisagameX ($61 in chips)
Agrotait: is sitting out
ghgijhf: posts small blind $1
LifeisagameX: posts big blind $3
*** HOLE CARDS ***
ghgijhf: folds
Uncalled bet ($2) returned to LifeisagameX
ghgijhf leaves the table
LifeisagameX collected $2 from pot
LifeisagameX: doesn't show hand
*** SUMMARY ***
Total pot $2 | Rake $0
Seat 1: ghgijhf (button) (small blind) folded before Flop
Seat 6: LifeisagameX (big blind) collected ($2)


