PokerStars Hand #175370761558:  Hold'em Limit ($3/$6 USD) - 2017/09/08 11:41:51 ET
Table 'Caph' 6-max Seat #5 is the button
Seat 5: igorkabmw ($31 in chips)
Seat 6: vestimokrec ($123 in chips)
igorkabmw: posts small blind $1
vestimokrec: posts big blind $3
*** HOLE CARDS ***
igorkabmw: folds
Uncalled bet ($2) returned to vestimokrec
vestimokrec collected $2 from pot
vestimokrec: doesn't show hand
*** SUMMARY ***
Total pot $2 | Rake $0
Seat 5: igorkabmw (button) (small blind) folded before Flop
Seat 6: vestimokrec (big blind) collected ($2)


PokerStars Hand #175370750041:  Hold'em Limit ($3/$6 USD) - 2017/09/08 11:41:33 ET
Table 'Caph' 6-max Seat #6 is the button
Seat 5: igorkabmw ($34 in chips)
Seat 6: vestimokrec ($120 in chips)
belik555 joins the table at seat #1
Agrotait leaves the table
vestimokrec: posts small blind $1
igorkabmw: posts big blind $3
*** HOLE CARDS ***
Ale4o joins the table at seat #2
vestimokrec: raises $3 to $6
igorkabmw: folds
Uncalled bet ($3) returned to vestimokrec
vestimokrec collected $6 from pot
vestimokrec: doesn't show hand
*** SUMMARY ***
Total pot $6 | Rake $0
Seat 5: igorkabmw (big blind) folded before Flop
Seat 6: vestimokrec (button) (small blind) collected ($6)


