PokerStars Hand #153899907545:  Hold'em Limit ($3/$6 USD) - 2016/05/27 3:20:55 ET
Table 'Capricorn' 6-max Seat #6 is the button
Seat 1: Agrotait ($72 in chips)
Seat 6: Profitables ($60 in chips)
Profitables: posts small blind $1
Agrotait: posts big blind $3
*** HOLE CARDS ***
Profitables: raises $3 to $6
Agrotait: calls $3
*** FLOP *** [5h Jh 5s]
Agrotait: checks
Profitables: bets $3
Agrotait: calls $3
*** TURN *** [5h Jh 5s] [6s]
Agrotait: checks
Profitables: bets $6
Agrotait: folds
Uncalled bet ($6) returned to Profitables
Profitables collected $17.64 from pot
Profitables: doesn't show hand
*** SUMMARY ***
Total pot $18 | Rake $0.36
Board [5h Jh 5s 6s]
Seat 1: Agrotait (big blind) folded on the Turn
Seat 6: Profitables (button) (small blind) collected ($17.64)


PokerStars Hand #153899918226:  Hold'em Limit ($3/$6 USD) - 2016/05/27 3:21:33 ET
Table 'Capricorn' 6-max Seat #1 is the button
Seat 1: Agrotait ($63 in chips)
Seat 6: Profitables ($68.64 in chips)
Agrotait: posts small blind $1
Profitables: posts big blind $3
*** HOLE CARDS ***
Agrotait: raises $3 to $6
Profitables: calls $3
*** FLOP *** [7h 4d 9h]
Profitables: checks
Agrotait: bets $3
Profitables: calls $3
*** TURN *** [7h 4d 9h] [Ts]
Profitables: checks
Agrotait: bets $6
Profitables: folds
Uncalled bet ($6) returned to Agrotait
Agrotait collected $17.64 from pot
Agrotait: doesn't show hand
*** SUMMARY ***
Total pot $18 | Rake $0.36
Board [7h 4d 9h Ts]
Seat 1: Agrotait (button) (small blind) collected ($17.64)
Seat 6: Profitables (big blind) folded on the Turn


PokerStars Hand #153899927972:  Hold'em Limit ($3/$6 USD) - 2016/05/27 3:22:09 ET
Table 'Capricorn' 6-max Seat #1 is the button
Seat 1: Agrotait ($72.64 in chips)
Seat 6: Profitables ($58.64 in chips)
Agrotait: posts small blind $1
Profitables: posts big blind $3
*** HOLE CARDS ***
Agrotait: raises $3 to $6
Profitables: calls $3
*** FLOP *** [Td Kh 4s]
Profitables: checks
Agrotait: bets $3
Profitables: calls $3
*** TURN *** [Td Kh 4s] [Qs]
Profitables: checks
Agrotait: bets $6
Profitables: calls $6
*** RIVER *** [Td Kh 4s Qs] [8s]
Profitables: checks
Agrotait: bets $6
Profitables: calls $6
*** SHOW DOWN ***
Agrotait: shows [6s Jc] (high card King)
Profitables: shows [5s 4d] (a pair of Fours)
Profitables collected $41.50 from pot
*** SUMMARY ***
Total pot $42 | Rake $0.50
Board [Td Kh 4s Qs 8s]
Seat 1: Agrotait (button) (small blind) showed [6s Jc] and lost with high card King
Seat 6: Profitables (big blind) showed [5s 4d] and won ($41.50) with a pair of Fours


PokerStars Hand #153899932534:  Hold'em Limit ($3/$6 USD) - 2016/05/27 3:22:25 ET
Table 'Capricorn' 6-max Seat #6 is the button
Seat 1: Agrotait ($72 in chips)
Seat 6: Profitables ($79.14 in chips)
Profitables: posts small blind $1
Agrotait: posts big blind $3
*** HOLE CARDS ***
Profitables: raises $3 to $6
Agrotait: calls $3
*** FLOP *** [Td 6s Kc]
Agrotait: checks
Profitables: bets $3
Agrotait: raises $3 to $6
Profitables: calls $3
*** TURN *** [Td 6s Kc] [4c]
Agrotait: bets $6
Profitables: raises $6 to $12
Agrotait: folds
Uncalled bet ($6) returned to Profitables
Profitables collected $35.50 from pot
Profitables: doesn't show hand
*** SUMMARY ***
Total pot $36 | Rake $0.50
Board [Td 6s Kc 4c]
Seat 1: Agrotait (big blind) folded on the Turn
Seat 6: Profitables (button) (small blind) collected ($35.50)


PokerStars Hand #153899926611:  Hold'em Limit ($3/$6 USD) - 2016/05/27 3:22:04 ET
Table 'Capricorn' 6-max Seat #6 is the button
Seat 1: Agrotait ($71.64 in chips)
Seat 6: Profitables ($59.64 in chips)
Profitables: posts small blind $1
Agrotait: posts big blind $3
*** HOLE CARDS ***
Profitables: folds
Uncalled bet ($2) returned to Agrotait
Agrotait collected $2 from pot
Agrotait: doesn't show hand
*** SUMMARY ***
Total pot $2 | Rake $0
Seat 1: Agrotait (big blind) collected ($2)
Seat 6: Profitables (button) (small blind) folded before Flop


PokerStars Hand #153899947460:  Hold'em Limit ($3/$6 USD) - 2016/05/27 3:23:19 ET
Table 'Capricorn' 6-max Seat #1 is the button
Seat 1: Agrotait ($64 in chips)
Seat 6: Profitables ($104.28 in chips)
Agrotait: posts small blind $1
Profitables: posts big blind $3
*** HOLE CARDS ***
Agrotait: raises $3 to $6
Profitables: calls $3
*** FLOP *** [5d 5h Qc]
Profitables: checks
Agrotait: bets $3
Profitables: raises $3 to $6
Agrotait: calls $3
*** TURN *** [5d 5h Qc] [Jh]
Profitables: checks
Agrotait: checks
*** RIVER *** [5d 5h Qc Jh] [3h]
Profitables: checks
Agrotait: checks
*** SHOW DOWN ***
Profitables: shows [As Td] (a pair of Fives)
Agrotait: shows [Ad 9d] (a pair of Fives)
Profitables collected $11.76 from pot
Agrotait collected $11.76 from pot
*** SUMMARY ***
Total pot $24 | Rake $0.48
Board [5d 5h Qc Jh 3h]
Seat 1: Agrotait (button) (small blind) showed [Ad 9d] and won ($11.76) with a pair of Fives
Seat 6: Profitables (big blind) showed [As Td] and won ($11.76) with a pair of Fives


PokerStars Hand #153899936736:  Hold'em Limit ($3/$6 USD) - 2016/05/27 3:22:40 ET
Table 'Capricorn' 6-max Seat #1 is the button
Seat 1: Agrotait ($72 in chips)
Seat 6: Profitables ($96.64 in chips)
Agrotait: posts small blind $1
Profitables: posts big blind $3
*** HOLE CARDS ***
Agrotait: raises $3 to $6
Profitables: calls $3
*** FLOP *** [6h Jh Ah]
Profitables: checks
Agrotait: bets $3
Profitables: calls $3
*** TURN *** [6h Jh Ah] [4c]
Profitables: checks
Agrotait: checks
*** RIVER *** [6h Jh Ah 4c] [8s]
Profitables: bets $6
Agrotait: folds
Uncalled bet ($6) returned to Profitables
Profitables collected $17.64 from pot
Profitables: doesn't show hand
*** SUMMARY ***
Total pot $18 | Rake $0.36
Board [6h Jh Ah 4c 8s]
Seat 1: Agrotait (button) (small blind) folded on the River
Seat 6: Profitables (big blind) collected ($17.64)


PokerStars Hand #153899946191:  Hold'em Limit ($3/$6 USD) - 2016/05/27 3:23:14 ET
Table 'Capricorn' 6-max Seat #6 is the button
Seat 1: Agrotait ($63 in chips)
Seat 6: Profitables ($105.28 in chips)
Profitables: posts small blind $1
Agrotait: posts big blind $3
*** HOLE CARDS ***
Profitables: folds
Uncalled bet ($2) returned to Agrotait
Agrotait collected $2 from pot
Agrotait: doesn't show hand
*** SUMMARY ***
Total pot $2 | Rake $0
Seat 1: Agrotait (big blind) collected ($2)
Seat 6: Profitables (button) (small blind) folded before Flop


PokerStars Hand #153899957436:  Hold'em Limit ($3/$6 USD) - 2016/05/27 3:23:54 ET
Table 'Capricorn' 6-max Seat #6 is the button
Seat 1: Agrotait ($63.76 in chips)
Seat 6: Profitables ($104.04 in chips)
Profitables: posts small blind $1
Agrotait: posts big blind $3
*** HOLE CARDS ***
Profitables: raises $3 to $6
Agrotait: calls $3
*** FLOP *** [5c 2s 6s]
Agrotait: checks
Profitables: checks
*** TURN *** [5c 2s 6s] [6d]
Agrotait: checks
Profitables: bets $6
Agrotait: folds
Uncalled bet ($6) returned to Profitables
Profitables collected $11.76 from pot
Profitables: doesn't show hand
*** SUMMARY ***
Total pot $12 | Rake $0.24
Board [5c 2s 6s 6d]
Seat 1: Agrotait (big blind) folded on the Turn
Seat 6: Profitables (button) (small blind) collected ($11.76)


PokerStars Hand #153899964267:  Hold'em Limit ($3/$6 USD) - 2016/05/27 3:24:18 ET
Table 'Capricorn' 6-max Seat #1 is the button
Seat 1: Agrotait ($72 in chips)
Seat 6: Profitables ($109.80 in chips)
Agrotait: posts small blind $1
Profitables: posts big blind $3
*** HOLE CARDS ***
Agrotait: raises $3 to $6
Profitables: calls $3
*** FLOP *** [As 9s Ac]
Profitables: checks
Agrotait: bets $3
Profitables: calls $3
*** TURN *** [As 9s Ac] [2d]
Profitables: checks
Agrotait: checks
*** RIVER *** [As 9s Ac 2d] [3h]
Profitables: checks
Agrotait: bets $6
Profitables: folds
Uncalled bet ($6) returned to Agrotait
Agrotait collected $17.64 from pot
Agrotait: doesn't show hand
*** SUMMARY ***
Total pot $18 | Rake $0.36
Board [As 9s Ac 2d 3h]
Seat 1: Agrotait (button) (small blind) collected ($17.64)
Seat 6: Profitables (big blind) folded on the River


PokerStars Hand #153899977668:  Hold'em Limit ($3/$6 USD) - 2016/05/27 3:25:06 ET
Table 'Capricorn' 6-max Seat #1 is the button
Seat 1: Agrotait ($95.14 in chips)
Seat 6: Profitables ($85.80 in chips)
Agrotait: posts small blind $1
Profitables: posts big blind $3
*** HOLE CARDS ***
Agrotait: raises $3 to $6
Profitables: calls $3
*** FLOP *** [Td Tc Js]
Profitables: checks
Agrotait: bets $3
Profitables: calls $3
*** TURN *** [Td Tc Js] [8h]
Profitables: checks
Agrotait: checks
*** RIVER *** [Td Tc Js 8h] [Qc]
Profitables: checks
Agrotait: bets $6
Profitables: folds
Uncalled bet ($6) returned to Agrotait
Agrotait collected $17.64 from pot
Agrotait: doesn't show hand
*** SUMMARY ***
Total pot $18 | Rake $0.36
Board [Td Tc Js 8h Qc]
Seat 1: Agrotait (button) (small blind) collected ($17.64)
Seat 6: Profitables (big blind) folded on the River


PokerStars Hand #153899971686:  Hold'em Limit ($3/$6 USD) - 2016/05/27 3:24:45 ET
Table 'Capricorn' 6-max Seat #6 is the button
Seat 1: Agrotait ($80.64 in chips)
Seat 6: Profitables ($100.80 in chips)
Profitables: posts small blind $1
Agrotait: posts big blind $3
*** HOLE CARDS ***
Profitables: raises $3 to $6
Agrotait: raises $3 to $9
Profitables: calls $3
*** FLOP *** [Qs 3d Kh]
Agrotait: checks
Profitables: checks
*** TURN *** [Qs 3d Kh] [Ks]
Agrotait: bets $6
Profitables: calls $6
*** RIVER *** [Qs 3d Kh Ks] [3h]
Agrotait: checks
Profitables: checks
*** SHOW DOWN ***
Agrotait: shows [Ah Tc] (two pair, Kings and Threes)
Profitables: mucks hand
Agrotait collected $29.50 from pot
*** SUMMARY ***
Total pot $30 | Rake $0.50
Board [Qs 3d Kh Ks 3h]
Seat 1: Agrotait (big blind) showed [Ah Tc] and won ($29.50) with two pair, Kings and Threes
Seat 6: Profitables (button) (small blind) mucked


PokerStars Hand #153900003952:  Hold'em Limit ($3/$6 USD) - 2016/05/27 3:26:41 ET
Table 'Capricorn' 6-max Seat #1 is the button
Seat 1: Agrotait ($97.78 in chips)
Seat 6: Profitables ($82.56 in chips)
Agrotait: posts small blind $1
Profitables: posts big blind $3
*** HOLE CARDS ***
Agrotait: folds
Uncalled bet ($2) returned to Profitables
Profitables collected $2 from pot
Profitables: doesn't show hand
*** SUMMARY ***
Total pot $2 | Rake $0
Seat 1: Agrotait (button) (small blind) folded before Flop
Seat 6: Profitables (big blind) collected ($2)


PokerStars Hand #153899990036:  Hold'em Limit ($3/$6 USD) - 2016/05/27 3:25:51 ET
Table 'Capricorn' 6-max Seat #6 is the button
Seat 1: Agrotait ($103.78 in chips)
Seat 6: Profitables ($76.80 in chips)
Profitables: posts small blind $1
Agrotait: posts big blind $3
*** HOLE CARDS ***
Profitables: raises $3 to $6
Agrotait: calls $3
*** FLOP *** [2h 2s 7c]
Agrotait: checks
Profitables: bets $3
Agrotait: folds
Uncalled bet ($3) returned to Profitables
Profitables collected $11.76 from pot
Profitables: doesn't show hand
*** SUMMARY ***
Total pot $12 | Rake $0.24
Board [2h 2s 7c]
Seat 1: Agrotait (big blind) folded on the Flop
Seat 6: Profitables (button) (small blind) collected ($11.76)


PokerStars Hand #153900009663:  Hold'em Limit ($3/$6 USD) - 2016/05/27 3:27:02 ET
Table 'Capricorn' 6-max Seat #6 is the button
Seat 1: Agrotait ($96.78 in chips)
Seat 6: Profitables ($83.56 in chips)
Profitables: posts small blind $1
Agrotait: posts big blind $3
*** HOLE CARDS ***
Profitables: raises $3 to $6
Agrotait: raises $3 to $9
Profitables: calls $3
*** FLOP *** [3s Jd 6c]
Agrotait: bets $3
Profitables: calls $3
*** TURN *** [3s Jd 6c] [Kh]
Agrotait: bets $6
Profitables: calls $6
*** RIVER *** [3s Jd 6c Kh] [2d]
Agrotait: bets $6
Profitables: folds
Uncalled bet ($6) returned to Agrotait
Agrotait collected $35.50 from pot
Agrotait: doesn't show hand
*** SUMMARY ***
Total pot $36 | Rake $0.50
Board [3s Jd 6c Kh 2d]
Seat 1: Agrotait (big blind) collected ($35.50)
Seat 6: Profitables (button) (small blind) folded on the River


PokerStars Hand #153900020328:  Hold'em Limit ($3/$6 USD) - 2016/05/27 3:27:40 ET
Table 'Capricorn' 6-max Seat #1 is the button
Seat 1: Agrotait ($114.28 in chips)
Seat 6: Profitables ($65.56 in chips)
Agrotait: posts small blind $1
Profitables: posts big blind $3
*** HOLE CARDS ***
Agrotait: raises $3 to $6
Profitables: calls $3
*** FLOP *** [9s 6d Qd]
Profitables: checks
Agrotait: bets $3
Profitables: folds
Uncalled bet ($3) returned to Agrotait
Agrotait collected $11.76 from pot
Agrotait: doesn't show hand
*** SUMMARY ***
Total pot $12 | Rake $0.24
Board [9s 6d Qd]
Seat 1: Agrotait (button) (small blind) collected ($11.76)
Seat 6: Profitables (big blind) folded on the Flop


PokerStars Hand #153900028537:  Hold'em Limit ($3/$6 USD) - 2016/05/27 3:28:09 ET
Table 'Capricorn' 6-max Seat #6 is the button
Seat 1: Agrotait ($120.04 in chips)
Seat 6: Profitables ($59.56 in chips)
Profitables: posts small blind $1
Agrotait: posts big blind $3
*** HOLE CARDS ***
Profitables: raises $3 to $6
ERVELINO13 joins the table at seat #5
Agrotait: calls $3
*** FLOP *** [5d 4d Ad]
Agrotait: checks
Profitables: bets $3
Agrotait: calls $3
*** TURN *** [5d 4d Ad] [7h]
Agrotait: checks
Profitables: bets $6
Agrotait: raises $6 to $12
Profitables: folds
Uncalled bet ($6) returned to Agrotait
Agrotait collected $29.50 from pot
Agrotait: doesn't show hand
*** SUMMARY ***
Total pot $30 | Rake $0.50
Board [5d 4d Ad 7h]
Seat 1: Agrotait (big blind) collected ($29.50)
Seat 6: Profitables (button) (small blind) folded on the Turn


PokerStars Hand #153900520009:  Hold'em Limit ($3/$6 USD) - 2016/05/27 3:56:21 ET
Table 'Capricorn' 6-max Seat #1 is the button
Seat 1: Agrotait ($95.53 in chips)
Seat 6: Profitables ($33.02 in chips)
Agrotait: posts small blind $1
BIZE Terence: is sitting out
Profitables: posts big blind $3
*** HOLE CARDS ***
BIZE Terence leaves the table
Agrotait: raises $3 to $6
Profitables: calls $3
*** FLOP *** [9h Jc Ts]
Profitables: checks
Agrotait: bets $3
Profitables: raises $3 to $6
Agrotait: calls $3
*** TURN *** [9h Jc Ts] [Kd]
Profitables: bets $6
Agrotait: calls $6
*** RIVER *** [9h Jc Ts Kd] [Td]
Profitables: bets $6
Agrotait: calls $6
*** SHOW DOWN ***
Profitables: shows [7h Tc] (three of a kind, Tens)
Agrotait: mucks hand
Profitables collected $47.50 from pot
*** SUMMARY ***
Total pot $48 | Rake $0.50
Board [9h Jc Ts Kd Td]
Seat 1: Agrotait (button) (small blind) mucked
Seat 6: Profitables (big blind) showed [7h Tc] and won ($47.50) with three of a kind, Tens


PokerStars Hand #153900527821:  Hold'em Limit ($3/$6 USD) - 2016/05/27 3:56:50 ET
Table 'Capricorn' 6-max Seat #1 is the button
Seat 1: Agrotait ($68.53 in chips)
Seat 6: Profitables ($59.52 in chips)
Agrotait: posts small blind $1
Profitables: posts big blind $3
*** HOLE CARDS ***
Agrotait: folds
Uncalled bet ($2) returned to Profitables
Profitables collected $2 from pot
Profitables: doesn't show hand
*** SUMMARY ***
Total pot $2 | Rake $0
Seat 1: Agrotait (button) (small blind) folded before Flop
Seat 6: Profitables (big blind) collected ($2)


PokerStars Hand #153900524841:  Hold'em Limit ($3/$6 USD) - 2016/05/27 3:56:39 ET
Table 'Capricorn' 6-max Seat #6 is the button
Seat 1: Agrotait ($71.53 in chips)
Seat 6: Profitables ($56.52 in chips)
Profitables: posts small blind $1
Agrotait: posts big blind $3
*** HOLE CARDS ***
Profitables: raises $3 to $6
Agrotait: folds
Uncalled bet ($3) returned to Profitables
Profitables collected $6 from pot
Profitables: doesn't show hand
*** SUMMARY ***
Total pot $6 | Rake $0
Seat 1: Agrotait (big blind) folded before Flop
Seat 6: Profitables (button) (small blind) collected ($6)


PokerStars Hand #153900529049:  Hold'em Limit ($3/$6 USD) - 2016/05/27 3:56:55 ET
Table 'Capricorn' 6-max Seat #6 is the button
Seat 1: Agrotait ($67.53 in chips)
Seat 6: Profitables ($60.52 in chips)
Profitables: posts small blind $1
Agrotait: posts big blind $3
*** HOLE CARDS ***
Profitables: raises $3 to $6
Agrotait: calls $3
*** FLOP *** [Kc Ts 2c]
Agrotait: checks
Profitables: bets $3
Agrotait: raises $3 to $6
Profitables: calls $3
*** TURN *** [Kc Ts 2c] [Qc]
Agrotait: bets $6
Profitables: calls $6
*** RIVER *** [Kc Ts 2c Qc] [4d]
Agrotait: bets $6
Profitables: folds
Uncalled bet ($6) returned to Agrotait
Agrotait collected $35.50 from pot
Agrotait: doesn't show hand
*** SUMMARY ***
Total pot $36 | Rake $0.50
Board [Kc Ts 2c Qc 4d]
Seat 1: Agrotait (big blind) collected ($35.50)
Seat 6: Profitables (button) (small blind) folded on the River


PokerStars Hand #153900536887:  Hold'em Limit ($3/$6 USD) - 2016/05/27 3:57:24 ET
Table 'Capricorn' 6-max Seat #1 is the button
Seat 1: Agrotait ($85.03 in chips)
Seat 6: Profitables ($42.52 in chips)
Agrotait: posts small blind $1
Profitables: posts big blind $3
*** HOLE CARDS ***
Agrotait: raises $3 to $6
Profitables: calls $3
*** FLOP *** [Ac 6s 4s]
Profitables: checks
Agrotait: bets $3
Profitables: raises $3 to $6
Agrotait: calls $3
*** TURN *** [Ac 6s 4s] [Jd]
Profitables: bets $6
Agrotait: calls $6
*** RIVER *** [Ac 6s 4s Jd] [7s]
Profitables: bets $6
Agrotait: calls $6
*** SHOW DOWN ***
Profitables: shows [Kh As] (a pair of Aces)
Agrotait: shows [7d 4d] (two pair, Sevens and Fours)
Agrotait collected $47.50 from pot
*** SUMMARY ***
Total pot $48 | Rake $0.50
Board [Ac 6s 4s Jd 7s]
Seat 1: Agrotait (button) (small blind) showed [7d 4d] and won ($47.50) with two pair, Sevens and Fours
Seat 6: Profitables (big blind) showed [Kh As] and lost with a pair of Aces


PokerStars Hand #153900541382:  Hold'em Limit ($3/$6 USD) - 2016/05/27 3:57:41 ET
Table 'Capricorn' 6-max Seat #6 is the button
Seat 1: Agrotait ($108.53 in chips)
Seat 6: Profitables ($18.52 in chips)
Profitables: posts small blind $1
Agrotait: posts big blind $3
*** HOLE CARDS ***
Profitables: raises $3 to $6
Agrotait: calls $3
*** FLOP *** [Th Qh 7c]
Profitables said, "****ing kiddinme"
Agrotait: checks
Profitables: bets $3
Agrotait: calls $3
*** TURN *** [Th Qh 7c] [Js]
Agrotait: checks
Profitables: bets $6
Agrotait: calls $6
*** RIVER *** [Th Qh 7c Js] [4s]
Agrotait: checks
Profitables: bets $3.52 and is all-in
Agrotait: calls $3.52
*** SHOW DOWN ***
Profitables: shows [Qs Jh] (two pair, Queens and Jacks)
Agrotait: shows [8h 7s] (a pair of Sevens)
Profitables collected $36.54 from pot
*** SUMMARY ***
Total pot $37.04 | Rake $0.50
Board [Th Qh 7c Js 4s]
Seat 1: Agrotait (big blind) showed [8h 7s] and lost with a pair of Sevens
Seat 6: Profitables (button) (small blind) showed [Qs Jh] and won ($36.54) with two pair, Queens and Jacks


PokerStars Hand #153900553096:  Hold'em Limit ($3/$6 USD) - 2016/05/27 3:58:24 ET
Table 'Capricorn' 6-max Seat #1 is the button
Seat 1: Agrotait ($90.01 in chips)
Seat 6: Profitables ($36.54 in chips)
Agrotait: posts small blind $1
Profitables: posts big blind $3
*** HOLE CARDS ***
Agrotait: raises $3 to $6
Profitables: calls $3
*** FLOP *** [8h 7s 3h]
Profitables: checks
Agrotait: bets $3
Profitables: raises $3 to $6
Agrotait: calls $3
*** TURN *** [8h 7s 3h] [5s]
Profitables: bets $6
Agrotait: calls $6
*** RIVER *** [8h 7s 3h 5s] [Th]
Profitables: bets $6
Agrotait: folds
Uncalled bet ($6) returned to Profitables
Profitables collected $35.50 from pot
Profitables: doesn't show hand
*** SUMMARY ***
Total pot $36 | Rake $0.50
Board [8h 7s 3h 5s Th]
Seat 1: Agrotait (button) (small blind) folded on the River
Seat 6: Profitables (big blind) collected ($35.50)


PokerStars Hand #153900578968:  Hold'em Limit ($3/$6 USD) - 2016/05/27 4:00:00 ET
Table 'Capricorn' 6-max Seat #6 is the button
Seat 1: Agrotait ($83.52 in chips)
Seat 6: Profitables ($62.54 in chips)
Profitables: posts small blind $1
Agrotait: posts big blind $3
*** HOLE CARDS ***
Profitables: folds
Uncalled bet ($2) returned to Agrotait
Agrotait collected $2 from pot
Agrotait: doesn't show hand
*** SUMMARY ***
Total pot $2 | Rake $0
Seat 1: Agrotait (big blind) collected ($2)
Seat 6: Profitables (button) (small blind) folded before Flop


PokerStars Hand #153900559844:  Hold'em Limit ($3/$6 USD) - 2016/05/27 3:58:49 ET
Table 'Capricorn' 6-max Seat #6 is the button
Seat 1: Agrotait ($72.01 in chips)
Seat 6: Profitables ($54.04 in chips)
Profitables: posts small blind $1
Agrotait: posts big blind $3
*** HOLE CARDS ***
Profitables: raises $3 to $6
Agrotait: calls $3
*** FLOP *** [6h 7s 6s]
Agrotait: checks
Profitables: bets $3
Agrotait: calls $3
*** TURN *** [6h 7s 6s] [9d]
Agrotait: checks
Profitables: bets $6
Agrotait: calls $6
*** RIVER *** [6h 7s 6s 9d] [Qc]
Agrotait: checks
Profitables: bets $6
Agrotait: calls $6
*** SHOW DOWN ***
Profitables: shows [6d Qd] (a full house, Sixes full of Queens)
Agrotait: mucks hand
Profitables collected $41.50 from pot
*** SUMMARY ***
Total pot $42 | Rake $0.50
Board [6h 7s 6s 9d Qc]
Seat 1: Agrotait (big blind) mucked
Seat 6: Profitables (button) (small blind) showed [6d Qd] and won ($41.50) with a full house, Sixes full of Queens


PokerStars Hand #153900566823:  Hold'em Limit ($3/$6 USD) - 2016/05/27 3:59:15 ET
Table 'Capricorn' 6-max Seat #1 is the button
Seat 1: Agrotait ($72 in chips)
Seat 6: Profitables ($74.54 in chips)
Agrotait: posts small blind $1
Profitables: posts big blind $3
*** HOLE CARDS ***
Agrotait: raises $3 to $6
Profitables: calls $3
*** FLOP *** [Jd 2c 7d]
Profitables: checks
Agrotait: bets $3
Profitables: raises $3 to $6
Agrotait: calls $3
*** TURN *** [Jd 2c 7d] [Ts]
Profitables: checks
Agrotait: checks
*** RIVER *** [Jd 2c 7d Ts] [Qh]
Profitables: checks
Agrotait: bets $6
Profitables: folds
Uncalled bet ($6) returned to Agrotait
Agrotait collected $23.52 from pot
Agrotait: doesn't show hand
*** SUMMARY ***
Total pot $24 | Rake $0.48
Board [Jd 2c 7d Ts Qh]
Seat 1: Agrotait (button) (small blind) collected ($23.52)
Seat 6: Profitables (big blind) folded on the River


PokerStars Hand #153900580246:  Hold'em Limit ($3/$6 USD) - 2016/05/27 4:00:05 ET
Table 'Capricorn' 6-max Seat #1 is the button
Seat 1: Agrotait ($84.52 in chips)
Seat 6: Profitables ($61.54 in chips)
Agrotait: posts small blind $1
Profitables: posts big blind $3
*** HOLE CARDS ***
Agrotait: raises $3 to $6
Profitables: calls $3
*** FLOP *** [Qd 9c 3h]
Profitables: checks
Agrotait: checks
*** TURN *** [Qd 9c 3h] [5c]
Profitables: checks
Agrotait: bets $6
Profitables: folds
Uncalled bet ($6) returned to Agrotait
Agrotait collected $11.76 from pot
Agrotait: doesn't show hand
*** SUMMARY ***
Total pot $12 | Rake $0.24
Board [Qd 9c 3h 5c]
Seat 1: Agrotait (button) (small blind) collected ($11.76)
Seat 6: Profitables (big blind) folded on the Turn


PokerStars Hand #153900584843:  Hold'em Limit ($3/$6 USD) - 2016/05/27 4:00:22 ET
Table 'Capricorn' 6-max Seat #6 is the button
Seat 1: Agrotait ($90.28 in chips)
Seat 6: Profitables ($55.54 in chips)
Profitables: posts small blind $1
Agrotait: posts big blind $3
*** HOLE CARDS ***
Profitables: raises $3 to $6
Agrotait: raises $3 to $9
Profitables: calls $3
*** FLOP *** [2c As 8h]
Agrotait: checks
Profitables: checks
*** TURN *** [2c As 8h] [Jd]
Agrotait: checks
Profitables: bets $6
Agrotait: calls $6
*** RIVER *** [2c As 8h Jd] [Ts]
Agrotait: bets $6
Profitables: calls $6
*** SHOW DOWN ***
Agrotait: shows [Qh Kh] (a straight, Ten to Ace)
Profitables: mucks hand
Agrotait collected $41.50 from pot
Profitables said, "htqg"
*** SUMMARY ***
Total pot $42 | Rake $0.50
Board [2c As 8h Jd Ts]
Seat 1: Agrotait (big blind) showed [Qh Kh] and won ($41.50) with a straight, Ten to Ace
Seat 6: Profitables (button) (small blind) mucked


PokerStars Hand #153900592292:  Hold'em Limit ($3/$6 USD) - 2016/05/27 4:00:48 ET
Table 'Capricorn' 6-max Seat #1 is the button
Seat 1: Agrotait ($110.78 in chips)
Seat 6: Profitables ($34.54 in chips)
Profitables said, "fg"
Agrotait: posts small blind $1
Profitables said, "e3"
Profitables: posts big blind $3
*** HOLE CARDS ***
Profitables said, "QEggr"
Profitables said, "gr"
Profitables said, "GRG"
Profitables said, "R"
Profitables said, "G"
Profitables said, "WG"
Profitables said, "GR"
Profitables said, "GR"
Agrotait: raises $3 to $6
Profitables: calls $3
*** FLOP *** [7c 6d Jc]
Profitables: checks
Agrotait: checks
*** TURN *** [7c 6d Jc] [6s]
Profitables: checks
Agrotait: checks
*** RIVER *** [7c 6d Jc 6s] [2h]
Profitables: checks
Agrotait: checks
*** SHOW DOWN ***
Profitables: shows [5d Qd] (a pair of Sixes)
Agrotait: shows [3h Kh] (a pair of Sixes - King kicker)
Agrotait collected $11.76 from pot
*** SUMMARY ***
Total pot $12 | Rake $0.24
Board [7c 6d Jc 6s 2h]
Seat 1: Agrotait (button) (small blind) showed [3h Kh] and won ($11.76) with a pair of Sixes
Seat 6: Profitables (big blind) showed [5d Qd] and lost with a pair of Sixes


PokerStars Hand #153900612501:  Hold'em Limit ($3/$6 USD) - 2016/05/27 4:01:57 ET
Table 'Capricorn' 6-max Seat #6 is the button
Seat 1: Agrotait ($86.54 in chips)
Seat 6: Profitables ($57.68 in chips)
Profitables: posts small blind $1
Agrotait: posts big blind $3
*** HOLE CARDS ***
Profitables: raises $3 to $6
Agrotait: folds
Uncalled bet ($3) returned to Profitables
Profitables collected $6 from pot
Profitables: doesn't show hand
*** SUMMARY ***
Total pot $6 | Rake $0
Seat 1: Agrotait (big blind) folded before Flop
Seat 6: Profitables (button) (small blind) collected ($6)


PokerStars Hand #153900602639:  Hold'em Limit ($3/$6 USD) - 2016/05/27 4:01:24 ET
Table 'Capricorn' 6-max Seat #1 is the button
Seat 1: Agrotait ($95.54 in chips)
Seat 6: Profitables ($49.04 in chips)
Agrotait: posts small blind $1
Profitables: posts big blind $3
*** HOLE CARDS ***
Agrotait: raises $3 to $6
Profitables: calls $3
*** FLOP *** [4c 9s 7h]
Profitables: checks
Agrotait: bets $3
Profitables: calls $3
*** TURN *** [4c 9s 7h] [8d]
Profitables: checks
Agrotait: checks
*** RIVER *** [4c 9s 7h 8d] [Jc]
Profitables: checks
Agrotait: checks
*** SHOW DOWN ***
Profitables: shows [7s Qs] (a pair of Sevens)
Agrotait: mucks hand
Profitables collected $17.64 from pot
*** SUMMARY ***
Total pot $18 | Rake $0.36
Board [4c 9s 7h 8d Jc]
Seat 1: Agrotait (button) (small blind) mucked
Seat 6: Profitables (big blind) showed [7s Qs] and won ($17.64) with a pair of Sevens


PokerStars Hand #153900596972:  Hold'em Limit ($3/$6 USD) - 2016/05/27 4:01:04 ET
Table 'Capricorn' 6-max Seat #6 is the button
Seat 1: Agrotait ($116.54 in chips)
Seat 6: Profitables ($28.54 in chips)
Profitables: posts small blind $1
Agrotait: posts big blind $3
*** HOLE CARDS ***
Profitables: raises $3 to $6
Agrotait: calls $3
*** FLOP *** [Th 4s As]
Agrotait: checks
Profitables: bets $3
Agrotait: calls $3
*** TURN *** [Th 4s As] [7c]
Agrotait: checks
Profitables: bets $6
Agrotait: calls $6
*** RIVER *** [Th 4s As 7c] [6d]
Agrotait: checks
Profitables: bets $6
Agrotait: calls $6
*** SHOW DOWN ***
Profitables: shows [Ah 6h] (two pair, Aces and Sixes)
Agrotait: mucks hand
Profitables collected $41.50 from pot
*** SUMMARY ***
Total pot $42 | Rake $0.50
Board [Th 4s As 7c 6d]
Seat 1: Agrotait (big blind) mucked
Seat 6: Profitables (button) (small blind) showed [Ah 6h] and won ($41.50) with two pair, Aces and Sixes


PokerStars Hand #153900623403:  Hold'em Limit ($3/$6 USD) - 2016/05/27 4:02:33 ET
Table 'Capricorn' 6-max Seat #6 is the button
Seat 1: Agrotait ($72 in chips)
Seat 6: Profitables ($87.18 in chips)
Profitables: posts small blind $1
Agrotait: posts big blind $3
*** HOLE CARDS ***
Profitables: raises $3 to $6
Agrotait: folds
Uncalled bet ($3) returned to Profitables
Profitables collected $6 from pot
Profitables: doesn't show hand
*** SUMMARY ***
Total pot $6 | Rake $0
Seat 1: Agrotait (big blind) folded before Flop
Seat 6: Profitables (button) (small blind) collected ($6)


PokerStars Hand #153900626225:  Hold'em Limit ($3/$6 USD) - 2016/05/27 4:02:42 ET
Table 'Capricorn' 6-max Seat #1 is the button
Seat 1: Agrotait ($69 in chips)
Seat 6: Profitables ($90.18 in chips)
Agrotait: posts small blind $1
Profitables: posts big blind $3
*** HOLE CARDS ***
Agrotait: raises $3 to $6
Profitables: calls $3
*** FLOP *** [3h 6h Ts]
Profitables: checks
Agrotait: bets $3
Profitables: folds
Uncalled bet ($3) returned to Agrotait
Agrotait collected $11.76 from pot
Agrotait: doesn't show hand
*** SUMMARY ***
Total pot $12 | Rake $0.24
Board [3h 6h Ts]
Seat 1: Agrotait (button) (small blind) collected ($11.76)
Seat 6: Profitables (big blind) folded on the Flop


PokerStars Hand #153900614321:  Hold'em Limit ($3/$6 USD) - 2016/05/27 4:02:03 ET
Table 'Capricorn' 6-max Seat #1 is the button
Seat 1: Agrotait ($83.54 in chips)
Seat 6: Profitables ($60.68 in chips)
Agrotait: posts small blind $1
Profitables: posts big blind $3
*** HOLE CARDS ***
Agrotait: raises $3 to $6
Profitables: calls $3
*** FLOP *** [2d 8c Qs]
Profitables: checks
Agrotait: bets $3
Profitables: calls $3
*** TURN *** [2d 8c Qs] [Th]
Profitables: checks
Agrotait: bets $6
Profitables: raises $6 to $12
Agrotait: calls $6
*** RIVER *** [2d 8c Qs Th] [Ac]
Profitables: bets $6
Agrotait: calls $6
*** SHOW DOWN ***
Profitables: shows [9h Jc] (a straight, Eight to Queen)
Agrotait: mucks hand
Profitables collected $53.50 from pot
*** SUMMARY ***
Total pot $54 | Rake $0.50
Board [2d 8c Qs Th Ac]
Seat 1: Agrotait (button) (small blind) mucked
Seat 6: Profitables (big blind) showed [9h Jc] and won ($53.50) with a straight, Eight to Queen


PokerStars Hand #153900629137:  Hold'em Limit ($3/$6 USD) - 2016/05/27 4:02:52 ET
Table 'Capricorn' 6-max Seat #6 is the button
Seat 1: Agrotait ($74.76 in chips)
Seat 6: Profitables ($84.18 in chips)
Profitables: posts small blind $1
Agrotait: posts big blind $3
*** HOLE CARDS ***
Profitables: raises $3 to $6
Agrotait: folds
Uncalled bet ($3) returned to Profitables
Profitables collected $6 from pot
Profitables: doesn't show hand
*** SUMMARY ***
Total pot $6 | Rake $0
Seat 1: Agrotait (big blind) folded before Flop
Seat 6: Profitables (button) (small blind) collected ($6)


PokerStars Hand #153900643675:  Hold'em Limit ($3/$6 USD) - 2016/05/27 4:03:40 ET
Table 'Capricorn' 6-max Seat #1 is the button
Seat 1: Agrotait ($63 in chips)
Seat 6: Profitables ($113.32 in chips)
Agrotait: posts small blind $1
Profitables: posts big blind $3
*** HOLE CARDS ***
Agrotait: raises $3 to $6
Profitables: calls $3
*** FLOP *** [6c 3c 3d]
Profitables: bets $3
Agrotait: calls $3
*** TURN *** [6c 3c 3d] [8s]
Profitables: checks
Agrotait: bets $6
Profitables: folds
Uncalled bet ($6) returned to Agrotait
Agrotait collected $17.64 from pot
Agrotait: doesn't show hand
*** SUMMARY ***
Total pot $18 | Rake $0.36
Board [6c 3c 3d 8s]
Seat 1: Agrotait (button) (small blind) collected ($17.64)
Seat 6: Profitables (big blind) folded on the Turn


PokerStars Hand #153900639203:  Hold'em Limit ($3/$6 USD) - 2016/05/27 4:03:25 ET
Table 'Capricorn' 6-max Seat #6 is the button
Seat 1: Agrotait ($72 in chips)
Seat 6: Profitables ($104.68 in chips)
Profitables: posts small blind $1
Agrotait: posts big blind $3
*** HOLE CARDS ***
Profitables: raises $3 to $6
Agrotait: calls $3
*** FLOP *** [Jd Ah 4h]
Agrotait: checks
Profitables: bets $3
Agrotait: calls $3
*** TURN *** [Jd Ah 4h] [Qs]
Agrotait: checks
Profitables: bets $6
Agrotait: folds
Uncalled bet ($6) returned to Profitables
Profitables collected $17.64 from pot
Profitables: doesn't show hand
*** SUMMARY ***
Total pot $18 | Rake $0.36
Board [Jd Ah 4h Qs]
Seat 1: Agrotait (big blind) folded on the Turn
Seat 6: Profitables (button) (small blind) collected ($17.64)


PokerStars Hand #153900631027:  Hold'em Limit ($3/$6 USD) - 2016/05/27 4:02:58 ET
Table 'Capricorn' 6-max Seat #1 is the button
Seat 1: Agrotait ($71.76 in chips)
Seat 6: Profitables ($87.18 in chips)
Agrotait: posts small blind $1
Profitables: posts big blind $3
*** HOLE CARDS ***
Agrotait: raises $3 to $6
Profitables: calls $3
*** FLOP *** [Td Kh Ac]
Profitables: checks
Agrotait: bets $3
Profitables: raises $3 to $6
Agrotait: calls $3
*** TURN *** [Td Kh Ac] [8h]
Profitables: checks
Agrotait: bets $6
Profitables: raises $6 to $12
Agrotait: folds
Uncalled bet ($6) returned to Profitables
Profitables collected $35.50 from pot
Profitables: doesn't show hand
*** SUMMARY ***
Total pot $36 | Rake $0.50
Board [Td Kh Ac 8h]
Seat 1: Agrotait (button) (small blind) folded on the Turn
Seat 6: Profitables (big blind) collected ($35.50)


PokerStars Hand #153900650974:  Hold'em Limit ($3/$6 USD) - 2016/05/27 4:04:04 ET
Table 'Capricorn' 6-max Seat #6 is the button
Seat 1: Agrotait ($71.64 in chips)
Seat 6: Profitables ($104.32 in chips)
Profitables: posts small blind $1
Agrotait: posts big blind $3
*** HOLE CARDS ***
Profitables: raises $3 to $6
Agrotait: folds
Uncalled bet ($3) returned to Profitables
Profitables collected $6 from pot
Profitables: doesn't show hand
*** SUMMARY ***
Total pot $6 | Rake $0
Seat 1: Agrotait (big blind) folded before Flop
Seat 6: Profitables (button) (small blind) collected ($6)


PokerStars Hand #153900662020:  Hold'em Limit ($3/$6 USD) - 2016/05/27 4:04:40 ET
Table 'Capricorn' 6-max Seat #1 is the button
Seat 1: Agrotait ($75.40 in chips)
Seat 6: Profitables ($100.32 in chips)
Agrotait: posts small blind $1
Profitables: posts big blind $3
*** HOLE CARDS ***
Agrotait: raises $3 to $6
Profitables: calls $3
*** FLOP *** [2c Jd Ah]
Profitables: checks
Agrotait: bets $3
Profitables: calls $3
*** TURN *** [2c Jd Ah] [Td]
Profitables: checks
Agrotait: checks
*** RIVER *** [2c Jd Ah Td] [Ac]
Profitables: checks
Agrotait: checks
*** SHOW DOWN ***
Profitables: shows [9h 9d] (two pair, Aces and Nines)
Agrotait: mucks hand
Profitables collected $17.64 from pot
*** SUMMARY ***
Total pot $18 | Rake $0.36
Board [2c Jd Ah Td Ac]
Seat 1: Agrotait (button) (small blind) mucked
Seat 6: Profitables (big blind) showed [9h 9d] and won ($17.64) with two pair, Aces and Nines


PokerStars Hand #153900660480:  Hold'em Limit ($3/$6 USD) - 2016/05/27 4:04:35 ET
Table 'Capricorn' 6-max Seat #6 is the button
Seat 1: Agrotait ($74.40 in chips)
Seat 6: Profitables ($101.32 in chips)
Profitables: posts small blind $1
Agrotait: posts big blind $3
*** HOLE CARDS ***
Profitables: folds
Uncalled bet ($2) returned to Agrotait
Agrotait collected $2 from pot
Agrotait: doesn't show hand
*** SUMMARY ***
Total pot $2 | Rake $0
Seat 1: Agrotait (big blind) collected ($2)
Seat 6: Profitables (button) (small blind) folded before Flop


PokerStars Hand #153900656250:  Hold'em Limit ($3/$6 USD) - 2016/05/27 4:04:21 ET
Table 'Capricorn' 6-max Seat #1 is the button
Seat 1: Agrotait ($68.64 in chips)
Seat 6: Profitables ($107.32 in chips)
Agrotait: posts small blind $1
Profitables: posts big blind $3
*** HOLE CARDS ***
Agrotait: raises $3 to $6
Profitables: calls $3
*** FLOP *** [8d 2s 2d]
Profitables: checks
Agrotait: bets $3
Profitables: folds
Uncalled bet ($3) returned to Agrotait
Agrotait collected $11.76 from pot
Agrotait: doesn't show hand
*** SUMMARY ***
Total pot $12 | Rake $0.24
Board [8d 2s 2d]
Seat 1: Agrotait (button) (small blind) collected ($11.76)
Seat 6: Profitables (big blind) folded on the Flop


PokerStars Hand #153900685393:  Hold'em Limit ($3/$6 USD) - 2016/05/27 4:05:57 ET
Table 'Capricorn' 6-max Seat #6 is the button
Seat 1: Agrotait ($89.54 in chips)
Seat 6: Profitables ($84.96 in chips)
Profitables: posts small blind $1
Agrotait: posts big blind $3
*** HOLE CARDS ***
Profitables: raises $3 to $6
Agrotait: calls $3
*** FLOP *** [9s Jd 6s]
Agrotait: checks
Profitables: bets $3
Agrotait: folds
Uncalled bet ($3) returned to Profitables
Profitables collected $11.76 from pot
Profitables: doesn't show hand
*** SUMMARY ***
Total pot $12 | Rake $0.24
Board [9s Jd 6s]
Seat 1: Agrotait (big blind) folded on the Flop
Seat 6: Profitables (button) (small blind) collected ($11.76)


PokerStars Hand #153900676944:  Hold'em Limit ($3/$6 USD) - 2016/05/27 4:05:29 ET
Table 'Capricorn' 6-max Seat #1 is the button
Seat 1: Agrotait ($80.90 in chips)
Seat 6: Profitables ($93.96 in chips)
Agrotait: posts small blind $1
Profitables: posts big blind $3
*** HOLE CARDS ***
Agrotait: raises $3 to $6
Profitables: calls $3
*** FLOP *** [Td Ks Qc]
Profitables: checks
Agrotait: bets $3
Profitables: calls $3
*** TURN *** [Td Ks Qc] [Kd]
Profitables: checks
Agrotait: bets $6
Profitables: folds
Uncalled bet ($6) returned to Agrotait
Agrotait collected $17.64 from pot
Agrotait: doesn't show hand
*** SUMMARY ***
Total pot $18 | Rake $0.36
Board [Td Ks Qc Kd]
Seat 1: Agrotait (button) (small blind) collected ($17.64)
Seat 6: Profitables (big blind) folded on the Turn


PokerStars Hand #153900667693:  Hold'em Limit ($3/$6 USD) - 2016/05/27 4:04:58 ET
Table 'Capricorn' 6-max Seat #6 is the button
Seat 1: Agrotait ($66.40 in chips)
Seat 6: Profitables ($108.96 in chips)
Profitables: posts small blind $1
Agrotait: posts big blind $3
*** HOLE CARDS ***
Profitables: raises $3 to $6
Agrotait: calls $3
*** FLOP *** [8h 3s Jd]
Agrotait: checks
Profitables: bets $3
Agrotait: calls $3
*** TURN *** [8h 3s Jd] [9s]
Agrotait: checks
Profitables: checks
*** RIVER *** [8h 3s Jd 9s] [Jh]
Agrotait: bets $6
Profitables: calls $6
*** SHOW DOWN ***
Agrotait: shows [Qh 9d] (two pair, Jacks and Nines)
Profitables: mucks hand
Agrotait collected $29.50 from pot
*** SUMMARY ***
Total pot $30 | Rake $0.50
Board [8h 3s Jd 9s Jh]
Seat 1: Agrotait (big blind) showed [Qh 9d] and won ($29.50) with two pair, Jacks and Nines
Seat 6: Profitables (button) (small blind) mucked


PokerStars Hand #153900701248:  Hold'em Limit ($3/$6 USD) - 2016/05/27 4:06:48 ET
Table 'Capricorn' 6-max Seat #6 is the button
Seat 1: Agrotait ($89.06 in chips)
Seat 6: Profitables ($84.48 in chips)
Profitables: posts small blind $1
Agrotait: posts big blind $3
*** HOLE CARDS ***
Profitables: raises $3 to $6
Agrotait: calls $3
*** FLOP *** [4h Ks 7c]
Agrotait: checks
Profitables: bets $3
Agrotait: folds
Uncalled bet ($3) returned to Profitables
Profitables collected $11.76 from pot
Profitables: doesn't show hand
*** SUMMARY ***
Total pot $12 | Rake $0.24
Board [4h Ks 7c]
Seat 1: Agrotait (big blind) folded on the Flop
Seat 6: Profitables (button) (small blind) collected ($11.76)


PokerStars Hand #153900697774:  Hold'em Limit ($3/$6 USD) - 2016/05/27 4:06:37 ET
Table 'Capricorn' 6-max Seat #1 is the button
Seat 1: Agrotait ($83.30 in chips)
Seat 6: Profitables ($90.48 in chips)
Agrotait: posts small blind $1
Profitables: posts big blind $3
*** HOLE CARDS ***
Agrotait: raises $3 to $6
Profitables: calls $3
*** FLOP *** [6c 6d Ad]
Profitables: checks
Agrotait: bets $3
Profitables: folds
Uncalled bet ($3) returned to Agrotait
Agrotait collected $11.76 from pot
Agrotait: doesn't show hand
*** SUMMARY ***
Total pot $12 | Rake $0.24
Board [6c 6d Ad]
Seat 1: Agrotait (button) (small blind) collected ($11.76)
Seat 6: Profitables (big blind) folded on the Flop


PokerStars Hand #153900692375:  Hold'em Limit ($3/$6 USD) - 2016/05/27 4:06:19 ET
Table 'Capricorn' 6-max Seat #6 is the button
Seat 1: Agrotait ($89.30 in chips)
Seat 6: Profitables ($84.72 in chips)
Profitables: posts small blind $1
Agrotait: posts big blind $3
*** HOLE CARDS ***
Profitables: raises $3 to $6
Agrotait: calls $3
*** FLOP *** [Td Qh 6d]
Agrotait: checks
Profitables: bets $3
Agrotait: folds
Uncalled bet ($3) returned to Profitables
Profitables collected $11.76 from pot
Profitables: doesn't show hand
*** SUMMARY ***
Total pot $12 | Rake $0.24
Board [Td Qh 6d]
Seat 1: Agrotait (big blind) folded on the Flop
Seat 6: Profitables (button) (small blind) collected ($11.76)


PokerStars Hand #153900688973:  Hold'em Limit ($3/$6 USD) - 2016/05/27 4:06:08 ET
Table 'Capricorn' 6-max Seat #1 is the button
Seat 1: Agrotait ($83.54 in chips)
Seat 6: Profitables ($90.72 in chips)
Agrotait: posts small blind $1
Profitables: posts big blind $3
*** HOLE CARDS ***
Agrotait: raises $3 to $6
Profitables: calls $3
*** FLOP *** [7d 3c Jc]
Profitables: checks
Agrotait: bets $3
Profitables: folds
Uncalled bet ($3) returned to Agrotait
Agrotait collected $11.76 from pot
Agrotait: doesn't show hand
*** SUMMARY ***
Total pot $12 | Rake $0.24
Board [7d 3c Jc]
Seat 1: Agrotait (button) (small blind) collected ($11.76)
Seat 6: Profitables (big blind) folded on the Flop


PokerStars Hand #153900724136:  Hold'em Limit ($3/$6 USD) - 2016/05/27 4:08:02 ET
Table 'Capricorn' 6-max Seat #6 is the button
Seat 1: Agrotait ($66 in chips)
Seat 6: Profitables ($140 in chips)
Profitables: posts small blind $1
Agrotait: posts big blind $3
*** HOLE CARDS ***
Profitables: raises $3 to $6
Agrotait: folds
Uncalled bet ($3) returned to Profitables
Profitables collected $6 from pot
Profitables: doesn't show hand
*** SUMMARY ***
Total pot $6 | Rake $0
Seat 1: Agrotait (big blind) folded before Flop
Seat 6: Profitables (button) (small blind) collected ($6)


PokerStars Hand #153900718071:  Hold'em Limit ($3/$6 USD) - 2016/05/27 4:07:42 ET
Table 'Capricorn' 6-max Seat #1 is the button
Seat 1: Agrotait ($72 in chips)
Seat 6: Profitables ($134.24 in chips)
Agrotait: posts small blind $1
Profitables: posts big blind $3
*** HOLE CARDS ***
Agrotait: calls $2
Profitables: checks
*** FLOP *** [6d Ts Tc]
Profitables: checks
Agrotait: bets $3
Profitables: calls $3
*** TURN *** [6d Ts Tc] [Jc]
Profitables: checks
Agrotait: checks
*** RIVER *** [6d Ts Tc Jc] [As]
Profitables: bets $6
Agrotait: folds
Uncalled bet ($6) returned to Profitables
Profitables collected $11.76 from pot
Profitables: doesn't show hand
*** SUMMARY ***
Total pot $12 | Rake $0.24
Board [6d Ts Tc Jc As]
Seat 1: Agrotait (button) (small blind) folded on the River
Seat 6: Profitables (big blind) collected ($11.76)


PokerStars Hand #153900708399:  Hold'em Limit ($3/$6 USD) - 2016/05/27 4:07:11 ET
Table 'Capricorn' 6-max Seat #1 is the button
Seat 1: Agrotait ($83.06 in chips)
Seat 6: Profitables ($90.24 in chips)
Agrotait: posts small blind $1
Profitables: posts big blind $3
*** HOLE CARDS ***
Agrotait: raises $3 to $6
Profitables: calls $3
*** FLOP *** [3c 6s 6d]
Profitables: checks
Agrotait: bets $3
Profitables: calls $3
*** TURN *** [3c 6s 6d] [5h]
Profitables: checks
Agrotait: checks
*** RIVER *** [3c 6s 6d 5h] [Qs]
Profitables: checks
Agrotait: bets $6
Profitables: calls $6
*** SHOW DOWN ***
Agrotait: shows [Ac Ts] (a pair of Sixes)
Profitables: shows [8c 3s] (two pair, Sixes and Threes)
Profitables collected $29.50 from pot
*** SUMMARY ***
Total pot $30 | Rake $0.50
Board [3c 6s 6d 5h Qs]
Seat 1: Agrotait (button) (small blind) showed [Ac Ts] and lost with a pair of Sixes
Seat 6: Profitables (big blind) showed [8c 3s] and won ($29.50) with two pair, Sixes and Threes


PokerStars Hand #153900712612:  Hold'em Limit ($3/$6 USD) - 2016/05/27 4:07:25 ET
Table 'Capricorn' 6-max Seat #6 is the button
Seat 1: Agrotait ($68.06 in chips)
Seat 6: Profitables ($104.74 in chips)
Profitables: posts small blind $1
Agrotait: posts big blind $3
*** HOLE CARDS ***
Profitables: raises $3 to $6
Agrotait: raises $3 to $9
Profitables: calls $3
*** FLOP *** [2s Td Kc]
Agrotait: bets $3
Profitables: calls $3
*** TURN *** [2s Td Kc] [Kd]
Agrotait: bets $6
Profitables: raises $6 to $12
Agrotait: calls $6
*** RIVER *** [2s Td Kc Kd] [7d]
Agrotait: checks
Profitables: bets $6
Agrotait: calls $6
*** SHOW DOWN ***
Profitables: shows [3d 8d] (a flush, King high)
Agrotait: mucks hand
Profitables collected $59.50 from pot
*** SUMMARY ***
Total pot $60 | Rake $0.50
Board [2s Td Kc Kd 7d]
Seat 1: Agrotait (big blind) mucked
Seat 6: Profitables (button) (small blind) showed [3d 8d] and won ($59.50) with a flush, King high


PokerStars Hand #153900727772:  Hold'em Limit ($3/$6 USD) - 2016/05/27 4:08:14 ET
Table 'Capricorn' 6-max Seat #1 is the button
Seat 1: Agrotait ($63 in chips)
Seat 6: Profitables ($143 in chips)
Agrotait: posts small blind $1
Profitables: posts big blind $3
*** HOLE CARDS ***
Agrotait: raises $3 to $6
Profitables: calls $3
*** FLOP *** [5h 2c Kc]
Profitables: checks
Agrotait: bets $3
Profitables: raises $3 to $6
Agrotait: calls $3
*** TURN *** [5h 2c Kc] [3h]
Profitables: bets $6
Agrotait: calls $6
*** RIVER *** [5h 2c Kc 3h] [Qd]
Profitables: bets $6
Agrotait: raises $6 to $12
Profitables: calls $6
*** SHOW DOWN ***
Agrotait: shows [Qc 5d] (two pair, Queens and Fives)
Profitables: mucks hand
Agrotait collected $59.50 from pot
*** SUMMARY ***
Total pot $60 | Rake $0.50
Board [5h 2c Kc 3h Qd]
Seat 1: Agrotait (button) (small blind) showed [Qc 5d] and won ($59.50) with two pair, Queens and Fives
Seat 6: Profitables (big blind) mucked


PokerStars Hand #153900734876:  Hold'em Limit ($3/$6 USD) - 2016/05/27 4:08:37 ET
Table 'Capricorn' 6-max Seat #6 is the button
Seat 1: Agrotait ($92.50 in chips)
Seat 6: Profitables ($113 in chips)
Profitables: posts small blind $1
Agrotait: posts big blind $3
*** HOLE CARDS ***
Profitables said, "REALLY?"
Profitables said, "LOL"
Profitables: raises $3 to $6
Agrotait: calls $3
*** FLOP *** [3d Ac 8s]
Agrotait: checks
Profitables: bets $3
Agrotait: raises $3 to $6
Profitables: calls $3
*** TURN *** [3d Ac 8s] [4c]
Agrotait: checks
Profitables: bets $6
Agrotait: calls $6
*** RIVER *** [3d Ac 8s 4c] [6d]
Agrotait: checks
Profitables: bets $6
Agrotait: calls $6
*** SHOW DOWN ***
Profitables: shows [As 2d] (a pair of Aces)
Agrotait: mucks hand
Profitables collected $47.50 from pot
*** SUMMARY ***
Total pot $48 | Rake $0.50
Board [3d Ac 8s 4c 6d]
Seat 1: Agrotait (big blind) mucked
Seat 6: Profitables (button) (small blind) showed [As 2d] and won ($47.50) with a pair of Aces


PokerStars Hand #153900751059:  Hold'em Limit ($3/$6 USD) - 2016/05/27 4:09:29 ET
Table 'Capricorn' 6-max Seat #6 is the button
Seat 1: Agrotait ($68.25 in chips)
Seat 6: Profitables ($136.25 in chips)
Profitables: posts small blind $1
Agrotait: posts big blind $3
*** HOLE CARDS ***
Profitables: raises $3 to $6
Agrotait: raises $3 to $9
Profitables: calls $3
*** FLOP *** [3c 2s 7s]
Agrotait: bets $3
Profitables: calls $3
*** TURN *** [3c 2s 7s] [Qc]
Agrotait: bets $6
Profitables: calls $6
*** RIVER *** [3c 2s 7s Qc] [6d]
Agrotait: checks
Profitables: bets $6
Agrotait: folds
Uncalled bet ($6) returned to Profitables
Profitables collected $35.50 from pot
Profitables: doesn't show hand
*** SUMMARY ***
Total pot $36 | Rake $0.50
Board [3c 2s 7s Qc 6d]
Seat 1: Agrotait (big blind) folded on the River
Seat 6: Profitables (button) (small blind) collected ($35.50)


PokerStars Hand #153900743853:  Hold'em Limit ($3/$6 USD) - 2016/05/27 4:09:06 ET
Table 'Capricorn' 6-max Seat #1 is the button
Seat 1: Agrotait ($68.50 in chips)
Seat 6: Profitables ($136.50 in chips)
Agrotait: posts small blind $1
Profitables: posts big blind $3
*** HOLE CARDS ***
Agrotait: raises $3 to $6
Profitables: calls $3
*** FLOP *** [5s 9s 8h]
Profitables: checks
Agrotait: bets $3
Profitables: calls $3
*** TURN *** [5s 9s 8h] [9h]
Profitables: checks
Agrotait: bets $6
Profitables: calls $6
*** RIVER *** [5s 9s 8h 9h] [Kh]
Profitables: checks
Agrotait: bets $6
Profitables: calls $6
*** SHOW DOWN ***
Agrotait: shows [7s 5c] (two pair, Nines and Fives)
Profitables: shows [5d 7c] (two pair, Nines and Fives)
Profitables collected $20.75 from pot
Agrotait collected $20.75 from pot
*** SUMMARY ***
Total pot $42 | Rake $0.50
Board [5s 9s 8h 9h Kh]
Seat 1: Agrotait (button) (small blind) showed [7s 5c] and won ($20.75) with two pair, Nines and Fives
Seat 6: Profitables (big blind) showed [5d 7c] and won ($20.75) with two pair, Nines and Fives


PokerStars Hand #153900757382:  Hold'em Limit ($3/$6 USD) - 2016/05/27 4:09:50 ET
Table 'Capricorn' 6-max Seat #1 is the button
Seat 1: Agrotait ($72 in chips)
Seat 6: Profitables ($153.75 in chips)
Agrotait: posts small blind $1
Profitables: posts big blind $3
*** HOLE CARDS ***
Agrotait: raises $3 to $6
Profitables: calls $3
*** FLOP *** [5s 9h Ks]
Profitables: checks
Agrotait: bets $3
Profitables: calls $3
*** TURN *** [5s 9h Ks] [7s]
Profitables: checks
Agrotait: checks
*** RIVER *** [5s 9h Ks 7s] [Qs]
Profitables: bets $6
Agrotait: calls $6
*** SHOW DOWN ***
Profitables: shows [7h Ah] (a pair of Sevens)
Agrotait: shows [8s 5d] (a flush, King high)
Agrotait collected $29.50 from pot
*** SUMMARY ***
Total pot $30 | Rake $0.50
Board [5s 9h Ks 7s Qs]
Seat 1: Agrotait (button) (small blind) showed [8s 5d] and won ($29.50) with a flush, King high
Seat 6: Profitables (big blind) showed [7h Ah] and lost with a pair of Sevens


PokerStars Hand #153900767955:  Hold'em Limit ($3/$6 USD) - 2016/05/27 4:10:24 ET
Table 'Capricorn' 6-max Seat #1 is the button
Seat 1: Agrotait ($71.50 in chips)
Seat 6: Profitables ($153.25 in chips)
Agrotait: posts small blind $1
Profitables: posts big blind $3
*** HOLE CARDS ***
Agrotait: raises $3 to $6
Profitables: calls $3
*** FLOP *** [5s Qc 9h]
Profitables: checks
Agrotait: bets $3
Profitables: calls $3
*** TURN *** [5s Qc 9h] [Jc]
Profitables: checks
szwhite joins the table at seat #2
Agrotait: bets $6
Profitables: folds
Uncalled bet ($6) returned to Agrotait
Agrotait collected $17.64 from pot
Agrotait: doesn't show hand
*** SUMMARY ***
Total pot $18 | Rake $0.36
Board [5s Qc 9h Jc]
Seat 1: Agrotait (button) (small blind) collected ($17.64)
Seat 6: Profitables (big blind) folded on the Turn


PokerStars Hand #153900761766:  Hold'em Limit ($3/$6 USD) - 2016/05/27 4:10:04 ET
Table 'Capricorn' 6-max Seat #6 is the button
Seat 1: Agrotait ($86.50 in chips)
Seat 6: Profitables ($138.75 in chips)
Profitables: posts small blind $1
Agrotait: posts big blind $3
*** HOLE CARDS ***
Profitables: raises $3 to $6
Agrotait: calls $3
*** FLOP *** [4c 3h 6d]
Agrotait: checks
Profitables: bets $3
Agrotait: raises $3 to $6
Profitables: raises $3 to $9
Agrotait: calls $3
*** TURN *** [4c 3h 6d] [Ts]
Agrotait: checks
Profitables: checks
*** RIVER *** [4c 3h 6d Ts] [5c]
Agrotait: checks
Profitables: checks
*** SHOW DOWN ***
Agrotait: shows [Qc 3d] (a pair of Threes)
Profitables: shows [4s Qd] (a pair of Fours)
Profitables collected $29.50 from pot
*** SUMMARY ***
Total pot $30 | Rake $0.50
Board [4c 3h 6d Ts 5c]
Seat 1: Agrotait (big blind) showed [Qc 3d] and lost with a pair of Threes
Seat 6: Profitables (button) (small blind) showed [4s Qd] and won ($29.50) with a pair of Fours


PokerStars Hand #153900788274:  Hold'em Limit ($3/$6 USD) - 2016/05/27 4:11:29 ET
Table 'Capricorn' 6-max Seat #1 is the button
Seat 1: Agrotait ($109.64 in chips)
Seat 6: Profitables ($114.25 in chips)
Agrotait: posts small blind $1
Profitables said, "no way!"
szwhite has timed out
szwhite: is sitting out
Profitables: posts big blind $3
*** HOLE CARDS ***
Agrotait: raises $3 to $6
Profitables: calls $3
*** FLOP *** [2c 7s Jc]
Profitables: checks
Agrotait: checks
*** TURN *** [2c 7s Jc] [3c]
Profitables: checks
Agrotait: checks
*** RIVER *** [2c 7s Jc 3c] [5d]
Profitables: checks
Agrotait: checks
*** SHOW DOWN ***
Profitables: shows [Qd 3s] (a pair of Threes)
Agrotait: mucks hand
Profitables collected $11.76 from pot
*** SUMMARY ***
Total pot $12 | Rake $0.24
Board [2c 7s Jc 3c 5d]
Seat 1: Agrotait (button) (small blind) mucked
Seat 6: Profitables (big blind) showed [Qd 3s] and won ($11.76) with a pair of Threes


PokerStars Hand #153900780803:  Hold'em Limit ($3/$6 USD) - 2016/05/27 4:11:05 ET
Table 'Capricorn' 6-max Seat #6 is the button
Seat 1: Agrotait ($80.14 in chips)
Seat 6: Profitables ($144.25 in chips)
Profitables: posts small blind $1
Agrotait: posts big blind $3
*** HOLE CARDS ***
Profitables: raises $3 to $6
Agrotait: calls $3
*** FLOP *** [Tc Qd 8h]
Agrotait: checks
Profitables: bets $3
Agrotait: raises $3 to $6
Profitables: calls $3
*** TURN *** [Tc Qd 8h] [6c]
Agrotait: bets $6
Profitables: raises $6 to $12
Agrotait: calls $6
*** RIVER *** [Tc Qd 8h 6c] [Kh]
Agrotait: checks
Profitables: bets $6
Agrotait: calls $6
*** SHOW DOWN ***
Profitables: shows [Qh As] (a pair of Queens)
Agrotait: shows [6d Ts] (two pair, Tens and Sixes)
Agrotait collected $59.50 from pot
*** SUMMARY ***
Total pot $60 | Rake $0.50
Board [Tc Qd 8h 6c Kh]
Seat 1: Agrotait (big blind) showed [6d Ts] and won ($59.50) with two pair, Tens and Sixes
Seat 6: Profitables (button) (small blind) showed [Qh As] and lost with a pair of Queens


PokerStars Hand #153900801653:  Hold'em Limit ($3/$6 USD) - 2016/05/27 4:12:12 ET
Table 'Capricorn' 6-max Seat #6 is the button
Seat 1: Agrotait ($103.64 in chips)
Seat 6: Profitables ($120.01 in chips)
Profitables: posts small blind $1
Agrotait: posts big blind $3
*** HOLE CARDS ***
Profitables: raises $3 to $6
Agrotait: raises $3 to $9
Profitables: calls $3
*** FLOP *** [As 5c Th]
Agrotait: checks
Profitables: bets $3
Agrotait: calls $3
*** TURN *** [As 5c Th] [7h]
Agrotait: checks
Profitables: bets $6
Agrotait: calls $6
*** RIVER *** [As 5c Th 7h] [Ts]
Agrotait: checks
Profitables: checks
*** SHOW DOWN ***
Agrotait: shows [Ac 2c] (two pair, Aces and Tens)
Profitables: mucks hand
Agrotait collected $35.50 from pot
*** SUMMARY ***
Total pot $36 | Rake $0.50
Board [As 5c Th 7h Ts]
Seat 1: Agrotait (big blind) showed [Ac 2c] and won ($35.50) with two pair, Aces and Tens
Seat 6: Profitables (button) (small blind) mucked


PokerStars Hand #153900834465:  Hold'em Limit ($3/$6 USD) - 2016/05/27 4:13:56 ET
Table 'Capricorn' 6-max Seat #1 is the button
Seat 1: Agrotait ($154.40 in chips)
Seat 6: Profitables ($86.01 in chips)
Agrotait: posts small blind $1
Profitables: posts big blind $3
*** HOLE CARDS ***
Agrotait: raises $3 to $6
Profitables: calls $3
*** FLOP *** [Th 2d Kd]
szwhite is disconnected
Profitables: checks
Agrotait: bets $3
Profitables: calls $3
*** TURN *** [Th 2d Kd] [Qs]
Profitables: checks
Agrotait: checks
*** RIVER *** [Th 2d Kd Qs] [9h]
Profitables: bets $6
Agrotait: calls $6
*** SHOW DOWN ***
Profitables: shows [7s Jd] (a straight, Nine to King)
Agrotait: mucks hand
Profitables collected $29.50 from pot
*** SUMMARY ***
Total pot $30 | Rake $0.50
Board [Th 2d Kd Qs 9h]
Seat 1: Agrotait (button) (small blind) mucked
Seat 6: Profitables (big blind) showed [7s Jd] and won ($29.50) with a straight, Nine to King


PokerStars Hand #153900850641:  Hold'em Limit ($3/$6 USD) - 2016/05/27 4:14:47 ET
Table 'Capricorn' 6-max Seat #1 is the button
Seat 1: Agrotait ($112.40 in chips)
Seat 6: Profitables ($127.01 in chips)
Agrotait: posts small blind $1
Profitables: posts big blind $3
*** HOLE CARDS ***
Agrotait: folds
Uncalled bet ($2) returned to Profitables
Profitables collected $2 from pot
Profitables: doesn't show hand
*** SUMMARY ***
Total pot $2 | Rake $0
Seat 1: Agrotait (button) (small blind) folded before Flop
Seat 6: Profitables (big blind) collected ($2)


PokerStars Hand #153900841491:  Hold'em Limit ($3/$6 USD) - 2016/05/27 4:14:19 ET
Table 'Capricorn' 6-max Seat #6 is the button
Seat 1: Agrotait ($139.40 in chips)
Seat 6: Profitables ($100.51 in chips)
Profitables: posts small blind $1
Agrotait: posts big blind $3
*** HOLE CARDS ***
Profitables: raises $3 to $6
Agrotait: calls $3
*** FLOP *** [Td Jc 8c]
Agrotait: checks
Profitables: bets $3
Agrotait: raises $3 to $6
Profitables: raises $3 to $9
Agrotait: calls $3
*** TURN *** [Td Jc 8c] [7c]
Agrotait: checks
Profitables: bets $6
Agrotait: calls $6
*** RIVER *** [Td Jc 8c 7c] [9s]
Agrotait: checks
Profitables: bets $6
Agrotait: calls $6
*** SHOW DOWN ***
Profitables: shows [Kc Qc] (a flush, King high)
Agrotait: mucks hand
Profitables collected $53.50 from pot
*** SUMMARY ***
Total pot $54 | Rake $0.50
Board [Td Jc 8c 7c 9s]
Seat 1: Agrotait (big blind) mucked
Seat 6: Profitables (button) (small blind) showed [Kc Qc] and won ($53.50) with a flush, King high


PokerStars Hand #153900852203:  Hold'em Limit ($3/$6 USD) - 2016/05/27 4:14:52 ET
Table 'Capricorn' 6-max Seat #6 is the button
Seat 1: Agrotait ($111.40 in chips)
Seat 6: Profitables ($128.01 in chips)
Profitables: posts small blind $1
Agrotait: posts big blind $3
*** HOLE CARDS ***
Profitables: raises $3 to $6
Agrotait: raises $3 to $9
Profitables: calls $3
*** FLOP *** [2s 4d Qd]
Agrotait: bets $3
Profitables: raises $3 to $6
Agrotait: calls $3
*** TURN *** [2s 4d Qd] [Td]
Agrotait: checks
Profitables: checks
*** RIVER *** [2s 4d Qd Td] [6c]
Agrotait: checks
Profitables: bets $6
Agrotait: folds
Uncalled bet ($6) returned to Profitables
Profitables collected $29.50 from pot
Profitables: doesn't show hand
*** SUMMARY ***
Total pot $30 | Rake $0.50
Board [2s 4d Qd Td 6c]
Seat 1: Agrotait (big blind) folded on the River
Seat 6: Profitables (button) (small blind) collected ($29.50)


PokerStars Hand #153901006418:  Hold'em Limit ($3/$6 USD) - 2016/05/27 4:22:59 ET
Table 'Capricorn' 6-max Seat #3 is the button
Seat 2: szwhite ($81.45 in chips)
Seat 3: kdcl ($30.95 in chips)
kdcl: posts small blind $1
Agrotait: is sitting out
szwhite: posts big blind $3
*** HOLE CARDS ***
Agrotait leaves the table
kdcl: folds
Uncalled bet ($2) returned to szwhite
szwhite collected $2 from pot
szwhite: doesn't show hand
*** SUMMARY ***
Total pot $2 | Rake $0
Seat 2: szwhite (big blind) collected ($2)
Seat 3: kdcl (button) (small blind) folded before Flop


PokerStars Hand #153901027747:  Hold'em Limit ($3/$6 USD) - 2016/05/27 4:24:06 ET
Table 'Capricorn' 6-max Seat #3 is the button
Seat 2: szwhite ($53.45 in chips)
Seat 3: kdcl ($58.21 in chips)
kdcl: posts small blind $1
szwhite: posts big blind $3
*** HOLE CARDS ***
kdcl: folds
Uncalled bet ($2) returned to szwhite
szwhite collected $2 from pot
szwhite: doesn't show hand
*** SUMMARY ***
Total pot $2 | Rake $0
Seat 2: szwhite (big blind) collected ($2)
Seat 3: kdcl (button) (small blind) folded before Flop


PokerStars Hand #153901017662:  Hold'em Limit ($3/$6 USD) - 2016/05/27 4:23:34 ET
Table 'Capricorn' 6-max Seat #2 is the button
Seat 2: szwhite ($77.45 in chips)
Seat 3: kdcl ($34.71 in chips)
szwhite: posts small blind $1
kdcl: posts big blind $3
*** HOLE CARDS ***
szwhite: raises $3 to $6
kdcl: calls $3
*** FLOP *** [9d 8h Jc]
kdcl: checks
szwhite: bets $3
kdcl: raises $3 to $6
szwhite: calls $3
*** TURN *** [9d 8h Jc] [Kc]
kdcl: bets $6
szwhite: calls $6
*** RIVER *** [9d 8h Jc Kc] [2d]
kdcl: bets $6
szwhite: calls $6
*** SHOW DOWN ***
kdcl: shows [Jd Kd] (two pair, Kings and Jacks)
szwhite: mucks hand
kdcl collected $47.50 from pot
*** SUMMARY ***
Total pot $48 | Rake $0.50
Board [9d 8h Jc Kc 2d]
Seat 2: szwhite (button) (small blind) mucked
Seat 3: kdcl (big blind) showed [Jd Kd] and won ($47.50) with two pair, Kings and Jacks


PokerStars Hand #153901015778:  Hold'em Limit ($3/$6 USD) - 2016/05/27 4:23:28 ET
Table 'Capricorn' 6-max Seat #3 is the button
Seat 2: szwhite ($76.45 in chips)
Seat 3: kdcl ($35.71 in chips)
kdcl: posts small blind $1
szwhite: posts big blind $3
*** HOLE CARDS ***
kdcl: folds
Uncalled bet ($2) returned to szwhite
szwhite collected $2 from pot
*** SUMMARY ***
Total pot $2 | Rake $0
Seat 2: szwhite (big blind) collected ($2)
Seat 3: kdcl (button) (small blind) folded before Flop


PokerStars Hand #153901008436:  Hold'em Limit ($3/$6 USD) - 2016/05/27 4:23:06 ET
Table 'Capricorn' 6-max Seat #2 is the button
Seat 2: szwhite ($82.45 in chips)
Seat 3: kdcl ($29.95 in chips)
szwhite: posts small blind $1
kdcl: posts big blind $3
*** HOLE CARDS ***
szwhite: raises $3 to $6
kdcl: calls $3
*** FLOP *** [Qh Qs 6h]
kdcl: checks
szwhite: checks
*** TURN *** [Qh Qs 6h] [3c]
kdcl: checks
szwhite: checks
*** RIVER *** [Qh Qs 6h 3c] [Jh]
kdcl: bets $6
szwhite: folds
Uncalled bet ($6) returned to kdcl
kdcl collected $11.76 from pot
*** SUMMARY ***
Total pot $12 | Rake $0.24
Board [Qh Qs 6h 3c Jh]
Seat 2: szwhite (button) (small blind) folded on the River
Seat 3: kdcl (big blind) collected ($11.76)


PokerStars Hand #153901037462:  Hold'em Limit ($3/$6 USD) - 2016/05/27 4:24:36 ET
Table 'Capricorn' 6-max Seat #3 is the button
Seat 2: szwhite ($39.45 in chips)
Seat 3: kdcl ($71.71 in chips)
kdcl: posts small blind $1
szwhite: posts big blind $3
*** HOLE CARDS ***
kdcl: raises $3 to $6
szwhite: calls $3
*** FLOP *** [9c Td Jd]
szwhite: checks
kdcl: checks
*** TURN *** [9c Td Jd] [3h]
szwhite: bets $6
kdcl: calls $6
*** RIVER *** [9c Td Jd 3h] [6c]
szwhite: bets $6
kdcl: calls $6
*** SHOW DOWN ***
szwhite: shows [6s Qc] (a pair of Sixes)
kdcl: shows [Qh Ts] (a pair of Tens)
kdcl collected $35.50 from pot
*** SUMMARY ***
Total pot $36 | Rake $0.50
Board [9c Td Jd 3h 6c]
Seat 2: szwhite (big blind) showed [6s Qc] and lost with a pair of Sixes
Seat 3: kdcl (button) (small blind) showed [Qh Ts] and won ($35.50) with a pair of Tens


PokerStars Hand #153901043648:  Hold'em Limit ($3/$6 USD) - 2016/05/27 4:24:55 ET
Table 'Capricorn' 6-max Seat #2 is the button
Seat 2: szwhite ($21.45 in chips)
Seat 3: kdcl ($89.21 in chips)
szwhite: posts small blind $1
kdcl: posts big blind $3
*** HOLE CARDS ***
szwhite: folds
Uncalled bet ($2) returned to kdcl
kdcl collected $2 from pot
*** SUMMARY ***
Total pot $2 | Rake $0
Seat 2: szwhite (button) (small blind) folded before Flop
Seat 3: kdcl (big blind) collected ($2)


PokerStars Hand #153901046194:  Hold'em Limit ($3/$6 USD) - 2016/05/27 4:25:03 ET
Table 'Capricorn' 6-max Seat #3 is the button
Seat 2: szwhite ($80.45 in chips)
Seat 3: kdcl ($90.21 in chips)
kdcl: posts small blind $1
szwhite: posts big blind $3
*** HOLE CARDS ***
kdcl: folds
Uncalled bet ($2) returned to szwhite
szwhite collected $2 from pot
szwhite: doesn't show hand
*** SUMMARY ***
Total pot $2 | Rake $0
Seat 2: szwhite (big blind) collected ($2)
Seat 3: kdcl (button) (small blind) folded before Flop


PokerStars Hand #153901055748:  Hold'em Limit ($3/$6 USD) - 2016/05/27 4:25:33 ET
Table 'Capricorn' 6-max Seat #3 is the button
Seat 2: szwhite ($81.27 in chips)
Seat 3: kdcl ($89.03 in chips)
kdcl: posts small blind $1
szwhite: posts big blind $3
*** HOLE CARDS ***
kdcl: folds
Uncalled bet ($2) returned to szwhite
szwhite collected $2 from pot
szwhite: doesn't show hand
*** SUMMARY ***
Total pot $2 | Rake $0
Seat 2: szwhite (big blind) collected ($2)
Seat 3: kdcl (button) (small blind) folded before Flop


PokerStars Hand #153901048206:  Hold'em Limit ($3/$6 USD) - 2016/05/27 4:25:10 ET
Table 'Capricorn' 6-max Seat #2 is the button
Seat 2: szwhite ($81.45 in chips)
Seat 3: kdcl ($89.21 in chips)
szwhite: posts small blind $1
kdcl: posts big blind $3
*** HOLE CARDS ***
szwhite: raises $3 to $6
kdcl: calls $3
*** FLOP *** [7h Kd 6d]
kdcl: checks
szwhite: bets $3
kdcl: calls $3
*** TURN *** [7h Kd 6d] [Tc]
kdcl: checks
szwhite: checks
*** RIVER *** [7h Kd 6d Tc] [Ks]
kdcl: checks
szwhite: checks
*** SHOW DOWN ***
kdcl: shows [Ad 3h] (a pair of Kings)
szwhite: shows [2h Ac] (a pair of Kings)
kdcl collected $8.82 from pot
szwhite collected $8.82 from pot
*** SUMMARY ***
Total pot $18 | Rake $0.36
Board [7h Kd 6d Tc Ks]
Seat 2: szwhite (button) (small blind) showed [2h Ac] and won ($8.82) with a pair of Kings
Seat 3: kdcl (big blind) showed [Ad 3h] and won ($8.82) with a pair of Kings


PokerStars Hand #153901057658:  Hold'em Limit ($3/$6 USD) - 2016/05/27 4:25:39 ET
Table 'Capricorn' 6-max Seat #2 is the button
Seat 2: szwhite ($82.27 in chips)
Seat 3: kdcl ($88.03 in chips)
szwhite: posts small blind $1
kdcl: posts big blind $3
*** HOLE CARDS ***
szwhite: folds
Uncalled bet ($2) returned to kdcl
kdcl collected $2 from pot
*** SUMMARY ***
Total pot $2 | Rake $0
Seat 2: szwhite (button) (small blind) folded before Flop
Seat 3: kdcl (big blind) collected ($2)


PokerStars Hand #153901059642:  Hold'em Limit ($3/$6 USD) - 2016/05/27 4:25:45 ET
Table 'Capricorn' 6-max Seat #3 is the button
Seat 2: szwhite ($81.27 in chips)
Seat 3: kdcl ($89.03 in chips)
kdcl: posts small blind $1
szwhite: posts big blind $3
*** HOLE CARDS ***
kdcl: raises $3 to $6
szwhite: calls $3
*** FLOP *** [Kc 2s 6s]
szwhite: checks
kdcl: checks
*** TURN *** [Kc 2s 6s] [Th]
szwhite: checks
kdcl: checks
*** RIVER *** [Kc 2s 6s Th] [8d]
szwhite: checks
kdcl: checks
*** SHOW DOWN ***
szwhite: shows [7s Ad] (high card Ace)
kdcl: mucks hand
szwhite collected $11.76 from pot
*** SUMMARY ***
Total pot $12 | Rake $0.24
Board [Kc 2s 6s Th 8d]
Seat 2: szwhite (big blind) showed [7s Ad] and won ($11.76) with high card Ace
Seat 3: kdcl (button) (small blind) mucked


PokerStars Hand #153901075630:  Hold'em Limit ($3/$6 USD) - 2016/05/27 4:26:35 ET
Table 'Capricorn' 6-max Seat #3 is the button
Seat 2: szwhite ($113.53 in chips)
Seat 3: kdcl ($56.03 in chips)
kdcl: posts small blind $1
szwhite: posts big blind $3
*** HOLE CARDS ***
kdcl: raises $3 to $6
szwhite: folds
Uncalled bet ($3) returned to kdcl
kdcl collected $6 from pot
*** SUMMARY ***
Total pot $6 | Rake $0
Seat 2: szwhite (big blind) folded before Flop
Seat 3: kdcl (button) (small blind) collected ($6)


PokerStars Hand #153901067032:  Hold'em Limit ($3/$6 USD) - 2016/05/27 4:26:08 ET
Table 'Capricorn' 6-max Seat #2 is the button
Seat 2: szwhite ($87.03 in chips)
Seat 3: kdcl ($83.03 in chips)
szwhite: posts small blind $1
kdcl: posts big blind $3
*** HOLE CARDS ***
szwhite: raises $3 to $6
kdcl: calls $3
*** FLOP *** [Kh 7h Qd]
kdcl: checks
szwhite: bets $3
kdcl: raises $3 to $6
szwhite: raises $3 to $9
kdcl: calls $3
*** TURN *** [Kh 7h Qd] [7s]
kdcl: checks
szwhite: checks
*** RIVER *** [Kh 7h Qd 7s] [3h]
kdcl: bets $6
szwhite: raises $6 to $12
kdcl: calls $6
*** SHOW DOWN ***
szwhite: shows [8h Jh] (a flush, King high)
kdcl: mucks hand
szwhite collected $53.50 from pot
*** SUMMARY ***
Total pot $54 | Rake $0.50
Board [Kh 7h Qd 7s 3h]
Seat 2: szwhite (button) (small blind) showed [8h Jh] and won ($53.50) with a flush, King high
Seat 3: kdcl (big blind) mucked


PokerStars Hand #153901078148:  Hold'em Limit ($3/$6 USD) - 2016/05/27 4:26:43 ET
Table 'Capricorn' 6-max Seat #2 is the button
Seat 2: szwhite ($110.53 in chips)
Seat 3: kdcl ($59.03 in chips)
szwhite: posts small blind $1
kdcl: posts big blind $3
*** HOLE CARDS ***
szwhite: raises $3 to $6
kdcl: raises $3 to $9
szwhite: calls $3
*** FLOP *** [6c Jd 5h]
kdcl: bets $3
szwhite: calls $3
*** TURN *** [6c Jd 5h] [Kd]
kdcl: bets $6
szwhite: folds
Uncalled bet ($6) returned to kdcl
kdcl collected $23.52 from pot
*** SUMMARY ***
Total pot $24 | Rake $0.48
Board [6c Jd 5h Kd]
Seat 2: szwhite (button) (small blind) folded on the Turn
Seat 3: kdcl (big blind) collected ($23.52)


PokerStars Hand #153901090443:  Hold'em Limit ($3/$6 USD) - 2016/05/27 4:27:21 ET
Table 'Capricorn' 6-max Seat #2 is the button
Seat 2: szwhite ($86.53 in chips)
Seat 3: kdcl ($82.07 in chips)
szwhite: posts small blind $1
kdcl: posts big blind $3
*** HOLE CARDS ***
szwhite: raises $3 to $6
kdcl: calls $3
*** FLOP *** [8s Kd 3d]
kdcl: checks
szwhite: bets $3
kdcl: calls $3
*** TURN *** [8s Kd 3d] [2s]
kdcl: checks
szwhite: bets $6
kdcl: raises $6 to $12
szwhite: calls $6
*** RIVER *** [8s Kd 3d 2s] [Qs]
kdcl: bets $6
szwhite: folds
Uncalled bet ($6) returned to kdcl
kdcl collected $41.50 from pot
*** SUMMARY ***
Total pot $42 | Rake $0.50
Board [8s Kd 3d 2s Qs]
Seat 2: szwhite (button) (small blind) folded on the River
Seat 3: kdcl (big blind) collected ($41.50)


PokerStars Hand #153901083493:  Hold'em Limit ($3/$6 USD) - 2016/05/27 4:26:59 ET
Table 'Capricorn' 6-max Seat #3 is the button
Seat 2: szwhite ($98.53 in chips)
Seat 3: kdcl ($70.55 in chips)
kdcl: posts small blind $1
szwhite: posts big blind $3
*** HOLE CARDS ***
kdcl: raises $3 to $6
szwhite: raises $3 to $9
kdcl: calls $3
*** FLOP *** [2s 4c Jh]
szwhite: bets $3
kdcl: calls $3
*** TURN *** [2s 4c Jh] [Jd]
szwhite: checks
kdcl: checks
*** RIVER *** [2s 4c Jh Jd] [5s]
szwhite: checks
kdcl: checks
*** SHOW DOWN ***
szwhite: shows [Ts Kd] (a pair of Jacks)
kdcl: shows [Ad 6h] (a pair of Jacks - Ace kicker)
kdcl collected $23.52 from pot
*** SUMMARY ***
Total pot $24 | Rake $0.48
Board [2s 4c Jh Jd 5s]
Seat 2: szwhite (big blind) showed [Ts Kd] and lost with a pair of Jacks
Seat 3: kdcl (button) (small blind) showed [Ad 6h] and won ($23.52) with a pair of Jacks


PokerStars Hand #153901098247:  Hold'em Limit ($3/$6 USD) - 2016/05/27 4:27:45 ET
Table 'Capricorn' 6-max Seat #3 is the button
Seat 2: szwhite ($65.53 in chips)
Seat 3: kdcl ($102.57 in chips)
kdcl: posts small blind $1
szwhite: posts big blind $3
*** HOLE CARDS ***
kdcl: folds
Uncalled bet ($2) returned to szwhite
szwhite collected $2 from pot
*** SUMMARY ***
Total pot $2 | Rake $0
Seat 2: szwhite (big blind) collected ($2)
Seat 3: kdcl (button) (small blind) folded before Flop


PokerStars Hand #153901100078:  Hold'em Limit ($3/$6 USD) - 2016/05/27 4:27:51 ET
Table 'Capricorn' 6-max Seat #2 is the button
Seat 2: szwhite ($66.53 in chips)
Seat 3: kdcl ($101.57 in chips)
szwhite: posts small blind $1
kdcl: posts big blind $3
*** HOLE CARDS ***
szwhite: raises $3 to $6
kdcl: calls $3
*** FLOP *** [Kc 2h Ad]
kdcl: checks
szwhite: bets $3
kdcl: raises $3 to $6
szwhite: calls $3
*** TURN *** [Kc 2h Ad] [Td]
kdcl: bets $6
szwhite: calls $6
*** RIVER *** [Kc 2h Ad Td] [Ks]
kdcl: bets $6
szwhite: folds
Uncalled bet ($6) returned to kdcl
kdcl collected $35.50 from pot
*** SUMMARY ***
Total pot $36 | Rake $0.50
Board [Kc 2h Ad Td Ks]
Seat 2: szwhite (button) (small blind) folded on the River
Seat 3: kdcl (big blind) collected ($35.50)


PokerStars Hand #153901107848:  Hold'em Limit ($3/$6 USD) - 2016/05/27 4:28:15 ET
Table 'Capricorn' 6-max Seat #3 is the button
Seat 2: szwhite ($48.53 in chips)
Seat 3: kdcl ($119.07 in chips)
kdcl: posts small blind $1
szwhite: posts big blind $3
*** HOLE CARDS ***
kdcl: folds
Uncalled bet ($2) returned to szwhite
szwhite collected $2 from pot
szwhite: doesn't show hand
*** SUMMARY ***
Total pot $2 | Rake $0
Seat 2: szwhite (big blind) collected ($2)
Seat 3: kdcl (button) (small blind) folded before Flop


PokerStars Hand #153901109709:  Hold'em Limit ($3/$6 USD) - 2016/05/27 4:28:21 ET
Table 'Capricorn' 6-max Seat #2 is the button
Seat 2: szwhite ($49.53 in chips)
Seat 3: kdcl ($118.07 in chips)
szwhite: posts small blind $1
kdcl: posts big blind $3
*** HOLE CARDS ***
szwhite: raises $3 to $6
kdcl: calls $3
*** FLOP *** [8s 5h Ad]
kdcl: checks
szwhite: bets $3
kdcl: calls $3
*** TURN *** [8s 5h Ad] [5d]
kdcl: checks
szwhite: checks
*** RIVER *** [8s 5h Ad 5d] [Td]
kdcl: bets $6
szwhite: calls $6
*** SHOW DOWN ***
kdcl: shows [Ac 5c] (a full house, Fives full of Aces)
szwhite: mucks hand
kdcl collected $29.50 from pot
*** SUMMARY ***
Total pot $30 | Rake $0.50
Board [8s 5h Ad 5d Td]
Seat 2: szwhite (button) (small blind) mucked
Seat 3: kdcl (big blind) showed [Ac 5c] and won ($29.50) with a full house, Fives full of Aces


PokerStars Hand #153901116870:  Hold'em Limit ($3/$6 USD) - 2016/05/27 4:28:43 ET
Table 'Capricorn' 6-max Seat #3 is the button
Seat 2: szwhite ($34.53 in chips)
Seat 3: kdcl ($132.57 in chips)
kdcl: posts small blind $1
szwhite: posts big blind $3
*** HOLE CARDS ***
kdcl: calls $2
szwhite: raises $3 to $6
kdcl: calls $3
*** FLOP *** [5d 7d 4s]
szwhite: bets $3
kdcl: calls $3
*** TURN *** [5d 7d 4s] [5c]
szwhite: checks
kdcl: checks
*** RIVER *** [5d 7d 4s 5c] [8c]
szwhite: checks
kdcl: checks
*** SHOW DOWN ***
szwhite: shows [Qs Th] (a pair of Fives)
kdcl: shows [4d Kc] (two pair, Fives and Fours)
kdcl collected $17.64 from pot
*** SUMMARY ***
Total pot $18 | Rake $0.36
Board [5d 7d 4s 5c 8c]
Seat 2: szwhite (big blind) showed [Qs Th] and lost with a pair of Fives
Seat 3: kdcl (button) (small blind) showed [4d Kc] and won ($17.64) with two pair, Fives and Fours


PokerStars Hand #153901124754:  Hold'em Limit ($3/$6 USD) - 2016/05/27 4:29:07 ET
Table 'Capricorn' 6-max Seat #2 is the button
Seat 2: szwhite ($85.53 in chips)
Seat 3: kdcl ($141.21 in chips)
szwhite: posts small blind $1
kdcl: posts big blind $3
*** HOLE CARDS ***
szwhite: raises $3 to $6
kdcl: calls $3
*** FLOP *** [4s 6c 8d]
kdcl: checks
szwhite: bets $3
kdcl: folds
Uncalled bet ($3) returned to szwhite
szwhite collected $11.76 from pot
szwhite: doesn't show hand
*** SUMMARY ***
Total pot $12 | Rake $0.24
Board [4s 6c 8d]
Seat 2: szwhite (button) (small blind) collected ($11.76)
Seat 3: kdcl (big blind) folded on the Flop


PokerStars Hand #153901129025:  Hold'em Limit ($3/$6 USD) - 2016/05/27 4:29:20 ET
Table 'Capricorn' 6-max Seat #3 is the button
Seat 2: szwhite ($91.29 in chips)
Seat 3: kdcl ($135.21 in chips)
kdcl: posts small blind $1
szwhite: posts big blind $3
*** HOLE CARDS ***
kdcl: folds
Uncalled bet ($2) returned to szwhite
szwhite collected $2 from pot
szwhite: doesn't show hand
*** SUMMARY ***
Total pot $2 | Rake $0
Seat 2: szwhite (big blind) collected ($2)
Seat 3: kdcl (button) (small blind) folded before Flop


PokerStars Hand #153901137060:  Hold'em Limit ($3/$6 USD) - 2016/05/27 4:29:45 ET
Table 'Capricorn' 6-max Seat #2 is the button
Seat 2: szwhite ($99.05 in chips)
Seat 3: kdcl ($127.21 in chips)
szwhite: posts small blind $1
kdcl: posts big blind $3
*** HOLE CARDS ***
szwhite: raises $3 to $6
kdcl: calls $3
*** FLOP *** [Ts 6s 2h]
kdcl: checks
szwhite: checks
*** TURN *** [Ts 6s 2h] [Jh]
kdcl: bets $6
szwhite: folds
Uncalled bet ($6) returned to kdcl
kdcl collected $11.76 from pot
*** SUMMARY ***
Total pot $12 | Rake $0.24
Board [Ts 6s 2h Jh]
Seat 2: szwhite (button) (small blind) folded on the Turn
Seat 3: kdcl (big blind) collected ($11.76)


PokerStars Hand #153901141963:  Hold'em Limit ($3/$6 USD) - 2016/05/27 4:30:00 ET
Table 'Capricorn' 6-max Seat #3 is the button
Seat 2: szwhite ($93.05 in chips)
Seat 3: kdcl ($132.97 in chips)
kdcl: posts small blind $1
szwhite: posts big blind $3
*** HOLE CARDS ***
kdcl: folds
Uncalled bet ($2) returned to szwhite
szwhite collected $2 from pot
*** SUMMARY ***
Total pot $2 | Rake $0
Seat 2: szwhite (big blind) collected ($2)
Seat 3: kdcl (button) (small blind) folded before Flop


PokerStars Hand #153901130920:  Hold'em Limit ($3/$6 USD) - 2016/05/27 4:29:26 ET
Table 'Capricorn' 6-max Seat #2 is the button
Seat 2: szwhite ($92.29 in chips)
Seat 3: kdcl ($134.21 in chips)
szwhite: posts small blind $1
kdcl: posts big blind $3
*** HOLE CARDS ***
szwhite: raises $3 to $6
kdcl: calls $3
*** FLOP *** [3h Ad 2s]
kdcl: checks
szwhite: bets $3
kdcl: folds
Uncalled bet ($3) returned to szwhite
szwhite collected $11.76 from pot
szwhite: doesn't show hand
*** SUMMARY ***
Total pot $12 | Rake $0.24
Board [3h Ad 2s]
Seat 2: szwhite (button) (small blind) collected ($11.76)
Seat 3: kdcl (big blind) folded on the Flop


PokerStars Hand #153901135194:  Hold'em Limit ($3/$6 USD) - 2016/05/27 4:29:40 ET
Table 'Capricorn' 6-max Seat #3 is the button
Seat 2: szwhite ($98.05 in chips)
Seat 3: kdcl ($128.21 in chips)
kdcl: posts small blind $1
szwhite: posts big blind $3
*** HOLE CARDS ***
kdcl: folds
Uncalled bet ($2) returned to szwhite
szwhite collected $2 from pot
szwhite: doesn't show hand
*** SUMMARY ***
Total pot $2 | Rake $0
Seat 2: szwhite (big blind) collected ($2)
Seat 3: kdcl (button) (small blind) folded before Flop


PokerStars Hand #153901144149:  Hold'em Limit ($3/$6 USD) - 2016/05/27 4:30:07 ET
Table 'Capricorn' 6-max Seat #2 is the button
Seat 2: szwhite ($94.05 in chips)
Seat 3: kdcl ($131.97 in chips)
szwhite: posts small blind $1
kdcl: posts big blind $3
*** HOLE CARDS ***
szwhite: raises $3 to $6
kdcl: calls $3
*** FLOP *** [9s 9d Qs]
kdcl: checks
szwhite: checks
*** TURN *** [9s 9d Qs] [8s]
kdcl: bets $6
szwhite: folds
Uncalled bet ($6) returned to kdcl
kdcl collected $11.76 from pot
*** SUMMARY ***
Total pot $12 | Rake $0.24
Board [9s 9d Qs 8s]
Seat 2: szwhite (button) (small blind) folded on the Turn
Seat 3: kdcl (big blind) collected ($11.76)


PokerStars Hand #153901157671:  Hold'em Limit ($3/$6 USD) - 2016/05/27 4:30:48 ET
Table 'Capricorn' 6-max Seat #3 is the button
Seat 2: szwhite ($93.93 in chips)
Seat 3: kdcl ($131.73 in chips)
kdcl: posts small blind $1
szwhite: posts big blind $3
*** HOLE CARDS ***
kdcl: folds
Uncalled bet ($2) returned to szwhite
szwhite collected $2 from pot
szwhite: doesn't show hand
*** SUMMARY ***
Total pot $2 | Rake $0
Seat 2: szwhite (big blind) collected ($2)
Seat 3: kdcl (button) (small blind) folded before Flop


PokerStars Hand #153901155182:  Hold'em Limit ($3/$6 USD) - 2016/05/27 4:30:41 ET
Table 'Capricorn' 6-max Seat #2 is the button
Seat 2: szwhite ($90.93 in chips)
Seat 3: kdcl ($134.73 in chips)
szwhite: posts small blind $1
kdcl: posts big blind $3
*** HOLE CARDS ***
szwhite: raises $3 to $6
kdcl: folds
Uncalled bet ($3) returned to szwhite
szwhite collected $6 from pot
*** SUMMARY ***
Total pot $6 | Rake $0
Seat 2: szwhite (button) (small blind) collected ($6)
Seat 3: kdcl (big blind) folded before Flop


PokerStars Hand #153901148708:  Hold'em Limit ($3/$6 USD) - 2016/05/27 4:30:21 ET
Table 'Capricorn' 6-max Seat #3 is the button
Seat 2: szwhite ($88.05 in chips)
Seat 3: kdcl ($137.73 in chips)
kdcl: posts small blind $1
szwhite: posts big blind $3
*** HOLE CARDS ***
kdcl: calls $2
szwhite: checks
*** FLOP *** [Ts 3h 3d]
szwhite: checks
kdcl: checks
*** TURN *** [Ts 3h 3d] [5c]
szwhite: checks
kdcl: checks
*** RIVER *** [Ts 3h 3d 5c] [4s]
szwhite: bets $6
kdcl: folds
Uncalled bet ($6) returned to szwhite
szwhite collected $5.88 from pot
szwhite: doesn't show hand
*** SUMMARY ***
Total pot $6 | Rake $0.12
Board [Ts 3h 3d 5c 4s]
Seat 2: szwhite (big blind) collected ($5.88)
Seat 3: kdcl (button) (small blind) folded on the River


PokerStars Hand #153901159631:  Hold'em Limit ($3/$6 USD) - 2016/05/27 4:30:54 ET
Table 'Capricorn' 6-max Seat #2 is the button
Seat 2: szwhite ($94.93 in chips)
Seat 3: kdcl ($130.73 in chips)
szwhite: posts small blind $1
kdcl: posts big blind $3
*** HOLE CARDS ***
szwhite: raises $3 to $6
kdcl: calls $3
*** FLOP *** [3s 7c 9d]
kdcl: checks
szwhite: bets $3
kdcl: folds
Uncalled bet ($3) returned to szwhite
szwhite collected $11.76 from pot
szwhite: doesn't show hand
*** SUMMARY ***
Total pot $12 | Rake $0.24
Board [3s 7c 9d]
Seat 2: szwhite (button) (small blind) collected ($11.76)
Seat 3: kdcl (big blind) folded on the Flop


PokerStars Hand #153901163914:  Hold'em Limit ($3/$6 USD) - 2016/05/27 4:31:07 ET
Table 'Capricorn' 6-max Seat #3 is the button
Seat 2: szwhite ($100.69 in chips)
Seat 3: kdcl ($124.73 in chips)
kdcl: posts small blind $1
szwhite: posts big blind $3
*** HOLE CARDS ***
kdcl: raises $3 to $6
szwhite: folds
Uncalled bet ($3) returned to kdcl
kdcl collected $6 from pot
*** SUMMARY ***
Total pot $6 | Rake $0
Seat 2: szwhite (big blind) folded before Flop
Seat 3: kdcl (button) (small blind) collected ($6)


PokerStars Hand #153901176337:  Hold'em Limit ($3/$6 USD) - 2016/05/27 4:31:45 ET
Table 'Capricorn' 6-max Seat #2 is the button
Seat 2: szwhite ($79.69 in chips)
Seat 3: kdcl ($145.23 in chips)
szwhite: posts small blind $1
kdcl: posts big blind $3
*** HOLE CARDS ***
szwhite: folds
Uncalled bet ($2) returned to kdcl
kdcl collected $2 from pot
*** SUMMARY ***
Total pot $2 | Rake $0
Seat 2: szwhite (button) (small blind) folded before Flop
Seat 3: kdcl (big blind) collected ($2)


PokerStars Hand #153901173984:  Hold'em Limit ($3/$6 USD) - 2016/05/27 4:31:38 ET
Table 'Capricorn' 6-max Seat #3 is the button
Seat 2: szwhite ($82.69 in chips)
Seat 3: kdcl ($142.23 in chips)
kdcl: posts small blind $1
szwhite: posts big blind $3
*** HOLE CARDS ***
kdcl: raises $3 to $6
szwhite: folds
Uncalled bet ($3) returned to kdcl
kdcl collected $6 from pot
*** SUMMARY ***
Total pot $6 | Rake $0
Seat 2: szwhite (big blind) folded before Flop
Seat 3: kdcl (button) (small blind) collected ($6)


PokerStars Hand #153901185590:  Hold'em Limit ($3/$6 USD) - 2016/05/27 4:32:13 ET
Table 'Capricorn' 6-max Seat #3 is the button
Seat 2: szwhite ($81.45 in chips)
Seat 3: kdcl ($143.23 in chips)
kdcl: posts small blind $1
szwhite: posts big blind $3
*** HOLE CARDS ***
kdcl: folds
Uncalled bet ($2) returned to szwhite
szwhite collected $2 from pot
szwhite: doesn't show hand
*** SUMMARY ***
Total pot $2 | Rake $0
Seat 2: szwhite (big blind) collected ($2)
Seat 3: kdcl (button) (small blind) folded before Flop


PokerStars Hand #153901180896:  Hold'em Limit ($3/$6 USD) - 2016/05/27 4:31:59 ET
Table 'Capricorn' 6-max Seat #2 is the button
Seat 2: szwhite ($75.69 in chips)
Seat 3: kdcl ($149.23 in chips)
szwhite: posts small blind $1
kdcl: posts big blind $3
*** HOLE CARDS ***
szwhite: raises $3 to $6
kdcl: calls $3
*** FLOP *** [5c Kd 4h]
kdcl: checks
szwhite: bets $3
kdcl: folds
Uncalled bet ($3) returned to szwhite
szwhite collected $11.76 from pot
szwhite: doesn't show hand
*** SUMMARY ***
Total pot $12 | Rake $0.24
Board [5c Kd 4h]
Seat 2: szwhite (button) (small blind) collected ($11.76)
Seat 3: kdcl (big blind) folded on the Flop


PokerStars Hand #153901178174:  Hold'em Limit ($3/$6 USD) - 2016/05/27 4:31:51 ET
Table 'Capricorn' 6-max Seat #3 is the button
Seat 2: szwhite ($78.69 in chips)
Seat 3: kdcl ($146.23 in chips)
kdcl: posts small blind $1
szwhite: posts big blind $3
*** HOLE CARDS ***
kdcl: raises $3 to $6
szwhite: folds
Uncalled bet ($3) returned to kdcl
kdcl collected $6 from pot
*** SUMMARY ***
Total pot $6 | Rake $0
Seat 2: szwhite (big blind) folded before Flop
Seat 3: kdcl (button) (small blind) collected ($6)


PokerStars Hand #153901166436:  Hold'em Limit ($3/$6 USD) - 2016/05/27 4:31:15 ET
Table 'Capricorn' 6-max Seat #2 is the button
Seat 2: szwhite ($97.69 in chips)
Seat 3: kdcl ($127.73 in chips)
szwhite: posts small blind $1
kdcl: posts big blind $3
*** HOLE CARDS ***
szwhite: raises $3 to $6
kdcl: calls $3
*** FLOP *** [7c 7h 5s]
kdcl: checks
szwhite: bets $3
kdcl: calls $3
*** TURN *** [7c 7h 5s] [Jc]
kdcl: checks
szwhite: checks
*** RIVER *** [7c 7h 5s Jc] [8d]
kdcl: bets $6
szwhite: calls $6
*** SHOW DOWN ***
kdcl: shows [8s 5c] (two pair, Eights and Sevens)
szwhite: mucks hand
kdcl collected $29.50 from pot
*** SUMMARY ***
Total pot $30 | Rake $0.50
Board [7c 7h 5s Jc 8d]
Seat 2: szwhite (button) (small blind) mucked
Seat 3: kdcl (big blind) showed [8s 5c] and won ($29.50) with two pair, Eights and Sevens


PokerStars Hand #153901187367:  Hold'em Limit ($3/$6 USD) - 2016/05/27 4:32:19 ET
Table 'Capricorn' 6-max Seat #2 is the button
Seat 2: szwhite ($82.45 in chips)
Seat 3: kdcl ($142.23 in chips)
szwhite: posts small blind $1
kdcl: posts big blind $3
*** HOLE CARDS ***
szwhite: raises $3 to $6
kdcl: calls $3
*** FLOP *** [6h 3c 9c]
kdcl: checks
szwhite: bets $3
kdcl: calls $3
*** TURN *** [6h 3c 9c] [5c]
kdcl: checks
szwhite: checks
*** RIVER *** [6h 3c 9c 5c] [4d]
kdcl: bets $6
szwhite: calls $6
*** SHOW DOWN ***
kdcl: shows [Td 8d] (high card Ten)
szwhite: shows [Ad 2h] (a straight, Deuce to Six)
szwhite collected $29.50 from pot
*** SUMMARY ***
Total pot $30 | Rake $0.50
Board [6h 3c 9c 5c 4d]
Seat 2: szwhite (button) (small blind) showed [Ad 2h] and won ($29.50) with a straight, Deuce to Six
Seat 3: kdcl (big blind) showed [Td 8d] and lost with high card Ten


PokerStars Hand #153901203460:  Hold'em Limit ($3/$6 USD) - 2016/05/27 4:33:08 ET
Table 'Capricorn' 6-max Seat #3 is the button
Seat 2: szwhite ($80.95 in chips)
Seat 3: kdcl ($142.73 in chips)
kdcl: posts small blind $1
szwhite: posts big blind $3
*** HOLE CARDS ***
kdcl: raises $3 to $6
szwhite: folds
Uncalled bet ($3) returned to kdcl
kdcl collected $6 from pot
*** SUMMARY ***
Total pot $6 | Rake $0
Seat 2: szwhite (big blind) folded before Flop
Seat 3: kdcl (button) (small blind) collected ($6)


PokerStars Hand #153901201381:  Hold'em Limit ($3/$6 USD) - 2016/05/27 4:33:01 ET
Table 'Capricorn' 6-max Seat #2 is the button
Seat 2: szwhite ($81.95 in chips)
Seat 3: kdcl ($141.73 in chips)
szwhite: posts small blind $1
kdcl: posts big blind $3
*** HOLE CARDS ***
szwhite: folds
Uncalled bet ($2) returned to kdcl
kdcl collected $2 from pot
*** SUMMARY ***
Total pot $2 | Rake $0
Seat 2: szwhite (button) (small blind) folded before Flop
Seat 3: kdcl (big blind) collected ($2)


PokerStars Hand #153901194520:  Hold'em Limit ($3/$6 USD) - 2016/05/27 4:32:41 ET
Table 'Capricorn' 6-max Seat #3 is the button
Seat 2: szwhite ($96.95 in chips)
Seat 3: kdcl ($127.23 in chips)
kdcl: posts small blind $1
szwhite: posts big blind $3
*** HOLE CARDS ***
kdcl: raises $3 to $6
szwhite: calls $3
*** FLOP *** [Kc Ac Kh]
szwhite: bets $3
kdcl: calls $3
*** TURN *** [Kc Ac Kh] [Th]
szwhite: checks
kdcl: checks
*** RIVER *** [Kc Ac Kh Th] [4d]
szwhite: checks
kdcl: bets $6
szwhite: calls $6
*** SHOW DOWN ***
kdcl: shows [4s 4c] (a full house, Fours full of Kings)
szwhite: mucks hand
kdcl collected $29.50 from pot
*** SUMMARY ***
Total pot $30 | Rake $0.50
Board [Kc Ac Kh Th 4d]
Seat 2: szwhite (big blind) mucked
Seat 3: kdcl (button) (small blind) showed [4s 4c] and won ($29.50) with a full house, Fours full of Kings


PokerStars Hand #153901205865:  Hold'em Limit ($3/$6 USD) - 2016/05/27 4:33:15 ET
Table 'Capricorn' 6-max Seat #2 is the button
Seat 2: szwhite ($77.95 in chips)
Seat 3: kdcl ($145.73 in chips)
szwhite: posts small blind $1
kdcl: posts big blind $3
*** HOLE CARDS ***
szwhite: raises $3 to $6
kdcl: folds
Uncalled bet ($3) returned to szwhite
szwhite collected $6 from pot
szwhite: doesn't show hand
*** SUMMARY ***
Total pot $6 | Rake $0
Seat 2: szwhite (button) (small blind) collected ($6)
Seat 3: kdcl (big blind) folded before Flop


PokerStars Hand #153901218714:  Hold'em Limit ($3/$6 USD) - 2016/05/27 4:33:55 ET
Table 'Capricorn' 6-max Seat #3 is the button
Seat 2: szwhite ($87.71 in chips)
Seat 3: kdcl ($135.73 in chips)
kdcl: posts small blind $1
szwhite: posts big blind $3
*** HOLE CARDS ***
kdcl: raises $3 to $6
szwhite: calls $3
*** FLOP *** [Ah 3d 4s]
szwhite: checks
kdcl: checks
*** TURN *** [Ah 3d 4s] [Jd]
szwhite: checks
kdcl: bets $6
szwhite: calls $6
*** RIVER *** [Ah 3d 4s Jd] [Qs]
szwhite: checks
kdcl: bets $6
szwhite: folds
Uncalled bet ($6) returned to kdcl
kdcl collected $23.52 from pot
*** SUMMARY ***
Total pot $24 | Rake $0.48
Board [Ah 3d 4s Jd Qs]
Seat 2: szwhite (big blind) folded on the River
Seat 3: kdcl (button) (small blind) collected ($23.52)


PokerStars Hand #153901212314:  Hold'em Limit ($3/$6 USD) - 2016/05/27 4:33:35 ET
Table 'Capricorn' 6-max Seat #3 is the button
Seat 2: szwhite ($80.95 in chips)
Seat 3: kdcl ($142.73 in chips)
kdcl: posts small blind $1
szwhite: posts big blind $3
*** HOLE CARDS ***
kdcl: folds
Uncalled bet ($2) returned to szwhite
szwhite collected $2 from pot
*** SUMMARY ***
Total pot $2 | Rake $0
Seat 2: szwhite (big blind) collected ($2)
Seat 3: kdcl (button) (small blind) folded before Flop


PokerStars Hand #153901214312:  Hold'em Limit ($3/$6 USD) - 2016/05/27 4:33:41 ET
Table 'Capricorn' 6-max Seat #2 is the button
Seat 2: szwhite ($81.95 in chips)
Seat 3: kdcl ($141.73 in chips)
szwhite: posts small blind $1
kdcl: posts big blind $3
*** HOLE CARDS ***
szwhite: raises $3 to $6
kdcl: calls $3
*** FLOP *** [2c Jd Td]
kdcl: checks
szwhite: bets $3
kdcl: folds
Uncalled bet ($3) returned to szwhite
szwhite collected $11.76 from pot
szwhite: doesn't show hand
*** SUMMARY ***
Total pot $12 | Rake $0.24
Board [2c Jd Td]
Seat 2: szwhite (button) (small blind) collected ($11.76)
Seat 3: kdcl (big blind) folded on the Flop


PokerStars Hand #153901210472:  Hold'em Limit ($3/$6 USD) - 2016/05/27 4:33:29 ET
Table 'Capricorn' 6-max Seat #2 is the button
Seat 2: szwhite ($81.95 in chips)
Seat 3: kdcl ($141.73 in chips)
szwhite: posts small blind $1
kdcl: posts big blind $3
*** HOLE CARDS ***
szwhite: folds
Uncalled bet ($2) returned to kdcl
kdcl collected $2 from pot
*** SUMMARY ***
Total pot $2 | Rake $0
Seat 2: szwhite (button) (small blind) folded before Flop
Seat 3: kdcl (big blind) collected ($2)


PokerStars Hand #153901239204:  Hold'em Limit ($3/$6 USD) - 2016/05/27 4:34:58 ET
Table 'Capricorn' 6-max Seat #2 is the button
Seat 2: szwhite ($85.23 in chips)
Seat 3: kdcl ($137.25 in chips)
szwhite: posts small blind $1
kdcl: posts big blind $3
*** HOLE CARDS ***
szwhite: raises $3 to $6
kdcl: calls $3
*** FLOP *** [Jh 2s Kc]
kdcl: checks
szwhite: checks
*** TURN *** [Jh 2s Kc] [2d]
kdcl: checks
szwhite: checks
*** RIVER *** [Jh 2s Kc 2d] [4d]
kdcl: checks
szwhite: bets $6
kdcl: folds
Uncalled bet ($6) returned to szwhite
szwhite collected $11.76 from pot
szwhite: doesn't show hand
*** SUMMARY ***
Total pot $12 | Rake $0.24
Board [Jh 2s Kc 2d 4d]
Seat 2: szwhite (button) (small blind) collected ($11.76)
Seat 3: kdcl (big blind) folded on the River


PokerStars Hand #153901233167:  Hold'em Limit ($3/$6 USD) - 2016/05/27 4:34:39 ET
Table 'Capricorn' 6-max Seat #2 is the button
Seat 2: szwhite ($78.47 in chips)
Seat 3: kdcl ($144.25 in chips)
szwhite: posts small blind $1
kdcl: posts big blind $3
*** HOLE CARDS ***
szwhite: raises $3 to $6
kdcl: calls $3
*** FLOP *** [2d 6d 5c]
kdcl: checks
szwhite: bets $3
kdcl: folds
Uncalled bet ($3) returned to szwhite
szwhite collected $11.76 from pot
szwhite: doesn't show hand
*** SUMMARY ***
Total pot $12 | Rake $0.24
Board [2d 6d 5c]
Seat 2: szwhite (button) (small blind) collected ($11.76)
Seat 3: kdcl (big blind) folded on the Flop


PokerStars Hand #153901230674:  Hold'em Limit ($3/$6 USD) - 2016/05/27 4:34:32 ET
Table 'Capricorn' 6-max Seat #3 is the button
Seat 2: szwhite ($81.47 in chips)
Seat 3: kdcl ($141.25 in chips)
kdcl: posts small blind $1
szwhite: posts big blind $3
*** HOLE CARDS ***
kdcl: raises $3 to $6
szwhite: folds
Uncalled bet ($3) returned to kdcl
kdcl collected $6 from pot
*** SUMMARY ***
Total pot $6 | Rake $0
Seat 2: szwhite (big blind) folded before Flop
Seat 3: kdcl (button) (small blind) collected ($6)


PokerStars Hand #153901226021:  Hold'em Limit ($3/$6 USD) - 2016/05/27 4:34:17 ET
Table 'Capricorn' 6-max Seat #2 is the button
Seat 2: szwhite ($75.71 in chips)
Seat 3: kdcl ($147.25 in chips)
szwhite: posts small blind $1
kdcl: posts big blind $3
*** HOLE CARDS ***
szwhite: raises $3 to $6
kdcl: calls $3
*** FLOP *** [Kc 2c 7d]
kdcl: checks
szwhite: bets $3
kdcl: folds
Uncalled bet ($3) returned to szwhite
szwhite collected $11.76 from pot
szwhite: doesn't show hand
*** SUMMARY ***
Total pot $12 | Rake $0.24
Board [Kc 2c 7d]
Seat 2: szwhite (button) (small blind) collected ($11.76)
Seat 3: kdcl (big blind) folded on the Flop


PokerStars Hand #153901248624:  Hold'em Limit ($3/$6 USD) - 2016/05/27 4:35:27 ET
Table 'Capricorn' 6-max Seat #2 is the button
Seat 2: szwhite ($91.99 in chips)
Seat 3: kdcl ($130.25 in chips)
szwhite: posts small blind $1
kdcl: posts big blind $3
*** HOLE CARDS ***
szwhite: raises $3 to $6
kdcl: calls $3
*** FLOP *** [3d 6s 3c]
kdcl: checks
szwhite: bets $3
kdcl: calls $3
*** TURN *** [3d 6s 3c] [5d]
kdcl: checks
szwhite: bets $6
kdcl: folds
Uncalled bet ($6) returned to szwhite
szwhite collected $17.64 from pot
szwhite: doesn't show hand
*** SUMMARY ***
Total pot $18 | Rake $0.36
Board [3d 6s 3c 5d]
Seat 2: szwhite (button) (small blind) collected ($17.64)
Seat 3: kdcl (big blind) folded on the Turn


PokerStars Hand #153901257453:  Hold'em Limit ($3/$6 USD) - 2016/05/27 4:35:53 ET
Table 'Capricorn' 6-max Seat #2 is the button
Seat 2: szwhite ($97.63 in chips)
Seat 3: kdcl ($124.25 in chips)
szwhite: posts small blind $1
kdcl: posts big blind $3
*** HOLE CARDS ***
szwhite: raises $3 to $6
kdcl: calls $3
*** FLOP *** [8h 9d 8c]
kdcl: checks
szwhite: checks
*** TURN *** [8h 9d 8c] [Qh]
kdcl: bets $6
szwhite: folds
Uncalled bet ($6) returned to kdcl
kdcl collected $11.76 from pot
*** SUMMARY ***
Total pot $12 | Rake $0.24
Board [8h 9d 8c Qh]
Seat 2: szwhite (button) (small blind) folded on the Turn
Seat 3: kdcl (big blind) collected ($11.76)


PokerStars Hand #153901254848:  Hold'em Limit ($3/$6 USD) - 2016/05/27 4:35:45 ET
Table 'Capricorn' 6-max Seat #3 is the button
Seat 2: szwhite ($100.63 in chips)
Seat 3: kdcl ($121.25 in chips)
kdcl: posts small blind $1
szwhite: posts big blind $3
*** HOLE CARDS ***
kdcl: raises $3 to $6
szwhite: folds
Uncalled bet ($3) returned to kdcl
kdcl collected $6 from pot
*** SUMMARY ***
Total pot $6 | Rake $0
Seat 2: szwhite (big blind) folded before Flop
Seat 3: kdcl (button) (small blind) collected ($6)


PokerStars Hand #153901280219:  Hold'em Limit ($3/$6 USD) - 2016/05/27 4:37:03 ET
Table 'Capricorn' 6-max Seat #3 is the button
Seat 2: szwhite ($123.63 in chips)
Seat 3: kdcl ($97.01 in chips)
kdcl: posts small blind $1
szwhite: posts big blind $3
*** HOLE CARDS ***
kdcl: raises $3 to $6
szwhite: calls $3
*** FLOP *** [Jc Qd 3s]
szwhite: bets $3
kdcl: folds
Uncalled bet ($3) returned to szwhite
szwhite collected $11.76 from pot
szwhite: doesn't show hand
*** SUMMARY ***
Total pot $12 | Rake $0.24
Board [Jc Qd 3s]
Seat 2: szwhite (big blind) collected ($11.76)
Seat 3: kdcl (button) (small blind) folded on the Flop


PokerStars Hand #153901278140:  Hold'em Limit ($3/$6 USD) - 2016/05/27 4:36:57 ET
Table 'Capricorn' 6-max Seat #2 is the button
Seat 2: szwhite ($124.63 in chips)
Seat 3: kdcl ($96.01 in chips)
szwhite: posts small blind $1
kdcl: posts big blind $3
*** HOLE CARDS ***
szwhite: folds
Uncalled bet ($2) returned to kdcl
kdcl collected $2 from pot
*** SUMMARY ***
Total pot $2 | Rake $0
Seat 2: szwhite (button) (small blind) folded before Flop
Seat 3: kdcl (big blind) collected ($2)


PokerStars Hand #153901269585:  Hold'em Limit ($3/$6 USD) - 2016/05/27 4:36:31 ET
Table 'Capricorn' 6-max Seat #2 is the button
Seat 2: szwhite ($109.13 in chips)
Seat 3: kdcl ($112.01 in chips)
szwhite: posts small blind $1
kdcl: posts big blind $3
*** HOLE CARDS ***
szwhite: raises $3 to $6
kdcl: calls $3
*** FLOP *** [Jh Kc 8s]
kdcl: checks
szwhite: bets $3
kdcl: calls $3
*** TURN *** [Jh Kc 8s] [4c]
kdcl: checks
szwhite: bets $6
kdcl: calls $6
*** RIVER *** [Jh Kc 8s 4c] [Ad]
kdcl: checks
szwhite: checks
*** SHOW DOWN ***
kdcl: shows [Jd 7c] (a pair of Jacks)
szwhite: shows [7s Kd] (a pair of Kings)
szwhite collected $29.50 from pot
*** SUMMARY ***
Total pot $30 | Rake $0.50
Board [Jh Kc 8s 4c Ad]
Seat 2: szwhite (button) (small blind) showed [7s Kd] and won ($29.50) with a pair of Kings
Seat 3: kdcl (big blind) showed [Jd 7c] and lost with a pair of Jacks


PokerStars Hand #153901276360:  Hold'em Limit ($3/$6 USD) - 2016/05/27 4:36:51 ET
Table 'Capricorn' 6-max Seat #3 is the button
Seat 2: szwhite ($123.63 in chips)
Seat 3: kdcl ($97.01 in chips)
kdcl: posts small blind $1
szwhite: posts big blind $3
*** HOLE CARDS ***
kdcl: folds
Uncalled bet ($2) returned to szwhite
szwhite collected $2 from pot
szwhite: doesn't show hand
*** SUMMARY ***
Total pot $2 | Rake $0
Seat 2: szwhite (big blind) collected ($2)
Seat 3: kdcl (button) (small blind) folded before Flop


PokerStars Hand #153901262252:  Hold'em Limit ($3/$6 USD) - 2016/05/27 4:36:08 ET
Table 'Capricorn' 6-max Seat #3 is the button
Seat 2: szwhite ($91.63 in chips)
Seat 3: kdcl ($130.01 in chips)
kdcl: posts small blind $1
szwhite: posts big blind $3
*** HOLE CARDS ***
kdcl: raises $3 to $6
szwhite: calls $3
*** FLOP *** [8c Kc 9d]
szwhite: checks
kdcl: checks
*** TURN *** [8c Kc 9d] [8d]
szwhite: bets $6
kdcl: calls $6
*** RIVER *** [8c Kc 9d 8d] [Js]
szwhite: bets $6
kdcl: calls $6
*** SHOW DOWN ***
szwhite: shows [Jh 8s] (a full house, Eights full of Jacks)
kdcl: mucks hand
szwhite collected $35.50 from pot
*** SUMMARY ***
Total pot $36 | Rake $0.50
Board [8c Kc 9d 8d Js]
Seat 2: szwhite (big blind) showed [Jh 8s] and won ($35.50) with a full house, Eights full of Jacks
Seat 3: kdcl (button) (small blind) mucked


PokerStars Hand #153901302471:  Hold'em Limit ($3/$6 USD) - 2016/05/27 4:38:10 ET
Table 'Capricorn' 6-max Seat #2 is the button
Seat 2: szwhite ($134.67 in chips)
Seat 3: kdcl ($84.65 in chips)
szwhite: posts small blind $1
kdcl: posts big blind $3
*** HOLE CARDS ***
szwhite: raises $3 to $6
kdcl: folds
Uncalled bet ($3) returned to szwhite
szwhite collected $6 from pot
szwhite: doesn't show hand
*** SUMMARY ***
Total pot $6 | Rake $0
Seat 2: szwhite (button) (small blind) collected ($6)
Seat 3: kdcl (big blind) folded before Flop


PokerStars Hand #153901295724:  Hold'em Limit ($3/$6 USD) - 2016/05/27 4:37:49 ET
Table 'Capricorn' 6-max Seat #3 is the button
Seat 2: szwhite ($123.15 in chips)
Seat 3: kdcl ($96.65 in chips)
kdcl: posts small blind $1
szwhite: posts big blind $3
*** HOLE CARDS ***
kdcl: raises $3 to $6
szwhite: calls $3
*** FLOP *** [3s Td 2s]
szwhite: checks
kdcl: checks
*** TURN *** [3s Td 2s] [Ts]
szwhite: checks
kdcl: checks
*** RIVER *** [3s Td 2s Ts] [7s]
szwhite: checks
kdcl: bets $6
szwhite: calls $6
*** SHOW DOWN ***
kdcl: shows [8d Qc] (a pair of Tens)
szwhite: shows [8s Qd] (a flush, Ten high)
szwhite collected $23.52 from pot
*** SUMMARY ***
Total pot $24 | Rake $0.48
Board [3s Td 2s Ts 7s]
Seat 2: szwhite (big blind) showed [8s Qd] and won ($23.52) with a flush, Ten high
Seat 3: kdcl (button) (small blind) showed [8d Qc] and lost with a pair of Tens


PokerStars Hand #153901289556:  Hold'em Limit ($3/$6 USD) - 2016/05/27 4:37:31 ET
Table 'Capricorn' 6-max Seat #3 is the button
Seat 2: szwhite ($120.39 in chips)
Seat 3: kdcl ($99.65 in chips)
kdcl: posts small blind $1
szwhite: posts big blind $3
*** HOLE CARDS ***
kdcl: raises $3 to $6
szwhite: folds
Uncalled bet ($3) returned to kdcl
kdcl collected $6 from pot
*** SUMMARY ***
Total pot $6 | Rake $0
Seat 2: szwhite (big blind) folded before Flop
Seat 3: kdcl (button) (small blind) collected ($6)


PokerStars Hand #153901284414:  Hold'em Limit ($3/$6 USD) - 2016/05/27 4:37:15 ET
Table 'Capricorn' 6-max Seat #2 is the button
Seat 2: szwhite ($129.39 in chips)
Seat 3: kdcl ($91.01 in chips)
szwhite: posts small blind $1
kdcl: posts big blind $3
*** HOLE CARDS ***
szwhite: raises $3 to $6
kdcl: calls $3
*** FLOP *** [5c 3c 8d]
kdcl: checks
szwhite: bets $3
kdcl: raises $3 to $6
szwhite: folds
Uncalled bet ($3) returned to kdcl
kdcl collected $17.64 from pot
*** SUMMARY ***
Total pot $18 | Rake $0.36
Board [5c 3c 8d]
Seat 2: szwhite (button) (small blind) folded on the Flop
Seat 3: kdcl (big blind) collected ($17.64)


PokerStars Hand #153901291570:  Hold'em Limit ($3/$6 USD) - 2016/05/27 4:37:37 ET
Table 'Capricorn' 6-max Seat #2 is the button
Seat 2: szwhite ($117.39 in chips)
Seat 3: kdcl ($102.65 in chips)
szwhite: posts small blind $1
kdcl: posts big blind $3
*** HOLE CARDS ***
szwhite: raises $3 to $6
kdcl: calls $3
*** FLOP *** [Qh 7s 8d]
kdcl: checks
szwhite: bets $3
kdcl: folds
Uncalled bet ($3) returned to szwhite
szwhite collected $11.76 from pot
szwhite: doesn't show hand
*** SUMMARY ***
Total pot $12 | Rake $0.24
Board [Qh 7s 8d]
Seat 2: szwhite (button) (small blind) collected ($11.76)
Seat 3: kdcl (big blind) folded on the Flop


PokerStars Hand #153901304969:  Hold'em Limit ($3/$6 USD) - 2016/05/27 4:38:17 ET
Table 'Capricorn' 6-max Seat #3 is the button
Seat 2: szwhite ($137.67 in chips)
Seat 3: kdcl ($81.65 in chips)
kdcl: posts small blind $1
szwhite: posts big blind $3
*** HOLE CARDS ***
kdcl: raises $3 to $6
szwhite: calls $3
*** FLOP *** [Kd 3h Qs]
szwhite: bets $3
kdcl: calls $3
*** TURN *** [Kd 3h Qs] [Jh]
szwhite: checks
kdcl: checks
*** RIVER *** [Kd 3h Qs Jh] [4s]
szwhite: bets $6
kdcl: calls $6
*** SHOW DOWN ***
szwhite: shows [9h Qd] (a pair of Queens)
kdcl: mucks hand
szwhite collected $29.50 from pot
*** SUMMARY ***
Total pot $30 | Rake $0.50
Board [Kd 3h Qs Jh 4s]
Seat 2: szwhite (big blind) showed [9h Qd] and won ($29.50) with a pair of Queens
Seat 3: kdcl (button) (small blind) mucked


PokerStars Hand #153901312220:  Hold'em Limit ($3/$6 USD) - 2016/05/27 4:38:39 ET
Table 'Capricorn' 6-max Seat #2 is the button
Seat 2: szwhite ($152.17 in chips)
Seat 3: kdcl ($66.65 in chips)
szwhite: posts small blind $1
kdcl: posts big blind $3
*** HOLE CARDS ***
szwhite: raises $3 to $6
Profitables joins the table at seat #1
kdcl: calls $3
*** FLOP *** [Ks Js 6c]
kdcl: bets $3
szwhite: raises $3 to $6
kdcl: calls $3
*** TURN *** [Ks Js 6c] [8d]
kdcl: checks
szwhite: checks
*** RIVER *** [Ks Js 6c 8d] [6d]
kdcl: checks
szwhite: checks
*** SHOW DOWN ***
kdcl: shows [2d Jd] (two pair, Jacks and Sixes)
szwhite: mucks hand
kdcl collected $23.52 from pot
*** SUMMARY ***
Total pot $24 | Rake $0.48
Board [Ks Js 6c 8d 6d]
Seat 2: szwhite (button) (small blind) mucked
Seat 3: kdcl (big blind) showed [2d Jd] and won ($23.52) with two pair, Jacks and Sixes


PokerStars Hand #153901338031:  Hold'em Limit ($3/$6 USD) - 2016/05/27 4:39:57 ET
Table 'Capricorn' 6-max Seat #3 is the button
Seat 2: szwhite ($174.17 in chips)
Seat 3: kdcl ($106.34 in chips)
kdcl: posts small blind $1
szwhite: posts big blind $3
*** HOLE CARDS ***
kdcl: raises $3 to $6
szwhite: folds
Uncalled bet ($3) returned to kdcl
kdcl collected $6 from pot
*** SUMMARY ***
Total pot $6 | Rake $0
Seat 2: szwhite (big blind) folded before Flop
Seat 3: kdcl (button) (small blind) collected ($6)


PokerStars Hand #153901354282:  Hold'em Limit ($3/$6 USD) - 2016/05/27 4:40:46 ET
Table 'Capricorn' 6-max Seat #3 is the button
Seat 2: szwhite ($170.81 in chips)
Seat 3: kdcl ($108.86 in chips)
kdcl: posts small blind $1
szwhite: posts big blind $3
*** HOLE CARDS ***
kdcl: folds
Uncalled bet ($2) returned to szwhite
szwhite collected $2 from pot
szwhite: doesn't show hand
*** SUMMARY ***
Total pot $2 | Rake $0
Seat 2: szwhite (big blind) collected ($2)
Seat 3: kdcl (button) (small blind) folded before Flop


PokerStars Hand #153901347712:  Hold'em Limit ($3/$6 USD) - 2016/05/27 4:40:26 ET
Table 'Capricorn' 6-max Seat #2 is the button
Seat 2: szwhite ($182.81 in chips)
Seat 3: kdcl ($97.34 in chips)
szwhite: posts small blind $1
kdcl: posts big blind $3
*** HOLE CARDS ***
szwhite: raises $3 to $6
kdcl: calls $3
*** FLOP *** [Jh 7c 2h]
kdcl: checks
szwhite: checks
*** TURN *** [Jh 7c 2h] [6h]
kdcl: bets $6
szwhite: calls $6
*** RIVER *** [Jh 7c 2h 6h] [3h]
kdcl: checks
szwhite: checks
*** SHOW DOWN ***
kdcl: shows [6d Js] (two pair, Jacks and Sixes)
szwhite: mucks hand
kdcl collected $23.52 from pot
*** SUMMARY ***
Total pot $24 | Rake $0.48
Board [Jh 7c 2h 6h 3h]
Seat 2: szwhite (button) (small blind) mucked
Seat 3: kdcl (big blind) showed [6d Js] and won ($23.52) with two pair, Jacks and Sixes


PokerStars Hand #153901340884:  Hold'em Limit ($3/$6 USD) - 2016/05/27 4:40:06 ET
Table 'Capricorn' 6-max Seat #2 is the button
Seat 2: szwhite ($171.17 in chips)
Seat 3: kdcl ($109.34 in chips)
szwhite: posts small blind $1
kdcl: posts big blind $3
*** HOLE CARDS ***
szwhite: raises $3 to $6
kdcl: folds
Uncalled bet ($3) returned to szwhite
szwhite collected $6 from pot
szwhite: doesn't show hand
*** SUMMARY ***
Total pot $6 | Rake $0
Seat 2: szwhite (button) (small blind) collected ($6)
Seat 3: kdcl (big blind) folded before Flop


PokerStars Hand #153901343296:  Hold'em Limit ($3/$6 USD) - 2016/05/27 4:40:13 ET
Table 'Capricorn' 6-max Seat #3 is the button
Seat 2: szwhite ($174.17 in chips)
Seat 3: kdcl ($106.34 in chips)
kdcl: posts small blind $1
szwhite: posts big blind $3
*** HOLE CARDS ***
kdcl: raises $3 to $6
szwhite: raises $3 to $9
kdcl: calls $3
*** FLOP *** [3s 6s Jh]
szwhite: bets $3
kdcl: folds
Uncalled bet ($3) returned to szwhite
szwhite collected $17.64 from pot
szwhite: doesn't show hand
*** SUMMARY ***
Total pot $18 | Rake $0.36
Board [3s 6s Jh]
Seat 2: szwhite (big blind) collected ($17.64)
Seat 3: kdcl (button) (small blind) folded on the Flop


PokerStars Hand #153901371715:  Hold'em Limit ($3/$6 USD) - 2016/05/27 4:41:38 ET
Table 'Capricorn' 6-max Seat #3 is the button
Seat 2: szwhite ($186.31 in chips)
Seat 3: kdcl ($92.86 in chips)
kdcl: posts small blind $1
szwhite: posts big blind $3
*** HOLE CARDS ***
kdcl: raises $3 to $6
szwhite: calls $3
*** FLOP *** [Kc 7h 2d]
szwhite: bets $3
kdcl: calls $3
*** TURN *** [Kc 7h 2d] [6d]
szwhite: checks
kdcl: checks
*** RIVER *** [Kc 7h 2d 6d] [9c]
szwhite: checks
kdcl: checks
*** SHOW DOWN ***
szwhite: shows [5c Ac] (high card Ace)
kdcl: mucks hand
szwhite collected $17.64 from pot
*** SUMMARY ***
Total pot $18 | Rake $0.36
Board [Kc 7h 2d 6d 9c]
Seat 2: szwhite (big blind) showed [5c Ac] and won ($17.64) with high card Ace
Seat 3: kdcl (button) (small blind) mucked


PokerStars Hand #153901363885:  Hold'em Limit ($3/$6 USD) - 2016/05/27 4:41:15 ET
Table 'Capricorn' 6-max Seat #3 is the button
Seat 2: szwhite ($186.31 in chips)
Seat 3: kdcl ($92.86 in chips)
kdcl: posts small blind $1
szwhite: posts big blind $3
*** HOLE CARDS ***
kdcl: folds
Uncalled bet ($2) returned to szwhite
szwhite collected $2 from pot
*** SUMMARY ***
Total pot $2 | Rake $0
Seat 2: szwhite (big blind) collected ($2)
Seat 3: kdcl (button) (small blind) folded before Flop


PokerStars Hand #153901356295:  Hold'em Limit ($3/$6 USD) - 2016/05/27 4:40:52 ET
Table 'Capricorn' 6-max Seat #2 is the button
Seat 2: szwhite ($171.81 in chips)
Seat 3: kdcl ($107.86 in chips)
szwhite: posts small blind $1
kdcl: posts big blind $3
*** HOLE CARDS ***
szwhite: raises $3 to $6
kdcl: calls $3
*** FLOP *** [9d Kc 8s]
kdcl: checks
szwhite: bets $3
kdcl: calls $3
*** TURN *** [9d Kc 8s] [Ts]
kdcl: checks
szwhite: checks
*** RIVER *** [9d Kc 8s Ts] [Ks]
kdcl: checks
szwhite: bets $6
kdcl: calls $6
*** SHOW DOWN ***
szwhite: shows [Jc 9c] (two pair, Kings and Nines)
kdcl: mucks hand
szwhite collected $29.50 from pot
*** SUMMARY ***
Total pot $30 | Rake $0.50
Board [9d Kc 8s Ts Ks]
Seat 2: szwhite (button) (small blind) showed [Jc 9c] and won ($29.50) with two pair, Kings and Nines
Seat 3: kdcl (big blind) mucked


PokerStars Hand #153901379771:  Hold'em Limit ($3/$6 USD) - 2016/05/27 4:42:02 ET
Table 'Capricorn' 6-max Seat #2 is the button
Seat 2: szwhite ($194.95 in chips)
Seat 3: kdcl ($83.86 in chips)
szwhite: posts small blind $1
kdcl: posts big blind $3
*** HOLE CARDS ***
szwhite: folds
Uncalled bet ($2) returned to kdcl
kdcl collected $2 from pot
*** SUMMARY ***
Total pot $2 | Rake $0
Seat 2: szwhite (button) (small blind) folded before Flop
Seat 3: kdcl (big blind) collected ($2)


PokerStars Hand #153901367689:  Hold'em Limit ($3/$6 USD) - 2016/05/27 4:41:26 ET
Table 'Capricorn' 6-max Seat #3 is the button
Seat 2: szwhite ($186.31 in chips)
Seat 3: kdcl ($92.86 in chips)
kdcl: posts small blind $1
szwhite: posts big blind $3
*** HOLE CARDS ***
kdcl: folds
Uncalled bet ($2) returned to szwhite
szwhite collected $2 from pot
szwhite: doesn't show hand
*** SUMMARY ***
Total pot $2 | Rake $0
Seat 2: szwhite (big blind) collected ($2)
Seat 3: kdcl (button) (small blind) folded before Flop


PokerStars Hand #153901365747:  Hold'em Limit ($3/$6 USD) - 2016/05/27 4:41:20 ET
Table 'Capricorn' 6-max Seat #2 is the button
Seat 2: szwhite ($187.31 in chips)
Seat 3: kdcl ($91.86 in chips)
szwhite: posts small blind $1
kdcl: posts big blind $3
*** HOLE CARDS ***
szwhite: folds
Uncalled bet ($2) returned to kdcl
kdcl collected $2 from pot
*** SUMMARY ***
Total pot $2 | Rake $0
Seat 2: szwhite (button) (small blind) folded before Flop
Seat 3: kdcl (big blind) collected ($2)


PokerStars Hand #153901396712:  Hold'em Limit ($3/$6 USD) - 2016/05/27 4:42:52 ET
Table 'Capricorn' 6-max Seat #3 is the button
Seat 2: szwhite ($172.95 in chips)
Seat 3: kdcl ($105.02 in chips)
kdcl: posts small blind $1
szwhite: posts big blind $3
*** HOLE CARDS ***
kdcl: folds
Uncalled bet ($2) returned to szwhite
szwhite collected $2 from pot
szwhite: doesn't show hand
*** SUMMARY ***
Total pot $2 | Rake $0
Seat 2: szwhite (big blind) collected ($2)
Seat 3: kdcl (button) (small blind) folded before Flop


PokerStars Hand #153901390101:  Hold'em Limit ($3/$6 USD) - 2016/05/27 4:42:33 ET
Table 'Capricorn' 6-max Seat #2 is the button
Seat 2: szwhite ($181.95 in chips)
Seat 3: kdcl ($96.38 in chips)
szwhite: posts small blind $1
kdcl: posts big blind $3
*** HOLE CARDS ***
szwhite: raises $3 to $6
kdcl: calls $3
*** FLOP *** [Kh 2c Ah]
kdcl: checks
szwhite: bets $3
kdcl: calls $3
*** TURN *** [Kh 2c Ah] [Kd]
kdcl: checks
szwhite: checks
*** RIVER *** [Kh 2c Ah Kd] [6c]
kdcl: bets $6
szwhite: folds
Uncalled bet ($6) returned to kdcl
kdcl collected $17.64 from pot
*** SUMMARY ***
Total pot $18 | Rake $0.36
Board [Kh 2c Ah Kd 6c]
Seat 2: szwhite (button) (small blind) folded on the River
Seat 3: kdcl (big blind) collected ($17.64)


PokerStars Hand #153901400862:  Hold'em Limit ($3/$6 USD) - 2016/05/27 4:43:05 ET
Table 'Capricorn' 6-max Seat #3 is the button
Seat 2: szwhite ($172.95 in chips)
Seat 3: kdcl ($105.02 in chips)
kdcl: posts small blind $1
szwhite: posts big blind $3
*** HOLE CARDS ***
kdcl: folds
Uncalled bet ($2) returned to szwhite
szwhite collected $2 from pot
szwhite: doesn't show hand
*** SUMMARY ***
Total pot $2 | Rake $0
Seat 2: szwhite (big blind) collected ($2)
Seat 3: kdcl (button) (small blind) folded before Flop


PokerStars Hand #153901398620:  Hold'em Limit ($3/$6 USD) - 2016/05/27 4:42:58 ET
Table 'Capricorn' 6-max Seat #2 is the button
Seat 2: szwhite ($173.95 in chips)
Seat 3: kdcl ($104.02 in chips)
szwhite: posts small blind $1
kdcl: posts big blind $3
*** HOLE CARDS ***
szwhite: folds
Uncalled bet ($2) returned to kdcl
kdcl collected $2 from pot
*** SUMMARY ***
Total pot $2 | Rake $0
Seat 2: szwhite (button) (small blind) folded before Flop
Seat 3: kdcl (big blind) collected ($2)


PokerStars Hand #153901381848:  Hold'em Limit ($3/$6 USD) - 2016/05/27 4:42:09 ET
Table 'Capricorn' 6-max Seat #3 is the button
Seat 2: szwhite ($193.95 in chips)
Seat 3: kdcl ($84.86 in chips)
kdcl: posts small blind $1
szwhite: posts big blind $3
*** HOLE CARDS ***
kdcl: raises $3 to $6
szwhite: calls $3
*** FLOP *** [Kd Qc 3c]
szwhite: checks
kdcl: checks
*** TURN *** [Kd Qc 3c] [3d]
szwhite: bets $6
kdcl: calls $6
*** RIVER *** [Kd Qc 3c 3d] [5c]
szwhite: checks
kdcl: bets $6
szwhite: folds
Uncalled bet ($6) returned to kdcl
kdcl collected $23.52 from pot
*** SUMMARY ***
Total pot $24 | Rake $0.48
Board [Kd Qc 3c 3d 5c]
Seat 2: szwhite (big blind) folded on the River
Seat 3: kdcl (button) (small blind) collected ($23.52)


PokerStars Hand #153901412260:  Hold'em Limit ($3/$6 USD) - 2016/05/27 4:43:39 ET
Table 'Capricorn' 6-max Seat #2 is the button
Seat 2: szwhite ($161.95 in chips)
Seat 3: kdcl ($115.66 in chips)
szwhite: posts small blind $1
kdcl: posts big blind $3
*** HOLE CARDS ***
szwhite: raises $3 to $6
kdcl: calls $3
*** FLOP *** [Qd Tc Qs]
kdcl: checks
szwhite: bets $3
kdcl: calls $3
*** TURN *** [Qd Tc Qs] [9s]
kdcl: checks
szwhite: bets $6
kdcl: calls $6
*** RIVER *** [Qd Tc Qs 9s] [7h]
kdcl: checks
szwhite: checks
*** SHOW DOWN ***
kdcl: shows [Ac Th] (two pair, Queens and Tens)
szwhite: mucks hand
kdcl collected $29.50 from pot
*** SUMMARY ***
Total pot $30 | Rake $0.50
Board [Qd Tc Qs 9s 7h]
Seat 2: szwhite (button) (small blind) mucked
Seat 3: kdcl (big blind) showed [Ac Th] and won ($29.50) with two pair, Queens and Tens


PokerStars Hand #153901409873:  Hold'em Limit ($3/$6 USD) - 2016/05/27 4:43:31 ET
Table 'Capricorn' 6-max Seat #3 is the button
Seat 2: szwhite ($164.95 in chips)
Seat 3: kdcl ($112.66 in chips)
kdcl: posts small blind $1
szwhite: posts big blind $3
*** HOLE CARDS ***
krytalex joins the table at seat #4
kdcl: raises $3 to $6
szwhite: folds
Uncalled bet ($3) returned to kdcl
kdcl collected $6 from pot
*** SUMMARY ***
Total pot $6 | Rake $0
Seat 2: szwhite (big blind) folded before Flop
Seat 3: kdcl (button) (small blind) collected ($6)


PokerStars Hand #153901402887:  Hold'em Limit ($3/$6 USD) - 2016/05/27 4:43:11 ET
Table 'Capricorn' 6-max Seat #2 is the button
Seat 2: szwhite ($173.95 in chips)
Seat 3: kdcl ($104.02 in chips)
szwhite: posts small blind $1
kdcl: posts big blind $3
*** HOLE CARDS ***
szwhite: raises $3 to $6
kdcl: calls $3
*** FLOP *** [Qh 2h 8h]
kdcl: checks
szwhite: bets $3
kdcl: calls $3
*** TURN *** [Qh 2h 8h] [9h]
kdcl: checks
szwhite: checks
*** RIVER *** [Qh 2h 8h 9h] [4d]
kdcl: checks
szwhite: checks
*** SHOW DOWN ***
kdcl: shows [5s 5d] (a pair of Fives)
szwhite: mucks hand
kdcl collected $17.64 from pot
*** SUMMARY ***
Total pot $18 | Rake $0.36
Board [Qh 2h 8h 9h 4d]
Seat 2: szwhite (button) (small blind) mucked
Seat 3: kdcl (big blind) showed [5s 5d] and won ($17.64) with a pair of Fives


PokerStars Hand #153901451567:  Hold'em Limit ($3/$6 USD) - 2016/05/27 4:45:35 ET
Table 'Capricorn' 6-max Seat #2 is the button
Seat 2: szwhite ($148.06 in chips)
Seat 4: krytalex ($117.38 in chips)
szwhite: posts small blind $1
krytalex: posts big blind $3
*** HOLE CARDS ***
szwhite: raises $3 to $6
krytalex: calls $3
*** FLOP *** [Td 3c Ks]
krytalex: checks
szwhite: bets $3
krytalex: folds
Uncalled bet ($3) returned to szwhite
szwhite collected $11.76 from pot
*** SUMMARY ***
Total pot $12 | Rake $0.24
Board [Td 3c Ks]
Seat 2: szwhite (button) (small blind) collected ($11.76)
Seat 4: krytalex (big blind) folded on the Flop


PokerStars Hand #153901458576:  Hold'em Limit ($3/$6 USD) - 2016/05/27 4:45:56 ET
Table 'Capricorn' 6-max Seat #2 is the button
Seat 2: szwhite ($150.82 in chips)
Seat 4: krytalex ($114.38 in chips)
szwhite: posts small blind $1
krytalex: posts big blind $3
*** HOLE CARDS ***
szwhite: raises $3 to $6
krytalex: folds
Uncalled bet ($3) returned to szwhite
szwhite collected $6 from pot
szwhite: doesn't show hand
*** SUMMARY ***
Total pot $6 | Rake $0
Seat 2: szwhite (button) (small blind) collected ($6)
Seat 4: krytalex (big blind) folded before Flop


PokerStars Hand #153901456307:  Hold'em Limit ($3/$6 USD) - 2016/05/27 4:45:49 ET
Table 'Capricorn' 6-max Seat #4 is the button
Seat 2: szwhite ($153.82 in chips)
Seat 4: krytalex ($111.38 in chips)
krytalex: posts small blind $1
szwhite: posts big blind $3
*** HOLE CARDS ***
krytalex: raises $3 to $6
szwhite: folds
Uncalled bet ($3) returned to krytalex
krytalex collected $6 from pot
*** SUMMARY ***
Total pot $6 | Rake $0
Seat 2: szwhite (big blind) folded before Flop
Seat 4: krytalex (button) (small blind) collected ($6)


PokerStars Hand #153901449269:  Hold'em Limit ($3/$6 USD) - 2016/05/27 4:45:28 ET
Table 'Capricorn' 6-max Seat #4 is the button
Seat 2: szwhite ($147.06 in chips)
Seat 4: krytalex ($118.38 in chips)
krytalex: posts small blind $1
szwhite: posts big blind $3
*** HOLE CARDS ***
krytalex: folds
Uncalled bet ($2) returned to szwhite
szwhite collected $2 from pot
szwhite: doesn't show hand
*** SUMMARY ***
Total pot $2 | Rake $0
Seat 2: szwhite (big blind) collected ($2)
Seat 4: krytalex (button) (small blind) folded before Flop


PokerStars Hand #153901437900:  Hold'em Limit ($3/$6 USD) - 2016/05/27 4:44:54 ET
Table 'Capricorn' 6-max Seat #2 is the button
Seat 2: szwhite ($126.56 in chips)
Seat 4: krytalex ($139.38 in chips)
szwhite: posts small blind $1
krytalex: posts big blind $3
*** HOLE CARDS ***
szwhite: raises $3 to $6
krytalex: calls $3
*** FLOP *** [Td Kc 5d]
krytalex: checks
szwhite: bets $3
krytalex: raises $3 to $6
szwhite: raises $3 to $9
krytalex: calls $3
*** TURN *** [Td Kc 5d] [9c]
krytalex: checks
szwhite: bets $6
krytalex: calls $6
*** RIVER *** [Td Kc 5d 9c] [Ks]
krytalex: checks
szwhite: checks
*** SHOW DOWN ***
krytalex: shows [Qd 6d] (a pair of Kings)
szwhite: shows [8d Tc] (two pair, Kings and Tens)
szwhite collected $41.50 from pot
*** SUMMARY ***
Total pot $42 | Rake $0.50
Board [Td Kc 5d 9c Ks]
Seat 2: szwhite (button) (small blind) showed [8d Tc] and won ($41.50) with two pair, Kings and Tens
Seat 4: krytalex (big blind) showed [Qd 6d] and lost with a pair of Kings


PokerStars Hand #153901474982:  Hold'em Limit ($3/$6 USD) - 2016/05/27 4:46:45 ET
Table 'Capricorn' 6-max Seat #2 is the button
Seat 2: szwhite ($160.46 in chips)
Seat 4: krytalex ($104.38 in chips)
szwhite: posts small blind $1
krytalex: posts big blind $3
*** HOLE CARDS ***
szwhite: folds
Uncalled bet ($2) returned to krytalex
krytalex collected $2 from pot
*** SUMMARY ***
Total pot $2 | Rake $0
Seat 2: szwhite (button) (small blind) folded before Flop
Seat 4: krytalex (big blind) collected ($2)


PokerStars Hand #153901461321:  Hold'em Limit ($3/$6 USD) - 2016/05/27 4:46:04 ET
Table 'Capricorn' 6-max Seat #4 is the button
Seat 2: szwhite ($153.82 in chips)
Seat 4: krytalex ($111.38 in chips)
krytalex: posts small blind $1
szwhite: posts big blind $3
*** HOLE CARDS ***
krytalex: raises $3 to $6
szwhite: folds
Uncalled bet ($3) returned to krytalex
krytalex collected $6 from pot
*** SUMMARY ***
Total pot $6 | Rake $0
Seat 2: szwhite (big blind) folded before Flop
Seat 4: krytalex (button) (small blind) collected ($6)


PokerStars Hand #153901472783:  Hold'em Limit ($3/$6 USD) - 2016/05/27 4:46:38 ET
Table 'Capricorn' 6-max Seat #4 is the button
Seat 2: szwhite ($159.46 in chips)
Seat 4: krytalex ($105.38 in chips)
krytalex: posts small blind $1
szwhite: posts big blind $3
*** HOLE CARDS ***
krytalex: folds
Uncalled bet ($2) returned to szwhite
szwhite collected $2 from pot
*** SUMMARY ***
Total pot $2 | Rake $0
Seat 2: szwhite (big blind) collected ($2)
Seat 4: krytalex (button) (small blind) folded before Flop


PokerStars Hand #153901465309:  Hold'em Limit ($3/$6 USD) - 2016/05/27 4:46:16 ET
Table 'Capricorn' 6-max Seat #2 is the button
Seat 2: szwhite ($150.82 in chips)
Seat 4: krytalex ($114.38 in chips)
szwhite: posts small blind $1
krytalex: posts big blind $3
*** HOLE CARDS ***
szwhite: raises $3 to $6
krytalex: calls $3
*** FLOP *** [9h 5c Jd]
krytalex: checks
szwhite: bets $3
krytalex: calls $3
*** TURN *** [9h 5c Jd] [2s]
krytalex: checks
szwhite: checks
*** RIVER *** [9h 5c Jd 2s] [8s]
krytalex: checks
szwhite: checks
*** SHOW DOWN ***
krytalex: shows [Tc Ks] (high card King)
szwhite: shows [Td Ah] (high card Ace)
szwhite collected $17.64 from pot
*** SUMMARY ***
Total pot $18 | Rake $0.36
Board [9h 5c Jd 2s 8s]
Seat 2: szwhite (button) (small blind) showed [Td Ah] and won ($17.64) with high card Ace
Seat 4: krytalex (big blind) showed [Tc Ks] and lost with high card King


PokerStars Hand #153901488509:  Hold'em Limit ($3/$6 USD) - 2016/05/27 4:47:25 ET
Table 'Capricorn' 6-max Seat #2 is the button
Seat 2: szwhite ($168.10 in chips)
Seat 4: krytalex ($96.38 in chips)
szwhite: posts small blind $1
krytalex: posts big blind $3
*** HOLE CARDS ***
szwhite: raises $3 to $6
krytalex: calls $3
*** FLOP *** [Jc Qc Ad]
krytalex: checks
szwhite: bets $3
krytalex: folds
Uncalled bet ($3) returned to szwhite
szwhite collected $11.76 from pot
szwhite: doesn't show hand
*** SUMMARY ***
Total pot $12 | Rake $0.24
Board [Jc Qc Ad]
Seat 2: szwhite (button) (small blind) collected ($11.76)
Seat 4: krytalex (big blind) folded on the Flop


PokerStars Hand #153901476784:  Hold'em Limit ($3/$6 USD) - 2016/05/27 4:46:50 ET
Table 'Capricorn' 6-max Seat #4 is the button
Seat 2: szwhite ($159.46 in chips)
Seat 4: krytalex ($105.38 in chips)
krytalex: posts small blind $1
slon891 joins the table at seat #6
szwhite: posts big blind $3
*** HOLE CARDS ***
krytalex: raises $3 to $6
szwhite: calls $3
*** FLOP *** [2d 6s Ts]
szwhite: checks
krytalex: bets $3
szwhite: calls $3
*** TURN *** [2d 6s Ts] [4h]
szwhite: checks
krytalex: checks
*** RIVER *** [2d 6s Ts 4h] [6c]
szwhite: bets $6
krytalex: folds
Uncalled bet ($6) returned to szwhite
szwhite collected $17.64 from pot
szwhite: doesn't show hand
*** SUMMARY ***
Total pot $18 | Rake $0.36
Board [2d 6s Ts 4h 6c]
Seat 2: szwhite (big blind) collected ($17.64)
Seat 4: krytalex (button) (small blind) folded on the River


PokerStars Hand #153903819037:  Hold'em Limit ($3/$6 USD) - 2016/05/27 6:33:19 ET
Table 'Capricorn' 6-max Seat #3 is the button
Seat 3: Mr.Reaper47 ($151.96 in chips)
Seat 4: Agrotait ($93.11 in chips)
Mr.Reaper47: posts small blind $1
Agrotait: posts big blind $3
*** HOLE CARDS ***
Mr.Reaper47: folds
Uncalled bet ($2) returned to Agrotait
Mr.Reaper47 leaves the table
Agrotait collected $2 from pot
Agrotait: doesn't show hand
*** SUMMARY ***
Total pot $2 | Rake $0
Seat 3: Mr.Reaper47 (button) (small blind) folded before Flop
Seat 4: Agrotait (big blind) collected ($2)


PokerStars Hand #153903807380:  Hold'em Limit ($3/$6 USD) - 2016/05/27 6:32:49 ET
Table 'Capricorn' 6-max Seat #4 is the button
Seat 3: Mr.Reaper47 ($172.96 in chips)
Seat 4: Agrotait ($72.61 in chips)
Agrotait: posts small blind $1
Tryptamean: is sitting out
szwhite: is sitting out
Mr.Reaper47: posts big blind $3
*** HOLE CARDS ***
Agrotait: raises $3 to $6
Mr.Reaper47: calls $3
*** FLOP *** [Tc Kd 3d]
Mr.Reaper47: checks
Agrotait: bets $3
Mr.Reaper47: calls $3
*** TURN *** [Tc Kd 3d] [7c]
Mr.Reaper47: checks
Agrotait: bets $6
Mr.Reaper47: calls $6
*** RIVER *** [Tc Kd 3d 7c] [2c]
Tryptamean leaves the table
Mr.Reaper47: checks
Agrotait: bets $6
Mr.Reaper47: calls $6
*** SHOW DOWN ***
Agrotait: shows [6c 4c] (a flush, Ten high)
Mr.Reaper47: mucks hand
Agrotait collected $41.50 from pot
*** SUMMARY ***
Total pot $42 | Rake $0.50
Board [Tc Kd 3d 7c 2c]
Seat 3: Mr.Reaper47 (big blind) mucked
Seat 4: Agrotait (button) (small blind) showed [6c 4c] and won ($41.50) with a flush, Ten high


PokerStars Hand #153903822083:  Hold'em Limit ($3/$6 USD) - 2016/05/27 6:33:26 ET
Table 'Capricorn' 6-max Seat #4 is the button
Seat 2: szwhite ($77.58 in chips)
Seat 4: Agrotait ($94.11 in chips)
Agrotait: posts small blind $1
szwhite: posts big blind $3
*** HOLE CARDS ***
Agrotait: raises $3 to $6
szwhite: calls $3
*** FLOP *** [7c 6s Qs]
szwhite: checks
Agrotait: bets $3
szwhite: raises $3 to $6
Agrotait: calls $3
*** TURN *** [7c 6s Qs] [4c]
szwhite: bets $6
Agrotait: raises $6 to $12
szwhite: calls $6
*** RIVER *** [7c 6s Qs 4c] [7d]
szwhite: checks
Agrotait: bets $6
szwhite: calls $6
*** SHOW DOWN ***
Agrotait: shows [Ks Kh] (two pair, Kings and Sevens)
szwhite: mucks hand
Agrotait collected $59.50 from pot
*** SUMMARY ***
Total pot $60 | Rake $0.50
Board [7c 6s Qs 4c 7d]
Seat 2: szwhite (big blind) mucked
Seat 4: Agrotait (button) (small blind) showed [Ks Kh] and won ($59.50) with two pair, Kings and Sevens


PokerStars Hand #153903866794:  Hold'em Limit ($3/$6 USD) - 2016/05/27 6:35:17 ET
Table 'Capricorn' 6-max Seat #2 is the button
Seat 2: szwhite ($54.34 in chips)
Seat 4: Agrotait ($116.61 in chips)
szwhite: posts small blind $1
Agrotait: posts big blind $3
*** HOLE CARDS ***
szwhite: folds
Uncalled bet ($2) returned to Agrotait
Agrotait collected $2 from pot
Agrotait: doesn't show hand
*** SUMMARY ***
Total pot $2 | Rake $0
Seat 2: szwhite (button) (small blind) folded before Flop
Seat 4: Agrotait (big blind) collected ($2)


PokerStars Hand #153903864221:  Hold'em Limit ($3/$6 USD) - 2016/05/27 6:35:10 ET
Table 'Capricorn' 6-max Seat #4 is the button
Seat 2: szwhite ($53.34 in chips)
Seat 4: Agrotait ($117.61 in chips)
Agrotait: posts small blind $1
szwhite: posts big blind $3
*** HOLE CARDS ***
Agrotait: folds
Uncalled bet ($2) returned to szwhite
szwhite collected $2 from pot
szwhite: doesn't show hand
*** SUMMARY ***
Total pot $2 | Rake $0
Seat 2: szwhite (big blind) collected ($2)
Seat 4: Agrotait (button) (small blind) folded before Flop


PokerStars Hand #153903842960:  Hold'em Limit ($3/$6 USD) - 2016/05/27 6:34:18 ET
Table 'Capricorn' 6-max Seat #2 is the button
Seat 2: szwhite ($47.58 in chips)
Seat 4: Agrotait ($123.61 in chips)
szwhite: posts small blind $1
Agrotait: posts big blind $3
*** HOLE CARDS ***
szwhite: raises $3 to $6
Agrotait: calls $3
*** FLOP *** [Jh 4d Ah]
Agrotait: checks
szwhite: bets $3
Agrotait: folds
Uncalled bet ($3) returned to szwhite
szwhite collected $11.76 from pot
szwhite: doesn't show hand
*** SUMMARY ***
Total pot $12 | Rake $0.24
Board [Jh 4d Ah]
Seat 2: szwhite (button) (small blind) collected ($11.76)
Seat 4: Agrotait (big blind) folded on the Flop


PokerStars Hand #153903871532:  Hold'em Limit ($3/$6 USD) - 2016/05/27 6:35:28 ET
Table 'Capricorn' 6-max Seat #4 is the button
Seat 2: szwhite ($53.34 in chips)
Seat 4: Agrotait ($117.61 in chips)
Agrotait: posts small blind $1
szwhite: posts big blind $3
*** HOLE CARDS ***
Agrotait: raises $3 to $6
szwhite: folds
Uncalled bet ($3) returned to Agrotait
Agrotait collected $6 from pot
Agrotait: doesn't show hand
*** SUMMARY ***
Total pot $6 | Rake $0
Seat 2: szwhite (big blind) folded before Flop
Seat 4: Agrotait (button) (small blind) collected ($6)


PokerStars Hand #153903877389:  Hold'em Limit ($3/$6 USD) - 2016/05/27 6:35:42 ET
Table 'Capricorn' 6-max Seat #2 is the button
Seat 2: szwhite ($50.34 in chips)
Seat 4: Agrotait ($120.61 in chips)
szwhite: posts small blind $1
Agrotait: posts big blind $3
*** HOLE CARDS ***
szwhite: raises $3 to $6
Agrotait: calls $3
*** FLOP *** [Qh 4s Ts]
Agrotait: checks
szwhite: bets $3
Agrotait: raises $3 to $6
szwhite: folds
Uncalled bet ($3) returned to Agrotait
Agrotait collected $17.64 from pot
Agrotait: doesn't show hand
*** SUMMARY ***
Total pot $18 | Rake $0.36
Board [Qh 4s Ts]
Seat 2: szwhite (button) (small blind) folded on the Flop
Seat 4: Agrotait (big blind) collected ($17.64)


PokerStars Hand #153903888367:  Hold'em Limit ($3/$6 USD) - 2016/05/27 6:36:09 ET
Table 'Capricorn' 6-max Seat #4 is the button
Seat 2: szwhite ($41.34 in chips)
Seat 4: Agrotait ($129.25 in chips)
Agrotait: posts small blind $1
szwhite: posts big blind $3
*** HOLE CARDS ***
Agrotait: raises $3 to $6
szwhite: raises $3 to $9
Basicxx joins the table at seat #3
Agrotait: calls $3
*** FLOP *** [8d Jc 3d]
szwhite: bets $3
Agrotait: folds
Uncalled bet ($3) returned to szwhite
szwhite collected $17.64 from pot
szwhite: doesn't show hand
*** SUMMARY ***
Total pot $18 | Rake $0.36
Board [8d Jc 3d]
Seat 2: szwhite (big blind) collected ($17.64)
Seat 4: Agrotait (button) (small blind) folded on the Flop


PokerStars Hand #153904966320:  Hold'em Limit ($3/$6 USD) - 2016/05/27 7:19:37 ET
Table 'Capricorn' 6-max Seat #3 is the button
Seat 2: szwhite ($69.21 in chips)
Seat 3: Krazy90 ($84.79 in chips)
Krazy90: posts small blind $1
Agrotait: is sitting out
TbIP-TbIP 88: is sitting out
szwhite: posts big blind $3
*** HOLE CARDS ***
Agrotait leaves the table
Krazy90: raises $3 to $6
szwhite: raises $3 to $9
Krazy90: calls $3
*** FLOP *** [Th Qh 3h]
szwhite: bets $3
Krazy90: folds
Uncalled bet ($3) returned to szwhite
Krazy90 leaves the table
szwhite collected $17.64 from pot
*** SUMMARY ***
Total pot $18 | Rake $0.36
Board [Th Qh 3h]
Seat 2: szwhite (big blind) collected ($17.64)
Seat 3: Krazy90 (button) (small blind) folded on the Flop


