PokerStars Hand #156867664638:  Hold'em Limit ($3/$6 USD) - 2016/08/04 16:33:47 ET
Table 'Caprera' 6-max Seat #3 is the button
Seat 3: ChipsOrre ($136.02 in chips)
Seat 6: fishbla ($142.39 in chips)
ChipsOrre: posts small blind $1
Murrrr_@T: is sitting out
fishbla: posts big blind $3
*** HOLE CARDS ***
ChipsOrre: folds
Uncalled bet ($2) returned to fishbla
fishbla collected $2 from pot
fishbla: doesn't show hand
*** SUMMARY ***
Total pot $2 | Rake $0
Seat 3: ChipsOrre (button) (small blind) folded before Flop
Seat 6: fishbla (big blind) collected ($2)


PokerStars Hand #156867668785:  Hold'em Limit ($3/$6 USD) - 2016/08/04 16:33:52 ET
Table 'Caprera' 6-max Seat #6 is the button
Seat 3: ChipsOrre ($135.02 in chips)
Seat 6: fishbla ($143.39 in chips)
fishbla: posts small blind $1
ChipsOrre: posts big blind $3
*** HOLE CARDS ***
Murrrr_@T leaves the table
fishbla: folds
Uncalled bet ($2) returned to ChipsOrre
ChipsOrre collected $2 from pot
ChipsOrre: doesn't show hand
*** SUMMARY ***
Total pot $2 | Rake $0
Seat 3: ChipsOrre (big blind) collected ($2)
Seat 6: fishbla (button) (small blind) folded before Flop


