PokerStars Hand #150526638948:  Hold'em Limit ($3/$6 USD) - 2016/03/18 2:55:02 ET
Table 'Capricorn' 6-max Seat #6 is the button
Seat 3: kr.poker8029 ($120 in chips)
Seat 6: anetkaapro ($72 in chips)
anetkaapro: posts small blind $1
kr.poker8029: posts big blind $3
*** HOLE CARDS ***
anetkaapro: raises $3 to $6
kr.poker8029: raises $3 to $9
anetkaapro: calls $3
*** FLOP *** [Kc 4d Qc]
kr.poker8029: bets $3
anetkaapro: calls $3
*** TURN *** [Kc 4d Qc] [8d]
kr.poker8029: bets $6
anetkaapro: calls $6
*** RIVER *** [Kc 4d Qc 8d] [2d]
kr.poker8029: bets $6
anetkaapro: calls $6
*** SHOW DOWN ***
kr.poker8029: shows [Qs Ad] (a pair of Queens)
anetkaapro: mucks hand
kr.poker8029 collected $47.50 from pot
*** SUMMARY ***
Total pot $48 | Rake $0.50
Board [Kc 4d Qc 8d 2d]
Seat 3: kr.poker8029 (big blind) showed [Qs Ad] and won ($47.50) with a pair of Queens
Seat 6: anetkaapro (button) (small blind) mucked


PokerStars Hand #150526656404:  Hold'em Limit ($3/$6 USD) - 2016/03/18 2:56:17 ET
Table 'Capricorn' 6-max Seat #3 is the button
Seat 3: kr.poker8029 ($166.64 in chips)
Seat 6: anetkaapro ($77.76 in chips)
kr.poker8029: posts small blind $1
anetkaapro: posts big blind $3
*** HOLE CARDS ***
kr.poker8029: raises $3 to $6
anetkaapro: calls $3
*** FLOP *** [Th 2c 6s]
anetkaapro: checks
kr.poker8029: bets $3
anetkaapro: folds
Uncalled bet ($3) returned to kr.poker8029
kr.poker8029 collected $11.76 from pot
*** SUMMARY ***
Total pot $12 | Rake $0.24
Board [Th 2c 6s]
Seat 3: kr.poker8029 (button) (small blind) collected ($11.76)
Seat 6: anetkaapro (big blind) folded on the Flop


PokerStars Hand #150526654052:  Hold'em Limit ($3/$6 USD) - 2016/03/18 2:56:07 ET
Table 'Capricorn' 6-max Seat #6 is the button
Seat 3: kr.poker8029 ($172.64 in chips)
Seat 6: anetkaapro ($72 in chips)
anetkaapro: posts small blind $1
kr.poker8029: posts big blind $3
*** HOLE CARDS ***
anetkaapro: raises $3 to $6
kr.poker8029: calls $3
*** FLOP *** [Jd 9s Kc]
kr.poker8029: checks
anetkaapro: bets $3
kr.poker8029: folds
Uncalled bet ($3) returned to anetkaapro
anetkaapro collected $11.76 from pot
anetkaapro: doesn't show hand
*** SUMMARY ***
Total pot $12 | Rake $0.24
Board [Jd 9s Kc]
Seat 3: kr.poker8029 (big blind) folded on the Flop
Seat 6: anetkaapro (button) (small blind) collected ($11.76)


PokerStars Hand #150526651813:  Hold'em Limit ($3/$6 USD) - 2016/03/18 2:55:58 ET
Table 'Capricorn' 6-max Seat #3 is the button
Seat 3: kr.poker8029 ($169.64 in chips)
Seat 6: anetkaapro ($72 in chips)
kr.poker8029: posts small blind $1
anetkaapro: posts big blind $3
*** HOLE CARDS ***
kr.poker8029: raises $3 to $6
anetkaapro: folds
Uncalled bet ($3) returned to kr.poker8029
kr.poker8029 collected $6 from pot
*** SUMMARY ***
Total pot $6 | Rake $0
Seat 3: kr.poker8029 (button) (small blind) collected ($6)
Seat 6: anetkaapro (big blind) folded before Flop


PokerStars Hand #150526648620:  Hold'em Limit ($3/$6 USD) - 2016/03/18 2:55:44 ET
Table 'Capricorn' 6-max Seat #6 is the button
Seat 3: kr.poker8029 ($161 in chips)
Seat 6: anetkaapro ($72 in chips)
anetkaapro: posts small blind $1
kr.poker8029: posts big blind $3
*** HOLE CARDS ***
anetkaapro: raises $3 to $6
kr.poker8029: calls $3
*** FLOP *** [Qc Ac 4c]
kr.poker8029: checks
anetkaapro: bets $3
kr.poker8029: calls $3
*** TURN *** [Qc Ac 4c] [Tc]
kr.poker8029: checks
anetkaapro: checks
*** RIVER *** [Qc Ac 4c Tc] [7c]
kr.poker8029: bets $6
anetkaapro: folds
Uncalled bet ($6) returned to kr.poker8029
kr.poker8029 collected $17.64 from pot
*** SUMMARY ***
Total pot $18 | Rake $0.36
Board [Qc Ac 4c Tc 7c]
Seat 3: kr.poker8029 (big blind) collected ($17.64)
Seat 6: anetkaapro (button) (small blind) folded on the River


PokerStars Hand #150526643394:  Hold'em Limit ($3/$6 USD) - 2016/03/18 2:55:21 ET
Table 'Capricorn' 6-max Seat #3 is the button
Seat 3: kr.poker8029 ($143.50 in chips)
Seat 6: anetkaapro ($72 in chips)
kr.poker8029: posts small blind $1
anetkaapro: posts big blind $3
*** HOLE CARDS ***
kr.poker8029: raises $3 to $6
anetkaapro: calls $3
*** FLOP *** [2h 7s Qc]
anetkaapro: checks
kr.poker8029: bets $3
anetkaapro: raises $3 to $6
kr.poker8029: calls $3
*** TURN *** [2h 7s Qc] [Js]
anetkaapro: bets $6
kr.poker8029: calls $6
*** RIVER *** [2h 7s Qc Js] [Ac]
anetkaapro: checks
kr.poker8029: checks
*** SHOW DOWN ***
anetkaapro: shows [7c Td] (a pair of Sevens)
kr.poker8029: shows [Qs 5s] (a pair of Queens)
kr.poker8029 collected $35.50 from pot
*** SUMMARY ***
Total pot $36 | Rake $0.50
Board [2h 7s Qc Js Ac]
Seat 3: kr.poker8029 (button) (small blind) showed [Qs 5s] and won ($35.50) with a pair of Queens
Seat 6: anetkaapro (big blind) showed [7c Td] and lost with a pair of Sevens


PokerStars Hand #150526668703:  Hold'em Limit ($3/$6 USD) - 2016/03/18 2:57:10 ET
Table 'Capricorn' 6-max Seat #3 is the button
Seat 3: kr.poker8029 ($190.90 in chips)
Seat 6: anetkaapro ($72 in chips)
kr.poker8029: posts small blind $1
anetkaapro: posts big blind $3
*** HOLE CARDS ***
kr.poker8029: folds
Uncalled bet ($2) returned to anetkaapro
anetkaapro collected $2 from pot
anetkaapro: doesn't show hand
*** SUMMARY ***
Total pot $2 | Rake $0
Seat 3: kr.poker8029 (button) (small blind) folded before Flop
Seat 6: anetkaapro (big blind) collected ($2)


PokerStars Hand #150526665173:  Hold'em Limit ($3/$6 USD) - 2016/03/18 2:56:55 ET
Table 'Capricorn' 6-max Seat #6 is the button
Seat 3: kr.poker8029 ($189.90 in chips)
Seat 6: anetkaapro ($72 in chips)
anetkaapro: posts small blind $1
kr.poker8029: posts big blind $3
*** HOLE CARDS ***
anetkaapro: folds
Uncalled bet ($2) returned to kr.poker8029
kr.poker8029 collected $2 from pot
*** SUMMARY ***
Total pot $2 | Rake $0
Seat 3: kr.poker8029 (big blind) collected ($2)
Seat 6: anetkaapro (button) (small blind) folded before Flop


PokerStars Hand #150526663599:  Hold'em Limit ($3/$6 USD) - 2016/03/18 2:56:48 ET
Table 'Capricorn' 6-max Seat #3 is the button
Seat 3: kr.poker8029 ($186.90 in chips)
Seat 6: anetkaapro ($72 in chips)
kr.poker8029: posts small blind $1
anetkaapro: posts big blind $3
*** HOLE CARDS ***
kr.poker8029: raises $3 to $6
anetkaapro: folds
Uncalled bet ($3) returned to kr.poker8029
kr.poker8029 collected $6 from pot
*** SUMMARY ***
Total pot $6 | Rake $0
Seat 3: kr.poker8029 (button) (small blind) collected ($6)
Seat 6: anetkaapro (big blind) folded before Flop


PokerStars Hand #150526658620:  Hold'em Limit ($3/$6 USD) - 2016/03/18 2:56:27 ET
Table 'Capricorn' 6-max Seat #6 is the button
Seat 3: kr.poker8029 ($172.40 in chips)
Seat 6: anetkaapro ($72 in chips)
anetkaapro: posts small blind $1
kr.poker8029: posts big blind $3
*** HOLE CARDS ***
anetkaapro: raises $3 to $6
kr.poker8029: calls $3
*** FLOP *** [Qh Kd 2s]
kr.poker8029: checks
anetkaapro: bets $3
kr.poker8029: calls $3
*** TURN *** [Qh Kd 2s] [8s]
kr.poker8029: checks
anetkaapro: checks
*** RIVER *** [Qh Kd 2s 8s] [Js]
kr.poker8029: bets $6
anetkaapro: calls $6
*** SHOW DOWN ***
kr.poker8029: shows [Qd Th] (a pair of Queens)
anetkaapro: mucks hand
kr.poker8029 collected $29.50 from pot
*** SUMMARY ***
Total pot $30 | Rake $0.50
Board [Qh Kd 2s 8s Js]
Seat 3: kr.poker8029 (big blind) showed [Qd Th] and won ($29.50) with a pair of Queens
Seat 6: anetkaapro (button) (small blind) mucked


PokerStars Hand #150526682981:  Hold'em Limit ($3/$6 USD) - 2016/03/18 2:58:10 ET
Table 'Capricorn' 6-max Seat #3 is the button
Seat 3: kr.poker8029 ($195.54 in chips)
Seat 6: anetkaapro ($78.76 in chips)
kr.poker8029: posts small blind $1
anetkaapro: posts big blind $3
*** HOLE CARDS ***
kr.poker8029: folds
Uncalled bet ($2) returned to anetkaapro
anetkaapro collected $2 from pot
anetkaapro: doesn't show hand
*** SUMMARY ***
Total pot $2 | Rake $0
Seat 3: kr.poker8029 (button) (small blind) folded before Flop
Seat 6: anetkaapro (big blind) collected ($2)


PokerStars Hand #150526680799:  Hold'em Limit ($3/$6 USD) - 2016/03/18 2:58:01 ET
Table 'Capricorn' 6-max Seat #6 is the button
Seat 3: kr.poker8029 ($201.54 in chips)
Seat 6: anetkaapro ($73 in chips)
anetkaapro: posts small blind $1
kr.poker8029: posts big blind $3
*** HOLE CARDS ***
anetkaapro: raises $3 to $6
kr.poker8029: calls $3
*** FLOP *** [5d Kh Qs]
kr.poker8029: checks
anetkaapro: bets $3
kr.poker8029: folds
Uncalled bet ($3) returned to anetkaapro
anetkaapro collected $11.76 from pot
anetkaapro: doesn't show hand
*** SUMMARY ***
Total pot $12 | Rake $0.24
Board [5d Kh Qs]
Seat 3: kr.poker8029 (big blind) folded on the Flop
Seat 6: anetkaapro (button) (small blind) collected ($11.76)


PokerStars Hand #150526679580:  Hold'em Limit ($3/$6 USD) - 2016/03/18 2:57:56 ET
Table 'Capricorn' 6-max Seat #3 is the button
Seat 3: kr.poker8029 ($202.54 in chips)
Seat 6: anetkaapro ($72 in chips)
kr.poker8029: posts small blind $1
anetkaapro: posts big blind $3
*** HOLE CARDS ***
kr.poker8029: folds
Uncalled bet ($2) returned to anetkaapro
anetkaapro collected $2 from pot
anetkaapro: doesn't show hand
*** SUMMARY ***
Total pot $2 | Rake $0
Seat 3: kr.poker8029 (button) (small blind) folded before Flop
Seat 6: anetkaapro (big blind) collected ($2)


PokerStars Hand #150526678471:  Hold'em Limit ($3/$6 USD) - 2016/03/18 2:57:51 ET
Table 'Capricorn' 6-max Seat #6 is the button
Seat 3: kr.poker8029 ($201.54 in chips)
Seat 6: anetkaapro ($72 in chips)
anetkaapro: posts small blind $1
kr.poker8029: posts big blind $3
*** HOLE CARDS ***
anetkaapro: folds
Uncalled bet ($2) returned to kr.poker8029
kr.poker8029 collected $2 from pot
*** SUMMARY ***
Total pot $2 | Rake $0
Seat 3: kr.poker8029 (big blind) collected ($2)
Seat 6: anetkaapro (button) (small blind) folded before Flop


PokerStars Hand #150526677147:  Hold'em Limit ($3/$6 USD) - 2016/03/18 2:57:45 ET
Table 'Capricorn' 6-max Seat #3 is the button
Seat 3: kr.poker8029 ($198.54 in chips)
Seat 6: anetkaapro ($72 in chips)
kr.poker8029: posts small blind $1
anetkaapro: posts big blind $3
*** HOLE CARDS ***
kr.poker8029: raises $3 to $6
anetkaapro: folds
Uncalled bet ($3) returned to kr.poker8029
kr.poker8029 collected $6 from pot
*** SUMMARY ***
Total pot $6 | Rake $0
Seat 3: kr.poker8029 (button) (small blind) collected ($6)
Seat 6: anetkaapro (big blind) folded before Flop


PokerStars Hand #150526675968:  Hold'em Limit ($3/$6 USD) - 2016/03/18 2:57:41 ET
Table 'Capricorn' 6-max Seat #6 is the button
Seat 3: kr.poker8029 ($197.54 in chips)
Seat 6: anetkaapro ($73 in chips)
anetkaapro: posts small blind $1
kr.poker8029: posts big blind $3
*** HOLE CARDS ***
anetkaapro: folds
Uncalled bet ($2) returned to kr.poker8029
kr.poker8029 collected $2 from pot
*** SUMMARY ***
Total pot $2 | Rake $0
Seat 3: kr.poker8029 (big blind) collected ($2)
Seat 6: anetkaapro (button) (small blind) folded before Flop


PokerStars Hand #150526674701:  Hold'em Limit ($3/$6 USD) - 2016/03/18 2:57:35 ET
Table 'Capricorn' 6-max Seat #3 is the button
Seat 3: kr.poker8029 ($198.54 in chips)
Seat 6: anetkaapro ($72 in chips)
kr.poker8029: posts small blind $1
anetkaapro: posts big blind $3
*** HOLE CARDS ***
kr.poker8029: folds
Uncalled bet ($2) returned to anetkaapro
anetkaapro collected $2 from pot
anetkaapro: doesn't show hand
*** SUMMARY ***
Total pot $2 | Rake $0
Seat 3: kr.poker8029 (button) (small blind) folded before Flop
Seat 6: anetkaapro (big blind) collected ($2)


PokerStars Hand #150526670022:  Hold'em Limit ($3/$6 USD) - 2016/03/18 2:57:15 ET
Table 'Capricorn' 6-max Seat #6 is the button
Seat 3: kr.poker8029 ($189.90 in chips)
Seat 6: anetkaapro ($73 in chips)
anetkaapro: posts small blind $1
kr.poker8029: posts big blind $3
*** HOLE CARDS ***
anetkaapro: raises $3 to $6
kr.poker8029: calls $3
*** FLOP *** [9d 4h Tc]
kr.poker8029: checks
anetkaapro: bets $3
kr.poker8029: calls $3
*** TURN *** [9d 4h Tc] [Jd]
kr.poker8029: checks
anetkaapro: checks
*** RIVER *** [9d 4h Tc Jd] [Jc]
kr.poker8029: bets $6
anetkaapro: folds
Uncalled bet ($6) returned to kr.poker8029
kr.poker8029 collected $17.64 from pot
*** SUMMARY ***
Total pot $18 | Rake $0.36
Board [9d 4h Tc Jd Jc]
Seat 3: kr.poker8029 (big blind) collected ($17.64)
Seat 6: anetkaapro (button) (small blind) folded on the River


PokerStars Hand #150526696422:  Hold'em Limit ($3/$6 USD) - 2016/03/18 2:59:06 ET
Table 'Capricorn' 6-max Seat #6 is the button
Seat 3: kr.poker8029 ($176.54 in chips)
Seat 6: anetkaapro ($97.26 in chips)
anetkaapro: posts small blind $1
kr.poker8029: posts big blind $3
*** HOLE CARDS ***
anetkaapro: raises $3 to $6
kr.poker8029: raises $3 to $9
anetkaapro: calls $3
*** FLOP *** [7h Qd Kh]
kr.poker8029: bets $3
anetkaapro: calls $3
*** TURN *** [7h Qd Kh] [Jd]
kr.poker8029: bets $6
anetkaapro: raises $6 to $12
kr.poker8029: calls $6
*** RIVER *** [7h Qd Kh Jd] [9s]
kr.poker8029: checks
anetkaapro: bets $6
kr.poker8029: calls $6
*** SHOW DOWN ***
anetkaapro: shows [Kd 3c] (a pair of Kings)
kr.poker8029: mucks hand
anetkaapro collected $59.50 from pot
*** SUMMARY ***
Total pot $60 | Rake $0.50
Board [7h Qd Kh Jd 9s]
Seat 3: kr.poker8029 (big blind) mucked
Seat 6: anetkaapro (button) (small blind) showed [Kd 3c] and won ($59.50) with a pair of Kings


PokerStars Hand #150526695075:  Hold'em Limit ($3/$6 USD) - 2016/03/18 2:59:01 ET
Table 'Capricorn' 6-max Seat #3 is the button
Seat 3: kr.poker8029 ($177.54 in chips)
Seat 6: anetkaapro ($96.26 in chips)
kr.poker8029: posts small blind $1
anetkaapro: posts big blind $3
*** HOLE CARDS ***
kr.poker8029: folds
Uncalled bet ($2) returned to anetkaapro
anetkaapro collected $2 from pot
anetkaapro: doesn't show hand
*** SUMMARY ***
Total pot $2 | Rake $0
Seat 3: kr.poker8029 (button) (small blind) folded before Flop
Seat 6: anetkaapro (big blind) collected ($2)


PokerStars Hand #150526693257:  Hold'em Limit ($3/$6 USD) - 2016/03/18 2:58:53 ET
Table 'Capricorn' 6-max Seat #6 is the button
Seat 3: kr.poker8029 ($176.54 in chips)
Seat 6: anetkaapro ($97.26 in chips)
anetkaapro: posts small blind $1
kr.poker8029: posts big blind $3
*** HOLE CARDS ***
anetkaapro: folds
Uncalled bet ($2) returned to kr.poker8029
kr.poker8029 collected $2 from pot
*** SUMMARY ***
Total pot $2 | Rake $0
Seat 3: kr.poker8029 (big blind) collected ($2)
Seat 6: anetkaapro (button) (small blind) folded before Flop


PokerStars Hand #150526691862:  Hold'em Limit ($3/$6 USD) - 2016/03/18 2:58:47 ET
Table 'Capricorn' 6-max Seat #3 is the button
Seat 3: kr.poker8029 ($173.54 in chips)
Seat 6: anetkaapro ($100.26 in chips)
kr.poker8029: posts small blind $1
anetkaapro: posts big blind $3
*** HOLE CARDS ***
kr.poker8029: raises $3 to $6
anetkaapro: folds
Uncalled bet ($3) returned to kr.poker8029
kr.poker8029 collected $6 from pot
*** SUMMARY ***
Total pot $6 | Rake $0
Seat 3: kr.poker8029 (button) (small blind) collected ($6)
Seat 6: anetkaapro (big blind) folded before Flop


PokerStars Hand #150526690607:  Hold'em Limit ($3/$6 USD) - 2016/03/18 2:58:42 ET
Table 'Capricorn' 6-max Seat #6 is the button
Seat 3: kr.poker8029 ($172.54 in chips)
Seat 6: anetkaapro ($101.26 in chips)
anetkaapro: posts small blind $1
kr.poker8029: posts big blind $3
*** HOLE CARDS ***
anetkaapro: folds
Uncalled bet ($2) returned to kr.poker8029
kr.poker8029 collected $2 from pot
*** SUMMARY ***
Total pot $2 | Rake $0
Seat 3: kr.poker8029 (big blind) collected ($2)
Seat 6: anetkaapro (button) (small blind) folded before Flop


PokerStars Hand #150526689360:  Hold'em Limit ($3/$6 USD) - 2016/03/18 2:58:37 ET
Table 'Capricorn' 6-max Seat #3 is the button
Seat 3: kr.poker8029 ($173.54 in chips)
Seat 6: anetkaapro ($100.26 in chips)
kr.poker8029: posts small blind $1
anetkaapro: posts big blind $3
*** HOLE CARDS ***
kr.poker8029: folds
Uncalled bet ($2) returned to anetkaapro
anetkaapro collected $2 from pot
anetkaapro: doesn't show hand
*** SUMMARY ***
Total pot $2 | Rake $0
Seat 3: kr.poker8029 (button) (small blind) folded before Flop
Seat 6: anetkaapro (big blind) collected ($2)


PokerStars Hand #150526684161:  Hold'em Limit ($3/$6 USD) - 2016/03/18 2:58:15 ET
Table 'Capricorn' 6-max Seat #6 is the button
Seat 3: kr.poker8029 ($194.54 in chips)
Seat 6: anetkaapro ($79.76 in chips)
anetkaapro: posts small blind $1
kr.poker8029: posts big blind $3
*** HOLE CARDS ***
anetkaapro: raises $3 to $6
kr.poker8029: calls $3
*** FLOP *** [5h 2d 2s]
kr.poker8029: checks
anetkaapro: bets $3
kr.poker8029: calls $3
*** TURN *** [5h 2d 2s] [6c]
kr.poker8029: checks
anetkaapro: bets $6
kr.poker8029: calls $6
*** RIVER *** [5h 2d 2s 6c] [6d]
kr.poker8029: checks
anetkaapro: bets $6
kr.poker8029: calls $6
*** SHOW DOWN ***
anetkaapro: shows [Jc 5s] (two pair, Sixes and Fives)
kr.poker8029: mucks hand
anetkaapro collected $41.50 from pot
*** SUMMARY ***
Total pot $42 | Rake $0.50
Board [5h 2d 2s 6c 6d]
Seat 3: kr.poker8029 (big blind) mucked
Seat 6: anetkaapro (button) (small blind) showed [Jc 5s] and won ($41.50) with two pair, Sixes and Fives


PokerStars Hand #150526710454:  Hold'em Limit ($3/$6 USD) - 2016/03/18 3:00:05 ET
Table 'Capricorn' 6-max Seat #6 is the button
Seat 3: kr.poker8029 ($127.54 in chips)
Seat 6: anetkaapro ($145.04 in chips)
anetkaapro: posts small blind $1
kr.poker8029: posts big blind $3
*** HOLE CARDS ***
anetkaapro: raises $3 to $6
kr.poker8029: raises $3 to $9
anetkaapro: calls $3
*** FLOP *** [Jh 5c 8s]
kr.poker8029: bets $3
anetkaapro: calls $3
*** TURN *** [Jh 5c 8s] [9d]
kr.poker8029: bets $6
anetkaapro: calls $6
*** RIVER *** [Jh 5c 8s 9d] [6d]
kr.poker8029: bets $6
anetkaapro: raises $6 to $12
kr.poker8029: calls $6
*** SHOW DOWN ***
anetkaapro: shows [7h 5d] (a straight, Five to Nine)
kr.poker8029: mucks hand
anetkaapro collected $59.50 from pot
*** SUMMARY ***
Total pot $60 | Rake $0.50
Board [Jh 5c 8s 9d 6d]
Seat 3: kr.poker8029 (big blind) mucked
Seat 6: anetkaapro (button) (small blind) showed [7h 5d] and won ($59.50) with a straight, Five to Nine


PokerStars Hand #150526709175:  Hold'em Limit ($3/$6 USD) - 2016/03/18 3:00:00 ET
Table 'Capricorn' 6-max Seat #3 is the button
Seat 3: kr.poker8029 ($128.54 in chips)
Seat 6: anetkaapro ($144.04 in chips)
kr.poker8029: posts small blind $1
anetkaapro: posts big blind $3
*** HOLE CARDS ***
kr.poker8029: folds
Uncalled bet ($2) returned to anetkaapro
anetkaapro collected $2 from pot
anetkaapro: doesn't show hand
*** SUMMARY ***
Total pot $2 | Rake $0
Seat 3: kr.poker8029 (button) (small blind) folded before Flop
Seat 6: anetkaapro (big blind) collected ($2)


PokerStars Hand #150526707938:  Hold'em Limit ($3/$6 USD) - 2016/03/18 2:59:55 ET
Table 'Capricorn' 6-max Seat #6 is the button
Seat 3: kr.poker8029 ($131.54 in chips)
Seat 6: anetkaapro ($141.04 in chips)
anetkaapro: posts small blind $1
kr.poker8029: posts big blind $3
*** HOLE CARDS ***
anetkaapro: raises $3 to $6
kr.poker8029: folds
Uncalled bet ($3) returned to anetkaapro
anetkaapro collected $6 from pot
anetkaapro: doesn't show hand
*** SUMMARY ***
Total pot $6 | Rake $0
Seat 3: kr.poker8029 (big blind) folded before Flop
Seat 6: anetkaapro (button) (small blind) collected ($6)


PokerStars Hand #150526704962:  Hold'em Limit ($3/$6 USD) - 2016/03/18 2:59:42 ET
Table 'Capricorn' 6-max Seat #3 is the button
Seat 3: kr.poker8029 ($143.54 in chips)
Seat 6: anetkaapro ($129.52 in chips)
kr.poker8029: posts small blind $1
anetkaapro: posts big blind $3
*** HOLE CARDS ***
kr.poker8029: raises $3 to $6
anetkaapro: raises $3 to $9
kr.poker8029: calls $3
*** FLOP *** [2d 3s 9h]
anetkaapro: bets $3
kr.poker8029: calls $3
*** TURN *** [2d 3s 9h] [As]
anetkaapro: bets $6
kr.poker8029: folds
Uncalled bet ($6) returned to anetkaapro
anetkaapro collected $23.52 from pot
anetkaapro: doesn't show hand
*** SUMMARY ***
Total pot $24 | Rake $0.48
Board [2d 3s 9h As]
Seat 3: kr.poker8029 (button) (small blind) folded on the Turn
Seat 6: anetkaapro (big blind) collected ($23.52)


PokerStars Hand #150526702956:  Hold'em Limit ($3/$6 USD) - 2016/03/18 2:59:34 ET
Table 'Capricorn' 6-max Seat #6 is the button
Seat 3: kr.poker8029 ($149.54 in chips)
Seat 6: anetkaapro ($123.76 in chips)
anetkaapro: posts small blind $1
kr.poker8029: posts big blind $3
*** HOLE CARDS ***
anetkaapro: raises $3 to $6
kr.poker8029: calls $3
*** FLOP *** [Td Kc As]
kr.poker8029: checks
anetkaapro: bets $3
kr.poker8029: folds
Uncalled bet ($3) returned to anetkaapro
anetkaapro collected $11.76 from pot
anetkaapro: doesn't show hand
*** SUMMARY ***
Total pot $12 | Rake $0.24
Board [Td Kc As]
Seat 3: kr.poker8029 (big blind) folded on the Flop
Seat 6: anetkaapro (button) (small blind) collected ($11.76)


PokerStars Hand #150526701582:  Hold'em Limit ($3/$6 USD) - 2016/03/18 2:59:28 ET
Table 'Capricorn' 6-max Seat #3 is the button
Seat 3: kr.poker8029 ($146.54 in chips)
Seat 6: anetkaapro ($126.76 in chips)
kr.poker8029: posts small blind $1
anetkaapro: posts big blind $3
*** HOLE CARDS ***
kr.poker8029: raises $3 to $6
anetkaapro: folds
Uncalled bet ($3) returned to kr.poker8029
kr.poker8029 collected $6 from pot
*** SUMMARY ***
Total pot $6 | Rake $0
Seat 3: kr.poker8029 (button) (small blind) collected ($6)
Seat 6: anetkaapro (big blind) folded before Flop


PokerStars Hand #150526716711:  Hold'em Limit ($3/$6 USD) - 2016/03/18 3:00:30 ET
Table 'Capricorn' 6-max Seat #6 is the button
Seat 3: kr.poker8029 ($103.30 in chips)
Seat 6: anetkaapro ($168.54 in chips)
anetkaapro: posts small blind $1
kr.poker8029: posts big blind $3
*** HOLE CARDS ***
anetkaapro: raises $3 to $6
kr.poker8029: raises $3 to $9
anetkaapro: calls $3
*** FLOP *** [2h 7s 3s]
kr.poker8029: bets $3
anetkaapro: calls $3
*** TURN *** [2h 7s 3s] [Ts]
kr.poker8029: bets $6
anetkaapro: raises $6 to $12
kr.poker8029: folds
Uncalled bet ($6) returned to anetkaapro
anetkaapro collected $35.50 from pot
anetkaapro: doesn't show hand
*** SUMMARY ***
Total pot $36 | Rake $0.50
Board [2h 7s 3s Ts]
Seat 3: kr.poker8029 (big blind) folded on the Turn
Seat 6: anetkaapro (button) (small blind) collected ($35.50)


PokerStars Hand #150526714461:  Hold'em Limit ($3/$6 USD) - 2016/03/18 3:00:21 ET
Table 'Capricorn' 6-max Seat #3 is the button
Seat 3: kr.poker8029 ($97.54 in chips)
Seat 6: anetkaapro ($174.54 in chips)
kr.poker8029: posts small blind $1
anetkaapro: posts big blind $3
*** HOLE CARDS ***
kr.poker8029: raises $3 to $6
anetkaapro: calls $3
*** FLOP *** [5c Jd As]
anetkaapro: checks
kr.poker8029: bets $3
anetkaapro: folds
Uncalled bet ($3) returned to kr.poker8029
kr.poker8029 collected $11.76 from pot
*** SUMMARY ***
Total pot $12 | Rake $0.24
Board [5c Jd As]
Seat 3: kr.poker8029 (button) (small blind) collected ($11.76)
Seat 6: anetkaapro (big blind) folded on the Flop


