PokerStars Hand #162753191821:  Hold'em Limit ($3/$6 USD) - 2016/12/11 0:33:04 ET
Table 'Caprera' 6-max Seat #5 is the button
Seat 5: ExtraResistance ($301 in chips)
Seat 6: sportsjunkie ($41.52 in chips)
ExtraResistance: posts small blind $1
sportsjunkie: posts big blind $3
*** HOLE CARDS ***
ExtraResistance: raises $3 to $6
sportsjunkie: raises $3 to $9
ExtraResistance: calls $3
*** FLOP *** [Jc 7h 6d]
sportsjunkie: bets $3
ExtraResistance: folds
Uncalled bet ($3) returned to sportsjunkie
sportsjunkie collected $17.64 from pot
sportsjunkie: doesn't show hand
*** SUMMARY ***
Total pot $18 | Rake $0.36
Board [Jc 7h 6d]
Seat 5: ExtraResistance (button) (small blind) folded on the Flop
Seat 6: sportsjunkie (big blind) collected ($17.64)


PokerStars Hand #162753179243:  Hold'em Limit ($3/$6 USD) - 2016/12/11 0:32:19 ET
Table 'Caprera' 6-max Seat #6 is the button
Seat 1: LifeisagameX ($84 in chips)
Seat 6: sportsjunkie ($30 in chips)
sportsjunkie: posts small blind $1
LifeisagameX: posts big blind $3
*** HOLE CARDS ***
sportsjunkie: raises $3 to $6
LifeisagameX: calls $3
*** FLOP *** [As 9s 9h]
LifeisagameX: checks
ExtraResistance joins the table at seat #5
sportsjunkie: checks
*** TURN *** [As 9s 9h] [7d]
LifeisagameX: checks
sportsjunkie: bets $6
LifeisagameX: calls $6
*** RIVER *** [As 9s 9h 7d] [8c]
LifeisagameX: checks
sportsjunkie: checks
*** SHOW DOWN ***
LifeisagameX: shows [7c Th] (two pair, Nines and Sevens)
sportsjunkie: shows [8d Qs] (two pair, Nines and Eights)
sportsjunkie collected $23.52 from pot
*** SUMMARY ***
Total pot $24 | Rake $0.48
Board [As 9s 9h 7d 8c]
Seat 1: LifeisagameX (big blind) showed [7c Th] and lost with two pair, Nines and Sevens
Seat 6: sportsjunkie (button) (small blind) showed [8d Qs] and won ($23.52) with two pair, Nines and Eights


PokerStars Hand #162753203719:  Hold'em Limit ($3/$6 USD) - 2016/12/11 0:33:45 ET
Table 'Caprera' 6-max Seat #6 is the button
Seat 5: ExtraResistance ($257 in chips)
Seat 6: sportsjunkie ($84.66 in chips)
sportsjunkie: posts small blind $1
ExtraResistance: posts big blind $3
*** HOLE CARDS ***
TbIP-TbIP 88 joins the table at seat #1
sportsjunkie: raises $3 to $6
ExtraResistance: folds
Uncalled bet ($3) returned to sportsjunkie
sportsjunkie collected $6 from pot
sportsjunkie: doesn't show hand
*** SUMMARY ***
Total pot $6 | Rake $0
Seat 5: ExtraResistance (big blind) folded before Flop
Seat 6: sportsjunkie (button) (small blind) collected ($6)


PokerStars Hand #162753197095:  Hold'em Limit ($3/$6 USD) - 2016/12/11 0:33:22 ET
Table 'Caprera' 6-max Seat #5 is the button
Seat 5: ExtraResistance ($293 in chips)
Seat 6: sportsjunkie ($49.16 in chips)
ExtraResistance: posts small blind $1
sportsjunkie: posts big blind $3
*** HOLE CARDS ***
ExtraResistance: raises $3 to $6
sportsjunkie: raises $3 to $9
ExtraResistance: calls $3
*** FLOP *** [5h 4c 5c]
sportsjunkie: bets $3
ExtraResistance: calls $3
*** TURN *** [5h 4c 5c] [7d]
sportsjunkie: bets $6
ExtraResistance: raises $6 to $12
sportsjunkie: raises $6 to $18
ExtraResistance: calls $6
*** RIVER *** [5h 4c 5c 7d] [8c]
sportsjunkie: bets $6
ExtraResistance: calls $6
*** SHOW DOWN ***
sportsjunkie: shows [Jh 7h] (two pair, Sevens and Fives)
ExtraResistance: mucks hand
sportsjunkie collected $71.50 from pot
*** SUMMARY ***
Total pot $72 | Rake $0.50
Board [5h 4c 5c 7d 8c]
Seat 5: ExtraResistance (button) (small blind) mucked
Seat 6: sportsjunkie (big blind) showed [Jh 7h] and won ($71.50) with two pair, Sevens and Fives


PokerStars Hand #162753205488:  Hold'em Limit ($3/$6 USD) - 2016/12/11 0:33:51 ET
Table 'Caprera' 6-max Seat #5 is the button
Seat 5: ExtraResistance ($254 in chips)
Seat 6: sportsjunkie ($87.66 in chips)
ExtraResistance: posts small blind $1
sportsjunkie: posts big blind $3
*** HOLE CARDS ***
ExtraResistance: raises $3 to $6
sportsjunkie: calls $3
*** FLOP *** [4c 7s 5d]
sportsjunkie: bets $3
ExtraResistance: calls $3
*** TURN *** [4c 7s 5d] [Jh]
sportsjunkie: bets $6
ExtraResistance: calls $6
*** RIVER *** [4c 7s 5d Jh] [Qd]
sportsjunkie: bets $6
ExtraResistance: calls $6
*** SHOW DOWN ***
sportsjunkie: shows [5h 7c] (two pair, Sevens and Fives)
ExtraResistance: mucks hand
sportsjunkie collected $41.50 from pot
*** SUMMARY ***
Total pot $42 | Rake $0.50
Board [4c 7s 5d Jh Qd]
Seat 5: ExtraResistance (button) (small blind) mucked
Seat 6: sportsjunkie (big blind) showed [5h 7c] and won ($41.50) with two pair, Sevens and Fives


PokerStars Hand #162753195564:  Hold'em Limit ($3/$6 USD) - 2016/12/11 0:33:17 ET
Table 'Caprera' 6-max Seat #6 is the button
Seat 5: ExtraResistance ($292 in chips)
Seat 6: sportsjunkie ($50.16 in chips)
sportsjunkie: posts small blind $1
ExtraResistance: posts big blind $3
*** HOLE CARDS ***
sportsjunkie: folds
Uncalled bet ($2) returned to ExtraResistance
ExtraResistance collected $2 from pot
ExtraResistance: doesn't show hand
*** SUMMARY ***
Total pot $2 | Rake $0
Seat 5: ExtraResistance (big blind) collected ($2)
Seat 6: sportsjunkie (button) (small blind) folded before Flop


PokerStars Hand #162754075315:  Hold'em Limit ($3/$6 USD) - 2016/12/11 1:25:19 ET
Table 'Caprera' 6-max Seat #4 is the button
Seat 3: PinkTaxa ($91.75 in chips)
Seat 4: wobetting ($63.11 in chips)
wobetting: posts small blind $1
ExtraResistance: is sitting out
PinkTaxa: posts big blind $3
*** HOLE CARDS ***
wobetting: raises $3 to $6
PinkTaxa: folds
Uncalled bet ($3) returned to wobetting
wobetting collected $6 from pot
wobetting: doesn't show hand
*** SUMMARY ***
Total pot $6 | Rake $0
Seat 3: PinkTaxa (big blind) folded before Flop
Seat 4: wobetting (button) (small blind) collected ($6)


