PokerStars Hand #175180871733:  Hold'em Limit ($3/$6 USD) - 2017/09/03 22:59:07 ET
Table 'Caprera' 6-max Seat #2 is the button
Seat 1: LifeisagameX ($152.78 in chips)
Seat 2: nmpro32 ($113.41 in chips)
nmpro32: posts small blind $1
LifeisagameX: posts big blind $3
*** HOLE CARDS ***
nmpro32: raises $3 to $6
LifeisagameX: raises $3 to $9
nmpro32: calls $3
*** FLOP *** [6c 3h Jd]
LifeisagameX: bets $3
nmpro32: calls $3
*** TURN *** [6c 3h Jd] [5d]
LifeisagameX: checks
nmpro32: bets $6
LifeisagameX: raises $6 to $12
nmpro32: calls $6
*** RIVER *** [6c 3h Jd 5d] [7s]
LifeisagameX: bets $6
nmpro32: raises $6 to $12
LifeisagameX: folds
Uncalled bet ($6) returned to nmpro32
nmpro32 collected $59.50 from pot
nmpro32: doesn't show hand
*** SUMMARY ***
Total pot $60 | Rake $0.50
Board [6c 3h Jd 5d 7s]
Seat 1: LifeisagameX (big blind) folded on the River
Seat 2: nmpro32 (button) (small blind) collected ($59.50)


PokerStars Hand #175180905513:  Hold'em Limit ($3/$6 USD) - 2017/09/03 23:01:11 ET
Table 'Caprera' 6-max Seat #2 is the button
Seat 1: LifeisagameX ($158.28 in chips)
Seat 2: nmpro32 ($106.91 in chips)
nmpro32: posts small blind $1
LifeisagameX: posts big blind $3
*** HOLE CARDS ***
nmpro32: folds
Uncalled bet ($2) returned to LifeisagameX
LifeisagameX collected $2 from pot
LifeisagameX: doesn't show hand
*** SUMMARY ***
Total pot $2 | Rake $0
Seat 1: LifeisagameX (big blind) collected ($2)
Seat 2: nmpro32 (button) (small blind) folded before Flop


PokerStars Hand #175180888134:  Hold'em Limit ($3/$6 USD) - 2017/09/03 23:00:08 ET
Table 'Caprera' 6-max Seat #1 is the button
Seat 1: LifeisagameX ($122.78 in chips)
Seat 2: nmpro32 ($142.91 in chips)
LifeisagameX: posts small blind $1
nmpro32: posts big blind $3
*** HOLE CARDS ***
LifeisagameX: raises $3 to $6
nmpro32: calls $3
*** FLOP *** [5h 7h 6s]
nmpro32: checks
LifeisagameX: bets $3
nmpro32: raises $3 to $6
LifeisagameX: calls $3
*** TURN *** [5h 7h 6s] [7d]
nmpro32: bets $6
LifeisagameX: raises $6 to $12
nmpro32: raises $6 to $18
LifeisagameX: calls $6
*** RIVER *** [5h 7h 6s 7d] [5s]
nmpro32: bets $6
LifeisagameX: calls $6
*** SHOW DOWN ***
nmpro32: shows [4h 3h] (a straight, Three to Seven)
LifeisagameX: shows [9s 8d] (a straight, Five to Nine)
LifeisagameX collected $71.50 from pot
*** SUMMARY ***
Total pot $72 | Rake $0.50
Board [5h 7h 6s 7d 5s]
Seat 1: LifeisagameX (button) (small blind) showed [9s 8d] and won ($71.50) with a straight, Five to Nine
Seat 2: nmpro32 (big blind) showed [4h 3h] and lost with a straight, Three to Seven


PokerStars Hand #175180920974:  Hold'em Limit ($3/$6 USD) - 2017/09/03 23:02:05 ET
Table 'Caprera' 6-max Seat #2 is the button
Seat 1: LifeisagameX ($147.28 in chips)
Seat 2: nmpro32 ($117.43 in chips)
nmpro32: posts small blind $1
LifeisagameX: posts big blind $3
*** HOLE CARDS ***
nmpro32: raises $3 to $6
LifeisagameX: raises $3 to $9
nmpro32: calls $3
*** FLOP *** [Qc Qh 5h]
LifeisagameX: bets $3
nmpro32: raises $3 to $6
LifeisagameX: calls $3
*** TURN *** [Qc Qh 5h] [Kd]
LifeisagameX: checks
nmpro32: bets $6
LifeisagameX: calls $6
*** RIVER *** [Qc Qh 5h Kd] [Jd]
LifeisagameX: checks
nmpro32: checks
*** SHOW DOWN ***
LifeisagameX: shows [9c Kc] (two pair, Kings and Queens)
nmpro32: mucks hand
LifeisagameX collected $41.50 from pot
*** SUMMARY ***
Total pot $42 | Rake $0.50
Board [Qc Qh 5h Kd Jd]
Seat 1: LifeisagameX (big blind) showed [9c Kc] and won ($41.50) with two pair, Kings and Queens
Seat 2: nmpro32 (button) (small blind) mucked


PokerStars Hand #175180909843:  Hold'em Limit ($3/$6 USD) - 2017/09/03 23:01:26 ET
Table 'Caprera' 6-max Seat #1 is the button
Seat 1: LifeisagameX ($159.28 in chips)
Seat 2: nmpro32 ($105.91 in chips)
LifeisagameX: posts small blind $1
nmpro32: posts big blind $3
*** HOLE CARDS ***
LifeisagameX: raises $3 to $6
nmpro32: calls $3
*** FLOP *** [7d 5d Kh]
nmpro32: checks
LifeisagameX: checks
*** TURN *** [7d 5d Kh] [Ks]
nmpro32: bets $6
LifeisagameX: calls $6
*** RIVER *** [7d 5d Kh Ks] [5c]
nmpro32: bets $6
LifeisagameX: folds
Uncalled bet ($6) returned to nmpro32
nmpro32 collected $23.52 from pot
nmpro32: doesn't show hand
*** SUMMARY ***
Total pot $24 | Rake $0.48
Board [7d 5d Kh Ks 5c]
Seat 1: LifeisagameX (button) (small blind) folded on the River
Seat 2: nmpro32 (big blind) collected ($23.52)


PokerStars Hand #175180948386:  Hold'em Limit ($3/$6 USD) - 2017/09/03 23:03:38 ET
Table 'Caprera' 6-max Seat #1 is the button
Seat 1: LifeisagameX ($144.78 in chips)
Seat 2: nmpro32 ($118.93 in chips)
LifeisagameX: posts small blind $1
nmpro32: posts big blind $3
*** HOLE CARDS ***
LifeisagameX: raises $3 to $6
nmpro32: folds
Uncalled bet ($3) returned to LifeisagameX
LifeisagameX collected $6 from pot
LifeisagameX: doesn't show hand
*** SUMMARY ***
Total pot $6 | Rake $0
Seat 1: LifeisagameX (button) (small blind) collected ($6)
Seat 2: nmpro32 (big blind) folded before Flop


PokerStars Hand #175180946656:  Hold'em Limit ($3/$6 USD) - 2017/09/03 23:03:33 ET
Table 'Caprera' 6-max Seat #2 is the button
Seat 1: LifeisagameX ($143.78 in chips)
Seat 2: nmpro32 ($119.93 in chips)
nmpro32: posts small blind $1
LifeisagameX: posts big blind $3
*** HOLE CARDS ***
nmpro32: folds
Uncalled bet ($2) returned to LifeisagameX
LifeisagameX collected $2 from pot
LifeisagameX: doesn't show hand
*** SUMMARY ***
Total pot $2 | Rake $0
Seat 1: LifeisagameX (big blind) collected ($2)
Seat 2: nmpro32 (button) (small blind) folded before Flop


PokerStars Hand #175180931001:  Hold'em Limit ($3/$6 USD) - 2017/09/03 23:02:39 ET
Table 'Caprera' 6-max Seat #1 is the button
Seat 1: LifeisagameX ($167.78 in chips)
Seat 2: nmpro32 ($96.43 in chips)
LifeisagameX: posts small blind $1
nmpro32: posts big blind $3
*** HOLE CARDS ***
LifeisagameX: raises $3 to $6
nmpro32: raises $3 to $9
LifeisagameX: calls $3
*** FLOP *** [Kd Th Jc]
nmpro32: bets $3
LifeisagameX: calls $3
*** TURN *** [Kd Th Jc] [8c]
nmpro32: checks
LifeisagameX: checks
*** RIVER *** [Kd Th Jc 8c] [3c]
nmpro32: checks
LifeisagameX: bets $6
nmpro32: raises $6 to $12
LifeisagameX: calls $6
*** SHOW DOWN ***
nmpro32: shows [Tc Kc] (a flush, King high)
LifeisagameX: mucks hand
nmpro32 collected $47.50 from pot
*** SUMMARY ***
Total pot $48 | Rake $0.50
Board [Kd Th Jc 8c 3c]
Seat 1: LifeisagameX (button) (small blind) mucked
Seat 2: nmpro32 (big blind) showed [Tc Kc] and won ($47.50) with a flush, King high


PokerStars Hand #175180950363:  Hold'em Limit ($3/$6 USD) - 2017/09/03 23:03:45 ET
Table 'Caprera' 6-max Seat #2 is the button
Seat 1: LifeisagameX ($147.78 in chips)
Seat 2: nmpro32 ($115.93 in chips)
nmpro32: posts small blind $1
LifeisagameX: posts big blind $3
*** HOLE CARDS ***
nmpro32: raises $3 to $6
LifeisagameX: calls $3
*** FLOP *** [3c 6s Qs]
LifeisagameX: checks
nmpro32: bets $3
LifeisagameX: calls $3
*** TURN *** [3c 6s Qs] [Ts]
LifeisagameX: checks
nmpro32: checks
*** RIVER *** [3c 6s Qs Ts] [7s]
LifeisagameX: bets $6
nmpro32: folds
Uncalled bet ($6) returned to LifeisagameX
LifeisagameX collected $17.64 from pot
LifeisagameX: doesn't show hand
*** SUMMARY ***
Total pot $18 | Rake $0.36
Board [3c 6s Qs Ts 7s]
Seat 1: LifeisagameX (big blind) collected ($17.64)
Seat 2: nmpro32 (button) (small blind) folded on the River


PokerStars Hand #175180968649:  Hold'em Limit ($3/$6 USD) - 2017/09/03 23:04:48 ET
Table 'Caprera' 6-max Seat #1 is the button
Seat 1: LifeisagameX ($156.42 in chips)
Seat 2: nmpro32 ($106.93 in chips)
LifeisagameX: posts small blind $1
nmpro32: posts big blind $3
*** HOLE CARDS ***
LifeisagameX: raises $3 to $6
nmpro32: calls $3
*** FLOP *** [As Kc Tc]
nmpro32: checks
LifeisagameX: checks
*** TURN *** [As Kc Tc] [4h]
nmpro32: bets $6
LifeisagameX: calls $6
*** RIVER *** [As Kc Tc 4h] [Qh]
nmpro32: bets $6
LifeisagameX: calls $6
*** SHOW DOWN ***
nmpro32: shows [Jc 3h] (a straight, Ten to Ace)
LifeisagameX: mucks hand
nmpro32 collected $35.50 from pot
*** SUMMARY ***
Total pot $36 | Rake $0.50
Board [As Kc Tc 4h Qh]
Seat 1: LifeisagameX (button) (small blind) mucked
Seat 2: nmpro32 (big blind) showed [Jc 3h] and won ($35.50) with a straight, Ten to Ace


PokerStars Hand #175180978316:  Hold'em Limit ($3/$6 USD) - 2017/09/03 23:05:22 ET
Table 'Caprera' 6-max Seat #2 is the button
Seat 1: LifeisagameX ($138.42 in chips)
Seat 2: nmpro32 ($124.43 in chips)
nmpro32: posts small blind $1
LifeisagameX: posts big blind $3
*** HOLE CARDS ***
nmpro32: raises $3 to $6
LifeisagameX: raises $3 to $9
nmpro32: calls $3
*** FLOP *** [4c Qs 7s]
LifeisagameX: bets $3
nmpro32: calls $3
*** TURN *** [4c Qs 7s] [8d]
LifeisagameX: bets $6
nmpro32: raises $6 to $12
LifeisagameX: folds
Uncalled bet ($6) returned to nmpro32
nmpro32 collected $35.50 from pot
nmpro32: doesn't show hand
*** SUMMARY ***
Total pot $36 | Rake $0.50
Board [4c Qs 7s 8d]
Seat 1: LifeisagameX (big blind) folded on the Turn
Seat 2: nmpro32 (button) (small blind) collected ($35.50)


PokerStars Hand #175180999537:  Hold'em Limit ($3/$6 USD) - 2017/09/03 23:06:11 ET
Table 'Caprera' 6-max Seat #1 is the button
Seat 1: LifeisagameX ($120.42 in chips)
Seat 2: nmpro32 ($141.93 in chips)
LifeisagameX: posts small blind $1
nmpro32: posts big blind $3
*** HOLE CARDS ***
LifeisagameX: raises $3 to $6
nmpro32: calls $3
*** FLOP *** [9d Tc 9s]
nmpro32: checks
LifeisagameX: checks
*** TURN *** [9d Tc 9s] [3s]
nmpro32: bets $6
LifeisagameX: calls $6
*** RIVER *** [9d Tc 9s 3s] [5h]
nmpro32: bets $6
LifeisagameX: calls $6
*** SHOW DOWN ***
nmpro32: shows [5s Qc] (two pair, Nines and Fives)
LifeisagameX: mucks hand
nmpro32 collected $35.50 from pot
*** SUMMARY ***
Total pot $36 | Rake $0.50
Board [9d Tc 9s 3s 5h]
Seat 1: LifeisagameX (button) (small blind) mucked
Seat 2: nmpro32 (big blind) showed [5s Qc] and won ($35.50) with two pair, Nines and Fives


