PokerStars Hand #146830365557:  Hold'em Limit ($3/$6 USD) - 2016/01/10 18:46:25 ET
Table 'Caprera' 6-max Seat #5 is the button
Seat 1: LolDnkaments ($89 in chips)
Seat 5: Brama Br ($116.65 in chips)
Brama Br: posts small blind $1
LolDnkaments: posts big blind $3
*** HOLE CARDS ***
Brama Br: folds
Uncalled bet ($2) returned to LolDnkaments
LolDnkaments collected $2 from pot
LolDnkaments: doesn't show hand
*** SUMMARY ***
Total pot $2 | Rake $0
Seat 1: LolDnkaments (big blind) collected ($2)
Seat 5: Brama Br (button) (small blind) folded before Flop


PokerStars Hand #146830360099:  Hold'em Limit ($3/$6 USD) - 2016/01/10 18:46:18 ET
Table 'Caprera' 6-max Seat #1 is the button
Seat 1: LolDnkaments ($86 in chips)
Seat 5: Brama Br ($119.65 in chips)
LolDnkaments: posts small blind $1
Brama Br: posts big blind $3
*** HOLE CARDS ***
LolDnkaments: raises $3 to $6
la9pv joins the table at seat #4
Brama Br: folds
Uncalled bet ($3) returned to LolDnkaments
LolDnkaments collected $6 from pot
LolDnkaments: doesn't show hand
*** SUMMARY ***
Total pot $6 | Rake $0
Seat 1: LolDnkaments (button) (small blind) collected ($6)
Seat 5: Brama Br (big blind) folded before Flop


PokerStars Hand #146830344052:  Hold'em Limit ($3/$6 USD) - 2016/01/10 18:46:00 ET
Table 'Caprera' 6-max Seat #5 is the button
Seat 1: LolDnkaments ($107 in chips)
Seat 5: Brama Br ($99.15 in chips)
Brama Br: posts small blind $1
LolDnkaments: posts big blind $3
*** HOLE CARDS ***
Brama Br: raises $3 to $6
LolDnkaments: raises $3 to $9
Brama Br: calls $3
*** FLOP *** [5h 5s 4c]
LolDnkaments: bets $3
Brama Br: raises $3 to $6
LolDnkaments: calls $3
*** TURN *** [5h 5s 4c] [9c]
LolDnkaments: checks
Brama Br: checks
*** RIVER *** [5h 5s 4c 9c] [7h]
LolDnkaments: checks
Brama Br: bets $6
LolDnkaments: calls $6
*** SHOW DOWN ***
Brama Br: shows [6d 4d] (two pair, Fives and Fours)
LolDnkaments: mucks hand
Brama Br collected $41.50 from pot
*** SUMMARY ***
Total pot $42 | Rake $0.50
Board [5h 5s 4c 9c 7h]
Seat 1: LolDnkaments (big blind) mucked
Seat 5: Brama Br (button) (small blind) showed [6d 4d] and won ($41.50) with two pair, Fives and Fours


