PokerStars Hand #173663553434:  Hold'em Limit ($3/$6 USD) - 2017/07/29 12:31:36 ET
Table 'Caprera' 10-max Seat #6 is the button
Seat 6: GattoCh ($30 in chips)
Seat 7: TinaTurner72 ($120 in chips)
GattoCh: posts small blind $1
TinaTurner72: posts big blind $3
*** HOLE CARDS ***
GattoCh: calls $2
GoliafUa joins the table at seat #8
TinaTurner72: checks
*** FLOP *** [7c Th Ad]
TinaTurner72: checks
GattoCh: checks
*** TURN *** [7c Th Ad] [Qs]
TinaTurner72: checks
GattoCh: checks
*** RIVER *** [7c Th Ad Qs] [Kh]
TinaTurner72: bets $6
GattoCh: raises $6 to $12
TinaTurner72: raises $6 to $18
GattoCh: raises $6 to $24
Betting is capped
TinaTurner72: calls $6
suitedthrash joins the table at seat #4
*** SHOW DOWN ***
GattoCh: shows [Js 3c] (a straight, Ten to Ace)
TinaTurner72: shows [Jd 3d] (a straight, Ten to Ace)
TinaTurner72 collected $26.75 from pot
GattoCh collected $26.75 from pot
*** SUMMARY ***
Total pot $54 | Rake $0.50
Board [7c Th Ad Qs Kh]
Seat 6: GattoCh (button) (small blind) showed [Js 3c] and won ($26.75) with a straight, Ten to Ace
Seat 7: TinaTurner72 (big blind) showed [Jd 3d] and won ($26.75) with a straight, Ten to Ace


PokerStars Hand #173664329317:  Hold'em Limit ($3/$6 USD) - 2017/07/29 12:52:16 ET
Table 'Caprera' 10-max Seat #6 is the button
Seat 1: FHstyles ($104.57 in chips)
Seat 6: GattoCh ($128.10 in chips)
GattoCh: posts small blind $1
TinaTurner72: is sitting out
FHstyles: posts big blind $3
*** HOLE CARDS ***
TinaTurner72 leaves the table
GattoCh: calls $2
FHstyles: checks
*** FLOP *** [3d 6c 6d]
FHstyles: bets $3
GattoCh: folds
Uncalled bet ($3) returned to FHstyles
FHstyles collected $5.88 from pot
FHstyles: doesn't show hand
*** SUMMARY ***
Total pot $6 | Rake $0.12
Board [3d 6c 6d]
Seat 1: FHstyles (big blind) collected ($5.88)
Seat 6: GattoCh (button) (small blind) folded on the Flop


PokerStars Hand #173664349731:  Hold'em Limit ($3/$6 USD) - 2017/07/29 12:52:48 ET
Table 'Caprera' 10-max Seat #6 is the button
Seat 1: FHstyles ($113.21 in chips)
Seat 6: GattoCh ($119.10 in chips)
GattoCh: posts small blind $1
FHstyles: posts big blind $3
*** HOLE CARDS ***
GattoCh: calls $2
FHstyles: raises $3 to $6
GattoCh: calls $3
*** FLOP *** [7c 8h Ts]
FHstyles: bets $3
GattoCh: calls $3
*** TURN *** [7c 8h Ts] [2h]
FHstyles: checks
GattoCh: checks
*** RIVER *** [7c 8h Ts 2h] [Kd]
FHstyles: checks
GattoCh: bets $6
FHstyles: calls $6
*** SHOW DOWN ***
GattoCh: shows [Td 6h] (a pair of Tens)
FHstyles: mucks hand
GattoCh collected $29.50 from pot
*** SUMMARY ***
Total pot $30 | Rake $0.50
Board [7c 8h Ts 2h Kd]
Seat 1: FHstyles (big blind) mucked
Seat 6: GattoCh (button) (small blind) showed [Td 6h] and won ($29.50) with a pair of Tens


PokerStars Hand #173664340398:  Hold'em Limit ($3/$6 USD) - 2017/07/29 12:52:34 ET
Table 'Caprera' 10-max Seat #1 is the button
Seat 1: FHstyles ($107.45 in chips)
Seat 6: GattoCh ($125.10 in chips)
FHstyles: posts small blind $1
GattoCh: posts big blind $3
*** HOLE CARDS ***
FHstyles: raises $3 to $6
GattoCh: calls $3
*** FLOP *** [2h 7s Kc]
GattoCh: checks
FHstyles: bets $3
GattoCh: folds
Uncalled bet ($3) returned to FHstyles
FHstyles collected $11.76 from pot
FHstyles: doesn't show hand
*** SUMMARY ***
Total pot $12 | Rake $0.24
Board [2h 7s Kc]
Seat 1: FHstyles (button) (small blind) collected ($11.76)
Seat 6: GattoCh (big blind) folded on the Flop


PokerStars Hand #173664398946:  Hold'em Limit ($3/$6 USD) - 2017/07/29 12:54:07 ET
Table 'Caprera' 10-max Seat #6 is the button
Seat 1: FHstyles ($106.85 in chips)
Seat 6: GattoCh ($124.48 in chips)
GattoCh: posts small blind $1
FHstyles: posts big blind $3
*** HOLE CARDS ***
GattoCh: calls $2
FHstyles: checks
*** FLOP *** [7c 3d Ts]
FHstyles: bets $3
GattoCh: calls $3
*** TURN *** [7c 3d Ts] [8h]
FHstyles: bets $6
GattoCh: calls $6
*** RIVER *** [7c 3d Ts 8h] [Qc]
FHstyles: bets $6
GattoCh: calls $6
*** SHOW DOWN ***
FHstyles: shows [3s 7h] (two pair, Sevens and Threes)
GattoCh: mucks hand
FHstyles collected $35.50 from pot
*** SUMMARY ***
Total pot $36 | Rake $0.50
Board [7c 3d Ts 8h Qc]
Seat 1: FHstyles (big blind) showed [3s 7h] and won ($35.50) with two pair, Sevens and Threes
Seat 6: GattoCh (button) (small blind) mucked


PokerStars Hand #173664392201:  Hold'em Limit ($3/$6 USD) - 2017/07/29 12:53:56 ET
Table 'Caprera' 10-max Seat #1 is the button
Seat 1: FHstyles ($103.85 in chips)
Seat 6: GattoCh ($127.48 in chips)
FHstyles: posts small blind $1
GattoCh: posts big blind $3
*** HOLE CARDS ***
FHstyles: raises $3 to $6
GattoCh: folds
Uncalled bet ($3) returned to FHstyles
FHstyles collected $6 from pot
FHstyles: doesn't show hand
*** SUMMARY ***
Total pot $6 | Rake $0
Seat 1: FHstyles (button) (small blind) collected ($6)
Seat 6: GattoCh (big blind) folded before Flop


PokerStars Hand #173664382888:  Hold'em Limit ($3/$6 USD) - 2017/07/29 12:53:41 ET
Table 'Caprera' 10-max Seat #6 is the button
Seat 1: FHstyles ($106.85 in chips)
Seat 6: GattoCh ($124.60 in chips)
GattoCh: posts small blind $1
FHstyles: posts big blind $3
*** HOLE CARDS ***
GattoCh: calls $2
FHstyles: checks
*** FLOP *** [Qs Kh Th]
FHstyles: checks
GattoCh: checks
*** TURN *** [Qs Kh Th] [Ah]
FHstyles: checks
GattoCh: bets $6
FHstyles: folds
Uncalled bet ($6) returned to GattoCh
GattoCh collected $5.88 from pot
GattoCh: doesn't show hand
*** SUMMARY ***
Total pot $6 | Rake $0.12
Board [Qs Kh Th Ah]
Seat 1: FHstyles (big blind) folded on the Turn
Seat 6: GattoCh (button) (small blind) collected ($5.88)


PokerStars Hand #173664366716:  Hold'em Limit ($3/$6 USD) - 2017/07/29 12:53:15 ET
Table 'Caprera' 10-max Seat #1 is the button
Seat 1: FHstyles ($98.21 in chips)
Seat 6: GattoCh ($133.60 in chips)
FHstyles: posts small blind $1
GattoCh: posts big blind $3
*** HOLE CARDS ***
FHstyles: raises $3 to $6
GattoCh: calls $3
*** FLOP *** [8c 3c 5c]
GattoCh: checks
FHstyles: bets $3
GattoCh: calls $3
*** TURN *** [8c 3c 5c] [6c]
GattoCh: checks
FHstyles: bets $6
GattoCh: folds
Uncalled bet ($6) returned to FHstyles
FHstyles collected $17.64 from pot
FHstyles: doesn't show hand
*** SUMMARY ***
Total pot $18 | Rake $0.36
Board [8c 3c 5c 6c]
Seat 1: FHstyles (button) (small blind) collected ($17.64)
Seat 6: GattoCh (big blind) folded on the Turn


PokerStars Hand #173664445066:  Hold'em Limit ($3/$6 USD) - 2017/07/29 12:55:22 ET
Table 'Caprera' 10-max Seat #1 is the button
Seat 1: FHstyles ($121.10 in chips)
Seat 6: GattoCh ($109.11 in chips)
FHstyles: posts small blind $1
GattoCh: posts big blind $3
*** HOLE CARDS ***
FHstyles: raises $3 to $6
GattoCh: folds
Uncalled bet ($3) returned to FHstyles
FHstyles collected $6 from pot
FHstyles: doesn't show hand
*** SUMMARY ***
Total pot $6 | Rake $0
Seat 1: FHstyles (button) (small blind) collected ($6)
Seat 6: GattoCh (big blind) folded before Flop


PokerStars Hand #173664428001:  Hold'em Limit ($3/$6 USD) - 2017/07/29 12:54:53 ET
Table 'Caprera' 10-max Seat #6 is the button
Seat 1: FHstyles ($124.10 in chips)
Seat 6: GattoCh ($106.23 in chips)
GattoCh: posts small blind $1
FHstyles: posts big blind $3
*** HOLE CARDS ***
GattoCh: calls $2
FHstyles: checks
*** FLOP *** [Th Kd Kh]
FHstyles: checks
GattoCh: checks
*** TURN *** [Th Kd Kh] [Qh]
FHstyles: checks
GattoCh: checks
*** RIVER *** [Th Kd Kh Qh] [Kc]
FHstyles: checks
GattoCh: bets $6
FHstyles: folds
Uncalled bet ($6) returned to GattoCh
GattoCh collected $5.88 from pot
GattoCh: doesn't show hand
*** SUMMARY ***
Total pot $6 | Rake $0.12
Board [Th Kd Kh Qh Kc]
Seat 1: FHstyles (big blind) folded on the River
Seat 6: GattoCh (button) (small blind) collected ($5.88)


PokerStars Hand #173664410591:  Hold'em Limit ($3/$6 USD) - 2017/07/29 12:54:26 ET
Table 'Caprera' 10-max Seat #1 is the button
Seat 1: FHstyles ($124.35 in chips)
Seat 6: GattoCh ($106.48 in chips)
FHstyles: posts small blind $1
GattoCh: posts big blind $3
*** HOLE CARDS ***
FHstyles: raises $3 to $6
GattoCh: raises $3 to $9
GoliafUa leaves the table
FHstyles: calls $3
*** FLOP *** [7c 4d 6d]
GattoCh: bets $3
FHstyles: raises $3 to $6
GattoCh: calls $3
*** TURN *** [7c 4d 6d] [3c]
GattoCh: bets $6
FHstyles: raises $6 to $12
GattoCh: calls $6
*** RIVER *** [7c 4d 6d 3c] [5s]
GattoCh: checks
FHstyles: bets $6
GattoCh: calls $6
*** SHOW DOWN ***
FHstyles: shows [5c 3d] (a straight, Three to Seven)
GattoCh: shows [Jd Jh] (a straight, Three to Seven)
GattoCh collected $32.75 from pot
FHstyles collected $32.75 from pot
*** SUMMARY ***
Total pot $66 | Rake $0.50
Board [7c 4d 6d 3c 5s]
Seat 1: FHstyles (button) (small blind) showed [5c 3d] and won ($32.75) with a straight, Three to Seven
Seat 6: GattoCh (big blind) showed [Jd Jh] and won ($32.75) with a straight, Three to Seven


PokerStars Hand #173664468211:  Hold'em Limit ($3/$6 USD) - 2017/07/29 12:56:08 ET
Table 'Caprera' 10-max Seat #6 is the button
Seat 1: FHstyles ($116.10 in chips)
Seat 6: GattoCh ($113.75 in chips)
GattoCh: posts small blind $1
FHstyles: posts big blind $3
*** HOLE CARDS ***
GattoCh: folds
Uncalled bet ($2) returned to FHstyles
FHstyles collected $2 from pot
FHstyles: doesn't show hand
*** SUMMARY ***
Total pot $2 | Rake $0
Seat 1: FHstyles (big blind) collected ($2)
Seat 6: GattoCh (button) (small blind) folded before Flop


PokerStars Hand #173664453460:  Hold'em Limit ($3/$6 USD) - 2017/07/29 12:55:38 ET
Table 'Caprera' 10-max Seat #1 is the button
Seat 1: FHstyles ($125.10 in chips)
Seat 6: GattoCh ($105.11 in chips)
FHstyles: posts small blind $1
GattoCh: posts big blind $3
*** HOLE CARDS ***
FHstyles: raises $3 to $6
GattoCh: calls $3
*** FLOP *** [5d Th 9d]
GattoCh: checks
FHstyles: bets $3
GattoCh: calls $3
*** TURN *** [5d Th 9d] [7d]
GattoCh: checks
FHstyles: checks
*** RIVER *** [5d Th 9d 7d] [6c]
GattoCh: checks
FHstyles: checks
*** SHOW DOWN ***
GattoCh: shows [Js 7s] (a pair of Sevens)
FHstyles: mucks hand
GattoCh collected $17.64 from pot
*** SUMMARY ***
Total pot $18 | Rake $0.36
Board [5d Th 9d 7d 6c]
Seat 1: FHstyles (button) (small blind) mucked
Seat 6: GattoCh (big blind) showed [Js 7s] and won ($17.64) with a pair of Sevens


PokerStars Hand #173664449962:  Hold'em Limit ($3/$6 USD) - 2017/07/29 12:55:32 ET
Table 'Caprera' 10-max Seat #6 is the button
Seat 1: FHstyles ($124.10 in chips)
Seat 6: GattoCh ($106.11 in chips)
GattoCh: posts small blind $1
FHstyles: posts big blind $3
*** HOLE CARDS ***
GattoCh: folds
Uncalled bet ($2) returned to FHstyles
FHstyles collected $2 from pot
FHstyles: doesn't show hand
*** SUMMARY ***
Total pot $2 | Rake $0
Seat 1: FHstyles (big blind) collected ($2)
Seat 6: GattoCh (button) (small blind) folded before Flop


PokerStars Hand #173664486553:  Hold'em Limit ($3/$6 USD) - 2017/07/29 12:56:44 ET
Table 'Caprera' 10-max Seat #6 is the button
Seat 1: FHstyles ($96.10 in chips)
Seat 6: GattoCh ($133.25 in chips)
GattoCh: posts small blind $1
FHstyles: posts big blind $3
*** HOLE CARDS ***
GattoCh: calls $2
FHstyles: checks
*** FLOP *** [2s 8h Js]
FHstyles: checks
GattoCh: checks
*** TURN *** [2s 8h Js] [2c]
FHstyles: bets $6
GattoCh: calls $6
*** RIVER *** [2s 8h Js 2c] [4d]
FHstyles: bets $6
GattoCh: calls $6
*** SHOW DOWN ***
FHstyles: shows [2d Tc] (three of a kind, Deuces)
GattoCh: mucks hand
FHstyles collected $29.50 from pot
*** SUMMARY ***
Total pot $30 | Rake $0.50
Board [2s 8h Js 2c 4d]
Seat 1: FHstyles (big blind) showed [2d Tc] and won ($29.50) with three of a kind, Deuces
Seat 6: GattoCh (button) (small blind) mucked


PokerStars Hand #173664471677:  Hold'em Limit ($3/$6 USD) - 2017/07/29 12:56:14 ET
Table 'Caprera' 10-max Seat #1 is the button
Seat 1: FHstyles ($117.10 in chips)
Seat 6: GattoCh ($112.75 in chips)
FHstyles: posts small blind $1
GattoCh: posts big blind $3
*** HOLE CARDS ***
FHstyles: raises $3 to $6
GattoCh: calls $3
*** FLOP *** [Ac 5h 2s]
GattoCh: bets $3
FHstyles: calls $3
*** TURN *** [Ac 5h 2s] [9d]
GattoCh: bets $6
FHstyles: calls $6
*** RIVER *** [Ac 5h 2s 9d] [Ks]
GattoCh: bets $6
FHstyles: calls $6
*** SHOW DOWN ***
GattoCh: shows [Ah 7d] (a pair of Aces)
FHstyles: mucks hand
GattoCh collected $41.50 from pot
*** SUMMARY ***
Total pot $42 | Rake $0.50
Board [Ac 5h 2s 9d Ks]
Seat 1: FHstyles (button) (small blind) mucked
Seat 6: GattoCh (big blind) showed [Ah 7d] and won ($41.50) with a pair of Aces


PokerStars Hand #173664517675:  Hold'em Limit ($3/$6 USD) - 2017/07/29 12:57:44 ET
Table 'Caprera' 10-max Seat #6 is the button
Seat 1: FHstyles ($89.60 in chips)
Seat 6: GattoCh ($138.75 in chips)
GattoCh: posts small blind $1
FHstyles: posts big blind $3
*** HOLE CARDS ***
GattoCh: calls $2
FHstyles: checks
*** FLOP *** [5d 6d 4d]
FHstyles: bets $3
GattoCh: calls $3
*** TURN *** [5d 6d 4d] [6h]
FHstyles: bets $6
GattoCh: folds
Uncalled bet ($6) returned to FHstyles
FHstyles collected $11.76 from pot
FHstyles: doesn't show hand
*** SUMMARY ***
Total pot $12 | Rake $0.24
Board [5d 6d 4d 6h]
Seat 1: FHstyles (big blind) collected ($11.76)
Seat 6: GattoCh (button) (small blind) folded on the Turn


PokerStars Hand #173664500870:  Hold'em Limit ($3/$6 USD) - 2017/07/29 12:57:11 ET
Table 'Caprera' 10-max Seat #1 is the button
Seat 1: FHstyles ($110.60 in chips)
Seat 6: GattoCh ($118.25 in chips)
FHstyles: posts small blind $1
GattoCh: posts big blind $3
*** HOLE CARDS ***
FHstyles: raises $3 to $6
GattoCh: calls $3
*** FLOP *** [Ac 8h 3h]
GattoCh: checks
FHstyles: bets $3
GattoCh: calls $3
*** TURN *** [Ac 8h 3h] [Th]
GattoCh: bets $6
FHstyles: calls $6
*** RIVER *** [Ac 8h 3h Th] [7c]
GattoCh: bets $6
FHstyles: calls $6
*** SHOW DOWN ***
GattoCh: shows [4h 5h] (a flush, Ten high)
FHstyles: mucks hand
GattoCh collected $41.50 from pot
*** SUMMARY ***
Total pot $42 | Rake $0.50
Board [Ac 8h 3h Th 7c]
Seat 1: FHstyles (button) (small blind) mucked
Seat 6: GattoCh (big blind) showed [4h 5h] and won ($41.50) with a flush, Ten high


PokerStars Hand #173664559510:  Hold'em Limit ($3/$6 USD) - 2017/07/29 12:59:05 ET
Table 'Caprera' 10-max Seat #1 is the button
Seat 1: FHstyles ($123.62 in chips)
Seat 6: GattoCh ($103.75 in chips)
FHstyles: posts small blind $1
GattoCh: posts big blind $3
*** HOLE CARDS ***
FHstyles: raises $3 to $6
GattoCh: folds
Uncalled bet ($3) returned to FHstyles
FHstyles collected $6 from pot
FHstyles: doesn't show hand
*** SUMMARY ***
Total pot $6 | Rake $0
Seat 1: FHstyles (button) (small blind) collected ($6)
Seat 6: GattoCh (big blind) folded before Flop


PokerStars Hand #173664556292:  Hold'em Limit ($3/$6 USD) - 2017/07/29 12:58:59 ET
Table 'Caprera' 10-max Seat #6 is the button
Seat 1: FHstyles ($122.62 in chips)
Seat 6: GattoCh ($104.75 in chips)
GattoCh: posts small blind $1
FHstyles: posts big blind $3
*** HOLE CARDS ***
GattoCh: folds
Uncalled bet ($2) returned to FHstyles
FHstyles collected $2 from pot
FHstyles: doesn't show hand
*** SUMMARY ***
Total pot $2 | Rake $0
Seat 1: FHstyles (big blind) collected ($2)
Seat 6: GattoCh (button) (small blind) folded before Flop


PokerStars Hand #173664548786:  Hold'em Limit ($3/$6 USD) - 2017/07/29 12:58:45 ET
Table 'Caprera' 10-max Seat #1 is the button
Seat 1: FHstyles ($116.86 in chips)
Seat 6: GattoCh ($110.75 in chips)
FHstyles: posts small blind $1
GattoCh: posts big blind $3
*** HOLE CARDS ***
FHstyles: raises $3 to $6
GattoCh: calls $3
*** FLOP *** [8d Qh 2h]
GattoCh: checks
FHstyles: bets $3
GattoCh: folds
Uncalled bet ($3) returned to FHstyles
FHstyles collected $11.76 from pot
FHstyles: doesn't show hand
*** SUMMARY ***
Total pot $12 | Rake $0.24
Board [8d Qh 2h]
Seat 1: FHstyles (button) (small blind) collected ($11.76)
Seat 6: GattoCh (big blind) folded on the Flop


PokerStars Hand #173664563315:  Hold'em Limit ($3/$6 USD) - 2017/07/29 12:59:13 ET
Table 'Caprera' 10-max Seat #6 is the button
Seat 1: FHstyles ($126.62 in chips)
Seat 6: GattoCh ($100.75 in chips)
GattoCh: posts small blind $1
FHstyles: posts big blind $3
*** HOLE CARDS ***
GattoCh: calls $2
FHstyles: checks
*** FLOP *** [Qc As Ac]
FHstyles: checks
GattoCh: checks
*** TURN *** [Qc As Ac] [9h]
FHstyles: checks
GattoCh: checks
*** RIVER *** [Qc As Ac 9h] [3s]
FHstyles: checks
GattoCh: bets $6
FHstyles: folds
Uncalled bet ($6) returned to GattoCh
GattoCh collected $5.88 from pot
GattoCh: doesn't show hand
*** SUMMARY ***
Total pot $6 | Rake $0.12
Board [Qc As Ac 9h 3s]
Seat 1: FHstyles (big blind) folded on the River
Seat 6: GattoCh (button) (small blind) collected ($5.88)


PokerStars Hand #173664545095:  Hold'em Limit ($3/$6 USD) - 2017/07/29 12:58:37 ET
Table 'Caprera' 10-max Seat #6 is the button
Seat 1: FHstyles ($115.86 in chips)
Seat 6: GattoCh ($111.75 in chips)
GattoCh: posts small blind $1
FHstyles: posts big blind $3
*** HOLE CARDS ***
GattoCh: folds
Uncalled bet ($2) returned to FHstyles
FHstyles collected $2 from pot
FHstyles: doesn't show hand
*** SUMMARY ***
Total pot $2 | Rake $0
Seat 1: FHstyles (big blind) collected ($2)
Seat 6: GattoCh (button) (small blind) folded before Flop


PokerStars Hand #173664531651:  Hold'em Limit ($3/$6 USD) - 2017/07/29 12:58:11 ET
Table 'Caprera' 10-max Seat #1 is the button
Seat 1: FHstyles ($95.36 in chips)
Seat 6: GattoCh ($132.75 in chips)
FHstyles: posts small blind $1
GattoCh: posts big blind $3
*** HOLE CARDS ***
FHstyles: raises $3 to $6
GattoCh: calls $3
*** FLOP *** [6h Td 7c]
GattoCh: checks
FHstyles: bets $3
GattoCh: calls $3
*** TURN *** [6h Td 7c] [Qd]
GattoCh: checks
FHstyles: bets $6
GattoCh: calls $6
*** RIVER *** [6h Td 7c Qd] [3s]
GattoCh: checks
FHstyles: bets $6
GattoCh: calls $6
*** SHOW DOWN ***
FHstyles: shows [5h 4d] (a straight, Three to Seven)
GattoCh: mucks hand
FHstyles collected $41.50 from pot
*** SUMMARY ***
Total pot $42 | Rake $0.50
Board [6h Td 7c Qd 3s]
Seat 1: FHstyles (button) (small blind) showed [5h 4d] and won ($41.50) with a straight, Three to Seven
Seat 6: GattoCh (big blind) mucked


PokerStars Hand #173664589168:  Hold'em Limit ($3/$6 USD) - 2017/07/29 13:00:03 ET
Table 'Caprera' 10-max Seat #1 is the button
Seat 1: FHstyles ($141.12 in chips)
Seat 6: GattoCh ($85.63 in chips)
FHstyles: posts small blind $1
GattoCh: posts big blind $3
*** HOLE CARDS ***
FHstyles: raises $3 to $6
GattoCh: calls $3
*** FLOP *** [4s 8s Ah]
GattoCh: checks
FHstyles: bets $3
GattoCh: calls $3
*** TURN *** [4s 8s Ah] [5c]
GattoCh: checks
FHstyles: checks
*** RIVER *** [4s 8s Ah 5c] [9h]
GattoCh: checks
FHstyles: checks
*** SHOW DOWN ***
GattoCh: shows [4c Kc] (a pair of Fours)
FHstyles: mucks hand
GattoCh collected $17.64 from pot
*** SUMMARY ***
Total pot $18 | Rake $0.36
Board [4s 8s Ah 5c 9h]
Seat 1: FHstyles (button) (small blind) mucked
Seat 6: GattoCh (big blind) showed [4c Kc] and won ($17.64) with a pair of Fours


PokerStars Hand #173664577636:  Hold'em Limit ($3/$6 USD) - 2017/07/29 12:59:40 ET
Table 'Caprera' 10-max Seat #6 is the button
Seat 1: FHstyles ($126.62 in chips)
Seat 6: GattoCh ($100.63 in chips)
GattoCh: posts small blind $1
FHstyles: posts big blind $3
*** HOLE CARDS ***
GattoCh: calls $2
FHstyles: raises $3 to $6
GattoCh: calls $3
*** FLOP *** [Td 8h 4c]
FHstyles: bets $3
GattoCh: calls $3
*** TURN *** [Td 8h 4c] [Jd]
FHstyles: bets $6
GattoCh: calls $6
*** RIVER *** [Td 8h 4c Jd] [2d]
FHstyles: checks
GattoCh: checks
*** SHOW DOWN ***
FHstyles: shows [Kc Ad] (high card Ace)
GattoCh: mucks hand
FHstyles collected $29.50 from pot
*** SUMMARY ***
Total pot $30 | Rake $0.50
Board [Td 8h 4c Jd 2d]
Seat 1: FHstyles (big blind) showed [Kc Ad] and won ($29.50) with high card Ace
Seat 6: GattoCh (button) (small blind) mucked


PokerStars Hand #173664573184:  Hold'em Limit ($3/$6 USD) - 2017/07/29 12:59:32 ET
Table 'Caprera' 10-max Seat #1 is the button
Seat 1: FHstyles ($123.62 in chips)
Seat 6: GattoCh ($103.63 in chips)
FHstyles: posts small blind $1
GattoCh: posts big blind $3
*** HOLE CARDS ***
FHstyles: raises $3 to $6
GattoCh: folds
Uncalled bet ($3) returned to FHstyles
FHstyles collected $6 from pot
FHstyles: doesn't show hand
*** SUMMARY ***
Total pot $6 | Rake $0
Seat 1: FHstyles (button) (small blind) collected ($6)
Seat 6: GattoCh (big blind) folded before Flop


PokerStars Hand #173664632028:  Hold'em Limit ($3/$6 USD) - 2017/07/29 13:01:21 ET
Table 'Caprera' 10-max Seat #1 is the button
Seat 1: FHstyles ($121.12 in chips)
Seat 6: GattoCh ($104.79 in chips)
FHstyles: posts small blind $1
GattoCh: posts big blind $3
*** HOLE CARDS ***
FHstyles: raises $3 to $6
GattoCh: folds
Uncalled bet ($3) returned to FHstyles
FHstyles collected $6 from pot
FHstyles: doesn't show hand
*** SUMMARY ***
Total pot $6 | Rake $0
Seat 1: FHstyles (button) (small blind) collected ($6)
Seat 6: GattoCh (big blind) folded before Flop


PokerStars Hand #173664628834:  Hold'em Limit ($3/$6 USD) - 2017/07/29 13:01:16 ET
Table 'Caprera' 10-max Seat #6 is the button
Seat 1: FHstyles ($120.12 in chips)
Seat 6: GattoCh ($105.79 in chips)
GattoCh: posts small blind $1
FHstyles: posts big blind $3
*** HOLE CARDS ***
GattoCh: folds
Uncalled bet ($2) returned to FHstyles
FHstyles collected $2 from pot
FHstyles: doesn't show hand
*** SUMMARY ***
Total pot $2 | Rake $0
Seat 1: FHstyles (big blind) collected ($2)
Seat 6: GattoCh (button) (small blind) folded before Flop


PokerStars Hand #173664614061:  Hold'em Limit ($3/$6 USD) - 2017/07/29 13:00:49 ET
Table 'Caprera' 10-max Seat #1 is the button
Seat 1: FHstyles ($129.12 in chips)
Seat 6: GattoCh ($97.15 in chips)
FHstyles: posts small blind $1
GattoCh: posts big blind $3
*** HOLE CARDS ***
FHstyles: raises $3 to $6
GattoCh: calls $3
*** FLOP *** [Th 5d Qh]
GattoCh: checks
FHstyles: bets $3
GattoCh: calls $3
*** TURN *** [Th 5d Qh] [3c]
GattoCh: checks
FHstyles: checks
*** RIVER *** [Th 5d Qh 3c] [Ad]
GattoCh: bets $6
FHstyles: folds
Uncalled bet ($6) returned to GattoCh
GattoCh collected $17.64 from pot
GattoCh: doesn't show hand
*** SUMMARY ***
Total pot $18 | Rake $0.36
Board [Th 5d Qh 3c Ad]
Seat 1: FHstyles (button) (small blind) folded on the River
Seat 6: GattoCh (big blind) collected ($17.64)


PokerStars Hand #173664603029:  Hold'em Limit ($3/$6 USD) - 2017/07/29 13:00:29 ET
Table 'Caprera' 10-max Seat #6 is the button
Seat 1: FHstyles ($132.12 in chips)
Seat 6: GattoCh ($94.27 in chips)
GattoCh: posts small blind $1
FHstyles: posts big blind $3
*** HOLE CARDS ***
GattoCh: calls $2
FHstyles: checks
*** FLOP *** [9s Tc 2h]
FHstyles: checks
GattoCh: checks
*** TURN *** [9s Tc 2h] [3s]
FHstyles: checks
GattoCh: checks
*** RIVER *** [9s Tc 2h 3s] [Ad]
FHstyles: checks
GattoCh: bets $6
FHstyles: folds
Uncalled bet ($6) returned to GattoCh
GattoCh collected $5.88 from pot
*** SUMMARY ***
Total pot $6 | Rake $0.12
Board [9s Tc 2h 3s Ad]
Seat 1: FHstyles (big blind) folded on the River
Seat 6: GattoCh (button) (small blind) collected ($5.88)


PokerStars Hand #173664664596:  Hold'em Limit ($3/$6 USD) - 2017/07/29 13:02:17 ET
Table 'Caprera' 10-max Seat #6 is the button
Seat 1: FHstyles ($103.12 in chips)
Seat 6: GattoCh ($122.29 in chips)
GattoCh: posts small blind $1
FHstyles: posts big blind $3
*** HOLE CARDS ***
GattoCh: calls $2
FHstyles: checks
*** FLOP *** [As 8c 8d]
FHstyles: checks
GattoCh: checks
*** TURN *** [As 8c 8d] [2c]
FHstyles: checks
GattoCh: checks
*** RIVER *** [As 8c 8d 2c] [Kh]
FHstyles: checks
GattoCh: bets $6
FHstyles: folds
Uncalled bet ($6) returned to GattoCh
GattoCh collected $5.88 from pot
GattoCh: doesn't show hand
*** SUMMARY ***
Total pot $6 | Rake $0.12
Board [As 8c 8d 2c Kh]
Seat 1: FHstyles (big blind) folded on the River
Seat 6: GattoCh (button) (small blind) collected ($5.88)


PokerStars Hand #173664661476:  Hold'em Limit ($3/$6 USD) - 2017/07/29 13:02:12 ET
Table 'Caprera' 10-max Seat #1 is the button
Seat 1: FHstyles ($104.12 in chips)
Seat 6: GattoCh ($121.29 in chips)
FHstyles: posts small blind $1
GattoCh: posts big blind $3
*** HOLE CARDS ***
FHstyles: folds
Uncalled bet ($2) returned to GattoCh
GattoCh collected $2 from pot
GattoCh: doesn't show hand
*** SUMMARY ***
Total pot $2 | Rake $0
Seat 1: FHstyles (button) (small blind) folded before Flop
Seat 6: GattoCh (big blind) collected ($2)


PokerStars Hand #173664645782:  Hold'em Limit ($3/$6 USD) - 2017/07/29 13:01:45 ET
Table 'Caprera' 10-max Seat #6 is the button
Seat 1: FHstyles ($128.12 in chips)
Seat 6: GattoCh ($97.79 in chips)
GattoCh: posts small blind $1
FHstyles: posts big blind $3
*** HOLE CARDS ***
GattoCh: calls $2
FHstyles: raises $3 to $6
GattoCh: calls $3
*** FLOP *** [6d Jc Qh]
FHstyles: bets $3
GattoCh: raises $3 to $6
FHstyles: calls $3
*** TURN *** [6d Jc Qh] [9d]
FHstyles: checks
GattoCh: bets $6
FHstyles: calls $6
*** RIVER *** [6d Jc Qh 9d] [5s]
FHstyles: checks
GattoCh: bets $6
FHstyles: calls $6
*** SHOW DOWN ***
GattoCh: shows [Jd Tc] (a pair of Jacks)
FHstyles: mucks hand
GattoCh collected $47.50 from pot
*** SUMMARY ***
Total pot $48 | Rake $0.50
Board [6d Jc Qh 9d 5s]
Seat 1: FHstyles (big blind) mucked
Seat 6: GattoCh (button) (small blind) showed [Jd Tc] and won ($47.50) with a pair of Jacks


PokerStars Hand #173664641646:  Hold'em Limit ($3/$6 USD) - 2017/07/29 13:01:38 ET
Table 'Caprera' 10-max Seat #1 is the button
Seat 1: FHstyles ($125.12 in chips)
Seat 6: GattoCh ($100.79 in chips)
FHstyles: posts small blind $1
GattoCh: posts big blind $3
*** HOLE CARDS ***
FHstyles: raises $3 to $6
GattoCh: folds
Uncalled bet ($3) returned to FHstyles
FHstyles collected $6 from pot
FHstyles: doesn't show hand
*** SUMMARY ***
Total pot $6 | Rake $0
Seat 1: FHstyles (button) (small blind) collected ($6)
Seat 6: GattoCh (big blind) folded before Flop


PokerStars Hand #173664636453:  Hold'em Limit ($3/$6 USD) - 2017/07/29 13:01:29 ET
Table 'Caprera' 10-max Seat #6 is the button
Seat 1: FHstyles ($124.12 in chips)
Seat 6: GattoCh ($101.79 in chips)
GattoCh: posts small blind $1
FHstyles: posts big blind $3
*** HOLE CARDS ***
GattoCh: folds
Uncalled bet ($2) returned to FHstyles
FHstyles collected $2 from pot
FHstyles: doesn't show hand
*** SUMMARY ***
Total pot $2 | Rake $0
Seat 1: FHstyles (big blind) collected ($2)
Seat 6: GattoCh (button) (small blind) folded before Flop


PokerStars Hand #173664701427:  Hold'em Limit ($3/$6 USD) - 2017/07/29 13:03:11 ET
Table 'Caprera' 10-max Seat #1 is the button
Seat 1: FHstyles ($124.62 in chips)
Seat 6: GattoCh ($100.17 in chips)
FHstyles: posts small blind $1
GattoCh: posts big blind $3
*** HOLE CARDS ***
FHstyles: raises $3 to $6
GattoCh: calls $3
*** FLOP *** [4h 4c 6c]
GattoCh: checks
FHstyles: bets $3
GattoCh: calls $3
*** TURN *** [4h 4c 6c] [3d]
GattoCh: checks
FHstyles: bets $6
GattoCh: folds
Uncalled bet ($6) returned to FHstyles
FHstyles collected $17.64 from pot
FHstyles: doesn't show hand
*** SUMMARY ***
Total pot $18 | Rake $0.36
Board [4h 4c 6c 3d]
Seat 1: FHstyles (button) (small blind) collected ($17.64)
Seat 6: GattoCh (big blind) folded on the Turn


PokerStars Hand #173664696765:  Hold'em Limit ($3/$6 USD) - 2017/07/29 13:03:03 ET
Table 'Caprera' 10-max Seat #6 is the button
Seat 1: FHstyles ($123.62 in chips)
Seat 6: GattoCh ($101.17 in chips)
GattoCh: posts small blind $1
FHstyles: posts big blind $3
*** HOLE CARDS ***
GattoCh: folds
Uncalled bet ($2) returned to FHstyles
FHstyles collected $2 from pot
FHstyles: doesn't show hand
*** SUMMARY ***
Total pot $2 | Rake $0
Seat 1: FHstyles (big blind) collected ($2)
Seat 6: GattoCh (button) (small blind) folded before Flop


PokerStars Hand #173664676458:  Hold'em Limit ($3/$6 USD) - 2017/07/29 13:02:36 ET
Table 'Caprera' 10-max Seat #1 is the button
Seat 1: FHstyles ($100.12 in chips)
Seat 6: GattoCh ($125.17 in chips)
FHstyles: posts small blind $1
GattoCh: posts big blind $3
*** HOLE CARDS ***
FHstyles: raises $3 to $6
GattoCh: calls $3
*** FLOP *** [6c 2h Jd]
GattoCh: bets $3
FHstyles: raises $3 to $6
GattoCh: calls $3
*** TURN *** [6c 2h Jd] [3d]
GattoCh: checks
FHstyles: bets $6
GattoCh: calls $6
*** RIVER *** [6c 2h Jd 3d] [5h]
GattoCh: checks
FHstyles: bets $6
GattoCh: calls $6
*** SHOW DOWN ***
FHstyles: shows [Qh Qc] (a pair of Queens)
GattoCh: mucks hand
FHstyles collected $47.50 from pot
*** SUMMARY ***
Total pot $48 | Rake $0.50
Board [6c 2h Jd 3d 5h]
Seat 1: FHstyles (button) (small blind) showed [Qh Qc] and won ($47.50) with a pair of Queens
Seat 6: GattoCh (big blind) mucked


PokerStars Hand #173664728301:  Hold'em Limit ($3/$6 USD) - 2017/07/29 13:03:53 ET
Table 'Caprera' 10-max Seat #1 is the button
Seat 1: FHstyles ($141.90 in chips)
Seat 6: GattoCh ($82.17 in chips)
FHstyles: posts small blind $1
GattoCh: posts big blind $3
*** HOLE CARDS ***
FHstyles: raises $3 to $6
GattoCh: calls $3
*** FLOP *** [8c Ts 8h]
GattoCh: bets $3
FHstyles: calls $3
*** TURN *** [8c Ts 8h] [3d]
Iseethelight leaves the table
GattoCh: bets $6
FHstyles: calls $6
*** RIVER *** [8c Ts 8h 3d] [Kd]
GattoCh: bets $6
FHstyles: raises $6 to $12
GattoCh: calls $6
*** SHOW DOWN ***
FHstyles: shows [Kc Qs] (two pair, Kings and Eights)
GattoCh: mucks hand
FHstyles collected $53.50 from pot
*** SUMMARY ***
Total pot $54 | Rake $0.50
Board [8c Ts 8h 3d Kd]
Seat 1: FHstyles (button) (small blind) showed [Kc Qs] and won ($53.50) with two pair, Kings and Eights
Seat 6: GattoCh (big blind) mucked


PokerStars Hand #173664716491:  Hold'em Limit ($3/$6 USD) - 2017/07/29 13:03:34 ET
Table 'Caprera' 10-max Seat #6 is the button
Seat 1: FHstyles ($133.26 in chips)
Seat 6: GattoCh ($91.17 in chips)
GattoCh: posts small blind $1
FHstyles: posts big blind $3
*** HOLE CARDS ***
GattoCh: calls $2
FHstyles: raises $3 to $6
Iseethelight joins the table at seat #7
GattoCh: calls $3
*** FLOP *** [4h 5d Ts]
FHstyles: bets $3
GattoCh: calls $3
*** TURN *** [4h 5d Ts] [2d]
FHstyles: bets $6
GattoCh: folds
Uncalled bet ($6) returned to FHstyles
FHstyles collected $17.64 from pot
FHstyles: doesn't show hand
*** SUMMARY ***
Total pot $18 | Rake $0.36
Board [4h 5d Ts 2d]
Seat 1: FHstyles (big blind) collected ($17.64)
Seat 6: GattoCh (button) (small blind) folded on the Turn


PokerStars Hand #173664742831:  Hold'em Limit ($3/$6 USD) - 2017/07/29 13:04:16 ET
Table 'Caprera' 10-max Seat #6 is the button
Seat 1: FHstyles ($168.40 in chips)
Seat 6: GattoCh ($55.17 in chips)
GattoCh: posts small blind $1
FHstyles: posts big blind $3
*** HOLE CARDS ***
GattoCh: calls $2
FHstyles: raises $3 to $6
GattoCh: calls $3
*** FLOP *** [3d 5d Tc]
FHstyles: bets $3
GattoCh: calls $3
*** TURN *** [3d 5d Tc] [As]
FHstyles: bets $6
GattoCh: calls $6
*** RIVER *** [3d 5d Tc As] [9s]
FHstyles: bets $6
GattoCh: folds
Uncalled bet ($6) returned to FHstyles
FHstyles collected $29.50 from pot
*** SUMMARY ***
Total pot $30 | Rake $0.50
Board [3d 5d Tc As 9s]
Seat 1: FHstyles (big blind) collected ($29.50)
Seat 6: GattoCh (button) (small blind) folded on the River


PokerStars Hand #173664783293:  Hold'em Limit ($3/$6 USD) - 2017/07/29 13:05:18 ET
Table 'Caprera' 10-max Seat #6 is the button
Seat 1: FHstyles ($198.30 in chips)
Seat 6: GattoCh ($24.17 in chips)
GattoCh: posts small blind $1
FHstyles: posts big blind $3
*** HOLE CARDS ***
GattoCh: folds
Uncalled bet ($2) returned to FHstyles
FHstyles collected $2 from pot
FHstyles: doesn't show hand
*** SUMMARY ***
Total pot $2 | Rake $0
Seat 1: FHstyles (big blind) collected ($2)
Seat 6: GattoCh (button) (small blind) folded before Flop


PokerStars Hand #173664768801:  Hold'em Limit ($3/$6 USD) - 2017/07/29 13:04:57 ET
Table 'Caprera' 10-max Seat #1 is the button
Seat 1: FHstyles ($189.66 in chips)
Seat 6: GattoCh ($33.17 in chips)
FHstyles: posts small blind $1
GattoCh: posts big blind $3
*** HOLE CARDS ***
FHstyles: raises $3 to $6
GattoCh: calls $3
*** FLOP *** [4s Qs 9s]
GattoCh: checks
FHstyles: bets $3
GattoCh: calls $3
*** TURN *** [4s Qs 9s] [Jc]
GattoCh: checks
FHstyles: bets $6
GattoCh: folds
Uncalled bet ($6) returned to FHstyles
FHstyles collected $17.64 from pot
FHstyles: doesn't show hand
*** SUMMARY ***
Total pot $18 | Rake $0.36
Board [4s Qs 9s Jc]
Seat 1: FHstyles (button) (small blind) collected ($17.64)
Seat 6: GattoCh (big blind) folded on the Turn


PokerStars Hand #173664764471:  Hold'em Limit ($3/$6 USD) - 2017/07/29 13:04:50 ET
Table 'Caprera' 10-max Seat #6 is the button
Seat 1: FHstyles ($188.66 in chips)
Seat 6: GattoCh ($34.17 in chips)
GattoCh: posts small blind $1
FHstyles: posts big blind $3
*** HOLE CARDS ***
GattoCh: folds
Uncalled bet ($2) returned to FHstyles
FHstyles collected $2 from pot
FHstyles: doesn't show hand
*** SUMMARY ***
Total pot $2 | Rake $0
Seat 1: FHstyles (big blind) collected ($2)
Seat 6: GattoCh (button) (small blind) folded before Flop


PokerStars Hand #173664756990:  Hold'em Limit ($3/$6 USD) - 2017/07/29 13:04:38 ET
Table 'Caprera' 10-max Seat #1 is the button
Seat 1: FHstyles ($182.90 in chips)
Seat 6: GattoCh ($40.17 in chips)
FHstyles: posts small blind $1
GattoCh: posts big blind $3
*** HOLE CARDS ***
FHstyles: raises $3 to $6
GattoCh: calls $3
*** FLOP *** [5h Qc 7s]
GattoCh: checks
FHstyles: bets $3
GattoCh: folds
Uncalled bet ($3) returned to FHstyles
FHstyles collected $11.76 from pot
FHstyles: doesn't show hand
*** SUMMARY ***
Total pot $12 | Rake $0.24
Board [5h Qc 7s]
Seat 1: FHstyles (button) (small blind) collected ($11.76)
Seat 6: GattoCh (big blind) folded on the Flop


PokerStars Hand #173664787239:  Hold'em Limit ($3/$6 USD) - 2017/07/29 13:05:24 ET
Table 'Caprera' 10-max Seat #1 is the button
Seat 1: FHstyles ($199.30 in chips)
Seat 6: GattoCh ($23.17 in chips)
FHstyles: posts small blind $1
GattoCh: posts big blind $3
*** HOLE CARDS ***
FHstyles: raises $3 to $6
GattoCh: calls $3
*** FLOP *** [Ad 3d 8d]
GattoCh: checks
FHstyles: bets $3
GattoCh: folds
Uncalled bet ($3) returned to FHstyles
FHstyles collected $11.76 from pot
FHstyles: doesn't show hand
*** SUMMARY ***
Total pot $12 | Rake $0.24
Board [Ad 3d 8d]
Seat 1: FHstyles (button) (small blind) collected ($11.76)
Seat 6: GattoCh (big blind) folded on the Flop


PokerStars Hand #173664815341:  Hold'em Limit ($3/$6 USD) - 2017/07/29 13:06:07 ET
Table 'Caprera' 10-max Seat #6 is the button
Seat 1: FHstyles ($207.82 in chips)
Seat 6: GattoCh ($14.05 in chips)
GattoCh: posts small blind $1
FHstyles: posts big blind $3
*** HOLE CARDS ***
GattoCh: calls $2
FHstyles: checks
*** FLOP *** [7c 3c 7h]
FHstyles: checks
GattoCh: bets $3
FHstyles: folds
Uncalled bet ($3) returned to GattoCh
GattoCh collected $5.88 from pot
GattoCh: doesn't show hand
*** SUMMARY ***
Total pot $6 | Rake $0.12
Board [7c 3c 7h]
Seat 1: FHstyles (big blind) folded on the Flop
Seat 6: GattoCh (button) (small blind) collected ($5.88)


PokerStars Hand #173664806954:  Hold'em Limit ($3/$6 USD) - 2017/07/29 13:05:54 ET
Table 'Caprera' 10-max Seat #1 is the button
Seat 1: FHstyles ($202.06 in chips)
Seat 6: GattoCh ($20.05 in chips)
FHstyles: posts small blind $1
GattoCh: posts big blind $3
*** HOLE CARDS ***
FHstyles: raises $3 to $6
GattoCh: calls $3
*** FLOP *** [9c 3d 9h]
GattoCh: checks
FHstyles: bets $3
GattoCh: folds
Uncalled bet ($3) returned to FHstyles
FHstyles collected $11.76 from pot
FHstyles: doesn't show hand
*** SUMMARY ***
Total pot $12 | Rake $0.24
Board [9c 3d 9h]
Seat 1: FHstyles (button) (small blind) collected ($11.76)
Seat 6: GattoCh (big blind) folded on the Flop


PokerStars Hand #173664795665:  Hold'em Limit ($3/$6 USD) - 2017/07/29 13:05:37 ET
Table 'Caprera' 10-max Seat #6 is the button
Seat 1: FHstyles ($205.06 in chips)
Seat 6: GattoCh ($17.17 in chips)
GattoCh: posts small blind $1
FHstyles: posts big blind $3
*** HOLE CARDS ***
GattoCh: calls $2
FHstyles: checks
*** FLOP *** [4h 7s Ks]
FHstyles: checks
GattoCh: checks
*** TURN *** [4h 7s Ks] [9c]
FHstyles: checks
GattoCh: checks
*** RIVER *** [4h 7s Ks 9c] [Ac]
FHstyles: checks
GattoCh: bets $6
FHstyles: folds
Uncalled bet ($6) returned to GattoCh
GattoCh collected $5.88 from pot
GattoCh: doesn't show hand
*** SUMMARY ***
Total pot $6 | Rake $0.12
Board [4h 7s Ks 9c Ac]
Seat 1: FHstyles (big blind) folded on the River
Seat 6: GattoCh (button) (small blind) collected ($5.88)


PokerStars Hand #173664824432:  Hold'em Limit ($3/$6 USD) - 2017/07/29 13:06:21 ET
Table 'Caprera' 10-max Seat #1 is the button
Seat 1: FHstyles ($204.82 in chips)
Seat 6: GattoCh ($16.93 in chips)
FHstyles: posts small blind $1
GattoCh: posts big blind $3
*** HOLE CARDS ***
FHstyles: raises $3 to $6
GattoCh: calls $3
*** FLOP *** [6s Jd 9c]
GattoCh: bets $3
FHstyles: calls $3
*** TURN *** [6s Jd 9c] [3s]
GattoCh: bets $6
FHstyles: calls $6
*** RIVER *** [6s Jd 9c 3s] [8s]
GattoCh: bets $1.93 and is all-in
FHstyles: calls $1.93
*** SHOW DOWN ***
GattoCh: shows [4c 6c] (a pair of Sixes)
FHstyles: shows [Qh As] (high card Ace)
GattoCh collected $33.36 from pot
*** SUMMARY ***
Total pot $33.86 | Rake $0.50
Board [6s Jd 9c 3s 8s]
Seat 1: FHstyles (button) (small blind) showed [Qh As] and lost with high card Ace
Seat 6: GattoCh (big blind) showed [4c 6c] and won ($33.36) with a pair of Sixes


