PokerStars Hand #147004898272:  Hold'em Limit ($3/$6 USD) - 2016/01/13 22:34:00 ET
Table 'Capricorn II' 2-max Seat #1 is the button
Seat 1: simper11 ($241.70 in chips)
Seat 2: ash_nightfox ($102 in chips)
simper11: posts small blind $1
ash_nightfox: posts big blind $3
*** HOLE CARDS ***
simper11: folds
Uncalled bet ($2) returned to ash_nightfox
ash_nightfox collected $2 from pot
*** SUMMARY ***
Total pot $2 | Rake $0
Seat 1: simper11 (button) (small blind) folded before Flop
Seat 2: ash_nightfox (big blind) collected ($2)


PokerStars Hand #147004889707:  Hold'em Limit ($3/$6 USD) - 2016/01/13 22:33:38 ET
Table 'Capricorn II' 2-max Seat #2 is the button
Seat 1: simper11 ($224.20 in chips)
Seat 2: ash_nightfox ($120 in chips)
ash_nightfox: posts small blind $1
simper11: posts big blind $3
*** HOLE CARDS ***
ash_nightfox: raises $3 to $6
simper11: raises $3 to $9
ash_nightfox: calls $3
*** FLOP *** [2h 3h Jh]
simper11: bets $3
ash_nightfox: calls $3
*** TURN *** [2h 3h Jh] [Td]
simper11: bets $6
ash_nightfox: calls $6
*** RIVER *** [2h 3h Jh Td] [9c]
simper11: bets $6
ash_nightfox: folds
Uncalled bet ($6) returned to simper11
simper11 collected $35.50 from pot
simper11: doesn't show hand
*** SUMMARY ***
Total pot $36 | Rake $0.50
Board [2h 3h Jh Td 9c]
Seat 1: simper11 (big blind) collected ($35.50)
Seat 2: ash_nightfox (button) (small blind) folded on the River


PokerStars Hand #147004914482:  Hold'em Limit ($3/$6 USD) - 2016/01/13 22:34:42 ET
Table 'Capricorn II' 2-max Seat #1 is the button
Seat 1: simper11 ($261.20 in chips)
Seat 2: ash_nightfox ($81.76 in chips)
simper11: posts small blind $1
ash_nightfox: posts big blind $3
*** HOLE CARDS ***
simper11: folds
Uncalled bet ($2) returned to ash_nightfox
ash_nightfox collected $2 from pot
ash_nightfox leaves the table
*** SUMMARY ***
Total pot $2 | Rake $0
Seat 1: simper11 (button) (small blind) folded before Flop
Seat 2: ash_nightfox (big blind) collected ($2)


PokerStars Hand #147004908363:  Hold'em Limit ($3/$6 USD) - 2016/01/13 22:34:26 ET
Table 'Capricorn II' 2-max Seat #2 is the button
Seat 1: simper11 ($237.70 in chips)
Seat 2: ash_nightfox ($105.76 in chips)
ash_nightfox: posts small blind $1
simper11: posts big blind $3
*** HOLE CARDS ***
ash_nightfox: raises $3 to $6
simper11: calls $3
*** FLOP *** [2d Qd Kh]
simper11: checks
ash_nightfox: checks
*** TURN *** [2d Qd Kh] [Jc]
simper11: checks
ash_nightfox: bets $6
simper11: raises $6 to $12
ash_nightfox: calls $6
*** RIVER *** [2d Qd Kh Jc] [4s]
simper11: bets $6
ash_nightfox: calls $6
*** SHOW DOWN ***
simper11: shows [2s Kc] (two pair, Kings and Deuces)
ash_nightfox: mucks hand
simper11 collected $47.50 from pot
*** SUMMARY ***
Total pot $48 | Rake $0.50
Board [2d Qd Kh Jc 4s]
Seat 1: simper11 (big blind) showed [2s Kc] and won ($47.50) with two pair, Kings and Deuces
Seat 2: ash_nightfox (button) (small blind) mucked


PokerStars Hand #147004905799:  Hold'em Limit ($3/$6 USD) - 2016/01/13 22:34:20 ET
Table 'Capricorn II' 2-max Seat #1 is the button
Seat 1: simper11 ($234.70 in chips)
Seat 2: ash_nightfox ($108.76 in chips)
simper11: posts small blind $1
ash_nightfox: posts big blind $3
*** HOLE CARDS ***
simper11: raises $3 to $6
ash_nightfox: folds
Uncalled bet ($3) returned to simper11
simper11 collected $6 from pot
simper11: doesn't show hand
*** SUMMARY ***
Total pot $6 | Rake $0
Seat 1: simper11 (button) (small blind) collected ($6)
Seat 2: ash_nightfox (big blind) folded before Flop


PokerStars Hand #147004900128:  Hold'em Limit ($3/$6 USD) - 2016/01/13 22:34:05 ET
Table 'Capricorn II' 2-max Seat #2 is the button
Seat 1: simper11 ($240.70 in chips)
Seat 2: ash_nightfox ($103 in chips)
ash_nightfox: posts small blind $1
simper11: posts big blind $3
*** HOLE CARDS ***
ash_nightfox: raises $3 to $6
simper11: calls $3
*** FLOP *** [As 7c 7d]
simper11: checks
ash_nightfox: checks
*** TURN *** [As 7c 7d] [Th]
simper11: checks
ash_nightfox: bets $6
simper11: folds
Uncalled bet ($6) returned to ash_nightfox
ash_nightfox collected $11.76 from pot
*** SUMMARY ***
Total pot $12 | Rake $0.24
Board [As 7c 7d Th]
Seat 1: simper11 (big blind) folded on the Turn
Seat 2: ash_nightfox (button) (small blind) collected ($11.76)


PokerStars Hand #147007321606:  Hold'em Limit ($3/$6 USD) - 2016/01/14 0:42:53 ET
Table 'Capricorn II' 2-max Seat #2 is the button
Seat 1: simper11 ($260.20 in chips)
Seat 2: Sunny1022 ($199.80 in chips)
Sunny1022: posts small blind $1
simper11: posts big blind $3
*** HOLE CARDS ***
Sunny1022: folds
Uncalled bet ($2) returned to simper11
simper11 collected $2 from pot
simper11: doesn't show hand
*** SUMMARY ***
Total pot $2 | Rake $0
Seat 1: simper11 (big blind) collected ($2)
Seat 2: Sunny1022 (button) (small blind) folded before Flop


PokerStars Hand #147007324520:  Hold'em Limit ($3/$6 USD) - 2016/01/14 0:43:03 ET
Table 'Capricorn II' 2-max Seat #1 is the button
Seat 1: simper11 ($261.20 in chips)
Seat 2: Sunny1022 ($198.80 in chips)
simper11: posts small blind $1
Sunny1022: posts big blind $3
*** HOLE CARDS ***
simper11: raises $3 to $6
Sunny1022: calls $3
*** FLOP *** [9c Jd 2d]
Sunny1022: checks
simper11: bets $3
Sunny1022: calls $3
*** TURN *** [9c Jd 2d] [3c]
Sunny1022: checks
simper11: bets $6
Sunny1022: folds
Uncalled bet ($6) returned to simper11
simper11 collected $17.64 from pot
simper11: doesn't show hand
*** SUMMARY ***
Total pot $18 | Rake $0.36
Board [9c Jd 2d 3c]
Seat 1: simper11 (button) (small blind) collected ($17.64)
Seat 2: Sunny1022 (big blind) folded on the Turn


PokerStars Hand #147007338942:  Hold'em Limit ($3/$6 USD) - 2016/01/14 0:43:51 ET
Table 'Capricorn II' 2-max Seat #2 is the button
Seat 1: simper11 ($269.84 in chips)
Seat 2: Sunny1022 ($189.80 in chips)
Sunny1022: posts small blind $1
simper11: posts big blind $3
*** HOLE CARDS ***
Sunny1022: raises $3 to $6
simper11: calls $3
*** FLOP *** [2c 2d Jd]
simper11: checks
Sunny1022: bets $3
simper11: folds
Uncalled bet ($3) returned to Sunny1022
Sunny1022 collected $11.76 from pot
Sunny1022: doesn't show hand
*** SUMMARY ***
Total pot $12 | Rake $0.24
Board [2c 2d Jd]
Seat 1: simper11 (big blind) folded on the Flop
Seat 2: Sunny1022 (button) (small blind) collected ($11.76)


PokerStars Hand #147007342073:  Hold'em Limit ($3/$6 USD) - 2016/01/14 0:44:01 ET
Table 'Capricorn II' 2-max Seat #1 is the button
Seat 1: simper11 ($263.84 in chips)
Seat 2: Sunny1022 ($195.56 in chips)
simper11: posts small blind $1
Sunny1022: posts big blind $3
*** HOLE CARDS ***
simper11: folds
Uncalled bet ($2) returned to Sunny1022
Sunny1022 collected $2 from pot
Sunny1022: doesn't show hand
*** SUMMARY ***
Total pot $2 | Rake $0
Seat 1: simper11 (button) (small blind) folded before Flop
Seat 2: Sunny1022 (big blind) collected ($2)


PokerStars Hand #147007343584:  Hold'em Limit ($3/$6 USD) - 2016/01/14 0:44:06 ET
Table 'Capricorn II' 2-max Seat #2 is the button
Seat 1: simper11 ($262.84 in chips)
Seat 2: Sunny1022 ($196.56 in chips)
Sunny1022: posts small blind $1
simper11: posts big blind $3
*** HOLE CARDS ***
Sunny1022: raises $3 to $6
simper11: raises $3 to $9
Sunny1022: calls $3
*** FLOP *** [8s 9h 3c]
simper11: bets $3
Sunny1022: calls $3
*** TURN *** [8s 9h 3c] [Td]
simper11: bets $6
Sunny1022: calls $6
*** RIVER *** [8s 9h 3c Td] [Ad]
simper11: bets $6
Sunny1022: folds
Uncalled bet ($6) returned to simper11
simper11 collected $35.50 from pot
simper11: doesn't show hand
*** SUMMARY ***
Total pot $36 | Rake $0.50
Board [8s 9h 3c Td Ad]
Seat 1: simper11 (big blind) collected ($35.50)
Seat 2: Sunny1022 (button) (small blind) folded on the River


PokerStars Hand #147007350753:  Hold'em Limit ($3/$6 USD) - 2016/01/14 0:44:31 ET
Table 'Capricorn II' 2-max Seat #1 is the button
Seat 1: simper11 ($280.34 in chips)
Seat 2: Sunny1022 ($178.56 in chips)
simper11: posts small blind $1
Sunny1022: posts big blind $3
*** HOLE CARDS ***
simper11: raises $3 to $6
Sunny1022: raises $3 to $9
simper11: calls $3
*** FLOP *** [6c 9c 8d]
Sunny1022: bets $3
simper11: raises $3 to $6
Sunny1022: calls $3
*** TURN *** [6c 9c 8d] [3c]
Sunny1022: checks
simper11: bets $6
Sunny1022: folds
Uncalled bet ($6) returned to simper11
Sunny1022 leaves the table
simper11 collected $29.50 from pot
simper11 was removed from the table for failing to post
*** SUMMARY ***
Total pot $30 | Rake $0.50
Board [6c 9c 8d 3c]
Seat 1: simper11 (button) (small blind) collected ($29.50)
Seat 2: Sunny1022 (big blind) folded on the Turn


PokerStars Hand #147007951549:  Hold'em Limit ($3/$6 USD) - 2016/01/14 1:19:35 ET
Table 'Capricorn II' 2-max Seat #2 is the button
Seat 1: jl45259071 ($185.20 in chips)
Seat 2: Bastenok ($240 in chips)
Bastenok: posts small blind $1
jl45259071: posts big blind $3
*** HOLE CARDS ***
Bastenok: raises $3 to $6
jl45259071: calls $3
*** FLOP *** [4d Ks Jc]
jl45259071: checks
Bastenok: bets $3
jl45259071: calls $3
*** TURN *** [4d Ks Jc] [Tc]
jl45259071: checks
Bastenok: bets $6
jl45259071: calls $6
*** RIVER *** [4d Ks Jc Tc] [Qd]
jl45259071: checks
Bastenok: bets $6
jl45259071: raises $6 to $12
Bastenok: raises $6 to $18
jl45259071: calls $6
*** SHOW DOWN ***
Bastenok: shows [Ac 4c] (a straight, Ten to Ace)
jl45259071: shows [2h Ad] (a straight, Ten to Ace)
jl45259071 collected $32.75 from pot
Bastenok collected $32.75 from pot
*** SUMMARY ***
Total pot $66 | Rake $0.50
Board [4d Ks Jc Tc Qd]
Seat 1: jl45259071 (big blind) showed [2h Ad] and won ($32.75) with a straight, Ten to Ace
Seat 2: Bastenok (button) (small blind) showed [Ac 4c] and won ($32.75) with a straight, Ten to Ace


PokerStars Hand #147007956844:  Hold'em Limit ($3/$6 USD) - 2016/01/14 1:19:54 ET
Table 'Capricorn II' 2-max Seat #1 is the button
Seat 1: jl45259071 ($184.95 in chips)
Seat 2: Bastenok ($239.75 in chips)
jl45259071: posts small blind $1
Bastenok: posts big blind $3
*** HOLE CARDS ***
jl45259071: calls $2
Bastenok: checks
*** FLOP *** [5s 3s Qh]
Bastenok: checks
jl45259071: bets $3
Bastenok: folds
Uncalled bet ($3) returned to jl45259071
jl45259071 collected $5.88 from pot
jl45259071: doesn't show hand
*** SUMMARY ***
Total pot $6 | Rake $0.12
Board [5s 3s Qh]
Seat 1: jl45259071 (button) (small blind) collected ($5.88)
Seat 2: Bastenok (big blind) folded on the Flop


PokerStars Hand #147007972025:  Hold'em Limit ($3/$6 USD) - 2016/01/14 1:20:48 ET
Table 'Capricorn II' 2-max Seat #2 is the button
Seat 1: jl45259071 ($205.33 in chips)
Seat 2: Bastenok ($218.25 in chips)
Bastenok: posts small blind $1
jl45259071: posts big blind $3
*** HOLE CARDS ***
Bastenok: raises $3 to $6
jl45259071: calls $3
*** FLOP *** [6d Th 7c]
jl45259071: checks
Bastenok: bets $3
jl45259071: calls $3
*** TURN *** [6d Th 7c] [3s]
jl45259071: checks
Bastenok: bets $6
jl45259071: calls $6
*** RIVER *** [6d Th 7c 3s] [Ks]
jl45259071: checks
Bastenok: bets $6
jl45259071: folds
Uncalled bet ($6) returned to Bastenok
Bastenok collected $29.50 from pot
Bastenok: doesn't show hand
*** SUMMARY ***
Total pot $30 | Rake $0.50
Board [6d Th 7c 3s Ks]
Seat 1: jl45259071 (big blind) folded on the River
Seat 2: Bastenok (button) (small blind) collected ($29.50)


PokerStars Hand #147007962031:  Hold'em Limit ($3/$6 USD) - 2016/01/14 1:20:12 ET
Table 'Capricorn II' 2-max Seat #2 is the button
Seat 1: jl45259071 ($187.83 in chips)
Seat 2: Bastenok ($236.75 in chips)
Bastenok: posts small blind $1
jl45259071: posts big blind $3
*** HOLE CARDS ***
Bastenok: raises $3 to $6
jl45259071: calls $3
*** FLOP *** [5s 7h 3h]
jl45259071: checks
Bastenok: bets $3
jl45259071: calls $3
*** TURN *** [5s 7h 3h] [3c]
jl45259071: checks
Bastenok: bets $6
jl45259071: calls $6
*** RIVER *** [5s 7h 3h 3c] [6c]
jl45259071: checks
Bastenok: checks
*** SHOW DOWN ***
jl45259071: shows [8s Qc] (a pair of Threes)
Bastenok: shows [5c Td] (two pair, Fives and Threes)
Bastenok collected $29.50 from pot
*** SUMMARY ***
Total pot $30 | Rake $0.50
Board [5s 7h 3h 3c 6c]
Seat 1: jl45259071 (big blind) showed [8s Qc] and lost with a pair of Threes
Seat 2: Bastenok (button) (small blind) showed [5c Td] and won ($29.50) with two pair, Fives and Threes


PokerStars Hand #147007977129:  Hold'em Limit ($3/$6 USD) - 2016/01/14 1:21:06 ET
Table 'Capricorn II' 2-max Seat #1 is the button
Seat 1: jl45259071 ($190.33 in chips)
Seat 2: Bastenok ($232.75 in chips)
jl45259071: posts small blind $1
Bastenok: posts big blind $3
*** HOLE CARDS ***
jl45259071: calls $2
Bastenok: checks
*** FLOP *** [4d Js 6d]
Bastenok: checks
jl45259071: bets $3
Bastenok: folds
Uncalled bet ($3) returned to jl45259071
jl45259071 collected $5.88 from pot
jl45259071: doesn't show hand
*** SUMMARY ***
Total pot $6 | Rake $0.12
Board [4d Js 6d]
Seat 1: jl45259071 (button) (small blind) collected ($5.88)
Seat 2: Bastenok (big blind) folded on the Flop


PokerStars Hand #147007984106:  Hold'em Limit ($3/$6 USD) - 2016/01/14 1:21:31 ET
Table 'Capricorn II' 2-max Seat #1 is the button
Seat 1: jl45259071 ($178.21 in chips)
Seat 2: Bastenok ($244.25 in chips)
jl45259071: posts small blind $1
Bastenok: posts big blind $3
*** HOLE CARDS ***
jl45259071: calls $2
Bastenok: checks
*** FLOP *** [Th 2s 5s]
Bastenok: checks
jl45259071: bets $3
Bastenok: folds
Uncalled bet ($3) returned to jl45259071
jl45259071 collected $5.88 from pot
jl45259071: doesn't show hand
*** SUMMARY ***
Total pot $6 | Rake $0.12
Board [Th 2s 5s]
Seat 1: jl45259071 (button) (small blind) collected ($5.88)
Seat 2: Bastenok (big blind) folded on the Flop


PokerStars Hand #147007979724:  Hold'em Limit ($3/$6 USD) - 2016/01/14 1:21:15 ET
Table 'Capricorn II' 2-max Seat #2 is the button
Seat 1: jl45259071 ($193.21 in chips)
Seat 2: Bastenok ($229.75 in chips)
Bastenok: posts small blind $1
jl45259071: posts big blind $3
*** HOLE CARDS ***
Bastenok: raises $3 to $6
jl45259071: calls $3
*** FLOP *** [8d Qh 5c]
jl45259071: checks
Bastenok: bets $3
jl45259071: calls $3
*** TURN *** [8d Qh 5c] [Th]
jl45259071: checks
Bastenok: bets $6
jl45259071: calls $6
*** RIVER *** [8d Qh 5c Th] [Ts]
jl45259071: checks
Bastenok: bets $6
jl45259071: folds
Uncalled bet ($6) returned to Bastenok
Bastenok collected $29.50 from pot
Bastenok: doesn't show hand
*** SUMMARY ***
Total pot $30 | Rake $0.50
Board [8d Qh 5c Th Ts]
Seat 1: jl45259071 (big blind) folded on the River
Seat 2: Bastenok (button) (small blind) collected ($29.50)


PokerStars Hand #147007994403:  Hold'em Limit ($3/$6 USD) - 2016/01/14 1:22:08 ET
Table 'Capricorn II' 2-max Seat #1 is the button
Seat 1: jl45259071 ($195.59 in chips)
Seat 2: Bastenok ($226.25 in chips)
jl45259071: posts small blind $1
Bastenok: posts big blind $3
*** HOLE CARDS ***
jl45259071: calls $2
Bastenok: raises $3 to $6
jl45259071: calls $3
*** FLOP *** [Kh Qs 7d]
Bastenok: bets $3
jl45259071: folds
Uncalled bet ($3) returned to Bastenok
Bastenok collected $11.76 from pot
Bastenok: doesn't show hand
*** SUMMARY ***
Total pot $12 | Rake $0.24
Board [Kh Qs 7d]
Seat 1: jl45259071 (button) (small blind) folded on the Flop
Seat 2: Bastenok (big blind) collected ($11.76)


PokerStars Hand #147007990089:  Hold'em Limit ($3/$6 USD) - 2016/01/14 1:21:52 ET
Table 'Capricorn II' 2-max Seat #2 is the button
Seat 1: jl45259071 ($181.09 in chips)
Seat 2: Bastenok ($241.25 in chips)
Bastenok: posts small blind $1
jl45259071: posts big blind $3
*** HOLE CARDS ***
Bastenok: raises $3 to $6
jl45259071: calls $3
*** FLOP *** [3s As 3d]
jl45259071: checks
Bastenok: bets $3
jl45259071: calls $3
*** TURN *** [3s As 3d] [Ks]
jl45259071: checks
Bastenok: bets $6
jl45259071: calls $6
*** RIVER *** [3s As 3d Ks] [Kd]
jl45259071: checks
Bastenok: checks
*** SHOW DOWN ***
jl45259071: shows [6s 3h] (a full house, Threes full of Kings)
Bastenok: mucks hand
jl45259071 collected $29.50 from pot
*** SUMMARY ***
Total pot $30 | Rake $0.50
Board [3s As 3d Ks Kd]
Seat 1: jl45259071 (big blind) showed [6s 3h] and won ($29.50) with a full house, Threes full of Kings
Seat 2: Bastenok (button) (small blind) mucked


PokerStars Hand #147008001316:  Hold'em Limit ($3/$6 USD) - 2016/01/14 1:22:32 ET
Table 'Capricorn II' 2-max Seat #1 is the button
Seat 1: jl45259071 ($198.23 in chips)
Seat 2: Bastenok ($223.01 in chips)
jl45259071: posts small blind $1
Bastenok: posts big blind $3
*** HOLE CARDS ***
jl45259071: calls $2
Bastenok: checks
*** FLOP *** [6c Qh 8d]
Bastenok: checks
jl45259071: bets $3
Bastenok: folds
Uncalled bet ($3) returned to jl45259071
jl45259071 collected $5.88 from pot
jl45259071: doesn't show hand
*** SUMMARY ***
Total pot $6 | Rake $0.12
Board [6c Qh 8d]
Seat 1: jl45259071 (button) (small blind) collected ($5.88)
Seat 2: Bastenok (big blind) folded on the Flop


PokerStars Hand #147007996908:  Hold'em Limit ($3/$6 USD) - 2016/01/14 1:22:17 ET
Table 'Capricorn II' 2-max Seat #2 is the button
Seat 1: jl45259071 ($189.59 in chips)
Seat 2: Bastenok ($232.01 in chips)
Bastenok: posts small blind $1
jl45259071: posts big blind $3
*** HOLE CARDS ***
Bastenok: raises $3 to $6
jl45259071: calls $3
*** FLOP *** [Js Ks Qc]
jl45259071: checks
Bastenok: bets $3
jl45259071: calls $3
*** TURN *** [Js Ks Qc] [8h]
jl45259071: checks
Bastenok: checks
*** RIVER *** [Js Ks Qc 8h] [Ad]
jl45259071: checks
Bastenok: checks
*** SHOW DOWN ***
jl45259071: shows [Jd 8s] (two pair, Jacks and Eights)
Bastenok: mucks hand
jl45259071 collected $17.64 from pot
*** SUMMARY ***
Total pot $18 | Rake $0.36
Board [Js Ks Qc 8h Ad]
Seat 1: jl45259071 (big blind) showed [Jd 8s] and won ($17.64) with two pair, Jacks and Eights
Seat 2: Bastenok (button) (small blind) mucked


PokerStars Hand #147008007668:  Hold'em Limit ($3/$6 USD) - 2016/01/14 1:22:55 ET
Table 'Capricorn II' 2-max Seat #1 is the button
Seat 1: jl45259071 ($200.86 in chips)
Seat 2: Bastenok ($219.76 in chips)
jl45259071: posts small blind $1
Bastenok: posts big blind $3
*** HOLE CARDS ***
jl45259071: calls $2
Bastenok: checks
*** FLOP *** [9s 4h Ac]
Bastenok: checks
jl45259071: bets $3
Bastenok: calls $3
*** TURN *** [9s 4h Ac] [6h]
Bastenok: checks
jl45259071: checks
*** RIVER *** [9s 4h Ac 6h] [6s]
Bastenok: checks
jl45259071: checks
*** SHOW DOWN ***
Bastenok: shows [8s 4c] (two pair, Sixes and Fours)
jl45259071: mucks hand
Bastenok collected $11.76 from pot
*** SUMMARY ***
Total pot $12 | Rake $0.24
Board [9s 4h Ac 6h 6s]
Seat 1: jl45259071 (button) (small blind) mucked
Seat 2: Bastenok (big blind) showed [8s 4c] and won ($11.76) with two pair, Sixes and Fours


PokerStars Hand #147008016829:  Hold'em Limit ($3/$6 USD) - 2016/01/14 1:23:28 ET
Table 'Capricorn II' 2-max Seat #1 is the button
Seat 1: jl45259071 ($206.38 in chips)
Seat 2: Bastenok ($213.52 in chips)
jl45259071: posts small blind $1
Bastenok: posts big blind $3
*** HOLE CARDS ***
jl45259071: calls $2
Bastenok: checks
*** FLOP *** [Jc Qs 8c]
Bastenok: checks
jl45259071: bets $3
Bastenok: calls $3
*** TURN *** [Jc Qs 8c] [Ts]
Bastenok: checks
jl45259071: checks
*** RIVER *** [Jc Qs 8c Ts] [3c]
Bastenok: checks
jl45259071: checks
*** SHOW DOWN ***
Bastenok: shows [5d Td] (a pair of Tens)
jl45259071: mucks hand
Bastenok collected $11.76 from pot
*** SUMMARY ***
Total pot $12 | Rake $0.24
Board [Jc Qs 8c Ts 3c]
Seat 1: jl45259071 (button) (small blind) mucked
Seat 2: Bastenok (big blind) showed [5d Td] and won ($11.76) with a pair of Tens


PokerStars Hand #147008027119:  Hold'em Limit ($3/$6 USD) - 2016/01/14 1:24:05 ET
Table 'Capricorn II' 2-max Seat #1 is the button
Seat 1: jl45259071 ($220.88 in chips)
Seat 2: Bastenok ($198.28 in chips)
jl45259071: posts small blind $1
Bastenok: posts big blind $3
*** HOLE CARDS ***
jl45259071: calls $2
Bastenok: checks
*** FLOP *** [6c 4s 3d]
Bastenok: checks
jl45259071: checks
*** TURN *** [6c 4s 3d] [Kh]
Bastenok: checks
jl45259071: checks
*** RIVER *** [6c 4s 3d Kh] [3h]
Bastenok: checks
jl45259071: checks
*** SHOW DOWN ***
Bastenok: shows [4c Ts] (two pair, Fours and Threes)
jl45259071: mucks hand
Bastenok collected $5.88 from pot
*** SUMMARY ***
Total pot $6 | Rake $0.12
Board [6c 4s 3d Kh 3h]
Seat 1: jl45259071 (button) (small blind) mucked
Seat 2: Bastenok (big blind) showed [4c Ts] and won ($5.88) with two pair, Fours and Threes


PokerStars Hand #147008038614:  Hold'em Limit ($3/$6 USD) - 2016/01/14 1:24:46 ET
Table 'Capricorn II' 2-max Seat #2 is the button
Seat 1: jl45259071 ($223.52 in chips)
Seat 2: Bastenok ($195.04 in chips)
Bastenok: posts small blind $1
jl45259071: posts big blind $3
*** HOLE CARDS ***
Bastenok: raises $3 to $6
jl45259071: calls $3
*** FLOP *** [8c 6h Th]
jl45259071: checks
Bastenok: bets $3
jl45259071: calls $3
*** TURN *** [8c 6h Th] [4s]
jl45259071: checks
Bastenok: bets $6
jl45259071: calls $6
*** RIVER *** [8c 6h Th 4s] [5s]
jl45259071: checks
Bastenok: bets $6
jl45259071: calls $6
*** SHOW DOWN ***
Bastenok: shows [7c 7d] (a straight, Four to Eight)
jl45259071: mucks hand
Bastenok collected $41.50 from pot
*** SUMMARY ***
Total pot $42 | Rake $0.50
Board [8c 6h Th 4s 5s]
Seat 1: jl45259071 (big blind) mucked
Seat 2: Bastenok (button) (small blind) showed [7c 7d] and won ($41.50) with a straight, Four to Eight


PokerStars Hand #147008034883:  Hold'em Limit ($3/$6 USD) - 2016/01/14 1:24:33 ET
Table 'Capricorn II' 2-max Seat #1 is the button
Seat 1: jl45259071 ($226.52 in chips)
Seat 2: Bastenok ($192.16 in chips)
jl45259071: posts small blind $1
Bastenok: posts big blind $3
*** HOLE CARDS ***
jl45259071: calls $2
Bastenok: checks
*** FLOP *** [4s 7d 2h]
Bastenok: checks
jl45259071: checks
*** TURN *** [4s 7d 2h] [Td]
Bastenok: checks
jl45259071: checks
*** RIVER *** [4s 7d 2h Td] [9h]
Bastenok: checks
jl45259071: checks
*** SHOW DOWN ***
Bastenok: shows [Kc 7s] (a pair of Sevens)
jl45259071: mucks hand
Bastenok collected $5.88 from pot
*** SUMMARY ***
Total pot $6 | Rake $0.12
Board [4s 7d 2h Td 9h]
Seat 1: jl45259071 (button) (small blind) mucked
Seat 2: Bastenok (big blind) showed [Kc 7s] and won ($5.88) with a pair of Sevens


PokerStars Hand #147008031111:  Hold'em Limit ($3/$6 USD) - 2016/01/14 1:24:19 ET
Table 'Capricorn II' 2-max Seat #2 is the button
Seat 1: jl45259071 ($217.88 in chips)
Seat 2: Bastenok ($201.16 in chips)
Bastenok: posts small blind $1
jl45259071: posts big blind $3
*** HOLE CARDS ***
Bastenok: raises $3 to $6
jl45259071: calls $3
*** FLOP *** [Td Qh 9c]
jl45259071: checks
Bastenok: bets $3
jl45259071: calls $3
*** TURN *** [Td Qh 9c] [7h]
jl45259071: checks
Bastenok: checks
*** RIVER *** [Td Qh 9c 7h] [2h]
jl45259071: checks
Bastenok: checks
*** SHOW DOWN ***
jl45259071: shows [Ks 6h] (high card King)
Bastenok: mucks hand
jl45259071 collected $17.64 from pot
*** SUMMARY ***
Total pot $18 | Rake $0.36
Board [Td Qh 9c 7h 2h]
Seat 1: jl45259071 (big blind) showed [Ks 6h] and won ($17.64) with high card King
Seat 2: Bastenok (button) (small blind) mucked


PokerStars Hand #147008042735:  Hold'em Limit ($3/$6 USD) - 2016/01/14 1:25:01 ET
Table 'Capricorn II' 2-max Seat #1 is the button
Seat 1: jl45259071 ($202.52 in chips)
Seat 2: Bastenok ($215.54 in chips)
jl45259071: posts small blind $1
Bastenok: posts big blind $3
*** HOLE CARDS ***
jl45259071: calls $2
Bastenok: checks
*** FLOP *** [3c 3s Kd]
Bastenok: checks
jl45259071: bets $3
Bastenok: raises $3 to $6
jl45259071: calls $3
*** TURN *** [3c 3s Kd] [Jc]
Bastenok: bets $6
jl45259071: calls $6
*** RIVER *** [3c 3s Kd Jc] [Kh]
Bastenok: bets $6
jl45259071: calls $6
*** SHOW DOWN ***
Bastenok: shows [6d 3d] (a full house, Threes full of Kings)
jl45259071: mucks hand
Bastenok collected $41.50 from pot
*** SUMMARY ***
Total pot $42 | Rake $0.50
Board [3c 3s Kd Jc Kh]
Seat 1: jl45259071 (button) (small blind) mucked
Seat 2: Bastenok (big blind) showed [6d 3d] and won ($41.50) with a full house, Threes full of Kings


PokerStars Hand #147008054358:  Hold'em Limit ($3/$6 USD) - 2016/01/14 1:25:43 ET
Table 'Capricorn II' 2-max Seat #2 is the button
Seat 1: jl45259071 ($193.02 in chips)
Seat 2: Bastenok ($223.80 in chips)
Bastenok: posts small blind $1
jl45259071: posts big blind $3
*** HOLE CARDS ***
Bastenok: raises $3 to $6
jl45259071: calls $3
*** FLOP *** [7h 6s Tc]
jl45259071: checks
Bastenok: bets $3
jl45259071: calls $3
*** TURN *** [7h 6s Tc] [5c]
jl45259071: checks
Bastenok: bets $6
jl45259071: calls $6
*** RIVER *** [7h 6s Tc 5c] [Jc]
jl45259071: checks
Bastenok: checks
*** SHOW DOWN ***
jl45259071: shows [3s 8c] (high card Jack)
Bastenok: shows [2s 5h] (a pair of Fives)
Bastenok collected $29.50 from pot
*** SUMMARY ***
Total pot $30 | Rake $0.50
Board [7h 6s Tc 5c Jc]
Seat 1: jl45259071 (big blind) showed [3s 8c] and lost with high card Jack
Seat 2: Bastenok (button) (small blind) showed [2s 5h] and won ($29.50) with a pair of Fives


PokerStars Hand #147008049893:  Hold'em Limit ($3/$6 USD) - 2016/01/14 1:25:27 ET
Table 'Capricorn II' 2-max Seat #1 is the button
Seat 1: jl45259071 ($175.52 in chips)
Seat 2: Bastenok ($241.80 in chips)
jl45259071: posts small blind $1
Bastenok: posts big blind $3
*** HOLE CARDS ***
jl45259071: calls $2
Bastenok: checks
*** FLOP *** [4h Kd 4d]
Bastenok: checks
jl45259071: bets $3
Bastenok: calls $3
*** TURN *** [4h Kd 4d] [5d]
Bastenok: checks
jl45259071: bets $6
Bastenok: calls $6
*** RIVER *** [4h Kd 4d 5d] [6c]
Bastenok: checks
jl45259071: bets $6
Bastenok: calls $6
*** SHOW DOWN ***
jl45259071: shows [Ks Th] (two pair, Kings and Fours)
Bastenok: mucks hand
jl45259071 collected $35.50 from pot
*** SUMMARY ***
Total pot $36 | Rake $0.50
Board [4h Kd 4d 5d 6c]
Seat 1: jl45259071 (button) (small blind) showed [Ks Th] and won ($35.50) with two pair, Kings and Fours
Seat 2: Bastenok (big blind) mucked


PokerStars Hand #147008047212:  Hold'em Limit ($3/$6 USD) - 2016/01/14 1:25:17 ET
Table 'Capricorn II' 2-max Seat #2 is the button
Seat 1: jl45259071 ($181.52 in chips)
Seat 2: Bastenok ($236.04 in chips)
Bastenok: posts small blind $1
jl45259071: posts big blind $3
*** HOLE CARDS ***
Bastenok: raises $3 to $6
jl45259071: calls $3
*** FLOP *** [Qd Ts 8s]
jl45259071: checks
Bastenok: bets $3
jl45259071: folds
Uncalled bet ($3) returned to Bastenok
Bastenok collected $11.76 from pot
Bastenok: doesn't show hand
*** SUMMARY ***
Total pot $12 | Rake $0.24
Board [Qd Ts 8s]
Seat 1: jl45259071 (big blind) folded on the Flop
Seat 2: Bastenok (button) (small blind) collected ($11.76)


PokerStars Hand #147008058188:  Hold'em Limit ($3/$6 USD) - 2016/01/14 1:25:57 ET
Table 'Capricorn II' 2-max Seat #1 is the button
Seat 1: jl45259071 ($178.02 in chips)
Seat 2: Bastenok ($238.30 in chips)
jl45259071: posts small blind $1
Bastenok: posts big blind $3
*** HOLE CARDS ***
jl45259071: calls $2
Bastenok: checks
*** FLOP *** [Qh 9c Js]
Bastenok: checks
jl45259071: bets $3
Bastenok: calls $3
*** TURN *** [Qh 9c Js] [3d]
Bastenok: checks
jl45259071: bets $6
Bastenok: raises $6 to $12
jl45259071: calls $6
*** RIVER *** [Qh 9c Js 3d] [Qd]
Bastenok: bets $6
jl45259071: calls $6
*** SHOW DOWN ***
Bastenok: shows [9h 3s] (two pair, Queens and Nines)
jl45259071: shows [Jh 7s] (two pair, Queens and Jacks)
jl45259071 collected $47.50 from pot
*** SUMMARY ***
Total pot $48 | Rake $0.50
Board [Qh 9c Js 3d Qd]
Seat 1: jl45259071 (button) (small blind) showed [Jh 7s] and won ($47.50) with two pair, Queens and Jacks
Seat 2: Bastenok (big blind) showed [9h 3s] and lost with two pair, Queens and Nines


PokerStars Hand #147008065627:  Hold'em Limit ($3/$6 USD) - 2016/01/14 1:26:24 ET
Table 'Capricorn II' 2-max Seat #1 is the button
Seat 1: jl45259071 ($213.04 in chips)
Seat 2: Bastenok ($202.30 in chips)
jl45259071: posts small blind $1
Bastenok: posts big blind $3
*** HOLE CARDS ***
jl45259071: raises $3 to $6
Bastenok: calls $3
*** FLOP *** [2h 8c 6h]
Bastenok: checks
jl45259071: bets $3
Bastenok: calls $3
*** TURN *** [2h 8c 6h] [6s]
Bastenok: checks
jl45259071: bets $6
Bastenok: calls $6
*** RIVER *** [2h 8c 6h 6s] [9h]
Bastenok: checks
jl45259071: bets $6
Bastenok: calls $6
*** SHOW DOWN ***
jl45259071: shows [8d 8h] (a full house, Eights full of Sixes)
Bastenok: mucks hand
jl45259071 collected $41.50 from pot
*** SUMMARY ***
Total pot $42 | Rake $0.50
Board [2h 8c 6h 6s 9h]
Seat 1: jl45259071 (button) (small blind) showed [8d 8h] and won ($41.50) with a full house, Eights full of Sixes
Seat 2: Bastenok (big blind) mucked


PokerStars Hand #147008075998:  Hold'em Limit ($3/$6 USD) - 2016/01/14 1:27:01 ET
Table 'Capricorn II' 2-max Seat #2 is the button
Seat 1: jl45259071 ($226.54 in chips)
Seat 2: Bastenok ($188.06 in chips)
Bastenok: posts small blind $1
jl45259071: posts big blind $3
*** HOLE CARDS ***
Bastenok: raises $3 to $6
jl45259071: calls $3
*** FLOP *** [Jc 5h Ks]
jl45259071: checks
Bastenok: bets $3
jl45259071: calls $3
*** TURN *** [Jc 5h Ks] [2h]
jl45259071: checks
Bastenok: bets $6
jl45259071: calls $6
*** RIVER *** [Jc 5h Ks 2h] [6s]
jl45259071: checks
Bastenok: bets $6
jl45259071: calls $6
*** SHOW DOWN ***
Bastenok: shows [3s Kc] (a pair of Kings)
jl45259071: mucks hand
Bastenok collected $41.50 from pot
*** SUMMARY ***
Total pot $42 | Rake $0.50
Board [Jc 5h Ks 2h 6s]
Seat 1: jl45259071 (big blind) mucked
Seat 2: Bastenok (button) (small blind) showed [3s Kc] and won ($41.50) with a pair of Kings


PokerStars Hand #147008090622:  Hold'em Limit ($3/$6 USD) - 2016/01/14 1:27:54 ET
Table 'Capricorn II' 2-max Seat #2 is the button
Seat 1: jl45259071 ($160.42 in chips)
Seat 2: Bastenok ($252.56 in chips)
Bastenok: posts small blind $1
jl45259071: posts big blind $3
*** HOLE CARDS ***
Bastenok: raises $3 to $6
jl45259071: calls $3
*** FLOP *** [3h Ks 9d]
jl45259071: checks
Bastenok: bets $3
jl45259071: calls $3
*** TURN *** [3h Ks 9d] [2c]
jl45259071: checks
Bastenok: checks
*** RIVER *** [3h Ks 9d 2c] [5s]
jl45259071: checks
Bastenok: checks
*** SHOW DOWN ***
jl45259071: shows [Ts 7s] (high card King)
Bastenok: shows [Qh 4h] (high card King - Queen kicker)
Bastenok collected $17.64 from pot
*** SUMMARY ***
Total pot $18 | Rake $0.36
Board [3h Ks 9d 2c 5s]
Seat 1: jl45259071 (big blind) showed [Ts 7s] and lost with high card King
Seat 2: Bastenok (button) (small blind) showed [Qh 4h] and won ($17.64) with high card King


PokerStars Hand #147008088277:  Hold'em Limit ($3/$6 USD) - 2016/01/14 1:27:45 ET
Table 'Capricorn II' 2-max Seat #1 is the button
Seat 1: jl45259071 ($157.54 in chips)
Seat 2: Bastenok ($255.56 in chips)
jl45259071: posts small blind $1
Bastenok: posts big blind $3
*** HOLE CARDS ***
jl45259071: calls $2
Bastenok: checks
*** FLOP *** [Js 5s Qs]
Bastenok: checks
jl45259071: bets $3
Bastenok: folds
Uncalled bet ($3) returned to jl45259071
jl45259071 collected $5.88 from pot
jl45259071: doesn't show hand
*** SUMMARY ***
Total pot $6 | Rake $0.12
Board [Js 5s Qs]
Seat 1: jl45259071 (button) (small blind) collected ($5.88)
Seat 2: Bastenok (big blind) folded on the Flop


PokerStars Hand #147008084458:  Hold'em Limit ($3/$6 USD) - 2016/01/14 1:27:32 ET
Table 'Capricorn II' 2-max Seat #2 is the button
Seat 1: jl45259071 ($172.54 in chips)
Seat 2: Bastenok ($241.06 in chips)
Bastenok: posts small blind $1
jl45259071: posts big blind $3
*** HOLE CARDS ***
Bastenok: raises $3 to $6
jl45259071: calls $3
*** FLOP *** [5s Qh 8s]
jl45259071: checks
Bastenok: bets $3
jl45259071: calls $3
*** TURN *** [5s Qh 8s] [9h]
jl45259071: checks
Bastenok: bets $6
jl45259071: calls $6
*** RIVER *** [5s Qh 8s 9h] [2c]
jl45259071: checks
Bastenok: bets $6
jl45259071: folds
Uncalled bet ($6) returned to Bastenok
Bastenok collected $29.50 from pot
Bastenok: doesn't show hand
*** SUMMARY ***
Total pot $30 | Rake $0.50
Board [5s Qh 8s 9h 2c]
Seat 1: jl45259071 (big blind) folded on the River
Seat 2: Bastenok (button) (small blind) collected ($29.50)


PokerStars Hand #147008079802:  Hold'em Limit ($3/$6 USD) - 2016/01/14 1:27:15 ET
Table 'Capricorn II' 2-max Seat #1 is the button
Seat 1: jl45259071 ($205.54 in chips)
Seat 2: Bastenok ($208.56 in chips)
jl45259071: posts small blind $1
Bastenok: posts big blind $3
*** HOLE CARDS ***
jl45259071: calls $2
Bastenok: checks
*** FLOP *** [6s As 5d]
Bastenok: checks
jl45259071: bets $3
Bastenok: raises $3 to $6
jl45259071: calls $3
*** TURN *** [6s As 5d] [4s]
Bastenok: bets $6
jl45259071: raises $6 to $12
Bastenok: raises $6 to $18
jl45259071: calls $6
*** RIVER *** [6s As 5d 4s] [3d]
Bastenok: bets $6
jl45259071: calls $6
*** SHOW DOWN ***
Bastenok: shows [5s 7s] (a flush, Ace high)
jl45259071: mucks hand
Bastenok collected $65.50 from pot
*** SUMMARY ***
Total pot $66 | Rake $0.50
Board [6s As 5d 4s 3d]
Seat 1: jl45259071 (button) (small blind) mucked
Seat 2: Bastenok (big blind) showed [5s 7s] and won ($65.50) with a flush, Ace high


PokerStars Hand #147008094567:  Hold'em Limit ($3/$6 USD) - 2016/01/14 1:28:09 ET
Table 'Capricorn II' 2-max Seat #1 is the button
Seat 1: jl45259071 ($151.42 in chips)
Seat 2: Bastenok ($261.20 in chips)
jl45259071: posts small blind $1
Bastenok: posts big blind $3
*** HOLE CARDS ***
jl45259071: calls $2
Bastenok: checks
*** FLOP *** [Ks 5d Qh]
Bastenok: checks
jl45259071: bets $3
Bastenok: folds
Uncalled bet ($3) returned to jl45259071
jl45259071 collected $5.88 from pot
jl45259071: doesn't show hand
*** SUMMARY ***
Total pot $6 | Rake $0.12
Board [Ks 5d Qh]
Seat 1: jl45259071 (button) (small blind) collected ($5.88)
Seat 2: Bastenok (big blind) folded on the Flop


PokerStars Hand #147008097025:  Hold'em Limit ($3/$6 USD) - 2016/01/14 1:28:18 ET
Table 'Capricorn II' 2-max Seat #2 is the button
Seat 1: jl45259071 ($154.30 in chips)
Seat 2: Bastenok ($258.20 in chips)
Bastenok: posts small blind $1
jl45259071: posts big blind $3
*** HOLE CARDS ***
Bastenok: raises $3 to $6
jl45259071: calls $3
*** FLOP *** [6d Ah 4c]
jl45259071: checks
Bastenok: bets $3
jl45259071: calls $3
*** TURN *** [6d Ah 4c] [Ts]
jl45259071: checks
Bastenok: checks
*** RIVER *** [6d Ah 4c Ts] [Kd]
jl45259071: bets $6
Bastenok: folds
Uncalled bet ($6) returned to jl45259071
jl45259071 collected $17.64 from pot
jl45259071: doesn't show hand
*** SUMMARY ***
Total pot $18 | Rake $0.36
Board [6d Ah 4c Ts Kd]
Seat 1: jl45259071 (big blind) collected ($17.64)
Seat 2: Bastenok (button) (small blind) folded on the River


PokerStars Hand #147008109255:  Hold'em Limit ($3/$6 USD) - 2016/01/14 1:29:02 ET
Table 'Capricorn II' 2-max Seat #1 is the button
Seat 1: jl45259071 ($159.46 in chips)
Seat 2: Bastenok ($251.70 in chips)
jl45259071: posts small blind $1
Bastenok: posts big blind $3
*** HOLE CARDS ***
jl45259071: calls $2
Bastenok: checks
*** FLOP *** [9s Js 2s]
Bastenok: checks
jl45259071: bets $3
Bastenok: folds
Uncalled bet ($3) returned to jl45259071
jl45259071 collected $5.88 from pot
jl45259071: doesn't show hand
*** SUMMARY ***
Total pot $6 | Rake $0.12
Board [9s Js 2s]
Seat 1: jl45259071 (button) (small blind) collected ($5.88)
Seat 2: Bastenok (big blind) folded on the Flop


PokerStars Hand #147008104794:  Hold'em Limit ($3/$6 USD) - 2016/01/14 1:28:46 ET
Table 'Capricorn II' 2-max Seat #2 is the button
Seat 1: jl45259071 ($147.94 in chips)
Seat 2: Bastenok ($263.70 in chips)
Bastenok: posts small blind $1
jl45259071: posts big blind $3
*** HOLE CARDS ***
Bastenok: raises $3 to $6
jl45259071: raises $3 to $9
Bastenok: calls $3
*** FLOP *** [8c 4c 3s]
jl45259071: bets $3
Bastenok: calls $3
*** TURN *** [8c 4c 3s] [6c]
jl45259071: checks
Bastenok: checks
*** RIVER *** [8c 4c 3s 6c] [2s]
jl45259071: bets $6
Bastenok: folds
Uncalled bet ($6) returned to jl45259071
jl45259071 collected $23.52 from pot
jl45259071: doesn't show hand
*** SUMMARY ***
Total pot $24 | Rake $0.48
Board [8c 4c 3s 6c 2s]
Seat 1: jl45259071 (big blind) collected ($23.52)
Seat 2: Bastenok (button) (small blind) folded on the River


PokerStars Hand #147008122325:  Hold'em Limit ($3/$6 USD) - 2016/01/14 1:29:50 ET
Table 'Capricorn II' 2-max Seat #1 is the button
Seat 1: jl45259071 ($145.86 in chips)
Seat 2: Bastenok ($264.20 in chips)
jl45259071: posts small blind $1
Bastenok: posts big blind $3
*** HOLE CARDS ***
jl45259071: raises $3 to $6
Bastenok: calls $3
*** FLOP *** [7d 4h 3s]
Bastenok: checks
jl45259071: bets $3
Bastenok: calls $3
*** TURN *** [7d 4h 3s] [Tc]
Bastenok: checks
jl45259071: checks
*** RIVER *** [7d 4h 3s Tc] [5d]
Bastenok: checks
jl45259071: checks
*** SHOW DOWN ***
Bastenok: shows [Ks Jd] (high card King)
jl45259071: mucks hand
Bastenok collected $17.64 from pot
*** SUMMARY ***
Total pot $18 | Rake $0.36
Board [7d 4h 3s Tc 5d]
Seat 1: jl45259071 (button) (small blind) mucked
Seat 2: Bastenok (big blind) showed [Ks Jd] and won ($17.64) with high card King


PokerStars Hand #147008129757:  Hold'em Limit ($3/$6 USD) - 2016/01/14 1:30:17 ET
Table 'Capricorn II' 2-max Seat #1 is the button
Seat 1: jl45259071 ($151.36 in chips)
Seat 2: Bastenok ($257.84 in chips)
jl45259071: posts small blind $1
Bastenok: posts big blind $3
*** HOLE CARDS ***
jl45259071: folds
Uncalled bet ($2) returned to Bastenok
Bastenok collected $2 from pot
Bastenok: doesn't show hand
*** SUMMARY ***
Total pot $2 | Rake $0
Seat 1: jl45259071 (button) (small blind) folded before Flop
Seat 2: Bastenok (big blind) collected ($2)


PokerStars Hand #147008131243:  Hold'em Limit ($3/$6 USD) - 2016/01/14 1:30:22 ET
Table 'Capricorn II' 2-max Seat #2 is the button
Seat 1: jl45259071 ($150.36 in chips)
Seat 2: Bastenok ($258.84 in chips)
Bastenok: posts small blind $1
jl45259071: posts big blind $3
*** HOLE CARDS ***
Bastenok: raises $3 to $6
jl45259071: calls $3
*** FLOP *** [Ks Qc 6h]
jl45259071: checks
Bastenok: bets $3
jl45259071: folds
Uncalled bet ($3) returned to Bastenok
Bastenok collected $11.76 from pot
Bastenok: doesn't show hand
*** SUMMARY ***
Total pot $12 | Rake $0.24
Board [Ks Qc 6h]
Seat 1: jl45259071 (big blind) folded on the Flop
Seat 2: Bastenok (button) (small blind) collected ($11.76)


PokerStars Hand #147008142454:  Hold'em Limit ($3/$6 USD) - 2016/01/14 1:31:02 ET
Table 'Capricorn II' 2-max Seat #2 is the button
Seat 1: jl45259071 ($150.12 in chips)
Seat 2: Bastenok ($258.60 in chips)
Bastenok: posts small blind $1
jl45259071: posts big blind $3
*** HOLE CARDS ***
Bastenok: raises $3 to $6
jl45259071: calls $3
*** FLOP *** [Jd Ks 9s]
jl45259071: checks
Bastenok: bets $3
jl45259071: folds
Uncalled bet ($3) returned to Bastenok
Bastenok collected $11.76 from pot
Bastenok: doesn't show hand
*** SUMMARY ***
Total pot $12 | Rake $0.24
Board [Jd Ks 9s]
Seat 1: jl45259071 (big blind) folded on the Flop
Seat 2: Bastenok (button) (small blind) collected ($11.76)


PokerStars Hand #147008145279:  Hold'em Limit ($3/$6 USD) - 2016/01/14 1:31:12 ET
Table 'Capricorn II' 2-max Seat #1 is the button
Seat 1: jl45259071 ($144.12 in chips)
Seat 2: Bastenok ($264.36 in chips)
jl45259071: posts small blind $1
Bastenok: posts big blind $3
*** HOLE CARDS ***
jl45259071: calls $2
Bastenok: checks
*** FLOP *** [Qh Qs 3d]
Bastenok: checks
jl45259071: bets $3
Bastenok: folds
Uncalled bet ($3) returned to jl45259071
jl45259071 collected $5.88 from pot
*** SUMMARY ***
Total pot $6 | Rake $0.12
Board [Qh Qs 3d]
Seat 1: jl45259071 (button) (small blind) collected ($5.88)
Seat 2: Bastenok (big blind) folded on the Flop


PokerStars Hand #147008154757:  Hold'em Limit ($3/$6 USD) - 2016/01/14 1:31:46 ET
Table 'Capricorn II' 2-max Seat #2 is the button
Seat 1: jl45259071 ($149.70 in chips)
Seat 2: Bastenok ($258.18 in chips)
Bastenok: posts small blind $1
jl45259071: posts big blind $3
*** HOLE CARDS ***
Bastenok: raises $3 to $6
jl45259071: calls $3
*** FLOP *** [Jd 5d Jh]
jl45259071: checks
Bastenok: bets $3
jl45259071: calls $3
*** TURN *** [Jd 5d Jh] [8d]
jl45259071: checks
Bastenok: bets $6
jl45259071: calls $6
*** RIVER *** [Jd 5d Jh 8d] [Th]
jl45259071: checks
Bastenok: bets $6
jl45259071: calls $6
*** SHOW DOWN ***
Bastenok: shows [9d 9c] (two pair, Jacks and Nines)
jl45259071: mucks hand
Bastenok collected $41.50 from pot
*** SUMMARY ***
Total pot $42 | Rake $0.50
Board [Jd 5d Jh 8d Th]
Seat 1: jl45259071 (big blind) mucked
Seat 2: Bastenok (button) (small blind) showed [9d 9c] and won ($41.50) with two pair, Jacks and Nines


PokerStars Hand #147008176573:  Hold'em Limit ($3/$6 USD) - 2016/01/14 1:33:04 ET
Table 'Capricorn II' 2-max Seat #2 is the button
Seat 1: jl45259071 ($102.34 in chips)
Seat 2: Bastenok ($303.94 in chips)
Bastenok: posts small blind $1
jl45259071: posts big blind $3
*** HOLE CARDS ***
Bastenok: raises $3 to $6
jl45259071: calls $3
*** FLOP *** [9d Ad 2s]
jl45259071: checks
Bastenok: bets $3
jl45259071: calls $3
*** TURN *** [9d Ad 2s] [7d]
jl45259071: checks
Bastenok: checks
*** RIVER *** [9d Ad 2s 7d] [Jc]
jl45259071: bets $6
Bastenok: calls $6
*** SHOW DOWN ***
jl45259071: shows [Qs 5s] (high card Ace)
Bastenok: shows [4d Jh] (a pair of Jacks)
Bastenok collected $29.50 from pot
*** SUMMARY ***
Total pot $30 | Rake $0.50
Board [9d Ad 2s 7d Jc]
Seat 1: jl45259071 (big blind) showed [Qs 5s] and lost with high card Ace
Seat 2: Bastenok (button) (small blind) showed [4d Jh] and won ($29.50) with a pair of Jacks


PokerStars Hand #147008171496:  Hold'em Limit ($3/$6 USD) - 2016/01/14 1:32:46 ET
Table 'Capricorn II' 2-max Seat #2 is the button
Seat 1: jl45259071 ($94.70 in chips)
Seat 2: Bastenok ($311.94 in chips)
Bastenok: posts small blind $1
jl45259071: posts big blind $3
*** HOLE CARDS ***
Bastenok: raises $3 to $6
jl45259071: calls $3
*** FLOP *** [Js 6d 3h]
jl45259071: checks
Bastenok: bets $3
jl45259071: calls $3
*** TURN *** [Js 6d 3h] [Qh]
jl45259071: checks
Bastenok: checks
*** RIVER *** [Js 6d 3h Qh] [5h]
jl45259071: bets $6
Bastenok: folds
Uncalled bet ($6) returned to jl45259071
jl45259071 collected $17.64 from pot
jl45259071: doesn't show hand
*** SUMMARY ***
Total pot $18 | Rake $0.36
Board [Js 6d 3h Qh 5h]
Seat 1: jl45259071 (big blind) collected ($17.64)
Seat 2: Bastenok (button) (small blind) folded on the River


PokerStars Hand #147008169955:  Hold'em Limit ($3/$6 USD) - 2016/01/14 1:32:40 ET
Table 'Capricorn II' 2-max Seat #1 is the button
Seat 1: jl45259071 ($95.70 in chips)
Seat 2: Bastenok ($310.94 in chips)
jl45259071: posts small blind $1
Bastenok: posts big blind $3
*** HOLE CARDS ***
jl45259071: folds
Uncalled bet ($2) returned to Bastenok
Bastenok collected $2 from pot
Bastenok: doesn't show hand
*** SUMMARY ***
Total pot $2 | Rake $0
Seat 1: jl45259071 (button) (small blind) folded before Flop
Seat 2: Bastenok (big blind) collected ($2)


PokerStars Hand #147008165865:  Hold'em Limit ($3/$6 USD) - 2016/01/14 1:32:25 ET
Table 'Capricorn II' 2-max Seat #2 is the button
Seat 1: jl45259071 ($122.70 in chips)
Seat 2: Bastenok ($284.44 in chips)
Bastenok: posts small blind $1
jl45259071: posts big blind $3
*** HOLE CARDS ***
Bastenok: raises $3 to $6
jl45259071: calls $3
*** FLOP *** [8s Qs 9s]
jl45259071: checks
Bastenok: bets $3
jl45259071: calls $3
*** TURN *** [8s Qs 9s] [4d]
jl45259071: checks
Bastenok: bets $6
jl45259071: raises $6 to $12
Bastenok: calls $6
*** RIVER *** [8s Qs 9s 4d] [Qh]
jl45259071: bets $6
Bastenok: calls $6
*** SHOW DOWN ***
jl45259071: shows [9c 4h] (two pair, Queens and Nines)
Bastenok: shows [3s Qc] (three of a kind, Queens)
Bastenok collected $53.50 from pot
*** SUMMARY ***
Total pot $54 | Rake $0.50
Board [8s Qs 9s 4d Qh]
Seat 1: jl45259071 (big blind) showed [9c 4h] and lost with two pair, Queens and Nines
Seat 2: Bastenok (button) (small blind) showed [3s Qc] and won ($53.50) with three of a kind, Queens


PokerStars Hand #147008161679:  Hold'em Limit ($3/$6 USD) - 2016/01/14 1:32:11 ET
Table 'Capricorn II' 2-max Seat #1 is the button
Seat 1: jl45259071 ($128.70 in chips)
Seat 2: Bastenok ($278.68 in chips)
jl45259071: posts small blind $1
Bastenok: posts big blind $3
*** HOLE CARDS ***
jl45259071: calls $2
Bastenok: checks
*** FLOP *** [8c Jd 5s]
Bastenok: checks
jl45259071: bets $3
Bastenok: calls $3
*** TURN *** [8c Jd 5s] [3c]
Bastenok: checks
jl45259071: checks
*** RIVER *** [8c Jd 5s 3c] [9c]
Bastenok: checks
jl45259071: checks
*** SHOW DOWN ***
Bastenok: shows [6s Qs] (high card Queen)
jl45259071: mucks hand
Bastenok collected $11.76 from pot
*** SUMMARY ***
Total pot $12 | Rake $0.24
Board [8c Jd 5s 3c 9c]
Seat 1: jl45259071 (button) (small blind) mucked
Seat 2: Bastenok (big blind) showed [6s Qs] and won ($11.76) with high card Queen


PokerStars Hand #147008175200:  Hold'em Limit ($3/$6 USD) - 2016/01/14 1:32:59 ET
Table 'Capricorn II' 2-max Seat #1 is the button
Seat 1: jl45259071 ($103.34 in chips)
Seat 2: Bastenok ($302.94 in chips)
jl45259071: posts small blind $1
Bastenok: posts big blind $3
*** HOLE CARDS ***
jl45259071: folds
Uncalled bet ($2) returned to Bastenok
Bastenok collected $2 from pot
Bastenok: doesn't show hand
*** SUMMARY ***
Total pot $2 | Rake $0
Seat 1: jl45259071 (button) (small blind) folded before Flop
Seat 2: Bastenok (big blind) collected ($2)


PokerStars Hand #147008184966:  Hold'em Limit ($3/$6 USD) - 2016/01/14 1:33:34 ET
Table 'Capricorn II' 2-max Seat #2 is the button
Seat 1: jl45259071 ($84.34 in chips)
Seat 2: Bastenok ($321.32 in chips)
Bastenok: posts small blind $1
jl45259071: posts big blind $3
*** HOLE CARDS ***
Bastenok: raises $3 to $6
jl45259071: raises $3 to $9
Bastenok: calls $3
*** FLOP *** [Kc Qd Jd]
jl45259071: bets $3
Bastenok: folds
Uncalled bet ($3) returned to jl45259071
jl45259071 collected $17.64 from pot
jl45259071: doesn't show hand
*** SUMMARY ***
Total pot $18 | Rake $0.36
Board [Kc Qd Jd]
Seat 1: jl45259071 (big blind) collected ($17.64)
Seat 2: Bastenok (button) (small blind) folded on the Flop


PokerStars Hand #147008180865:  Hold'em Limit ($3/$6 USD) - 2016/01/14 1:33:19 ET
Table 'Capricorn II' 2-max Seat #1 is the button
Seat 1: jl45259071 ($87.34 in chips)
Seat 2: Bastenok ($318.44 in chips)
jl45259071: posts small blind $1
Bastenok: posts big blind $3
*** HOLE CARDS ***
jl45259071: calls $2
Bastenok: checks
*** FLOP *** [Jc 4c 8c]
Bastenok: checks
jl45259071: checks
*** TURN *** [Jc 4c 8c] [Kh]
Bastenok: checks
jl45259071: checks
*** RIVER *** [Jc 4c 8c Kh] [7d]
Bastenok: checks
jl45259071: checks
*** SHOW DOWN ***
Bastenok: shows [5s 6c] (a straight, Four to Eight)
jl45259071: mucks hand
Bastenok collected $5.88 from pot
*** SUMMARY ***
Total pot $6 | Rake $0.12
Board [Jc 4c 8c Kh 7d]
Seat 1: jl45259071 (button) (small blind) mucked
Seat 2: Bastenok (big blind) showed [5s 6c] and won ($5.88) with a straight, Four to Eight


PokerStars Hand #147008191085:  Hold'em Limit ($3/$6 USD) - 2016/01/14 1:33:56 ET
Table 'Capricorn II' 2-max Seat #2 is the button
Seat 1: jl45259071 ($101.62 in chips)
Seat 2: Bastenok ($303.32 in chips)
Bastenok: posts small blind $1
jl45259071: posts big blind $3
*** HOLE CARDS ***
Bastenok: raises $3 to $6
jl45259071: calls $3
*** FLOP *** [4c 6c 2d]
jl45259071: checks
Bastenok: bets $3
jl45259071: calls $3
*** TURN *** [4c 6c 2d] [7d]
jl45259071: checks
Bastenok: checks
*** RIVER *** [4c 6c 2d 7d] [Kd]
jl45259071: checks
Bastenok: checks
*** SHOW DOWN ***
jl45259071: shows [4h Td] (a pair of Fours)
Bastenok: mucks hand
jl45259071 collected $17.64 from pot
*** SUMMARY ***
Total pot $18 | Rake $0.36
Board [4c 6c 2d 7d Kd]
Seat 1: jl45259071 (big blind) showed [4h Td] and won ($17.64) with a pair of Fours
Seat 2: Bastenok (button) (small blind) mucked


PokerStars Hand #147008194999:  Hold'em Limit ($3/$6 USD) - 2016/01/14 1:34:10 ET
Table 'Capricorn II' 2-max Seat #1 is the button
Seat 1: jl45259071 ($110.26 in chips)
Seat 2: Bastenok ($294.32 in chips)
jl45259071: posts small blind $1
Bastenok: posts big blind $3
*** HOLE CARDS ***
jl45259071: calls $2
Bastenok: raises $3 to $6
jl45259071: calls $3
*** FLOP *** [5c 9h 7h]
Bastenok: bets $3
jl45259071: calls $3
*** TURN *** [5c 9h 7h] [Ks]
Bastenok: checks
jl45259071: checks
*** RIVER *** [5c 9h 7h Ks] [4h]
Bastenok: checks
jl45259071: bets $6
Bastenok: folds
Uncalled bet ($6) returned to jl45259071
jl45259071 collected $17.64 from pot
jl45259071: doesn't show hand
*** SUMMARY ***
Total pot $18 | Rake $0.36
Board [5c 9h 7h Ks 4h]
Seat 1: jl45259071 (button) (small blind) collected ($17.64)
Seat 2: Bastenok (big blind) folded on the River


PokerStars Hand #147008220210:  Hold'em Limit ($3/$6 USD) - 2016/01/14 1:35:41 ET
Table 'Capricorn II' 2-max Seat #1 is the button
Seat 1: jl45259071 ($85.54 in chips)
Seat 2: Bastenok ($317.46 in chips)
jl45259071: posts small blind $1
Bastenok: posts big blind $3
*** HOLE CARDS ***
jl45259071: raises $3 to $6
Bastenok: folds
Uncalled bet ($3) returned to jl45259071
jl45259071 collected $6 from pot
jl45259071: doesn't show hand
*** SUMMARY ***
Total pot $6 | Rake $0
Seat 1: jl45259071 (button) (small blind) collected ($6)
Seat 2: Bastenok (big blind) folded before Flop


PokerStars Hand #147008222359:  Hold'em Limit ($3/$6 USD) - 2016/01/14 1:35:49 ET
Table 'Capricorn II' 2-max Seat #2 is the button
Seat 1: jl45259071 ($88.54 in chips)
Seat 2: Bastenok ($314.46 in chips)
Bastenok: posts small blind $1
jl45259071: posts big blind $3
*** HOLE CARDS ***
Bastenok: raises $3 to $6
jl45259071: calls $3
*** FLOP *** [2c 3d 6h]
jl45259071: checks
Bastenok: bets $3
jl45259071: calls $3
*** TURN *** [2c 3d 6h] [3s]
jl45259071: checks
Bastenok: bets $6
jl45259071: calls $6
*** RIVER *** [2c 3d 6h 3s] [7d]
jl45259071: checks
Bastenok: bets $6
jl45259071: folds
Uncalled bet ($6) returned to Bastenok
Bastenok collected $29.50 from pot
Bastenok: doesn't show hand
*** SUMMARY ***
Total pot $30 | Rake $0.50
Board [2c 3d 6h 3s 7d]
Seat 1: jl45259071 (big blind) folded on the River
Seat 2: Bastenok (button) (small blind) collected ($29.50)


PokerStars Hand #147008226762:  Hold'em Limit ($3/$6 USD) - 2016/01/14 1:36:05 ET
Table 'Capricorn II' 2-max Seat #1 is the button
Seat 1: jl45259071 ($73.54 in chips)
Seat 2: Bastenok ($328.96 in chips)
jl45259071: posts small blind $1
Bastenok: posts big blind $3
*** HOLE CARDS ***
jl45259071: calls $2
Bastenok: checks
*** FLOP *** [7h 7c Kc]
Bastenok: checks
jl45259071: bets $3
Bastenok: raises $3 to $6
jl45259071: folds
Uncalled bet ($3) returned to Bastenok
Bastenok collected $11.76 from pot
Bastenok: doesn't show hand
*** SUMMARY ***
Total pot $12 | Rake $0.24
Board [7h 7c Kc]
Seat 1: jl45259071 (button) (small blind) folded on the Flop
Seat 2: Bastenok (big blind) collected ($11.76)


PokerStars Hand #147008212534:  Hold'em Limit ($3/$6 USD) - 2016/01/14 1:35:13 ET
Table 'Capricorn II' 2-max Seat #1 is the button
Seat 1: jl45259071 ($85.90 in chips)
Seat 2: Bastenok ($317.82 in chips)
jl45259071: posts small blind $1
Bastenok: posts big blind $3
*** HOLE CARDS ***
jl45259071: calls $2
Bastenok: checks
*** FLOP *** [5h 2h Td]
Bastenok: checks
jl45259071: checks
*** TURN *** [5h 2h Td] [9h]
Bastenok: checks
jl45259071: bets $6
Bastenok: calls $6
*** RIVER *** [5h 2h Td 9h] [Ac]
Bastenok: checks
jl45259071: checks
*** SHOW DOWN ***
Bastenok: shows [9s 8c] (a pair of Nines)
jl45259071: mucks hand
Bastenok collected $17.64 from pot
*** SUMMARY ***
Total pot $18 | Rake $0.36
Board [5h 2h Td 9h Ac]
Seat 1: jl45259071 (button) (small blind) mucked
Seat 2: Bastenok (big blind) showed [9s 8c] and won ($17.64) with a pair of Nines


PokerStars Hand #147008234741:  Hold'em Limit ($3/$6 USD) - 2016/01/14 1:36:34 ET
Table 'Capricorn II' 2-max Seat #1 is the button
Seat 1: jl45259071 ($52.54 in chips)
Seat 2: Bastenok ($349.22 in chips)
jl45259071: posts small blind $1
Bastenok: posts big blind $3
*** HOLE CARDS ***
jl45259071: calls $2
Bastenok: checks
*** FLOP *** [9h Qc 6s]
Bastenok: checks
jl45259071: bets $3
Bastenok: folds
Uncalled bet ($3) returned to jl45259071
jl45259071 collected $5.88 from pot
jl45259071: doesn't show hand
*** SUMMARY ***
Total pot $6 | Rake $0.12
Board [9h Qc 6s]
Seat 1: jl45259071 (button) (small blind) collected ($5.88)
Seat 2: Bastenok (big blind) folded on the Flop


PokerStars Hand #147008252867:  Hold'em Limit ($3/$6 USD) - 2016/01/14 1:37:40 ET
Table 'Capricorn II' 2-max Seat #2 is the button
Seat 1: jl45259071 ($77.46 in chips)
Seat 2: Bastenok ($323.22 in chips)
Bastenok: posts small blind $1
jl45259071: posts big blind $3
*** HOLE CARDS ***
Bastenok: raises $3 to $6
jl45259071: calls $3
*** FLOP *** [Ts 4h 6c]
jl45259071: checks
Bastenok: bets $3
jl45259071: calls $3
*** TURN *** [Ts 4h 6c] [6s]
jl45259071: checks
Bastenok: bets $6
jl45259071: calls $6
*** RIVER *** [Ts 4h 6c 6s] [Ah]
jl45259071: checks
Bastenok: bets $6
jl45259071: calls $6
*** SHOW DOWN ***
Bastenok: shows [5s 6h] (three of a kind, Sixes)
jl45259071: mucks hand
Bastenok collected $41.50 from pot
*** SUMMARY ***
Total pot $42 | Rake $0.50
Board [Ts 4h 6c 6s Ah]
Seat 1: jl45259071 (big blind) mucked
Seat 2: Bastenok (button) (small blind) showed [5s 6h] and won ($41.50) with three of a kind, Sixes


PokerStars Hand #147008256957:  Hold'em Limit ($3/$6 USD) - 2016/01/14 1:37:54 ET
Table 'Capricorn II' 2-max Seat #1 is the button
Seat 1: jl45259071 ($56.46 in chips)
Seat 2: Bastenok ($343.72 in chips)
jl45259071: posts small blind $1
Bastenok: posts big blind $3
*** HOLE CARDS ***
jl45259071: calls $2
Bastenok: checks
*** FLOP *** [2c 5d Jc]
Bastenok: checks
jl45259071: bets $3
Bastenok: folds
Uncalled bet ($3) returned to jl45259071
jl45259071 collected $5.88 from pot
jl45259071: doesn't show hand
*** SUMMARY ***
Total pot $6 | Rake $0.12
Board [2c 5d Jc]
Seat 1: jl45259071 (button) (small blind) collected ($5.88)
Seat 2: Bastenok (big blind) folded on the Flop


PokerStars Hand #147008248303:  Hold'em Limit ($3/$6 USD) - 2016/01/14 1:37:23 ET
Table 'Capricorn II' 2-max Seat #2 is the button
Seat 1: jl45259071 ($69.82 in chips)
Seat 2: Bastenok ($331.22 in chips)
Bastenok: posts small blind $1
jl45259071: posts big blind $3
*** HOLE CARDS ***
Bastenok: raises $3 to $6
jl45259071: raises $3 to $9
Bastenok: calls $3
*** FLOP *** [As 2h Tc]
jl45259071: bets $3
Bastenok: folds
Uncalled bet ($3) returned to jl45259071
jl45259071 collected $17.64 from pot
jl45259071: doesn't show hand
*** SUMMARY ***
Total pot $18 | Rake $0.36
Board [As 2h Tc]
Seat 1: jl45259071 (big blind) collected ($17.64)
Seat 2: Bastenok (button) (small blind) folded on the Flop


PokerStars Hand #147008243103:  Hold'em Limit ($3/$6 USD) - 2016/01/14 1:37:04 ET
Table 'Capricorn II' 2-max Seat #1 is the button
Seat 1: jl45259071 ($64.06 in chips)
Seat 2: Bastenok ($337.22 in chips)
jl45259071: posts small blind $1
Bastenok: posts big blind $3
*** HOLE CARDS ***
jl45259071: calls $2
Bastenok: checks
*** FLOP *** [8h 6s 7s]
Bastenok: checks
jl45259071: bets $3
Bastenok: calls $3
*** TURN *** [8h 6s 7s] [5d]
Bastenok: checks
jl45259071: bets $6
Bastenok: folds
Uncalled bet ($6) returned to jl45259071
jl45259071 collected $11.76 from pot
jl45259071: doesn't show hand
*** SUMMARY ***
Total pot $12 | Rake $0.24
Board [8h 6s 7s 5d]
Seat 1: jl45259071 (button) (small blind) collected ($11.76)
Seat 2: Bastenok (big blind) folded on the Turn


PokerStars Hand #147008261314:  Hold'em Limit ($3/$6 USD) - 2016/01/14 1:38:10 ET
Table 'Capricorn II' 2-max Seat #2 is the button
Seat 1: jl45259071 ($59.34 in chips)
Seat 2: Bastenok ($340.72 in chips)
Bastenok: posts small blind $1
jl45259071: posts big blind $3
*** HOLE CARDS ***
Bastenok: raises $3 to $6
jl45259071: calls $3
*** FLOP *** [Qd 8c Js]
jl45259071: checks
Bastenok: bets $3
jl45259071: calls $3
*** TURN *** [Qd 8c Js] [4h]
jl45259071: checks
Bastenok: bets $6
jl45259071: calls $6
*** RIVER *** [Qd 8c Js 4h] [2h]
jl45259071: checks
Bastenok: bets $6
jl45259071: calls $6
*** SHOW DOWN ***
Bastenok: shows [8h 2d] (two pair, Eights and Deuces)
jl45259071: mucks hand
Bastenok collected $41.50 from pot
*** SUMMARY ***
Total pot $42 | Rake $0.50
Board [Qd 8c Js 4h 2h]
Seat 1: jl45259071 (big blind) mucked
Seat 2: Bastenok (button) (small blind) showed [8h 2d] and won ($41.50) with two pair, Eights and Deuces


PokerStars Hand #147008270354:  Hold'em Limit ($3/$6 USD) - 2016/01/14 1:38:42 ET
Table 'Capricorn II' 2-max Seat #1 is the button
Seat 1: jl45259071 ($42.22 in chips)
Seat 2: Bastenok ($357.22 in chips)
jl45259071: posts small blind $1
Bastenok: posts big blind $3
*** HOLE CARDS ***
jl45259071: calls $2
Bastenok: checks
*** FLOP *** [9s 3s 8c]
Bastenok: checks
jl45259071: bets $3
Bastenok: raises $3 to $6
jl45259071: raises $3 to $9
Bastenok: calls $3
*** TURN *** [9s 3s 8c] [Qs]
Bastenok: checks
jl45259071: bets $6
Bastenok: calls $6
*** RIVER *** [9s 3s 8c Qs] [As]
Bastenok: checks
jl45259071: bets $6
Bastenok: folds
Uncalled bet ($6) returned to jl45259071
jl45259071 collected $35.50 from pot
jl45259071: doesn't show hand
*** SUMMARY ***
Total pot $36 | Rake $0.50
Board [9s 3s 8c Qs As]
Seat 1: jl45259071 (button) (small blind) collected ($35.50)
Seat 2: Bastenok (big blind) folded on the River


PokerStars Hand #147008268966:  Hold'em Limit ($3/$6 USD) - 2016/01/14 1:38:37 ET
Table 'Capricorn II' 2-max Seat #2 is the button
Seat 1: jl45259071 ($41.22 in chips)
Seat 2: Bastenok ($358.22 in chips)
Bastenok: posts small blind $1
jl45259071: posts big blind $3
*** HOLE CARDS ***
Bastenok: folds
Uncalled bet ($2) returned to jl45259071
jl45259071 collected $2 from pot
jl45259071: doesn't show hand
*** SUMMARY ***
Total pot $2 | Rake $0
Seat 1: jl45259071 (big blind) collected ($2)
Seat 2: Bastenok (button) (small blind) folded before Flop


PokerStars Hand #147008286008:  Hold'em Limit ($3/$6 USD) - 2016/01/14 1:39:39 ET
Table 'Capricorn II' 2-max Seat #2 is the button
Seat 1: jl45259071 ($47.72 in chips)
Seat 2: Bastenok ($350.74 in chips)
Bastenok: posts small blind $1
jl45259071: posts big blind $3
*** HOLE CARDS ***
Bastenok: raises $3 to $6
jl45259071: calls $3
*** FLOP *** [8h 8d 9c]
jl45259071: checks
Bastenok: bets $3
jl45259071: folds
Uncalled bet ($3) returned to Bastenok
Bastenok collected $11.76 from pot
Bastenok: doesn't show hand
*** SUMMARY ***
Total pot $12 | Rake $0.24
Board [8h 8d 9c]
Seat 1: jl45259071 (big blind) folded on the Flop
Seat 2: Bastenok (button) (small blind) collected ($11.76)


PokerStars Hand #147008289194:  Hold'em Limit ($3/$6 USD) - 2016/01/14 1:39:50 ET
Table 'Capricorn II' 2-max Seat #1 is the button
Seat 1: jl45259071 ($41.72 in chips)
Seat 2: Bastenok ($356.50 in chips)
jl45259071: posts small blind $1
Bastenok: posts big blind $3
*** HOLE CARDS ***
jl45259071: raises $3 to $6
Bastenok: calls $3
*** FLOP *** [Ac 2s 8h]
Bastenok: checks
jl45259071: bets $3
Bastenok: calls $3
*** TURN *** [Ac 2s 8h] [Ks]
Bastenok: checks
jl45259071: bets $6
Bastenok: calls $6
*** RIVER *** [Ac 2s 8h Ks] [Jc]
Bastenok: checks
jl45259071: checks
*** SHOW DOWN ***
Bastenok: shows [Jh 8s] (two pair, Jacks and Eights)
jl45259071: mucks hand
Bastenok collected $29.50 from pot
*** SUMMARY ***
Total pot $30 | Rake $0.50
Board [Ac 2s 8h Ks Jc]
Seat 1: jl45259071 (button) (small blind) mucked
Seat 2: Bastenok (big blind) showed [Jh 8s] and won ($29.50) with two pair, Jacks and Eights


PokerStars Hand #147008293535:  Hold'em Limit ($3/$6 USD) - 2016/01/14 1:40:06 ET
Table 'Capricorn II' 2-max Seat #2 is the button
Seat 1: jl45259071 ($26.72 in chips)
Seat 2: Bastenok ($371 in chips)
Bastenok: posts small blind $1
jl45259071: posts big blind $3
*** HOLE CARDS ***
Bastenok: raises $3 to $6
jl45259071: calls $3
*** FLOP *** [8h As 3c]
jl45259071: checks
Bastenok: bets $3
jl45259071: folds
Uncalled bet ($3) returned to Bastenok
Bastenok collected $11.76 from pot
Bastenok: doesn't show hand
*** SUMMARY ***
Total pot $12 | Rake $0.24
Board [8h As 3c]
Seat 1: jl45259071 (big blind) folded on the Flop
Seat 2: Bastenok (button) (small blind) collected ($11.76)


PokerStars Hand #147008296861:  Hold'em Limit ($3/$6 USD) - 2016/01/14 1:40:18 ET
Table 'Capricorn II' 2-max Seat #1 is the button
Seat 1: jl45259071 ($20.72 in chips)
Seat 2: Bastenok ($376.76 in chips)
jl45259071: posts small blind $1
Bastenok: posts big blind $3
*** HOLE CARDS ***
jl45259071: raises $3 to $6
Bastenok: calls $3
*** FLOP *** [4h 8s Ad]
Bastenok: checks
jl45259071: bets $3
Bastenok: calls $3
*** TURN *** [4h 8s Ad] [2c]
Bastenok: checks
jl45259071: checks
*** RIVER *** [4h 8s Ad 2c] [4s]
Bastenok: bets $6
jl45259071: folds
Uncalled bet ($6) returned to Bastenok
Bastenok collected $17.64 from pot
Bastenok: doesn't show hand
*** SUMMARY ***
Total pot $18 | Rake $0.36
Board [4h 8s Ad 2c 4s]
Seat 1: jl45259071 (button) (small blind) folded on the River
Seat 2: Bastenok (big blind) collected ($17.64)


PokerStars Hand #147008303720:  Hold'em Limit ($3/$6 USD) - 2016/01/14 1:40:43 ET
Table 'Capricorn II' 2-max Seat #2 is the button
Seat 1: jl45259071 ($11.72 in chips)
Seat 2: Bastenok ($385.40 in chips)
Bastenok: posts small blind $1
jl45259071: posts big blind $3
*** HOLE CARDS ***
Bastenok: raises $3 to $6
jl45259071: calls $3
*** FLOP *** [3d 9d 8s]
jl45259071: bets $3
Bastenok: raises $3 to $6
jl45259071: calls $2.72 and is all-in
Uncalled bet ($0.28) returned to Bastenok
*** TURN *** [3d 9d 8s] [2c]
*** RIVER *** [3d 9d 8s 2c] [8c]
*** SHOW DOWN ***
jl45259071: shows [2s 8d] (a full house, Eights full of Deuces)
Bastenok: mucks hand
jl45259071 collected $22.97 from pot
*** SUMMARY ***
Total pot $23.44 | Rake $0.47
Board [3d 9d 8s 2c 8c]
Seat 1: jl45259071 (big blind) showed [2s 8d] and won ($22.97) with a full house, Eights full of Deuces
Seat 2: Bastenok (button) (small blind) mucked


PokerStars Hand #147008307800:  Hold'em Limit ($3/$6 USD) - 2016/01/14 1:40:57 ET
Table 'Capricorn II' 2-max Seat #1 is the button
Seat 1: jl45259071 ($22.97 in chips)
Seat 2: Bastenok ($373.68 in chips)
jl45259071: posts small blind $1
Bastenok: posts big blind $3
*** HOLE CARDS ***
jl45259071: raises $3 to $6
Bastenok: calls $3
*** FLOP *** [6h Ks 4c]
Bastenok: checks
jl45259071: bets $3
Bastenok: raises $3 to $6
jl45259071: folds
Uncalled bet ($3) returned to Bastenok
Bastenok collected $17.64 from pot
Bastenok: doesn't show hand
*** SUMMARY ***
Total pot $18 | Rake $0.36
Board [6h Ks 4c]
Seat 1: jl45259071 (button) (small blind) folded on the Flop
Seat 2: Bastenok (big blind) collected ($17.64)


PokerStars Hand #147008310604:  Hold'em Limit ($3/$6 USD) - 2016/01/14 1:41:07 ET
Table 'Capricorn II' 2-max Seat #2 is the button
Seat 1: jl45259071 ($13.97 in chips)
Seat 2: Bastenok ($382.32 in chips)
Bastenok: posts small blind $1
jl45259071: posts big blind $3
*** HOLE CARDS ***
Bastenok: raises $3 to $6
jl45259071: raises $3 to $9
Bastenok: calls $3
*** FLOP *** [9c Th 8h]
jl45259071: bets $3
Bastenok: raises $3 to $6
jl45259071: calls $1.97 and is all-in
Uncalled bet ($1.03) returned to Bastenok
*** TURN *** [9c Th 8h] [3d]
*** RIVER *** [9c Th 8h 3d] [Jh]
*** SHOW DOWN ***
jl45259071: shows [6s Ac] (high card Ace)
Bastenok: shows [Js 2s] (a pair of Jacks)
Bastenok collected $27.44 from pot
*** SUMMARY ***
Total pot $27.94 | Rake $0.50
Board [9c Th 8h 3d Jh]
Seat 1: jl45259071 (big blind) showed [6s Ac] and lost with high card Ace
Seat 2: Bastenok (button) (small blind) showed [Js 2s] and won ($27.44) with a pair of Jacks


PokerStars Hand #147008335539:  Hold'em Limit ($3/$6 USD) - 2016/01/14 1:42:38 ET
Table 'Capricorn II' 2-max Seat #1 is the button
Seat 1: jl45259071 ($50 in chips)
Seat 2: Bastenok ($395.79 in chips)
jl45259071: posts small blind $1
Bastenok: posts big blind $3
*** HOLE CARDS ***
jl45259071: calls $2
Bastenok: checks
*** FLOP *** [As 7s 2h]
Bastenok: checks
jl45259071: checks
*** TURN *** [As 7s 2h] [4h]
Bastenok: checks
jl45259071: checks
*** RIVER *** [As 7s 2h 4h] [3h]
Bastenok: checks
jl45259071: bets $6
Bastenok: folds
Uncalled bet ($6) returned to jl45259071
jl45259071 collected $5.88 from pot
jl45259071: doesn't show hand
*** SUMMARY ***
Total pot $6 | Rake $0.12
Board [As 7s 2h 4h 3h]
Seat 1: jl45259071 (button) (small blind) collected ($5.88)
Seat 2: Bastenok (big blind) folded on the River


PokerStars Hand #147008341588:  Hold'em Limit ($3/$6 USD) - 2016/01/14 1:43:00 ET
Table 'Capricorn II' 2-max Seat #2 is the button
Seat 1: jl45259071 ($52.88 in chips)
Seat 2: Bastenok ($392.79 in chips)
Bastenok: posts small blind $1
jl45259071: posts big blind $3
*** HOLE CARDS ***
Bastenok: raises $3 to $6
jl45259071: folds
Uncalled bet ($3) returned to Bastenok
Bastenok collected $6 from pot
Bastenok: doesn't show hand
*** SUMMARY ***
Total pot $6 | Rake $0
Seat 1: jl45259071 (big blind) folded before Flop
Seat 2: Bastenok (button) (small blind) collected ($6)


PokerStars Hand #147008351670:  Hold'em Limit ($3/$6 USD) - 2016/01/14 1:43:36 ET
Table 'Capricorn II' 2-max Seat #2 is the button
Seat 1: jl45259071 ($60.40 in chips)
Seat 2: Bastenok ($384.79 in chips)
Bastenok: posts small blind $1
jl45259071: posts big blind $3
*** HOLE CARDS ***
Bastenok: raises $3 to $6
jl45259071: calls $3
*** FLOP *** [Tc 8s 4h]
jl45259071: checks
Bastenok: bets $3
jl45259071: calls $3
*** TURN *** [Tc 8s 4h] [7s]
jl45259071: checks
Bastenok: bets $6
jl45259071: calls $6
*** RIVER *** [Tc 8s 4h 7s] [Ac]
jl45259071: checks
Bastenok: checks
*** SHOW DOWN ***
jl45259071: shows [5s 5d] (a pair of Fives)
Bastenok: shows [2s 7h] (a pair of Sevens)
Bastenok collected $29.50 from pot
*** SUMMARY ***
Total pot $30 | Rake $0.50
Board [Tc 8s 4h 7s Ac]
Seat 1: jl45259071 (big blind) showed [5s 5d] and lost with a pair of Fives
Seat 2: Bastenok (button) (small blind) showed [2s 7h] and won ($29.50) with a pair of Sevens


PokerStars Hand #147008363853:  Hold'em Limit ($3/$6 USD) - 2016/01/14 1:44:21 ET
Table 'Capricorn II' 2-max Seat #1 is the button
Seat 1: jl45259071 ($45.04 in chips)
Seat 2: Bastenok ($398.93 in chips)
jl45259071: posts small blind $1
Bastenok: posts big blind $3
*** HOLE CARDS ***
jl45259071: calls $2
Bastenok: checks
*** FLOP *** [4h Qd 4d]
Bastenok: checks
jl45259071: checks
*** TURN *** [4h Qd 4d] [6h]
Bastenok: checks
jl45259071: checks
*** RIVER *** [4h Qd 4d 6h] [5d]
Bastenok: checks
jl45259071: checks
*** SHOW DOWN ***
Bastenok: shows [2h 8c] (a pair of Fours)
jl45259071: shows [2c Jc] (a pair of Fours - Queen+Jack kicker)
jl45259071 collected $5.88 from pot
*** SUMMARY ***
Total pot $6 | Rake $0.12
Board [4h Qd 4d 6h 5d]
Seat 1: jl45259071 (button) (small blind) showed [2c Jc] and won ($5.88) with a pair of Fours
Seat 2: Bastenok (big blind) showed [2h 8c] and lost with a pair of Fours


PokerStars Hand #147008371373:  Hold'em Limit ($3/$6 USD) - 2016/01/14 1:44:48 ET
Table 'Capricorn II' 2-max Seat #1 is the button
Seat 1: jl45259071 ($38.92 in chips)
Seat 2: Bastenok ($404.57 in chips)
jl45259071: posts small blind $1
Bastenok: posts big blind $3
*** HOLE CARDS ***
jl45259071: folds
Uncalled bet ($2) returned to Bastenok
Bastenok collected $2 from pot
Bastenok: doesn't show hand
*** SUMMARY ***
Total pot $2 | Rake $0
Seat 1: jl45259071 (button) (small blind) folded before Flop
Seat 2: Bastenok (big blind) collected ($2)


PokerStars Hand #147008372832:  Hold'em Limit ($3/$6 USD) - 2016/01/14 1:44:53 ET
Table 'Capricorn II' 2-max Seat #2 is the button
Seat 1: jl45259071 ($37.92 in chips)
Seat 2: Bastenok ($405.57 in chips)
Bastenok: posts small blind $1
jl45259071: posts big blind $3
*** HOLE CARDS ***
Bastenok: raises $3 to $6
jl45259071: calls $3
*** FLOP *** [Td 9c Qd]
jl45259071: checks
Bastenok: bets $3
jl45259071: calls $3
*** TURN *** [Td 9c Qd] [3c]
jl45259071: checks
Bastenok: checks
*** RIVER *** [Td 9c Qd 3c] [2c]
jl45259071: bets $6
Bastenok: folds
Uncalled bet ($6) returned to jl45259071
jl45259071 collected $17.64 from pot
jl45259071: doesn't show hand
*** SUMMARY ***
Total pot $18 | Rake $0.36
Board [Td 9c Qd 3c 2c]
Seat 1: jl45259071 (big blind) collected ($17.64)
Seat 2: Bastenok (button) (small blind) folded on the River


PokerStars Hand #147008380660:  Hold'em Limit ($3/$6 USD) - 2016/01/14 1:45:21 ET
Table 'Capricorn II' 2-max Seat #2 is the button
Seat 1: jl45259071 ($43.56 in chips)
Seat 2: Bastenok ($399.45 in chips)
Bastenok: posts small blind $1
jl45259071: posts big blind $3
*** HOLE CARDS ***
Bastenok: raises $3 to $6
jl45259071: calls $3
*** FLOP *** [Kd 3d 3h]
jl45259071: checks
Bastenok: bets $3
jl45259071: calls $3
*** TURN *** [Kd 3d 3h] [7d]
jl45259071: checks
Bastenok: bets $6
jl45259071: calls $6
*** RIVER *** [Kd 3d 3h 7d] [Kh]
jl45259071: checks
Bastenok: checks
*** SHOW DOWN ***
jl45259071: shows [Ah 2s] (two pair, Kings and Threes)
Bastenok: shows [Ac Tc] (two pair, Kings and Threes)
jl45259071 collected $14.75 from pot
Bastenok collected $14.75 from pot
*** SUMMARY ***
Total pot $30 | Rake $0.50
Board [Kd 3d 3h 7d Kh]
Seat 1: jl45259071 (big blind) showed [Ah 2s] and won ($14.75) with two pair, Kings and Threes
Seat 2: Bastenok (button) (small blind) showed [Ac Tc] and won ($14.75) with two pair, Kings and Threes


PokerStars Hand #147008393628:  Hold'em Limit ($3/$6 USD) - 2016/01/14 1:46:08 ET
Table 'Capricorn II' 2-max Seat #1 is the button
Seat 1: jl45259071 ($22.31 in chips)
Seat 2: Bastenok ($419.46 in chips)
jl45259071: posts small blind $1
Bastenok: posts big blind $3
*** HOLE CARDS ***
jl45259071: calls $2
Bastenok: checks
*** FLOP *** [Ah 2h 7s]
Bastenok: checks
jl45259071: bets $3
Bastenok: raises $3 to $6
jl45259071: calls $3
*** TURN *** [Ah 2h 7s] [Kh]
Bastenok: bets $6
jl45259071: calls $6
*** RIVER *** [Ah 2h 7s Kh] [Qc]
Bastenok: bets $6
jl45259071: raises $1.31 to $7.31 and is all-in
Bastenok: calls $1.31
*** SHOW DOWN ***
jl45259071: shows [Jh Ts] (a straight, Ten to Ace)
Bastenok: mucks hand
jl45259071 collected $44.12 from pot
*** SUMMARY ***
Total pot $44.62 | Rake $0.50
Board [Ah 2h 7s Kh Qc]
Seat 1: jl45259071 (button) (small blind) showed [Jh Ts] and won ($44.12) with a straight, Ten to Ace
Seat 2: Bastenok (big blind) mucked


PokerStars Hand #147008386825:  Hold'em Limit ($3/$6 USD) - 2016/01/14 1:45:44 ET
Table 'Capricorn II' 2-max Seat #1 is the button
Seat 1: jl45259071 ($43.31 in chips)
Seat 2: Bastenok ($399.20 in chips)
jl45259071: posts small blind $1
Bastenok: posts big blind $3
*** HOLE CARDS ***
jl45259071: calls $2
Bastenok: checks
*** FLOP *** [6d As 6h]
Bastenok: checks
jl45259071: checks
*** TURN *** [6d As 6h] [6s]
Bastenok: bets $6
jl45259071: calls $6
*** RIVER *** [6d As 6h 6s] [3d]
Bastenok: bets $6
jl45259071: calls $6
*** SHOW DOWN ***
Bastenok: shows [Ah 5c] (a full house, Sixes full of Aces)
jl45259071: mucks hand
Bastenok collected $29.50 from pot
*** SUMMARY ***
Total pot $30 | Rake $0.50
Board [6d As 6h 6s 3d]
Seat 1: jl45259071 (button) (small blind) mucked
Seat 2: Bastenok (big blind) showed [Ah 5c] and won ($29.50) with a full house, Sixes full of Aces


PokerStars Hand #147008390880:  Hold'em Limit ($3/$6 USD) - 2016/01/14 1:45:58 ET
Table 'Capricorn II' 2-max Seat #2 is the button
Seat 1: jl45259071 ($28.31 in chips)
Seat 2: Bastenok ($413.70 in chips)
Bastenok: posts small blind $1
jl45259071: posts big blind $3
*** HOLE CARDS ***
Bastenok: raises $3 to $6
jl45259071: calls $3
*** FLOP *** [Qd 7c Ah]
jl45259071: checks
Bastenok: bets $3
jl45259071: folds
Uncalled bet ($3) returned to Bastenok
Bastenok collected $11.76 from pot
Bastenok: doesn't show hand
*** SUMMARY ***
Total pot $12 | Rake $0.24
Board [Qd 7c Ah]
Seat 1: jl45259071 (big blind) folded on the Flop
Seat 2: Bastenok (button) (small blind) collected ($11.76)


PokerStars Hand #147008400031:  Hold'em Limit ($3/$6 USD) - 2016/01/14 1:46:31 ET
Table 'Capricorn II' 2-max Seat #1 is the button
Seat 1: jl45259071 ($38.12 in chips)
Seat 2: Bastenok ($402.91 in chips)
jl45259071: posts small blind $1
Bastenok: posts big blind $3
*** HOLE CARDS ***
jl45259071: calls $2
Bastenok: checks
*** FLOP *** [7h 9s 8s]
Bastenok: checks
jl45259071: checks
*** TURN *** [7h 9s 8s] [6s]
Bastenok: checks
jl45259071: bets $6
Bastenok: calls $6
*** RIVER *** [7h 9s 8s 6s] [Jc]
Bastenok: checks
jl45259071: bets $6
Bastenok: calls $6
*** SHOW DOWN ***
jl45259071: shows [Tc 4d] (a straight, Seven to Jack)
Bastenok: mucks hand
jl45259071 collected $29.50 from pot
*** SUMMARY ***
Total pot $30 | Rake $0.50
Board [7h 9s 8s 6s Jc]
Seat 1: jl45259071 (button) (small blind) showed [Tc 4d] and won ($29.50) with a straight, Seven to Jack
Seat 2: Bastenok (big blind) mucked


PokerStars Hand #147008409676:  Hold'em Limit ($3/$6 USD) - 2016/01/14 1:47:05 ET
Table 'Capricorn II' 2-max Seat #1 is the button
Seat 1: jl45259071 ($67.12 in chips)
Seat 2: Bastenok ($372.91 in chips)
jl45259071: posts small blind $1
Bastenok: posts big blind $3
*** HOLE CARDS ***
jl45259071: folds
Uncalled bet ($2) returned to Bastenok
Bastenok collected $2 from pot
Bastenok: doesn't show hand
*** SUMMARY ***
Total pot $2 | Rake $0
Seat 1: jl45259071 (button) (small blind) folded before Flop
Seat 2: Bastenok (big blind) collected ($2)


PokerStars Hand #147008404440:  Hold'em Limit ($3/$6 USD) - 2016/01/14 1:46:47 ET
Table 'Capricorn II' 2-max Seat #2 is the button
Seat 1: jl45259071 ($52.62 in chips)
Seat 2: Bastenok ($387.91 in chips)
Bastenok: posts small blind $1
jl45259071: posts big blind $3
*** HOLE CARDS ***
Bastenok: raises $3 to $6
jl45259071: calls $3
*** FLOP *** [3c Ah Qd]
jl45259071: checks
Bastenok: bets $3
jl45259071: calls $3
*** TURN *** [3c Ah Qd] [7c]
jl45259071: checks
Bastenok: checks
*** RIVER *** [3c Ah Qd 7c] [Ac]
jl45259071: checks
Bastenok: bets $6
jl45259071: calls $6
*** SHOW DOWN ***
Bastenok: shows [9d Tc] (a pair of Aces)
jl45259071: shows [4h Kh] (a pair of Aces - King kicker)
jl45259071 collected $29.50 from pot
*** SUMMARY ***
Total pot $30 | Rake $0.50
Board [3c Ah Qd 7c Ac]
Seat 1: jl45259071 (big blind) showed [4h Kh] and won ($29.50) with a pair of Aces
Seat 2: Bastenok (button) (small blind) showed [9d Tc] and lost with a pair of Aces


PokerStars Hand #147008415244:  Hold'em Limit ($3/$6 USD) - 2016/01/14 1:47:26 ET
Table 'Capricorn II' 2-max Seat #1 is the button
Seat 1: jl45259071 ($60.12 in chips)
Seat 2: Bastenok ($379.67 in chips)
jl45259071: posts small blind $1
Bastenok: posts big blind $3
*** HOLE CARDS ***
jl45259071: folds
Uncalled bet ($2) returned to Bastenok
Bastenok collected $2 from pot
Bastenok: doesn't show hand
*** SUMMARY ***
Total pot $2 | Rake $0
Seat 1: jl45259071 (button) (small blind) folded before Flop
Seat 2: Bastenok (big blind) collected ($2)


PokerStars Hand #147008416960:  Hold'em Limit ($3/$6 USD) - 2016/01/14 1:47:32 ET
Table 'Capricorn II' 2-max Seat #2 is the button
Seat 1: jl45259071 ($59.12 in chips)
Seat 2: Bastenok ($380.67 in chips)
Bastenok: posts small blind $1
jl45259071: posts big blind $3
*** HOLE CARDS ***
Bastenok: raises $3 to $6
jl45259071: calls $3
*** FLOP *** [Jc 2s Jh]
jl45259071: checks
Bastenok: bets $3
jl45259071: calls $3
*** TURN *** [Jc 2s Jh] [Tc]
jl45259071: checks
Bastenok: bets $6
jl45259071: calls $6
*** RIVER *** [Jc 2s Jh Tc] [4c]
jl45259071: checks
Bastenok: bets $6
jl45259071: calls $6
*** SHOW DOWN ***
Bastenok: shows [Jd 3c] (three of a kind, Jacks)
jl45259071: mucks hand
Bastenok collected $41.50 from pot
*** SUMMARY ***
Total pot $42 | Rake $0.50
Board [Jc 2s Jh Tc 4c]
Seat 1: jl45259071 (big blind) mucked
Seat 2: Bastenok (button) (small blind) showed [Jd 3c] and won ($41.50) with three of a kind, Jacks


PokerStars Hand #147008422836:  Hold'em Limit ($3/$6 USD) - 2016/01/14 1:47:52 ET
Table 'Capricorn II' 2-max Seat #1 is the button
Seat 1: jl45259071 ($38.12 in chips)
Seat 2: Bastenok ($401.17 in chips)
jl45259071: posts small blind $1
Bastenok: posts big blind $3
*** HOLE CARDS ***
jl45259071: calls $2
Bastenok: checks
*** FLOP *** [8d 9h 5c]
Bastenok: checks
jl45259071: checks
*** TURN *** [8d 9h 5c] [6d]
Bastenok: checks
jl45259071: bets $6
Bastenok: calls $6
*** RIVER *** [8d 9h 5c 6d] [4c]
Bastenok: checks
jl45259071: checks
*** SHOW DOWN ***
Bastenok: shows [8s Td] (a pair of Eights)
jl45259071: mucks hand
Bastenok collected $17.64 from pot
*** SUMMARY ***
Total pot $18 | Rake $0.36
Board [8d 9h 5c 6d 4c]
Seat 1: jl45259071 (button) (small blind) mucked
Seat 2: Bastenok (big blind) showed [8s Td] and won ($17.64) with a pair of Eights


PokerStars Hand #147008427067:  Hold'em Limit ($3/$6 USD) - 2016/01/14 1:48:07 ET
Table 'Capricorn II' 2-max Seat #2 is the button
Seat 1: jl45259071 ($29.12 in chips)
Seat 2: Bastenok ($409.81 in chips)
Bastenok: posts small blind $1
jl45259071: posts big blind $3
*** HOLE CARDS ***
Bastenok: raises $3 to $6
jl45259071: calls $3
*** FLOP *** [Jh 7d 4h]
jl45259071: checks
Bastenok: bets $3
jl45259071: calls $3
*** TURN *** [Jh 7d 4h] [4s]
jl45259071: checks
Bastenok: checks
*** RIVER *** [Jh 7d 4h 4s] [6h]
jl45259071: checks
Bastenok: checks
*** SHOW DOWN ***
jl45259071: shows [3d Ad] (a pair of Fours)
Bastenok: mucks hand
jl45259071 collected $17.64 from pot
*** SUMMARY ***
Total pot $18 | Rake $0.36
Board [Jh 7d 4h 4s 6h]
Seat 1: jl45259071 (big blind) showed [3d Ad] and won ($17.64) with a pair of Fours
Seat 2: Bastenok (button) (small blind) mucked


PokerStars Hand #147008437761:  Hold'em Limit ($3/$6 USD) - 2016/01/14 1:48:45 ET
Table 'Capricorn II' 2-max Seat #2 is the button
Seat 1: jl45259071 ($28.76 in chips)
Seat 2: Bastenok ($409.45 in chips)
Bastenok: posts small blind $1
jl45259071: posts big blind $3
*** HOLE CARDS ***
Bastenok: raises $3 to $6
jl45259071: calls $3
*** FLOP *** [Qd Jd Ts]
jl45259071: checks
Bastenok: bets $3
jl45259071: folds
Uncalled bet ($3) returned to Bastenok
Bastenok collected $11.76 from pot
Bastenok: doesn't show hand
*** SUMMARY ***
Total pot $12 | Rake $0.24
Board [Qd Jd Ts]
Seat 1: jl45259071 (big blind) folded on the Flop
Seat 2: Bastenok (button) (small blind) collected ($11.76)


PokerStars Hand #147008431980:  Hold'em Limit ($3/$6 USD) - 2016/01/14 1:48:25 ET
Table 'Capricorn II' 2-max Seat #1 is the button
Seat 1: jl45259071 ($37.76 in chips)
Seat 2: Bastenok ($400.81 in chips)
jl45259071: posts small blind $1
Bastenok: posts big blind $3
*** HOLE CARDS ***
jl45259071: calls $2
Bastenok: checks
*** FLOP *** [Ad 7c 5s]
Bastenok: checks
jl45259071: checks
*** TURN *** [Ad 7c 5s] [2c]
Bastenok: bets $6
jl45259071: calls $6
*** RIVER *** [Ad 7c 5s 2c] [4h]
Bastenok: checks
jl45259071: checks
*** SHOW DOWN ***
Bastenok: shows [6s 2s] (a pair of Deuces)
jl45259071: mucks hand
Bastenok collected $17.64 from pot
*** SUMMARY ***
Total pot $18 | Rake $0.36
Board [Ad 7c 5s 2c 4h]
Seat 1: jl45259071 (button) (small blind) mucked
Seat 2: Bastenok (big blind) showed [6s 2s] and won ($17.64) with a pair of Deuces


