PokerStars Hand #147980942683:  Hold'em Limit ($3/$6 USD) - 2016/01/31 5:38:06 ET
Table 'Carina III' 2-max Seat #1 is the button
Seat 1: PbIbak ($109 in chips)
Seat 2: hudecam ($40.64 in chips)
PbIbak: posts small blind $1
hudecam: posts big blind $3
*** HOLE CARDS ***
PbIbak: raises $3 to $6
hudecam: calls $3
*** FLOP *** [2h 9h 7d]
hudecam: checks
PbIbak: checks
*** TURN *** [2h 9h 7d] [Qd]
hudecam: checks
PbIbak: bets $6
hudecam: raises $6 to $12
PbIbak: calls $6
*** RIVER *** [2h 9h 7d Qd] [2c]
hudecam: bets $6
PbIbak: calls $6
*** SHOW DOWN ***
hudecam: shows [Qh 6d] (two pair, Queens and Deuces)
PbIbak: shows [Qs Jh] (two pair, Queens and Deuces - Jack kicker)
PbIbak collected $47.50 from pot
*** SUMMARY ***
Total pot $48 | Rake $0.50
Board [2h 9h 7d Qd 2c]
Seat 1: PbIbak (button) (small blind) showed [Qs Jh] and won ($47.50) with two pair, Queens and Deuces
Seat 2: hudecam (big blind) showed [Qh 6d] and lost with two pair, Queens and Deuces


PokerStars Hand #147980956372:  Hold'em Limit ($3/$6 USD) - 2016/01/31 5:38:30 ET
Table 'Carina III' 2-max Seat #1 is the button
Seat 1: PbIbak ($126.50 in chips)
Seat 2: hudecam ($22.40 in chips)
PbIbak: posts small blind $1
hudecam: posts big blind $3
*** HOLE CARDS ***
PbIbak: raises $3 to $6
hudecam: calls $3
*** FLOP *** [7h 5s 4d]
hudecam: checks
PbIbak: bets $3
hudecam: raises $3 to $6
PbIbak: calls $3
*** TURN *** [7h 5s 4d] [6c]
hudecam: bets $6
PbIbak: raises $6 to $12
hudecam: calls $4.40 and is all-in
Uncalled bet ($1.60) returned to PbIbak
*** RIVER *** [7h 5s 4d 6c] [6d]
*** SHOW DOWN ***
hudecam: shows [2c 5d] (two pair, Sixes and Fives)
PbIbak: shows [4c 3c] (a straight, Three to Seven)
PbIbak collected $44.30 from pot
*** SUMMARY ***
Total pot $44.80 | Rake $0.50
Board [7h 5s 4d 6c 6d]
Seat 1: PbIbak (button) (small blind) showed [4c 3c] and won ($44.30) with a straight, Three to Seven
Seat 2: hudecam (big blind) showed [2c 5d] and lost with two pair, Sixes and Fives


PokerStars Hand #147980950187:  Hold'em Limit ($3/$6 USD) - 2016/01/31 5:38:19 ET
Table 'Carina III' 2-max Seat #2 is the button
Seat 1: PbIbak ($132.50 in chips)
Seat 2: hudecam ($16.64 in chips)
hudecam: posts small blind $1
PbIbak: posts big blind $3
*** HOLE CARDS ***
hudecam: raises $3 to $6
PbIbak: calls $3
*** FLOP *** [5c 5h Jd]
PbIbak: checks
hudecam: bets $3
PbIbak: folds
Uncalled bet ($3) returned to hudecam
hudecam collected $11.76 from pot
hudecam: doesn't show hand
*** SUMMARY ***
Total pot $12 | Rake $0.24
Board [5c 5h Jd]
Seat 1: PbIbak (big blind) folded on the Flop
Seat 2: hudecam (button) (small blind) collected ($11.76)


PokerStars Hand #147980939942:  Hold'em Limit ($3/$6 USD) - 2016/01/31 5:38:02 ET
Table 'Carina III' 2-max Seat #2 is the button
Seat 1: PbIbak ($108 in chips)
Seat 2: hudecam ($41.64 in chips)
hudecam: posts small blind $1
PbIbak: posts big blind $3
*** HOLE CARDS ***
hudecam: folds
Uncalled bet ($2) returned to PbIbak
PbIbak collected $2 from pot
PbIbak: doesn't show hand
*** SUMMARY ***
Total pot $2 | Rake $0
Seat 1: PbIbak (big blind) collected ($2)
Seat 2: hudecam (button) (small blind) folded before Flop


PokerStars Hand #147980932369:  Hold'em Limit ($3/$6 USD) - 2016/01/31 5:37:48 ET
Table 'Carina III' 2-max Seat #1 is the button
Seat 1: PbIbak ($117 in chips)
Seat 2: hudecam ($33 in chips)
PbIbak: posts small blind $1
hudecam: posts big blind $3
*** HOLE CARDS ***
PbIbak: raises $3 to $6
hudecam: raises $3 to $9
PbIbak: calls $3
*** FLOP *** [Kd Ks 5c]
hudecam: bets $3
PbIbak: folds
Uncalled bet ($3) returned to hudecam
hudecam collected $17.64 from pot
hudecam: doesn't show hand
*** SUMMARY ***
Total pot $18 | Rake $0.36
Board [Kd Ks 5c]
Seat 1: PbIbak (button) (small blind) folded on the Flop
Seat 2: hudecam (big blind) collected ($17.64)


PokerStars Hand #147980922305:  Hold'em Limit ($3/$6 USD) - 2016/01/31 5:37:31 ET
Table 'Carina III' 2-max Seat #2 is the button
Seat 1: PbIbak ($120 in chips)
Seat 2: hudecam ($30 in chips)
hudecam: posts small blind $1
PbIbak: posts big blind $3
*** HOLE CARDS ***
hudecam: raises $3 to $6
PbIbak: folds
Uncalled bet ($3) returned to hudecam
hudecam collected $6 from pot
hudecam: doesn't show hand
*** SUMMARY ***
Total pot $6 | Rake $0
Seat 1: PbIbak (big blind) folded before Flop
Seat 2: hudecam (button) (small blind) collected ($6)


