PokerStars Hand #175456115215:  Hold'em Limit ($3/$6 USD) - 2017/09/10 9:43:44 ET
Table 'Carina' 6-max Seat #3 is the button
Seat 3: Fantomet ($164.40 in chips)
Seat 4: VolkovDmitri ($120 in chips)
Fantomet: posts small blind $1
VolkovDmitri: posts big blind $3
*** HOLE CARDS ***
Fantomet: raises $3 to $6
VolkovDmitri: calls $3
*** FLOP *** [Ad 5h 9d]
VolkovDmitri: checks
Fantomet: bets $3
VolkovDmitri: raises $3 to $6
Fantomet: calls $3
*** TURN *** [Ad 5h 9d] [3d]
VolkovDmitri: bets $6
Fantomet: calls $6
*** RIVER *** [Ad 5h 9d 3d] [Ks]
VolkovDmitri: bets $6
Fantomet: calls $6
*** SHOW DOWN ***
VolkovDmitri: shows [Td 2c] (high card Ace)
Fantomet: shows [6d 6c] (a pair of Sixes)
Fantomet collected $47.50 from pot
*** SUMMARY ***
Total pot $48 | Rake $0.50
Board [Ad 5h 9d 3d Ks]
Seat 3: Fantomet (button) (small blind) showed [6d 6c] and won ($47.50) with a pair of Sixes
Seat 4: VolkovDmitri (big blind) showed [Td 2c] and lost with high card Ace


PokerStars Hand #175456097019:  Hold'em Limit ($3/$6 USD) - 2017/09/10 9:43:16 ET
Table 'Carina' 6-max Seat #4 is the button
Seat 3: Fantomet ($155.76 in chips)
Seat 4: VolkovDmitri ($120 in chips)
VolkovDmitri: posts small blind $1
Fantomet: posts big blind $3
*** HOLE CARDS ***
VolkovDmitri: raises $3 to $6
Fantomet: calls $3
*** FLOP *** [2c Th Js]
Fantomet: checks
VolkovDmitri: bets $3
Fantomet: calls $3
*** TURN *** [2c Th Js] [Qc]
Fantomet: checks
VolkovDmitri: checks
*** RIVER *** [2c Th Js Qc] [2d]
Fantomet: bets $6
VolkovDmitri: folds
Uncalled bet ($6) returned to Fantomet
Fantomet collected $17.64 from pot
*** SUMMARY ***
Total pot $18 | Rake $0.36
Board [2c Th Js Qc 2d]
Seat 3: Fantomet (big blind) collected ($17.64)
Seat 4: VolkovDmitri (button) (small blind) folded on the River


PokerStars Hand #175456147582:  Hold'em Limit ($3/$6 USD) - 2017/09/10 9:44:35 ET
Table 'Carina' 6-max Seat #3 is the button
Seat 3: Fantomet ($205.40 in chips)
Seat 5: masterblstr8 ($120 in chips)
Fantomet: posts small blind $1
masterblstr8: posts big blind $3
*** HOLE CARDS ***
VolkovDmitri leaves the table
Fantomet: raises $3 to $6
masterblstr8: raises $3 to $9
Fantomet: raises $3 to $12
Betting is capped
masterblstr8: calls $3
*** FLOP *** [8c Ah 3d]
masterblstr8: checks
Fantomet: checks
*** TURN *** [8c Ah 3d] [Ad]
masterblstr8: checks
Fantomet: bets $6
masterblstr8: folds
Uncalled bet ($6) returned to Fantomet
Fantomet collected $23.52 from pot
*** SUMMARY ***
Total pot $24 | Rake $0.48
Board [8c Ah 3d Ad]
Seat 3: Fantomet (button) (small blind) collected ($23.52)
Seat 5: masterblstr8 (big blind) folded on the Turn


PokerStars Hand #175456131375:  Hold'em Limit ($3/$6 USD) - 2017/09/10 9:44:09 ET
Table 'Carina' 6-max Seat #4 is the button
Seat 3: Fantomet ($187.90 in chips)
Seat 4: VolkovDmitri ($120 in chips)
VolkovDmitri: posts small blind $1
Fantomet: posts big blind $3
*** HOLE CARDS ***
VolkovDmitri: raises $3 to $6
Fantomet: raises $3 to $9
VolkovDmitri: raises $3 to $12
Betting is capped
Fantomet: calls $3
*** FLOP *** [5d Jd 3s]
Fantomet: checks
VolkovDmitri: checks
*** TURN *** [5d Jd 3s] [8d]
Fantomet: bets $6
VolkovDmitri: calls $6
*** RIVER *** [5d Jd 3s 8d] [4c]
masterblstr8 joins the table at seat #5
Fantomet: bets $6
VolkovDmitri: folds
Uncalled bet ($6) returned to Fantomet
Fantomet collected $35.50 from pot
*** SUMMARY ***
Total pot $36 | Rake $0.50
Board [5d Jd 3s 8d 4c]
Seat 3: Fantomet (big blind) collected ($35.50)
Seat 4: VolkovDmitri (button) (small blind) folded on the River


PokerStars Hand #175456205790:  Hold'em Limit ($3/$6 USD) - 2017/09/10 9:46:06 ET
Table 'Carina' 6-max Seat #5 is the button
Seat 3: Fantomet ($204.56 in chips)
Seat 5: masterblstr8 ($119.50 in chips)
masterblstr8: posts small blind $1
Fantomet: posts big blind $3
*** HOLE CARDS ***
masterblstr8: folds
Uncalled bet ($2) returned to Fantomet
Fantomet collected $2 from pot
*** SUMMARY ***
Total pot $2 | Rake $0
Seat 3: Fantomet (big blind) collected ($2)
Seat 5: masterblstr8 (button) (small blind) folded before Flop


PokerStars Hand #175456181580:  Hold'em Limit ($3/$6 USD) - 2017/09/10 9:45:28 ET
Table 'Carina' 6-max Seat #3 is the button
Seat 3: Fantomet ($225.56 in chips)
Seat 5: masterblstr8 ($99 in chips)
Fantomet: posts small blind $1
masterblstr8: posts big blind $3
*** HOLE CARDS ***
Fantomet: raises $3 to $6
masterblstr8: calls $3
*** FLOP *** [3c 2c 7s]
masterblstr8: checks
Fantomet: bets $3
masterblstr8: calls $3
*** TURN *** [3c 2c 7s] [4c]
masterblstr8: checks
Fantomet: bets $6
masterblstr8: calls $6
*** RIVER *** [3c 2c 7s 4c] [5c]
masterblstr8: bets $6
Fantomet: calls $6
*** SHOW DOWN ***
masterblstr8: shows [8s Jc] (a flush, Jack high)
Fantomet: mucks hand
masterblstr8 collected $41.50 from pot
*** SUMMARY ***
Total pot $42 | Rake $0.50
Board [3c 2c 7s 4c 5c]
Seat 3: Fantomet (button) (small blind) mucked
Seat 5: masterblstr8 (big blind) showed [8s Jc] and won ($41.50) with a flush, Jack high


PokerStars Hand #175456166222:  Hold'em Limit ($3/$6 USD) - 2017/09/10 9:45:04 ET
Table 'Carina' 6-max Seat #5 is the button
Seat 3: Fantomet ($216.92 in chips)
Seat 5: masterblstr8 ($108 in chips)
masterblstr8: posts small blind $1
Fantomet: posts big blind $3
*** HOLE CARDS ***
masterblstr8: raises $3 to $6
Fantomet: raises $3 to $9
masterblstr8: calls $3
*** FLOP *** [5d Ad Ts]
Fantomet: checks
masterblstr8: checks
*** TURN *** [5d Ad Ts] [Js]
Fantomet: bets $6
masterblstr8: folds
Uncalled bet ($6) returned to Fantomet
Fantomet collected $17.64 from pot
Fantomet: shows [As Ac] (three of a kind, Aces)
*** SUMMARY ***
Total pot $18 | Rake $0.36
Board [5d Ad Ts Js]
Seat 3: Fantomet (big blind) collected ($17.64)
Seat 5: masterblstr8 (button) (small blind) folded on the Turn


PokerStars Hand #175456208723:  Hold'em Limit ($3/$6 USD) - 2017/09/10 9:46:11 ET
Table 'Carina' 6-max Seat #3 is the button
Seat 3: Fantomet ($205.56 in chips)
Seat 5: masterblstr8 ($118.50 in chips)
Fantomet: posts small blind $1
masterblstr8: posts big blind $3
*** HOLE CARDS ***
Fantomet: raises $3 to $6
masterblstr8: raises $3 to $9
Fantomet: calls $3
*** FLOP *** [As Tc 2c]
masterblstr8: bets $3
Fantomet: folds
Uncalled bet ($3) returned to masterblstr8
masterblstr8 collected $17.64 from pot
masterblstr8: doesn't show hand
*** SUMMARY ***
Total pot $18 | Rake $0.36
Board [As Tc 2c]
Seat 3: Fantomet (button) (small blind) folded on the Flop
Seat 5: masterblstr8 (big blind) collected ($17.64)


PokerStars Hand #175456218247:  Hold'em Limit ($3/$6 USD) - 2017/09/10 9:46:25 ET
Table 'Carina' 6-max Seat #5 is the button
Seat 3: Fantomet ($196.56 in chips)
Seat 5: masterblstr8 ($127.14 in chips)
masterblstr8: posts small blind $1
Fantomet: posts big blind $3
*** HOLE CARDS ***
masterblstr8: raises $3 to $6
Fantomet: raises $3 to $9
masterblstr8: calls $3
*** FLOP *** [4d 2h Td]
Fantomet: bets $3
masterblstr8: calls $3
*** TURN *** [4d 2h Td] [Kd]
Fantomet: bets $6
masterblstr8: calls $6
*** RIVER *** [4d 2h Td Kd] [Qc]
Fantomet: bets $6
masterblstr8: folds
Uncalled bet ($6) returned to Fantomet
vestimokrec joins the table at seat #4
Fantomet collected $35.50 from pot
*** SUMMARY ***
Total pot $36 | Rake $0.50
Board [4d 2h Td Kd Qc]
Seat 3: Fantomet (big blind) collected ($35.50)
Seat 5: masterblstr8 (button) (small blind) folded on the River


PokerStars Hand #175456257037:  Hold'em Limit ($3/$6 USD) - 2017/09/10 9:47:26 ET
Table 'Carina' 6-max Seat #5 is the button
Seat 4: vestimokrec ($117 in chips)
Seat 5: masterblstr8 ($106.14 in chips)
masterblstr8: posts small blind $1
vestimokrec: posts big blind $3
*** HOLE CARDS ***
masterblstr8: raises $3 to $6
vestimokrec: calls $3
*** FLOP *** [4c Ac 5c]
vestimokrec: checks
masterblstr8: bets $3
vestimokrec: raises $3 to $6
masterblstr8: calls $3
*** TURN *** [4c Ac 5c] [Ks]
vestimokrec: bets $6
masterblstr8: raises $6 to $12
vestimokrec: calls $6
*** RIVER *** [4c Ac 5c Ks] [5s]
vestimokrec: checks
masterblstr8: bets $6
vestimokrec: folds
Uncalled bet ($6) returned to masterblstr8
masterblstr8 collected $47.50 from pot
masterblstr8: doesn't show hand
*** SUMMARY ***
Total pot $48 | Rake $0.50
Board [4c Ac 5c Ks 5s]
Seat 4: vestimokrec (big blind) folded on the River
Seat 5: masterblstr8 (button) (small blind) collected ($47.50)


