PokerStars Hand #174427177922:  Hold'em Limit ($3/$6 USD) - 2017/08/16 20:07:08 ET
Table 'Carina II' 6-max Seat #1 is the button
Seat 1: B_loJkl ($183.81 in chips)
Seat 6: favete lin ($218.21 in chips)
B_loJkl: posts small blind $1
fire852181: is sitting out
favete lin: posts big blind $3
*** HOLE CARDS ***
B_loJkl: raises $3 to $6
favete lin: calls $3
*** FLOP *** [Qd 5h 6d]
favete lin: checks
B_loJkl: bets $3
favete lin: calls $3
*** TURN *** [Qd 5h 6d] [Jh]
favete lin: checks
B_loJkl: checks
*** RIVER *** [Qd 5h 6d Jh] [9c]
favete lin: bets $6
B_loJkl: calls $6
*** SHOW DOWN ***
favete lin: shows [Kd Th] (a straight, Nine to King)
B_loJkl: mucks hand
favete lin collected $29.50 from pot
*** SUMMARY ***
Total pot $30 | Rake $0.50
Board [Qd 5h 6d Jh 9c]
Seat 1: B_loJkl (button) (small blind) mucked
Seat 6: favete lin (big blind) showed [Kd Th] and won ($29.50) with a straight, Nine to King


PokerStars Hand #174427212459:  Hold'em Limit ($3/$6 USD) - 2017/08/16 20:08:19 ET
Table 'Carina II' 6-max Seat #1 is the button
Seat 1: B_loJkl ($169.81 in chips)
Seat 6: favete lin ($231.71 in chips)
B_loJkl: posts small blind $1
favete lin: posts big blind $3
*** HOLE CARDS ***
B_loJkl: raises $3 to $6
favete lin: calls $3
*** FLOP *** [Kh Th 2c]
favete lin: checks
B_loJkl: checks
*** TURN *** [Kh Th 2c] [Qh]
favete lin: checks
B_loJkl: checks
*** RIVER *** [Kh Th 2c Qh] [5d]
favete lin: checks
B_loJkl: checks
*** SHOW DOWN ***
favete lin: shows [8h 7d] (high card King)
B_loJkl: shows [9s 8d] (high card King - Queen+Ten+Nine kicker)
B_loJkl collected $11.76 from pot
*** SUMMARY ***
Total pot $12 | Rake $0.24
Board [Kh Th 2c Qh 5d]
Seat 1: B_loJkl (button) (small blind) showed [9s 8d] and won ($11.76) with high card King
Seat 6: favete lin (big blind) showed [8h 7d] and lost with high card King


PokerStars Hand #174427232205:  Hold'em Limit ($3/$6 USD) - 2017/08/16 20:09:00 ET
Table 'Carina II' 6-max Seat #1 is the button
Seat 1: B_loJkl ($176.57 in chips)
Seat 6: favete lin ($224.71 in chips)
B_loJkl: posts small blind $1
favete lin: posts big blind $3
*** HOLE CARDS ***
B_loJkl: folds
Uncalled bet ($2) returned to favete lin
favete lin collected $2 from pot
favete lin: doesn't show hand
*** SUMMARY ***
Total pot $2 | Rake $0
Seat 1: B_loJkl (button) (small blind) folded before Flop
Seat 6: favete lin (big blind) collected ($2)


PokerStars Hand #174427243761:  Hold'em Limit ($3/$6 USD) - 2017/08/16 20:09:24 ET
Table 'Carina II' 6-max Seat #1 is the button
Seat 1: B_loJkl ($184.21 in chips)
Seat 6: favete lin ($216.71 in chips)
B_loJkl: posts small blind $1
favete lin: posts big blind $3
*** HOLE CARDS ***
B_loJkl: raises $3 to $6
favete lin: calls $3
*** FLOP *** [2d Ad 4d]
favete lin: checks
B_loJkl: bets $3
favete lin: calls $3
*** TURN *** [2d Ad 4d] [3s]
favete lin: checks
B_loJkl: bets $6
favete lin: calls $6
*** RIVER *** [2d Ad 4d 3s] [8h]
favete lin: checks
B_loJkl: bets $6
Acidstorm200 joins the table at seat #3
favete lin: calls $6
*** SHOW DOWN ***
B_loJkl: shows [9c 5s] (a straight, Ace to Five)
favete lin: mucks hand
B_loJkl collected $41.50 from pot
*** SUMMARY ***
Total pot $42 | Rake $0.50
Board [2d Ad 4d 3s 8h]
Seat 1: B_loJkl (button) (small blind) showed [9c 5s] and won ($41.50) with a straight, Ace to Five
Seat 6: favete lin (big blind) mucked


PokerStars Hand #174427261693:  Hold'em Limit ($3/$6 USD) - 2017/08/16 20:10:01 ET
Table 'Carina II' 6-max Seat #6 is the button
Seat 1: B_loJkl ($204.71 in chips)
Seat 6: favete lin ($195.71 in chips)
favete lin: posts small blind $1
B_loJkl: posts big blind $3
*** HOLE CARDS ***
favete lin: raises $3 to $6
B_loJkl: calls $3
*** FLOP *** [4s 2h Kc]
B_loJkl: checks
favete lin: bets $3
B_loJkl: raises $3 to $6
favete lin: calls $3
*** TURN *** [4s 2h Kc] [6d]
B_loJkl: bets $6
favete lin: calls $6
*** RIVER *** [4s 2h Kc 6d] [5h]
B_loJkl: bets $6
favete lin: calls $6
*** SHOW DOWN ***
B_loJkl: shows [5s 3s] (a straight, Deuce to Six)
favete lin: mucks hand
B_loJkl collected $47.50 from pot
*** SUMMARY ***
Total pot $48 | Rake $0.50
Board [4s 2h Kc 6d 5h]
Seat 1: B_loJkl (big blind) showed [5s 3s] and won ($47.50) with a straight, Deuce to Six
Seat 6: favete lin (button) (small blind) mucked


PokerStars Hand #174427393742:  Hold'em Limit ($3/$6 USD) - 2017/08/16 20:14:38 ET
Table 'Carina II' 6-max Seat #1 is the button
Seat 1: B_loJkl ($281.01 in chips)
Seat 6: favete lin ($148.06 in chips)
B_loJkl: posts small blind $1
favete lin: posts big blind $3
*** HOLE CARDS ***
B_loJkl: folds
Uncalled bet ($2) returned to favete lin
favete lin collected $2 from pot
favete lin: doesn't show hand
*** SUMMARY ***
Total pot $2 | Rake $0
Seat 1: B_loJkl (button) (small blind) folded before Flop
Seat 6: favete lin (big blind) collected ($2)


PokerStars Hand #174427417032:  Hold'em Limit ($3/$6 USD) - 2017/08/16 20:15:27 ET
Table 'Carina II' 6-max Seat #1 is the button
Seat 1: B_loJkl ($288.65 in chips)
Seat 6: favete lin ($140.06 in chips)
B_loJkl: posts small blind $1
favete lin: posts big blind $3
*** HOLE CARDS ***
fire852181 is disconnected
B_loJkl: raises $3 to $6
favete lin: folds
Uncalled bet ($3) returned to B_loJkl
B_loJkl collected $6 from pot
B_loJkl: doesn't show hand
*** SUMMARY ***
Total pot $6 | Rake $0
Seat 1: B_loJkl (button) (small blind) collected ($6)
Seat 6: favete lin (big blind) folded before Flop


PokerStars Hand #174427425318:  Hold'em Limit ($3/$6 USD) - 2017/08/16 20:15:45 ET
Table 'Carina II' 6-max Seat #6 is the button
Seat 1: B_loJkl ($291.65 in chips)
Seat 6: favete lin ($137.06 in chips)
favete lin: posts small blind $1
B_loJkl: posts big blind $3
*** HOLE CARDS ***
favete lin: raises $3 to $6
B_loJkl: folds
Uncalled bet ($3) returned to favete lin
favete lin collected $6 from pot
favete lin: doesn't show hand
*** SUMMARY ***
Total pot $6 | Rake $0
Seat 1: B_loJkl (big blind) folded before Flop
Seat 6: favete lin (button) (small blind) collected ($6)


PokerStars Hand #174427472851:  Hold'em Limit ($3/$6 USD) - 2017/08/16 20:17:25 ET
Table 'Carina II' 6-max Seat #4 is the button
Seat 4: B_loJkl ($167.33 in chips)
Seat 6: favete lin ($159.25 in chips)
B_loJkl: posts small blind $1
favete lin: posts big blind $3
*** HOLE CARDS ***
B_loJkl: folds
Uncalled bet ($2) returned to favete lin
favete lin collected $2 from pot
favete lin: doesn't show hand
*** SUMMARY ***
Total pot $2 | Rake $0
Seat 4: B_loJkl (button) (small blind) folded before Flop
Seat 6: favete lin (big blind) collected ($2)


PokerStars Hand #174427476420:  Hold'em Limit ($3/$6 USD) - 2017/08/16 20:17:33 ET
Table 'Carina II' 6-max Seat #6 is the button
Seat 4: B_loJkl ($166.33 in chips)
Seat 6: favete lin ($160.25 in chips)
favete lin: posts small blind $1
B_loJkl: posts big blind $3
*** HOLE CARDS ***
favete lin: raises $3 to $6
B_loJkl: calls $3
*** FLOP *** [6s 2d Jh]
B_loJkl: checks
favete lin: bets $3
B_loJkl: raises $3 to $6
favete lin: calls $3
*** TURN *** [6s 2d Jh] [3c]
B_loJkl: bets $6
favete lin: raises $6 to $12
B_loJkl: folds
Uncalled bet ($6) returned to favete lin
favete lin collected $35.50 from pot
favete lin: doesn't show hand
*** SUMMARY ***
Total pot $36 | Rake $0.50
Board [6s 2d Jh 3c]
Seat 4: B_loJkl (big blind) folded on the Turn
Seat 6: favete lin (button) (small blind) collected ($35.50)


PokerStars Hand #174427486758:  Hold'em Limit ($3/$6 USD) - 2017/08/16 20:17:55 ET
Table 'Carina II' 6-max Seat #4 is the button
Seat 4: B_loJkl ($148.33 in chips)
Seat 6: favete lin ($177.75 in chips)
B_loJkl: posts small blind $1
favete lin: posts big blind $3
*** HOLE CARDS ***
B_loJkl: raises $3 to $6
favete lin: raises $3 to $9
B_loJkl: calls $3
*** FLOP *** [7h 4s Ks]
favete lin: bets $3
B_loJkl: calls $3
*** TURN *** [7h 4s Ks] [8h]
favete lin: checks
B_loJkl: bets $6
favete lin: folds
Uncalled bet ($6) returned to B_loJkl
B_loJkl collected $23.52 from pot
B_loJkl: doesn't show hand
*** SUMMARY ***
Total pot $24 | Rake $0.48
Board [7h 4s Ks 8h]
Seat 4: B_loJkl (button) (small blind) collected ($23.52)
Seat 6: favete lin (big blind) folded on the Turn


PokerStars Hand #174431513359:  Hold'em Limit ($3/$6 USD) - 2017/08/16 23:11:22 ET
Table 'Carina II' 6-max Seat #4 is the button
Seat 4: confususs ($104.23 in chips)
Seat 6: favete lin ($435.24 in chips)
confususs: posts small blind $1
favete lin: posts big blind $3
*** HOLE CARDS ***
confususs: raises $3 to $6
favete lin: calls $3
*** FLOP *** [3c Tc 6c]
favete lin: checks
confususs: bets $3
favete lin: folds
Uncalled bet ($3) returned to confususs
confususs collected $11.76 from pot
*** SUMMARY ***
Total pot $12 | Rake $0.24
Board [3c Tc 6c]
Seat 4: confususs (button) (small blind) collected ($11.76)
Seat 6: favete lin (big blind) folded on the Flop


PokerStars Hand #174431508674:  Hold'em Limit ($3/$6 USD) - 2017/08/16 23:11:06 ET
Table 'Carina II' 6-max Seat #6 is the button
Seat 4: confususs ($107.23 in chips)
Seat 6: favete lin ($432.24 in chips)
favete lin: posts small blind $1
confususs: posts big blind $3
*** HOLE CARDS ***
favete lin: folds
Uncalled bet ($2) returned to confususs
confususs collected $2 from pot
*** SUMMARY ***
Total pot $2 | Rake $0
Seat 4: confususs (big blind) collected ($2)
Seat 6: favete lin (button) (small blind) folded before Flop


PokerStars Hand #174431502975:  Hold'em Limit ($3/$6 USD) - 2017/08/16 23:10:48 ET
Table 'Carina II' 6-max Seat #4 is the button
Seat 4: confususs ($122.23 in chips)
Seat 6: favete lin ($417.74 in chips)
confususs: posts small blind $1
favete lin: posts big blind $3
*** HOLE CARDS ***
confususs: raises $3 to $6
favete lin: calls $3
*** FLOP *** [5s 6c 9c]
favete lin: checks
confususs: bets $3
favete lin: calls $3
*** TURN *** [5s 6c 9c] [Qh]
favete lin: checks
confususs: checks
*** RIVER *** [5s 6c 9c Qh] [Qs]
favete lin: bets $6
confususs: calls $6
*** SHOW DOWN ***
favete lin: shows [5d Qd] (a full house, Queens full of Fives)
confususs: mucks hand
favete lin collected $29.50 from pot
*** SUMMARY ***
Total pot $30 | Rake $0.50
Board [5s 6c 9c Qh Qs]
Seat 4: confususs (button) (small blind) mucked
Seat 6: favete lin (big blind) showed [5d Qd] and won ($29.50) with a full house, Queens full of Fives


PokerStars Hand #174431511631:  Hold'em Limit ($3/$6 USD) - 2017/08/16 23:11:16 ET
Table 'Carina II' 6-max Seat #6 is the button
Seat 4: confususs ($107.23 in chips)
Seat 6: favete lin ($432.24 in chips)
favete lin: posts small blind $1
confususs: posts big blind $3
*** HOLE CARDS ***
favete lin: raises $3 to $6
confususs: folds
Uncalled bet ($3) returned to favete lin
favete lin collected $6 from pot
favete lin: doesn't show hand
*** SUMMARY ***
Total pot $6 | Rake $0
Seat 4: confususs (big blind) folded before Flop
Seat 6: favete lin (button) (small blind) collected ($6)


PokerStars Hand #174431510060:  Hold'em Limit ($3/$6 USD) - 2017/08/16 23:11:11 ET
Table 'Carina II' 6-max Seat #4 is the button
Seat 4: confususs ($108.23 in chips)
Seat 6: favete lin ($431.24 in chips)
confususs: posts small blind $1
favete lin: posts big blind $3
*** HOLE CARDS ***
confususs: folds
Uncalled bet ($2) returned to favete lin
favete lin collected $2 from pot
favete lin: doesn't show hand
*** SUMMARY ***
Total pot $2 | Rake $0
Seat 4: confususs (button) (small blind) folded before Flop
Seat 6: favete lin (big blind) collected ($2)


PokerStars Hand #174431540005:  Hold'em Limit ($3/$6 USD) - 2017/08/16 23:12:35 ET
Table 'Carina II' 6-max Seat #4 is the button
Seat 4: confususs ($138.13 in chips)
Seat 6: favete lin ($400.24 in chips)
confususs: posts small blind $1
favete lin: posts big blind $3
*** HOLE CARDS ***
confususs: folds
Uncalled bet ($2) returned to favete lin
favete lin collected $2 from pot
favete lin: doesn't show hand
*** SUMMARY ***
Total pot $2 | Rake $0
Seat 4: confususs (button) (small blind) folded before Flop
Seat 6: favete lin (big blind) collected ($2)


PokerStars Hand #174431534739:  Hold'em Limit ($3/$6 USD) - 2017/08/16 23:12:17 ET
Table 'Carina II' 6-max Seat #6 is the button
Seat 4: confususs ($129.49 in chips)
Seat 6: favete lin ($409.24 in chips)
favete lin: posts small blind $1
confususs: posts big blind $3
*** HOLE CARDS ***
favete lin: raises $3 to $6
confususs: calls $3
*** FLOP *** [4c As Qd]
confususs: checks
favete lin: bets $3
confususs: calls $3
*** TURN *** [4c As Qd] [Ad]
confususs: checks
favete lin: checks
*** RIVER *** [4c As Qd Ad] [Jc]
confususs: checks
favete lin: checks
*** SHOW DOWN ***
confususs: shows [Qh 2h] (two pair, Aces and Queens)
favete lin: mucks hand
confususs collected $17.64 from pot
*** SUMMARY ***
Total pot $18 | Rake $0.36
Board [4c As Qd Ad Jc]
Seat 4: confususs (big blind) showed [Qh 2h] and won ($17.64) with two pair, Aces and Queens
Seat 6: favete lin (button) (small blind) mucked


PokerStars Hand #174431517138:  Hold'em Limit ($3/$6 USD) - 2017/08/16 23:11:34 ET
Table 'Carina II' 6-max Seat #6 is the button
Seat 4: confususs ($109.99 in chips)
Seat 6: favete lin ($429.24 in chips)
favete lin: posts small blind $1
confususs: posts big blind $3
*** HOLE CARDS ***
favete lin: raises $3 to $6
confususs: calls $3
*** FLOP *** [9h 8c 7c]
confususs: checks
favete lin: bets $3
confususs: calls $3
*** TURN *** [9h 8c 7c] [Jd]
confususs: checks
favete lin: bets $6
confususs: raises $6 to $12
favete lin: calls $6
*** RIVER *** [9h 8c 7c Jd] [Js]
confususs: bets $6
favete lin: folds
Uncalled bet ($6) returned to confususs
confususs collected $41.50 from pot
*** SUMMARY ***
Total pot $42 | Rake $0.50
Board [9h 8c 7c Jd Js]
Seat 4: confususs (big blind) collected ($41.50)
Seat 6: favete lin (button) (small blind) folded on the River


PokerStars Hand #174431533159:  Hold'em Limit ($3/$6 USD) - 2017/08/16 23:12:12 ET
Table 'Carina II' 6-max Seat #4 is the button
Seat 4: confususs ($130.49 in chips)
Seat 6: favete lin ($408.24 in chips)
confususs: posts small blind $1
favete lin: posts big blind $3
*** HOLE CARDS ***
confususs: folds
Uncalled bet ($2) returned to favete lin
favete lin collected $2 from pot
favete lin: doesn't show hand
*** SUMMARY ***
Total pot $2 | Rake $0
Seat 4: confususs (button) (small blind) folded before Flop
Seat 6: favete lin (big blind) collected ($2)


PokerStars Hand #174431550839:  Hold'em Limit ($3/$6 USD) - 2017/08/16 23:13:10 ET
Table 'Carina II' 6-max Seat #4 is the button
Seat 4: confususs ($123.13 in chips)
Seat 6: favete lin ($414.76 in chips)
confususs: posts small blind $1
favete lin: posts big blind $3
*** HOLE CARDS ***
confususs: raises $3 to $6
favete lin: calls $3
*** FLOP *** [5d 9c Js]
favete lin: checks
confususs: checks
*** TURN *** [5d 9c Js] [2h]
favete lin: bets $6
confususs: calls $6
*** RIVER *** [5d 9c Js 2h] [Qs]
favete lin: bets $6
confususs: calls $6
*** SHOW DOWN ***
favete lin: shows [8h Tc] (a straight, Eight to Queen)
confususs: mucks hand
favete lin collected $35.50 from pot
*** SUMMARY ***
Total pot $36 | Rake $0.50
Board [5d 9c Js 2h Qs]
Seat 4: confususs (button) (small blind) mucked
Seat 6: favete lin (big blind) showed [8h Tc] and won ($35.50) with a straight, Eight to Queen


PokerStars Hand #174431541649:  Hold'em Limit ($3/$6 USD) - 2017/08/16 23:12:40 ET
Table 'Carina II' 6-max Seat #6 is the button
Seat 4: confususs ($137.13 in chips)
Seat 6: favete lin ($401.24 in chips)
favete lin: posts small blind $1
confususs: posts big blind $3
*** HOLE CARDS ***
favete lin: folds
Uncalled bet ($2) returned to confususs
confususs collected $2 from pot
*** SUMMARY ***
Total pot $2 | Rake $0
Seat 4: confususs (big blind) collected ($2)
Seat 6: favete lin (button) (small blind) folded before Flop


PokerStars Hand #174431543350:  Hold'em Limit ($3/$6 USD) - 2017/08/16 23:12:46 ET
Table 'Carina II' 6-max Seat #4 is the button
Seat 4: confususs ($138.13 in chips)
Seat 6: favete lin ($400.24 in chips)
confususs: posts small blind $1
favete lin: posts big blind $3
*** HOLE CARDS ***
confususs: raises $3 to $6
favete lin: raises $3 to $9
confususs: calls $3
*** FLOP *** [5d 2s 9s]
favete lin: bets $3
confususs: calls $3
*** TURN *** [5d 2s 9s] [Jd]
favete lin: bets $6
confususs: folds
Uncalled bet ($6) returned to favete lin
favete lin collected $23.52 from pot
favete lin: doesn't show hand
*** SUMMARY ***
Total pot $24 | Rake $0.48
Board [5d 2s 9s Jd]
Seat 4: confususs (button) (small blind) folded on the Turn
Seat 6: favete lin (big blind) collected ($23.52)


PokerStars Hand #174431548854:  Hold'em Limit ($3/$6 USD) - 2017/08/16 23:13:04 ET
Table 'Carina II' 6-max Seat #6 is the button
Seat 4: confususs ($126.13 in chips)
Seat 6: favete lin ($411.76 in chips)
favete lin: posts small blind $1
confususs: posts big blind $3
*** HOLE CARDS ***
favete lin: raises $3 to $6
confususs: folds
Uncalled bet ($3) returned to favete lin
favete lin collected $6 from pot
favete lin: doesn't show hand
*** SUMMARY ***
Total pot $6 | Rake $0
Seat 4: confususs (big blind) folded before Flop
Seat 6: favete lin (button) (small blind) collected ($6)


PokerStars Hand #174431567906:  Hold'em Limit ($3/$6 USD) - 2017/08/16 23:14:07 ET
Table 'Carina II' 6-max Seat #6 is the button
Seat 4: confususs ($84.13 in chips)
Seat 6: favete lin ($452.76 in chips)
favete lin: posts small blind $1
confususs: posts big blind $3
*** HOLE CARDS ***
favete lin: raises $3 to $6
confususs: calls $3
*** FLOP *** [6c 9s 2d]
confususs: checks
favete lin: bets $3
confususs: folds
Uncalled bet ($3) returned to favete lin
favete lin collected $11.76 from pot
favete lin: doesn't show hand
*** SUMMARY ***
Total pot $12 | Rake $0.24
Board [6c 9s 2d]
Seat 4: confususs (big blind) folded on the Flop
Seat 6: favete lin (button) (small blind) collected ($11.76)


PokerStars Hand #174431558664:  Hold'em Limit ($3/$6 USD) - 2017/08/16 23:13:36 ET
Table 'Carina II' 6-max Seat #4 is the button
Seat 4: confususs ($102.13 in chips)
Seat 6: favete lin ($435.26 in chips)
confususs: posts small blind $1
favete lin: posts big blind $3
*** HOLE CARDS ***
confususs: raises $3 to $6
favete lin: calls $3
*** FLOP *** [5d 6c 3h]
favete lin: checks
confususs: bets $3
favete lin: raises $3 to $6
confususs: calls $3
*** TURN *** [5d 6c 3h] [As]
favete lin: bets $6
confususs: calls $6
*** RIVER *** [5d 6c 3h As] [9h]
favete lin: bets $6
confususs: folds
Uncalled bet ($6) returned to favete lin
favete lin collected $35.50 from pot
favete lin: doesn't show hand
*** SUMMARY ***
Total pot $36 | Rake $0.50
Board [5d 6c 3h As 9h]
Seat 4: confususs (button) (small blind) folded on the River
Seat 6: favete lin (big blind) collected ($35.50)


PokerStars Hand #174431571832:  Hold'em Limit ($3/$6 USD) - 2017/08/16 23:14:20 ET
Table 'Carina II' 6-max Seat #4 is the button
Seat 4: confususs ($78.13 in chips)
Seat 6: favete lin ($458.52 in chips)
confususs: posts small blind $1
favete lin: posts big blind $3
*** HOLE CARDS ***
confususs: raises $3 to $6
favete lin: raises $3 to $9
confususs: calls $3
*** FLOP *** [6h 3h 8d]
favete lin: bets $3
confususs: calls $3
*** TURN *** [6h 3h 8d] [9s]
favete lin: bets $6
confususs: calls $6
*** RIVER *** [6h 3h 8d 9s] [Td]
favete lin: checks
confususs: bets $6
favete lin: calls $6
*** SHOW DOWN ***
confususs: shows [2d 7d] (a straight, Six to Ten)
favete lin: mucks hand
confususs collected $47.50 from pot
*** SUMMARY ***
Total pot $48 | Rake $0.50
Board [6h 3h 8d 9s Td]
Seat 4: confususs (button) (small blind) showed [2d 7d] and won ($47.50) with a straight, Six to Ten
Seat 6: favete lin (big blind) mucked


PokerStars Hand #174431580259:  Hold'em Limit ($3/$6 USD) - 2017/08/16 23:14:47 ET
Table 'Carina II' 6-max Seat #6 is the button
Seat 4: confususs ($101.63 in chips)
Seat 6: favete lin ($434.52 in chips)
favete lin: posts small blind $1
confususs: posts big blind $3
*** HOLE CARDS ***
favete lin: raises $3 to $6
confususs: calls $3
*** FLOP *** [Js Td Th]
confususs: checks
favete lin: bets $3
confususs: folds
Uncalled bet ($3) returned to favete lin
favete lin collected $11.76 from pot
favete lin: doesn't show hand
*** SUMMARY ***
Total pot $12 | Rake $0.24
Board [Js Td Th]
Seat 4: confususs (big blind) folded on the Flop
Seat 6: favete lin (button) (small blind) collected ($11.76)


PokerStars Hand #174431592224:  Hold'em Limit ($3/$6 USD) - 2017/08/16 23:15:27 ET
Table 'Carina II' 6-max Seat #6 is the button
Seat 4: confususs ($122.13 in chips)
Seat 6: favete lin ($413.28 in chips)
favete lin: posts small blind $1
confususs: posts big blind $3
*** HOLE CARDS ***
favete lin: raises $3 to $6
confususs: folds
Uncalled bet ($3) returned to favete lin
favete lin collected $6 from pot
favete lin: doesn't show hand
*** SUMMARY ***
Total pot $6 | Rake $0
Seat 4: confususs (big blind) folded before Flop
Seat 6: favete lin (button) (small blind) collected ($6)


PokerStars Hand #174431583600:  Hold'em Limit ($3/$6 USD) - 2017/08/16 23:14:59 ET
Table 'Carina II' 6-max Seat #4 is the button
Seat 4: confususs ($95.63 in chips)
Seat 6: favete lin ($440.28 in chips)
confususs: posts small blind $1
favete lin: posts big blind $3
*** HOLE CARDS ***
confususs: raises $3 to $6
favete lin: raises $3 to $9
confususs: raises $3 to $12
Betting is capped
favete lin: calls $3
*** FLOP *** [5h 6h Tc]
favete lin: checks
confususs: bets $3
favete lin: calls $3
*** TURN *** [5h 6h Tc] [Qd]
favete lin: checks
confususs: bets $6
favete lin: calls $6
*** RIVER *** [5h 6h Tc Qd] [3h]
favete lin: checks
confususs: bets $6
favete lin: calls $6
*** SHOW DOWN ***
confususs: shows [Th Td] (three of a kind, Tens)
favete lin: mucks hand
confususs collected $53.50 from pot
*** SUMMARY ***
Total pot $54 | Rake $0.50
Board [5h 6h Tc Qd 3h]
Seat 4: confususs (button) (small blind) showed [Th Td] and won ($53.50) with three of a kind, Tens
Seat 6: favete lin (big blind) mucked


PokerStars Hand #174431609133:  Hold'em Limit ($3/$6 USD) - 2017/08/16 23:16:23 ET
Table 'Carina II' 6-max Seat #4 is the button
Seat 4: confususs ($150.63 in chips)
Seat 6: favete lin ($384.04 in chips)
confususs: posts small blind $1
favete lin: posts big blind $3
*** HOLE CARDS ***
confususs: folds
Uncalled bet ($2) returned to favete lin
favete lin collected $2 from pot
favete lin: doesn't show hand
*** SUMMARY ***
Total pot $2 | Rake $0
Seat 4: confususs (button) (small blind) folded before Flop
Seat 6: favete lin (big blind) collected ($2)


PokerStars Hand #174431593976:  Hold'em Limit ($3/$6 USD) - 2017/08/16 23:15:33 ET
Table 'Carina II' 6-max Seat #4 is the button
Seat 4: confususs ($119.13 in chips)
Seat 6: favete lin ($416.28 in chips)
confususs: posts small blind $1
favete lin: posts big blind $3
*** HOLE CARDS ***
confususs: raises $3 to $6
favete lin: calls $3
*** FLOP *** [Ts 3h Kh]
favete lin: checks
confususs: checks
*** TURN *** [Ts 3h Kh] [9h]
favete lin: bets $6
confususs: folds
Uncalled bet ($6) returned to favete lin
favete lin collected $11.76 from pot
favete lin: doesn't show hand
*** SUMMARY ***
Total pot $12 | Rake $0.24
Board [Ts 3h Kh 9h]
Seat 4: confususs (button) (small blind) folded on the Turn
Seat 6: favete lin (big blind) collected ($11.76)


PokerStars Hand #174431599383:  Hold'em Limit ($3/$6 USD) - 2017/08/16 23:15:51 ET
Table 'Carina II' 6-max Seat #6 is the button
Seat 4: confususs ($113.13 in chips)
Seat 6: favete lin ($422.04 in chips)
favete lin: posts small blind $1
confususs: posts big blind $3
*** HOLE CARDS ***
favete lin: folds
Uncalled bet ($2) returned to confususs
confususs collected $2 from pot
*** SUMMARY ***
Total pot $2 | Rake $0
Seat 4: confususs (big blind) collected ($2)
Seat 6: favete lin (button) (small blind) folded before Flop


PokerStars Hand #174431607743:  Hold'em Limit ($3/$6 USD) - 2017/08/16 23:16:19 ET
Table 'Carina II' 6-max Seat #6 is the button
Seat 4: confususs ($149.63 in chips)
Seat 6: favete lin ($385.04 in chips)
favete lin: posts small blind $1
confususs: posts big blind $3
*** HOLE CARDS ***
favete lin: folds
Uncalled bet ($2) returned to confususs
confususs collected $2 from pot
*** SUMMARY ***
Total pot $2 | Rake $0
Seat 4: confususs (big blind) collected ($2)
Seat 6: favete lin (button) (small blind) folded before Flop


PokerStars Hand #174431601048:  Hold'em Limit ($3/$6 USD) - 2017/08/16 23:15:56 ET
Table 'Carina II' 6-max Seat #4 is the button
Seat 4: confususs ($114.13 in chips)
Seat 6: favete lin ($421.04 in chips)
confususs: posts small blind $1
favete lin: posts big blind $3
*** HOLE CARDS ***
confususs: raises $3 to $6
favete lin: raises $3 to $9
confususs: calls $3
*** FLOP *** [Th Jc 2d]
favete lin: bets $3
confususs: raises $3 to $6
favete lin: raises $3 to $9
confususs: calls $3
*** TURN *** [Th Jc 2d] [7c]
favete lin: bets $6
confususs: raises $6 to $12
favete lin: calls $6
*** RIVER *** [Th Jc 2d 7c] [8d]
favete lin: checks
confususs: bets $6
favete lin: calls $6
*** SHOW DOWN ***
confususs: shows [8h 9c] (a straight, Seven to Jack)
favete lin: mucks hand
confususs collected $71.50 from pot
*** SUMMARY ***
Total pot $72 | Rake $0.50
Board [Th Jc 2d 7c 8d]
Seat 4: confususs (button) (small blind) showed [8h 9c] and won ($71.50) with a straight, Seven to Jack
Seat 6: favete lin (big blind) mucked


PokerStars Hand #174431610850:  Hold'em Limit ($3/$6 USD) - 2017/08/16 23:16:29 ET
Table 'Carina II' 6-max Seat #6 is the button
Seat 4: confususs ($149.63 in chips)
Seat 6: favete lin ($385.04 in chips)
favete lin: posts small blind $1
confususs: posts big blind $3
*** HOLE CARDS ***
favete lin: raises $3 to $6
confususs: calls $3
*** FLOP *** [6c 5c 4s]
confususs: bets $3
favete lin: calls $3
*** TURN *** [6c 5c 4s] [4c]
confususs: bets $6
favete lin: calls $6
*** RIVER *** [6c 5c 4s 4c] [7h]
confususs: checks
favete lin: checks
*** SHOW DOWN ***
confususs: shows [Ks 6d] (two pair, Sixes and Fours)
favete lin: mucks hand
confususs collected $29.50 from pot
*** SUMMARY ***
Total pot $30 | Rake $0.50
Board [6c 5c 4s 4c 7h]
Seat 4: confususs (big blind) showed [Ks 6d] and won ($29.50) with two pair, Sixes and Fours
Seat 6: favete lin (button) (small blind) mucked


PokerStars Hand #174431618997:  Hold'em Limit ($3/$6 USD) - 2017/08/16 23:16:56 ET
Table 'Carina II' 6-max Seat #6 is the button
Seat 4: confususs ($167.13 in chips)
Seat 6: favete lin ($367.04 in chips)
favete lin: posts small blind $1
confususs: posts big blind $3
*** HOLE CARDS ***
favete lin: raises $3 to $6
confususs: folds
Uncalled bet ($3) returned to favete lin
favete lin collected $6 from pot
favete lin: doesn't show hand
*** SUMMARY ***
Total pot $6 | Rake $0
Seat 4: confususs (big blind) folded before Flop
Seat 6: favete lin (button) (small blind) collected ($6)


PokerStars Hand #174431616306:  Hold'em Limit ($3/$6 USD) - 2017/08/16 23:16:47 ET
Table 'Carina II' 6-max Seat #4 is the button
Seat 4: confususs ($164.13 in chips)
Seat 6: favete lin ($370.04 in chips)
confususs: posts small blind $1
favete lin: posts big blind $3
*** HOLE CARDS ***
confususs: raises $3 to $6
favete lin: folds
Uncalled bet ($3) returned to confususs
confususs collected $6 from pot
*** SUMMARY ***
Total pot $6 | Rake $0
Seat 4: confususs (button) (small blind) collected ($6)
Seat 6: favete lin (big blind) folded before Flop


PokerStars Hand #174431620744:  Hold'em Limit ($3/$6 USD) - 2017/08/16 23:17:02 ET
Table 'Carina II' 6-max Seat #4 is the button
Seat 4: confususs ($164.13 in chips)
Seat 6: favete lin ($370.04 in chips)
confususs: posts small blind $1
favete lin: posts big blind $3
*** HOLE CARDS ***
confususs: folds
Uncalled bet ($2) returned to favete lin
favete lin collected $2 from pot
favete lin: doesn't show hand
*** SUMMARY ***
Total pot $2 | Rake $0
Seat 4: confususs (button) (small blind) folded before Flop
Seat 6: favete lin (big blind) collected ($2)


PokerStars Hand #174431622381:  Hold'em Limit ($3/$6 USD) - 2017/08/16 23:17:08 ET
Table 'Carina II' 6-max Seat #6 is the button
Seat 4: confususs ($163.13 in chips)
Seat 6: favete lin ($371.04 in chips)
favete lin: posts small blind $1
confususs: posts big blind $3
*** HOLE CARDS ***
favete lin: raises $3 to $6
confususs: calls $3
*** FLOP *** [Jc Kd 8d]
confususs: bets $3
favete lin: raises $3 to $6
confususs: calls $3
*** TURN *** [Jc Kd 8d] [4d]
confususs: checks
favete lin: bets $6
confususs: calls $6
*** RIVER *** [Jc Kd 8d 4d] [8h]
confususs: checks
favete lin: bets $6
confususs: calls $6
*** SHOW DOWN ***
favete lin: shows [As Ah] (two pair, Aces and Eights)
confususs: mucks hand
favete lin collected $47.50 from pot
*** SUMMARY ***
Total pot $48 | Rake $0.50
Board [Jc Kd 8d 4d 8h]
Seat 4: confususs (big blind) mucked
Seat 6: favete lin (button) (small blind) showed [As Ah] and won ($47.50) with two pair, Aces and Eights


PokerStars Hand #174431631257:  Hold'em Limit ($3/$6 USD) - 2017/08/16 23:17:37 ET
Table 'Carina II' 6-max Seat #6 is the button
Seat 4: confususs ($138.13 in chips)
Seat 6: favete lin ($395.54 in chips)
favete lin: posts small blind $1
confususs: posts big blind $3
*** HOLE CARDS ***
favete lin: raises $3 to $6
confususs: folds
Uncalled bet ($3) returned to favete lin
favete lin collected $6 from pot
favete lin: doesn't show hand
*** SUMMARY ***
Total pot $6 | Rake $0
Seat 4: confususs (big blind) folded before Flop
Seat 6: favete lin (button) (small blind) collected ($6)


PokerStars Hand #174431629179:  Hold'em Limit ($3/$6 USD) - 2017/08/16 23:17:30 ET
Table 'Carina II' 6-max Seat #4 is the button
Seat 4: confususs ($139.13 in chips)
Seat 6: favete lin ($394.54 in chips)
confususs: posts small blind $1
favete lin: posts big blind $3
*** HOLE CARDS ***
confususs: folds
Uncalled bet ($2) returned to favete lin
favete lin collected $2 from pot
favete lin: doesn't show hand
*** SUMMARY ***
Total pot $2 | Rake $0
Seat 4: confususs (button) (small blind) folded before Flop
Seat 6: favete lin (big blind) collected ($2)


PokerStars Hand #174431646774:  Hold'em Limit ($3/$6 USD) - 2017/08/16 23:18:29 ET
Table 'Carina II' 6-max Seat #4 is the button
Seat 4: confususs ($146.63 in chips)
Seat 6: favete lin ($386.18 in chips)
confususs: posts small blind $1
favete lin: posts big blind $3
*** HOLE CARDS ***
confususs: folds
Uncalled bet ($2) returned to favete lin
favete lin collected $2 from pot
favete lin: doesn't show hand
*** SUMMARY ***
Total pot $2 | Rake $0
Seat 4: confususs (button) (small blind) folded before Flop
Seat 6: favete lin (big blind) collected ($2)


PokerStars Hand #174431645167:  Hold'em Limit ($3/$6 USD) - 2017/08/16 23:18:23 ET
Table 'Carina II' 6-max Seat #6 is the button
Seat 4: confususs ($145.63 in chips)
Seat 6: favete lin ($387.18 in chips)
favete lin: posts small blind $1
confususs: posts big blind $3
*** HOLE CARDS ***
favete lin: folds
Uncalled bet ($2) returned to confususs
confususs collected $2 from pot
*** SUMMARY ***
Total pot $2 | Rake $0
Seat 4: confususs (big blind) collected ($2)
Seat 6: favete lin (button) (small blind) folded before Flop


PokerStars Hand #174431643638:  Hold'em Limit ($3/$6 USD) - 2017/08/16 23:18:18 ET
Table 'Carina II' 6-max Seat #4 is the button
Seat 4: confususs ($146.63 in chips)
Seat 6: favete lin ($386.18 in chips)
confususs: posts small blind $1
favete lin: posts big blind $3
*** HOLE CARDS ***
confususs: folds
Uncalled bet ($2) returned to favete lin
favete lin collected $2 from pot
favete lin: doesn't show hand
*** SUMMARY ***
Total pot $2 | Rake $0
Seat 4: confususs (button) (small blind) folded before Flop
Seat 6: favete lin (big blind) collected ($2)


PokerStars Hand #174431638692:  Hold'em Limit ($3/$6 USD) - 2017/08/16 23:18:02 ET
Table 'Carina II' 6-max Seat #6 is the button
Seat 4: confususs ($155.63 in chips)
Seat 6: favete lin ($377.54 in chips)
favete lin: posts small blind $1
confususs: posts big blind $3
*** HOLE CARDS ***
favete lin: raises $3 to $6
confususs: calls $3
*** FLOP *** [Js 7d 9s]
confususs: checks
favete lin: bets $3
confususs: calls $3
*** TURN *** [Js 7d 9s] [9d]
confususs: checks
favete lin: bets $6
confususs: folds
Uncalled bet ($6) returned to favete lin
favete lin collected $17.64 from pot
favete lin: doesn't show hand
*** SUMMARY ***
Total pot $18 | Rake $0.36
Board [Js 7d 9s 9d]
Seat 4: confususs (big blind) folded on the Turn
Seat 6: favete lin (button) (small blind) collected ($17.64)


PokerStars Hand #174431633092:  Hold'em Limit ($3/$6 USD) - 2017/08/16 23:17:43 ET
Table 'Carina II' 6-max Seat #4 is the button
Seat 4: confususs ($135.13 in chips)
Seat 6: favete lin ($398.54 in chips)
confususs: posts small blind $1
favete lin: posts big blind $3
*** HOLE CARDS ***
confususs: raises $3 to $6
favete lin: calls $3
*** FLOP *** [Tc Ts 8c]
favete lin: checks
confususs: bets $3
favete lin: calls $3
*** TURN *** [Tc Ts 8c] [8h]
favete lin: checks
confususs: bets $6
favete lin: calls $6
*** RIVER *** [Tc Ts 8c 8h] [7s]
favete lin: checks
confususs: bets $6
favete lin: calls $6
*** SHOW DOWN ***
confususs: shows [Ad 8d] (a full house, Eights full of Tens)
favete lin: mucks hand
confususs collected $41.50 from pot
*** SUMMARY ***
Total pot $42 | Rake $0.50
Board [Tc Ts 8c 8h 7s]
Seat 4: confususs (button) (small blind) showed [Ad 8d] and won ($41.50) with a full house, Eights full of Tens
Seat 6: favete lin (big blind) mucked


PokerStars Hand #174431652654:  Hold'em Limit ($3/$6 USD) - 2017/08/16 23:18:48 ET
Table 'Carina II' 6-max Seat #4 is the button
Seat 4: confususs ($139.63 in chips)
Seat 6: favete lin ($392.94 in chips)
confususs: posts small blind $1
favete lin: posts big blind $3
*** HOLE CARDS ***
confususs: raises $3 to $6
favete lin: calls $3
*** FLOP *** [3c As 3h]
favete lin: checks
confususs: bets $3
favete lin: calls $3
*** TURN *** [3c As 3h] [6c]
favete lin: checks
confususs: checks
*** RIVER *** [3c As 3h 6c] [7c]
favete lin: bets $6
confususs: calls $6
*** SHOW DOWN ***
favete lin: shows [Qc 4c] (a flush, Queen high)
confususs: mucks hand
favete lin collected $29.50 from pot
*** SUMMARY ***
Total pot $30 | Rake $0.50
Board [3c As 3h 6c 7c]
Seat 4: confususs (button) (small blind) mucked
Seat 6: favete lin (big blind) showed [Qc 4c] and won ($29.50) with a flush, Queen high


PokerStars Hand #174431657573:  Hold'em Limit ($3/$6 USD) - 2017/08/16 23:19:05 ET
Table 'Carina II' 6-max Seat #6 is the button
Seat 4: confususs ($124.63 in chips)
Seat 6: favete lin ($407.44 in chips)
favete lin: posts small blind $1
confususs: posts big blind $3
*** HOLE CARDS ***
favete lin: folds
Uncalled bet ($2) returned to confususs
confususs collected $2 from pot
*** SUMMARY ***
Total pot $2 | Rake $0
Seat 4: confususs (big blind) collected ($2)
Seat 6: favete lin (button) (small blind) folded before Flop


PokerStars Hand #174431666837:  Hold'em Limit ($3/$6 USD) - 2017/08/16 23:19:36 ET
Table 'Carina II' 6-max Seat #4 is the button
Seat 4: confususs ($122.39 in chips)
Seat 6: favete lin ($409.08 in chips)
confususs: posts small blind $1
favete lin: posts big blind $3
*** HOLE CARDS ***
confususs: raises $3 to $6
favete lin: folds
Uncalled bet ($3) returned to confususs
confususs collected $6 from pot
*** SUMMARY ***
Total pot $6 | Rake $0
Seat 4: confususs (button) (small blind) collected ($6)
Seat 6: favete lin (big blind) folded before Flop


PokerStars Hand #174431661702:  Hold'em Limit ($3/$6 USD) - 2017/08/16 23:19:19 ET
Table 'Carina II' 6-max Seat #6 is the button
Seat 4: confususs ($131.39 in chips)
Seat 6: favete lin ($400.44 in chips)
favete lin: posts small blind $1
confususs: posts big blind $3
*** HOLE CARDS ***
favete lin: raises $3 to $6
confususs: calls $3
*** FLOP *** [8s 6s Tc]
confususs: checks
favete lin: bets $3
confususs: calls $3
*** TURN *** [8s 6s Tc] [8d]
confususs: checks
favete lin: bets $6
confususs: folds
Uncalled bet ($6) returned to favete lin
favete lin collected $17.64 from pot
favete lin: doesn't show hand
*** SUMMARY ***
Total pot $18 | Rake $0.36
Board [8s 6s Tc 8d]
Seat 4: confususs (big blind) folded on the Turn
Seat 6: favete lin (button) (small blind) collected ($17.64)


PokerStars Hand #174431658940:  Hold'em Limit ($3/$6 USD) - 2017/08/16 23:19:09 ET
Table 'Carina II' 6-max Seat #4 is the button
Seat 4: confususs ($125.63 in chips)
Seat 6: favete lin ($406.44 in chips)
confususs: posts small blind $1
favete lin: posts big blind $3
*** HOLE CARDS ***
confususs: raises $3 to $6
favete lin: calls $3
*** FLOP *** [Qc 8c 2h]
favete lin: checks
confususs: bets $3
favete lin: folds
Uncalled bet ($3) returned to confususs
confususs collected $11.76 from pot
*** SUMMARY ***
Total pot $12 | Rake $0.24
Board [Qc 8c 2h]
Seat 4: confususs (button) (small blind) collected ($11.76)
Seat 6: favete lin (big blind) folded on the Flop


