PokerStars Hand #173813841028:  Hold'em Limit ($3/$6 USD) - 2017/08/01 22:06:42 ET
Table 'Carina' 6-max Seat #5 is the button
Seat 5: FV17com ($207.33 in chips)
Seat 6: swics1202 ($10.44 in chips)
FV17com: posts small blind $1
swics1202: posts big blind $3
*** HOLE CARDS ***
FV17com: calls $2
swics1202: checks
*** FLOP *** [Kh 3h Ts]
swics1202: checks
FV17com: checks
*** TURN *** [Kh 3h Ts] [7c]
swics1202: bets $6
FV17com: folds
Uncalled bet ($6) returned to swics1202
swics1202 collected $5.88 from pot
swics1202: doesn't show hand
*** SUMMARY ***
Total pot $6 | Rake $0.12
Board [Kh 3h Ts 7c]
Seat 5: FV17com (button) (small blind) folded on the Turn
Seat 6: swics1202 (big blind) collected ($5.88)


PokerStars Hand #173813833451:  Hold'em Limit ($3/$6 USD) - 2017/08/01 22:06:21 ET
Table 'Carina' 6-max Seat #6 is the button
Seat 5: FV17com ($198.69 in chips)
Seat 6: swics1202 ($19.44 in chips)
swics1202: posts small blind $1
FV17com: posts big blind $3
*** HOLE CARDS ***
swics1202: raises $3 to $6
FV17com: calls $3
*** FLOP *** [Jc 6c 5d]
FV17com: checks
swics1202: bets $3
FV17com: calls $3
*** TURN *** [Jc 6c 5d] [5s]
FV17com: checks
swics1202: checks
*** RIVER *** [Jc 6c 5d 5s] [Ac]
FV17com: bets $6
swics1202: folds
Uncalled bet ($6) returned to FV17com
FV17com collected $17.64 from pot
FV17com: doesn't show hand
*** SUMMARY ***
Total pot $18 | Rake $0.36
Board [Jc 6c 5d 5s Ac]
Seat 5: FV17com (big blind) collected ($17.64)
Seat 6: swics1202 (button) (small blind) folded on the River


PokerStars Hand #173813849965:  Hold'em Limit ($3/$6 USD) - 2017/08/01 22:07:07 ET
Table 'Carina' 6-max Seat #5 is the button
Seat 5: FV17com ($201.33 in chips)
Seat 6: swics1202 ($16.32 in chips)
FV17com: posts small blind $1
swics1202: posts big blind $3
*** HOLE CARDS ***
FV17com: folds
Uncalled bet ($2) returned to swics1202
swics1202 collected $2 from pot
swics1202: doesn't show hand
*** SUMMARY ***
Total pot $2 | Rake $0
Seat 5: FV17com (button) (small blind) folded before Flop
Seat 6: swics1202 (big blind) collected ($2)


PokerStars Hand #173813847526:  Hold'em Limit ($3/$6 USD) - 2017/08/01 22:07:00 ET
Table 'Carina' 6-max Seat #6 is the button
Seat 5: FV17com ($204.33 in chips)
Seat 6: swics1202 ($13.32 in chips)
swics1202: posts small blind $1
FV17com: posts big blind $3
*** HOLE CARDS ***
swics1202: raises $3 to $6
FV17com: folds
Uncalled bet ($3) returned to swics1202
swics1202 collected $6 from pot
swics1202: doesn't show hand
*** SUMMARY ***
Total pot $6 | Rake $0
Seat 5: FV17com (big blind) folded before Flop
Seat 6: swics1202 (button) (small blind) collected ($6)


PokerStars Hand #173813852026:  Hold'em Limit ($3/$6 USD) - 2017/08/01 22:07:12 ET
Table 'Carina' 6-max Seat #6 is the button
Seat 5: FV17com ($200.33 in chips)
Seat 6: swics1202 ($84.04 in chips)
swics1202: posts small blind $1
FV17com: posts big blind $3
*** HOLE CARDS ***
swics1202: raises $3 to $6
FV17com: calls $3
*** FLOP *** [9s Ks 3s]
FV17com: checks
swics1202: bets $3
FV17com: raises $3 to $6
swics1202: calls $3
*** TURN *** [9s Ks 3s] [5c]
FV17com: bets $6
swics1202: calls $6
*** RIVER *** [9s Ks 3s 5c] [6h]
FV17com: checks
swics1202: bets $6
FV17com: calls $6
*** SHOW DOWN ***
swics1202: shows [Ad 9d] (a pair of Nines)
FV17com: shows [8s Kd] (a pair of Kings)
FV17com collected $47.50 from pot
*** SUMMARY ***
Total pot $48 | Rake $0.50
Board [9s Ks 3s 5c 6h]
Seat 5: FV17com (big blind) showed [8s Kd] and won ($47.50) with a pair of Kings
Seat 6: swics1202 (button) (small blind) showed [Ad 9d] and lost with a pair of Nines


PokerStars Hand #173813860426:  Hold'em Limit ($3/$6 USD) - 2017/08/01 22:07:35 ET
Table 'Carina' 6-max Seat #5 is the button
Seat 5: FV17com ($223.83 in chips)
Seat 6: swics1202 ($60.04 in chips)
FV17com: posts small blind $1
swics1202: posts big blind $3
*** HOLE CARDS ***
FV17com: raises $3 to $6
swics1202: calls $3
*** FLOP *** [2d 3h 9c]
swics1202: checks
FV17com: bets $3
swics1202: calls $3
*** TURN *** [2d 3h 9c] [6h]
swics1202: bets $6
FV17com: calls $6
*** RIVER *** [2d 3h 9c 6h] [6d]
habari786 joins the table at seat #1
swics1202: bets $6
FV17com: calls $6
*** SHOW DOWN ***
swics1202: shows [5c 8h] (a pair of Sixes)
FV17com: shows [Ac Ad] (two pair, Aces and Sixes)
FV17com collected $41.50 from pot
*** SUMMARY ***
Total pot $42 | Rake $0.50
Board [2d 3h 9c 6h 6d]
Seat 5: FV17com (button) (small blind) showed [Ac Ad] and won ($41.50) with two pair, Aces and Sixes
Seat 6: swics1202 (big blind) showed [5c 8h] and lost with a pair of Sixes


PokerStars Hand #173814638988:  Hold'em Limit ($3/$6 USD) - 2017/08/01 22:43:55 ET
Table 'Carina' 6-max Seat #2 is the button
Seat 2: skripka7777 ($151.50 in chips)
Seat 3: areej20 ($65.05 in chips)
skripka7777: posts small blind $1
areej20: posts big blind $3
*** HOLE CARDS ***
skripka7777: folds
Uncalled bet ($2) returned to areej20
areej20 collected $2 from pot
areej20: doesn't show hand
*** SUMMARY ***
Total pot $2 | Rake $0
Seat 2: skripka7777 (button) (small blind) folded before Flop
Seat 3: areej20 (big blind) collected ($2)


PokerStars Hand #173814633381:  Hold'em Limit ($3/$6 USD) - 2017/08/01 22:43:39 ET
Table 'Carina' 6-max Seat #3 is the button
Seat 2: skripka7777 ($148.62 in chips)
Seat 3: areej20 ($68.05 in chips)
areej20: posts small blind $1
swics1202: is sitting out
skripka7777: posts big blind $3
*** HOLE CARDS ***
areej20: calls $2
skripka7777: checks
*** FLOP *** [As Kd 9d]
skripka7777: checks
areej20: checks
*** TURN *** [As Kd 9d] [Qh]
skripka7777: bets $6
areej20: folds
Uncalled bet ($6) returned to skripka7777
skripka7777 collected $5.88 from pot
skripka7777: doesn't show hand
*** SUMMARY ***
Total pot $6 | Rake $0.12
Board [As Kd 9d Qh]
Seat 2: skripka7777 (big blind) collected ($5.88)
Seat 3: areej20 (button) (small blind) folded on the Turn


PokerStars Hand #173814640674:  Hold'em Limit ($3/$6 USD) - 2017/08/01 22:44:00 ET
Table 'Carina' 6-max Seat #3 is the button
Seat 2: skripka7777 ($150.50 in chips)
Seat 3: areej20 ($66.05 in chips)
areej20: posts small blind $1
skripka7777: posts big blind $3
*** HOLE CARDS ***
areej20: folds
Uncalled bet ($2) returned to skripka7777
skripka7777 collected $2 from pot
skripka7777: doesn't show hand
*** SUMMARY ***
Total pot $2 | Rake $0
Seat 2: skripka7777 (big blind) collected ($2)
Seat 3: areej20 (button) (small blind) folded before Flop


PokerStars Hand #173814652385:  Hold'em Limit ($3/$6 USD) - 2017/08/01 22:44:35 ET
Table 'Carina' 6-max Seat #2 is the button
Seat 2: skripka7777 ($151.26 in chips)
Seat 3: areej20 ($64.81 in chips)
skripka7777: posts small blind $1
areej20: posts big blind $3
*** HOLE CARDS ***
skripka7777: raises $3 to $6
areej20: calls $3
*** FLOP *** [6s 7h 8d]
FV17com joins the table at seat #4
areej20: checks
skripka7777: checks
*** TURN *** [6s 7h 8d] [Jh]
areej20: bets $6
skripka7777: folds
Uncalled bet ($6) returned to areej20
areej20 collected $11.76 from pot
areej20: doesn't show hand
*** SUMMARY ***
Total pot $12 | Rake $0.24
Board [6s 7h 8d Jh]
Seat 2: skripka7777 (button) (small blind) folded on the Turn
Seat 3: areej20 (big blind) collected ($11.76)


PokerStars Hand #173814648248:  Hold'em Limit ($3/$6 USD) - 2017/08/01 22:44:23 ET
Table 'Carina' 6-max Seat #3 is the button
Seat 2: skripka7777 ($157.26 in chips)
Seat 3: areej20 ($59.05 in chips)
areej20: posts small blind $1
skripka7777: posts big blind $3
*** HOLE CARDS ***
areej20: raises $3 to $6
skripka7777: calls $3
*** FLOP *** [Kd 8c 6d]
skripka7777: checks
areej20: bets $3
skripka7777: folds
Uncalled bet ($3) returned to areej20
areej20 collected $11.76 from pot
areej20: doesn't show hand
*** SUMMARY ***
Total pot $12 | Rake $0.24
Board [Kd 8c 6d]
Seat 2: skripka7777 (big blind) folded on the Flop
Seat 3: areej20 (button) (small blind) collected ($11.76)


PokerStars Hand #173814642900:  Hold'em Limit ($3/$6 USD) - 2017/08/01 22:44:07 ET
Table 'Carina' 6-max Seat #2 is the button
Seat 2: skripka7777 ($151.50 in chips)
Seat 3: areej20 ($65.05 in chips)
skripka7777: posts small blind $1
areej20: posts big blind $3
*** HOLE CARDS ***
skripka7777: raises $3 to $6
areej20: calls $3
*** FLOP *** [7d Kd Qs]
areej20: checks
skripka7777: bets $3
areej20: folds
Uncalled bet ($3) returned to skripka7777
skripka7777 collected $11.76 from pot
skripka7777: doesn't show hand
*** SUMMARY ***
Total pot $12 | Rake $0.24
Board [7d Kd Qs]
Seat 2: skripka7777 (button) (small blind) collected ($11.76)
Seat 3: areej20 (big blind) folded on the Flop


PokerStars Hand #173816859074:  Hold'em Limit ($3/$6 USD) - 2017/08/02 0:53:49 ET
Table 'Carina' 6-max Seat #5 is the button
Seat 2: swics1202 ($66.47 in chips)
Seat 5: harrydonkey ($164.98 in chips)
harrydonkey: posts small blind $1
swics1202: posts big blind $3
*** HOLE CARDS ***
harrydonkey: folds
Uncalled bet ($2) returned to swics1202
swics1202 collected $2 from pot
swics1202: doesn't show hand
*** SUMMARY ***
Total pot $2 | Rake $0
Seat 2: swics1202 (big blind) collected ($2)
Seat 5: harrydonkey (button) (small blind) folded before Flop


PokerStars Hand #173816857586:  Hold'em Limit ($3/$6 USD) - 2017/08/02 0:53:43 ET
Table 'Carina' 6-max Seat #2 is the button
Seat 2: swics1202 ($67.47 in chips)
Seat 5: harrydonkey ($163.98 in chips)
swics1202: posts small blind $1
harrydonkey: posts big blind $3
*** HOLE CARDS ***
swics1202: folds
Uncalled bet ($2) returned to harrydonkey
harrydonkey collected $2 from pot
harrydonkey: doesn't show hand
*** SUMMARY ***
Total pot $2 | Rake $0
Seat 2: swics1202 (button) (small blind) folded before Flop
Seat 5: harrydonkey (big blind) collected ($2)


PokerStars Hand #173816846260:  Hold'em Limit ($3/$6 USD) - 2017/08/02 0:52:56 ET
Table 'Carina' 6-max Seat #5 is the button
Seat 2: swics1202 ($88.47 in chips)
Seat 5: harrydonkey ($143.48 in chips)
harrydonkey: posts small blind $1
swics1202: posts big blind $3
*** HOLE CARDS ***
fouraces9 leaves the table
harrydonkey: calls $2
swics1202: raises $3 to $6
harrydonkey: calls $3
*** FLOP *** [6c Kc 2d]
swics1202: bets $3
harrydonkey: calls $3
*** TURN *** [6c Kc 2d] [3d]
swics1202: bets $6
harrydonkey: calls $6
*** RIVER *** [6c Kc 2d 3d] [Th]
swics1202: bets $6
harrydonkey: calls $6
*** SHOW DOWN ***
swics1202: shows [Js 7h] (high card King)
harrydonkey: shows [Ks 5s] (a pair of Kings)
harrydonkey collected $41.50 from pot
*** SUMMARY ***
Total pot $42 | Rake $0.50
Board [6c Kc 2d 3d Th]
Seat 2: swics1202 (big blind) showed [Js 7h] and lost with high card King
Seat 5: harrydonkey (button) (small blind) showed [Ks 5s] and won ($41.50) with a pair of Kings


PokerStars Hand #173817584091:  Hold'em Limit ($3/$6 USD) - 2017/08/02 1:44:45 ET
Table 'Carina' 6-max Seat #4 is the button
Seat 3: kaypoker619 ($61.20 in chips)
Seat 4: VolkovDmitri ($120 in chips)
VolkovDmitri: posts small blind $1
kaypoker619: posts big blind $3
*** HOLE CARDS ***
VolkovDmitri: raises $3 to $6
kaypoker619: calls $3
*** FLOP *** [9s Ks 4s]
kaypoker619: bets $3
VolkovDmitri: folds
Uncalled bet ($3) returned to kaypoker619
kaypoker619 collected $11.76 from pot
*** SUMMARY ***
Total pot $12 | Rake $0.24
Board [9s Ks 4s]
Seat 3: kaypoker619 (big blind) collected ($11.76)
Seat 4: VolkovDmitri (button) (small blind) folded on the Flop


PokerStars Hand #173817579417:  Hold'em Limit ($3/$6 USD) - 2017/08/02 1:44:25 ET
Table 'Carina' 6-max Seat #3 is the button
Seat 3: kaypoker619 ($46.70 in chips)
Seat 4: VolkovDmitri ($120 in chips)
kaypoker619: posts small blind $1
VolkovDmitri: posts big blind $3
*** HOLE CARDS ***
kaypoker619: calls $2
VolkovDmitri: raises $3 to $6
kaypoker619: calls $3
*** FLOP *** [5s Qs Qh]
VolkovDmitri: bets $3
kaypoker619: calls $3
*** TURN *** [5s Qs Qh] [4c]
VolkovDmitri: bets $6
kaypoker619: calls $6
*** RIVER *** [5s Qs Qh 4c] [Qd]
VolkovDmitri: checks
kaypoker619: bets $6
VolkovDmitri: folds
Uncalled bet ($6) returned to kaypoker619
kaypoker619 collected $29.50 from pot
*** SUMMARY ***
Total pot $30 | Rake $0.50
Board [5s Qs Qh 4c Qd]
Seat 3: kaypoker619 (button) (small blind) collected ($29.50)
Seat 4: VolkovDmitri (big blind) folded on the River


PokerStars Hand #173817586694:  Hold'em Limit ($3/$6 USD) - 2017/08/02 1:44:56 ET
Table 'Carina' 6-max Seat #3 is the button
Seat 3: kaypoker619 ($66.96 in chips)
Seat 4: VolkovDmitri ($120 in chips)
kaypoker619: posts small blind $1
VolkovDmitri: posts big blind $3
*** HOLE CARDS ***
kaypoker619: calls $2
VolkovDmitri: checks
*** FLOP *** [2h 6s 4d]
VolkovDmitri: bets $3
kaypoker619: calls $3
*** TURN *** [2h 6s 4d] [Qs]
VolkovDmitri: bets $6
kaypoker619: calls $6
*** RIVER *** [2h 6s 4d Qs] [Ac]
VolkovDmitri: checks
kaypoker619: bets $6
VolkovDmitri: calls $6
*** SHOW DOWN ***
kaypoker619: shows [8c Kd] (high card Ace)
VolkovDmitri: shows [Jh 4s] (a pair of Fours)
VolkovDmitri collected $35.50 from pot
*** SUMMARY ***
Total pot $36 | Rake $0.50
Board [2h 6s 4d Qs Ac]
Seat 3: kaypoker619 (button) (small blind) showed [8c Kd] and lost with high card Ace
Seat 4: VolkovDmitri (big blind) showed [Jh 4s] and won ($35.50) with a pair of Fours


PokerStars Hand #173817593039:  Hold'em Limit ($3/$6 USD) - 2017/08/02 1:45:23 ET
Table 'Carina' 6-max Seat #4 is the button
Seat 3: kaypoker619 ($48.96 in chips)
Seat 4: VolkovDmitri ($137.50 in chips)
VolkovDmitri: posts small blind $1
kaypoker619: posts big blind $3
*** HOLE CARDS ***
VolkovDmitri: raises $3 to $6
kaypoker619: calls $3
*** FLOP *** [Kh 8s Js]
kaypoker619: checks
VolkovDmitri: bets $3
kaypoker619: calls $3
*** TURN *** [Kh 8s Js] [9d]
kaypoker619: checks
VolkovDmitri: checks
*** RIVER *** [Kh 8s Js 9d] [Jh]
kaypoker619: bets $6
VolkovDmitri: calls $6
*** SHOW DOWN ***
kaypoker619: shows [8d 7d] (two pair, Jacks and Eights)
VolkovDmitri: mucks hand
kaypoker619 collected $29.50 from pot
*** SUMMARY ***
Total pot $30 | Rake $0.50
Board [Kh 8s Js 9d Jh]
Seat 3: kaypoker619 (big blind) showed [8d 7d] and won ($29.50) with two pair, Jacks and Eights
Seat 4: VolkovDmitri (button) (small blind) mucked


PokerStars Hand #173817605489:  Hold'em Limit ($3/$6 USD) - 2017/08/02 1:46:16 ET
Table 'Carina' 6-max Seat #3 is the button
Seat 3: kaypoker619 ($49.46 in chips)
Seat 4: VolkovDmitri ($136 in chips)
kaypoker619: posts small blind $1
VolkovDmitri: posts big blind $3
*** HOLE CARDS ***
kaypoker619: calls $2
VolkovDmitri: raises $3 to $6
kaypoker619: raises $3 to $9
VolkovDmitri: calls $3
*** FLOP *** [3s 6h 8d]
VolkovDmitri: checks
kaypoker619: bets $3
VolkovDmitri: calls $3
*** TURN *** [3s 6h 8d] [2s]
VolkovDmitri: checks
kaypoker619: bets $6
VolkovDmitri: folds
Uncalled bet ($6) returned to kaypoker619
kaypoker619 collected $23.52 from pot
*** SUMMARY ***
Total pot $24 | Rake $0.48
Board [3s 6h 8d 2s]
Seat 3: kaypoker619 (button) (small blind) collected ($23.52)
Seat 4: VolkovDmitri (big blind) folded on the Turn


PokerStars Hand #173817604313:  Hold'em Limit ($3/$6 USD) - 2017/08/02 1:46:11 ET
Table 'Carina' 6-max Seat #4 is the button
Seat 3: kaypoker619 ($48.46 in chips)
Seat 4: VolkovDmitri ($137 in chips)
VolkovDmitri: posts small blind $1
kaypoker619: posts big blind $3
*** HOLE CARDS ***
VolkovDmitri: folds
Uncalled bet ($2) returned to kaypoker619
kaypoker619 collected $2 from pot
*** SUMMARY ***
Total pot $2 | Rake $0
Seat 3: kaypoker619 (big blind) collected ($2)
Seat 4: VolkovDmitri (button) (small blind) folded before Flop


PokerStars Hand #173817597843:  Hold'em Limit ($3/$6 USD) - 2017/08/02 1:45:43 ET
Table 'Carina' 6-max Seat #3 is the button
Seat 3: kaypoker619 ($63.46 in chips)
Seat 4: VolkovDmitri ($122.50 in chips)
kaypoker619: posts small blind $1
VolkovDmitri: posts big blind $3
*** HOLE CARDS ***
kaypoker619: calls $2
VolkovDmitri: raises $3 to $6
kaypoker619: calls $3
*** FLOP *** [5s 7d Kc]
VolkovDmitri: bets $3
kaypoker619: calls $3
*** TURN *** [5s 7d Kc] [3h]
VolkovDmitri: checks
kaypoker619: checks
*** RIVER *** [5s 7d Kc 3h] [2d]
VolkovDmitri: checks
kaypoker619: bets $6
VolkovDmitri: calls $6
*** SHOW DOWN ***
kaypoker619: shows [6d 8d] (high card King)
VolkovDmitri: shows [Jh 9s] (high card King - Jack kicker)
VolkovDmitri collected $29.50 from pot
*** SUMMARY ***
Total pot $30 | Rake $0.50
Board [5s 7d Kc 3h 2d]
Seat 3: kaypoker619 (button) (small blind) showed [6d 8d] and lost with high card King
Seat 4: VolkovDmitri (big blind) showed [Jh 9s] and won ($29.50) with high card King


PokerStars Hand #173817620097:  Hold'em Limit ($3/$6 USD) - 2017/08/02 1:47:18 ET
Table 'Carina' 6-max Seat #3 is the button
Seat 3: kaypoker619 ($81.48 in chips)
Seat 4: VolkovDmitri ($120 in chips)
kaypoker619: posts small blind $1
VolkovDmitri: posts big blind $3
*** HOLE CARDS ***
SEQUOIA2012 joins the table at seat #5
davyyyyyyy joins the table at seat #6
kaypoker619: calls $2
VolkovDmitri: checks
*** FLOP *** [Qd 7s 8h]
VolkovDmitri: checks
kaypoker619: checks
*** TURN *** [Qd 7s 8h] [7d]
VolkovDmitri: checks
kaypoker619: bets $6
VolkovDmitri: folds
Uncalled bet ($6) returned to kaypoker619
kaypoker619 collected $5.88 from pot
*** SUMMARY ***
Total pot $6 | Rake $0.12
Board [Qd 7s 8h 7d]
Seat 3: kaypoker619 (button) (small blind) collected ($5.88)
Seat 4: VolkovDmitri (big blind) folded on the Turn


PokerStars Hand #173817612980:  Hold'em Limit ($3/$6 USD) - 2017/08/02 1:46:47 ET
Table 'Carina' 6-max Seat #4 is the button
Seat 3: kaypoker619 ($60.98 in chips)
Seat 4: VolkovDmitri ($124 in chips)
VolkovDmitri: posts small blind $1
kaypoker619: posts big blind $3
*** HOLE CARDS ***
VolkovDmitri: raises $3 to $6
kaypoker619: calls $3
*** FLOP *** [6h 5c Js]
kaypoker619: bets $3
VolkovDmitri: calls $3
*** TURN *** [6h 5c Js] [As]
kaypoker619: bets $6
VolkovDmitri: calls $6
*** RIVER *** [6h 5c Js As] [Kc]
kaypoker619: bets $6
VolkovDmitri: calls $6
*** SHOW DOWN ***
kaypoker619: shows [Kd Jc] (two pair, Kings and Jacks)
VolkovDmitri: mucks hand
kaypoker619 collected $41.50 from pot
*** SUMMARY ***
Total pot $42 | Rake $0.50
Board [6h 5c Js As Kc]
Seat 3: kaypoker619 (big blind) showed [Kd Jc] and won ($41.50) with two pair, Kings and Jacks
Seat 4: VolkovDmitri (button) (small blind) mucked


PokerStars Hand #173818097750:  Hold'em Limit ($3/$6 USD) - 2017/08/02 2:21:25 ET
Table 'Carina' 6-max Seat #2 is the button
Seat 1: play4uron ($167.47 in chips)
Seat 2: berna_el_as ($534.14 in chips)
berna_el_as: posts small blind $1
SEQUOIA2012: is sitting out
play4uron: posts big blind $3
*** HOLE CARDS ***
berna_el_as: calls $2
play4uron: checks
*** FLOP *** [2s 3h 6c]
play4uron: bets $3
berna_el_as: calls $3
*** TURN *** [2s 3h 6c] [Tc]
play4uron: bets $6
berna_el_as: calls $6
*** RIVER *** [2s 3h 6c Tc] [4h]
play4uron: bets $6
berna_el_as: folds
Uncalled bet ($6) returned to play4uron
play4uron collected $23.52 from pot
play4uron: doesn't show hand
*** SUMMARY ***
Total pot $24 | Rake $0.48
Board [2s 3h 6c Tc 4h]
Seat 1: play4uron (big blind) collected ($23.52)
Seat 2: berna_el_as (button) (small blind) folded on the River


PokerStars Hand #173818112788:  Hold'em Limit ($3/$6 USD) - 2017/08/02 2:22:29 ET
Table 'Carina' 6-max Seat #2 is the button
Seat 1: play4uron ($181.99 in chips)
Seat 2: berna_el_as ($519.14 in chips)
berna_el_as: posts small blind $1
play4uron: posts big blind $3
*** HOLE CARDS ***
berna_el_as: raises $3 to $6
play4uron: folds
Uncalled bet ($3) returned to berna_el_as
berna_el_as collected $6 from pot
*** SUMMARY ***
Total pot $6 | Rake $0
Seat 1: play4uron (big blind) folded before Flop
Seat 2: berna_el_as (button) (small blind) collected ($6)


PokerStars Hand #173818110174:  Hold'em Limit ($3/$6 USD) - 2017/08/02 2:22:18 ET
Table 'Carina' 6-max Seat #1 is the button
Seat 1: play4uron ($182.99 in chips)
Seat 2: berna_el_as ($518.14 in chips)
play4uron: posts small blind $1
berna_el_as: posts big blind $3
*** HOLE CARDS ***
play4uron: folds
Uncalled bet ($2) returned to berna_el_as
berna_el_as collected $2 from pot
*** SUMMARY ***
Total pot $2 | Rake $0
Seat 1: play4uron (button) (small blind) folded before Flop
Seat 2: berna_el_as (big blind) collected ($2)


PokerStars Hand #173818108901:  Hold'em Limit ($3/$6 USD) - 2017/08/02 2:22:13 ET
Table 'Carina' 6-max Seat #2 is the button
Seat 1: play4uron ($181.99 in chips)
Seat 2: berna_el_as ($519.14 in chips)
berna_el_as: posts small blind $1
play4uron: posts big blind $3
*** HOLE CARDS ***
berna_el_as: folds
Uncalled bet ($2) returned to play4uron
play4uron collected $2 from pot
play4uron: doesn't show hand
*** SUMMARY ***
Total pot $2 | Rake $0
Seat 1: play4uron (big blind) collected ($2)
Seat 2: berna_el_as (button) (small blind) folded before Flop


PokerStars Hand #173818107003:  Hold'em Limit ($3/$6 USD) - 2017/08/02 2:22:05 ET
Table 'Carina' 6-max Seat #1 is the button
Seat 1: play4uron ($178.99 in chips)
Seat 2: berna_el_as ($522.14 in chips)
play4uron: posts small blind $1
berna_el_as: posts big blind $3
*** HOLE CARDS ***
play4uron: raises $3 to $6
berna_el_as: folds
Uncalled bet ($3) returned to play4uron
play4uron collected $6 from pot
play4uron: doesn't show hand
*** SUMMARY ***
Total pot $6 | Rake $0
Seat 1: play4uron (button) (small blind) collected ($6)
Seat 2: berna_el_as (big blind) folded before Flop


