PokerStars Hand #162738444191:  Hold'em Limit ($3/$6 USD) - 2016/12/10 17:10:46 ET
Table 'Carina II' 6-max Seat #4 is the button
Seat 3: PlayForca ($112.38 in chips)
Seat 4: Velbor107 ($294.76 in chips)
Velbor107: posts small blind $1
PlayForca: posts big blind $3
*** HOLE CARDS ***
Velbor107: raises $3 to $6
PlayForca: calls $3
*** FLOP *** [Jh 7s Jd]
PlayForca: checks
Velbor107: bets $3
PlayForca: calls $3
*** TURN *** [Jh 7s Jd] [5h]
PlayForca: checks
Velbor107: bets $6
PlayForca: calls $6
*** RIVER *** [Jh 7s Jd 5h] [4d]
PlayForca: checks
Velbor107: checks
*** SHOW DOWN ***
PlayForca: shows [3s 3h] (two pair, Jacks and Threes)
Velbor107: mucks hand
PlayForca collected $29.50 from pot
*** SUMMARY ***
Total pot $30 | Rake $0.50
Board [Jh 7s Jd 5h 4d]
Seat 3: PlayForca (big blind) showed [3s 3h] and won ($29.50) with two pair, Jacks and Threes
Seat 4: Velbor107 (button) (small blind) mucked


PokerStars Hand #162738427580:  Hold'em Limit ($3/$6 USD) - 2016/12/10 17:10:27 ET
Table 'Carina II' 6-max Seat #3 is the button
Seat 3: PlayForca ($100.86 in chips)
Seat 4: Velbor107 ($306.76 in chips)
PlayForca: posts small blind $1
Velbor107: posts big blind $3
*** HOLE CARDS ***
PlayForca: raises $3 to $6
Velbor107: calls $3
*** FLOP *** [8h 7c 5h]
Velbor107: bets $3
PlayForca: raises $3 to $6
Velbor107: calls $3
*** TURN *** [8h 7c 5h] [Tc]
Velbor107: checks
PlayForca: bets $6
Velbor107: folds
Uncalled bet ($6) returned to PlayForca
PlayForca collected $23.52 from pot
PlayForca: doesn't show hand
*** SUMMARY ***
Total pot $24 | Rake $0.48
Board [8h 7c 5h Tc]
Seat 3: PlayForca (button) (small blind) collected ($23.52)
Seat 4: Velbor107 (big blind) folded on the Turn


PokerStars Hand #162738416821:  Hold'em Limit ($3/$6 USD) - 2016/12/10 17:10:15 ET
Table 'Carina II' 6-max Seat #4 is the button
Seat 3: PlayForca ($106.86 in chips)
Seat 4: Velbor107 ($301 in chips)
Velbor107: posts small blind $1
PlayForca: posts big blind $3
*** HOLE CARDS ***
Velbor107: raises $3 to $6
PlayForca: calls $3
*** FLOP *** [5s Kd 5c]
PlayForca: checks
Velbor107: bets $3
PlayForca: folds
Uncalled bet ($3) returned to Velbor107
Velbor107 collected $11.76 from pot
*** SUMMARY ***
Total pot $12 | Rake $0.24
Board [5s Kd 5c]
Seat 3: PlayForca (big blind) folded on the Flop
Seat 4: Velbor107 (button) (small blind) collected ($11.76)


PokerStars Hand #162738467554:  Hold'em Limit ($3/$6 USD) - 2016/12/10 17:11:11 ET
Table 'Carina II' 6-max Seat #3 is the button
Seat 3: PlayForca ($126.88 in chips)
Seat 4: Velbor107 ($279.76 in chips)
PlayForca: posts small blind $1
Velbor107: posts big blind $3
*** HOLE CARDS ***
PlayForca: calls $2
Velbor107: raises $3 to $6
PlayForca: calls $3
*** FLOP *** [2h Jd 3d]
Velbor107: bets $3
PlayForca: folds
Uncalled bet ($3) returned to Velbor107
Velbor107 collected $11.76 from pot
*** SUMMARY ***
Total pot $12 | Rake $0.24
Board [2h Jd 3d]
Seat 3: PlayForca (button) (small blind) folded on the Flop
Seat 4: Velbor107 (big blind) collected ($11.76)


PokerStars Hand #162740139416:  Hold'em Limit ($3/$6 USD) - 2016/12/10 17:41:09 ET
Table 'Carina II' 6-max Seat #4 is the button
Seat 3: Yoozd79 ($30.46 in chips)
Seat 4: BuzovaPro ($95.50 in chips)
BuzovaPro: posts small blind $1
Yoozd79: posts big blind $3
*** HOLE CARDS ***
BuzovaPro: raises $3 to $6
Yoozd79: calls $3
*** FLOP *** [9s 5h 4d]
Yoozd79: checks
BuzovaPro: checks
*** TURN *** [9s 5h 4d] [3d]
Yoozd79: bets $6
BuzovaPro: folds
Uncalled bet ($6) returned to Yoozd79
Yoozd79 collected $11.76 from pot
Yoozd79: doesn't show hand
*** SUMMARY ***
Total pot $12 | Rake $0.24
Board [9s 5h 4d 3d]
Seat 3: Yoozd79 (big blind) collected ($11.76)
Seat 4: BuzovaPro (button) (small blind) folded on the Turn


PokerStars Hand #162740155785:  Hold'em Limit ($3/$6 USD) - 2016/12/10 17:41:28 ET
Table 'Carina II' 6-max Seat #4 is the button
Seat 3: Yoozd79 ($39.22 in chips)
Seat 4: BuzovaPro ($86.50 in chips)
BuzovaPro: posts small blind $1
Yoozd79: posts big blind $3
*** HOLE CARDS ***
BuzovaPro: folds
Uncalled bet ($2) returned to Yoozd79
Yoozd79 collected $2 from pot
Yoozd79: doesn't show hand
*** SUMMARY ***
Total pot $2 | Rake $0
Seat 3: Yoozd79 (big blind) collected ($2)
Seat 4: BuzovaPro (button) (small blind) folded before Flop


PokerStars Hand #162740150614:  Hold'em Limit ($3/$6 USD) - 2016/12/10 17:41:22 ET
Table 'Carina II' 6-max Seat #3 is the button
Seat 3: Yoozd79 ($36.22 in chips)
Seat 4: BuzovaPro ($89.50 in chips)
Yoozd79: posts small blind $1
BuzovaPro: posts big blind $3
*** HOLE CARDS ***
Yoozd79: raises $3 to $6
BuzovaPro: folds
Uncalled bet ($3) returned to Yoozd79
Yoozd79 collected $6 from pot
Yoozd79: doesn't show hand
*** SUMMARY ***
Total pot $6 | Rake $0
Seat 3: Yoozd79 (button) (small blind) collected ($6)
Seat 4: BuzovaPro (big blind) folded before Flop


PokerStars Hand #162740172619:  Hold'em Limit ($3/$6 USD) - 2016/12/10 17:41:47 ET
Table 'Carina II' 6-max Seat #4 is the button
Seat 3: Yoozd79 ($43.10 in chips)
Seat 4: BuzovaPro ($82.50 in chips)
BuzovaPro: posts small blind $1
Yoozd79: posts big blind $3
*** HOLE CARDS ***
BuzovaPro: folds
Uncalled bet ($2) returned to Yoozd79
Yoozd79 collected $2 from pot
Yoozd79: doesn't show hand
*** SUMMARY ***
Total pot $2 | Rake $0
Seat 3: Yoozd79 (big blind) collected ($2)
Seat 4: BuzovaPro (button) (small blind) folded before Flop


PokerStars Hand #162740159840:  Hold'em Limit ($3/$6 USD) - 2016/12/10 17:41:33 ET
Table 'Carina II' 6-max Seat #3 is the button
Seat 3: Yoozd79 ($40.22 in chips)
Seat 4: BuzovaPro ($85.50 in chips)
Yoozd79: posts small blind $1
BuzovaPro: posts big blind $3
*** HOLE CARDS ***
Yoozd79: calls $2
BuzovaPro: checks
*** FLOP *** [Ah 5d Jd]
BuzovaPro: checks
Yoozd79: checks
*** TURN *** [Ah 5d Jd] [4c]
BuzovaPro: checks
Yoozd79: bets $6
BuzovaPro: folds
Uncalled bet ($6) returned to Yoozd79
Yoozd79 collected $5.88 from pot
Yoozd79: doesn't show hand
*** SUMMARY ***
Total pot $6 | Rake $0.12
Board [Ah 5d Jd 4c]
Seat 3: Yoozd79 (button) (small blind) collected ($5.88)
Seat 4: BuzovaPro (big blind) folded on the Turn


PokerStars Hand #162740113831:  Hold'em Limit ($3/$6 USD) - 2016/12/10 17:40:40 ET
Table 'Carina II' 6-max Seat #3 is the button
Seat 3: Yoozd79 ($54.46 in chips)
Seat 4: BuzovaPro ($72 in chips)
Yoozd79: posts small blind $1
BuzovaPro: posts big blind $3
*** HOLE CARDS ***
Yoozd79: raises $3 to $6
BuzovaPro: raises $3 to $9
Yoozd79: calls $3
*** FLOP *** [9d 4c Qd]
BuzovaPro: bets $3
Yoozd79: calls $3
*** TURN *** [9d 4c Qd] [Qc]
BuzovaPro: bets $6
Yoozd79: calls $6
*** RIVER *** [9d 4c Qd Qc] [7s]
BuzovaPro: bets $6
Yoozd79: calls $6
*** SHOW DOWN ***
BuzovaPro: shows [Td Ts] (two pair, Queens and Tens)
Yoozd79: mucks hand
BuzovaPro collected $47.50 from pot
*** SUMMARY ***
Total pot $48 | Rake $0.50
Board [9d 4c Qd Qc 7s]
Seat 3: Yoozd79 (button) (small blind) mucked
Seat 4: BuzovaPro (big blind) showed [Td Ts] and won ($47.50) with two pair, Queens and Tens


PokerStars Hand #162740191860:  Hold'em Limit ($3/$6 USD) - 2016/12/10 17:42:09 ET
Table 'Carina II' 6-max Seat #4 is the button
Seat 3: Yoozd79 ($38.10 in chips)
Seat 4: BuzovaPro ($87.26 in chips)
BuzovaPro: posts small blind $1
Yoozd79: posts big blind $3
*** HOLE CARDS ***
BuzovaPro: folds
Uncalled bet ($2) returned to Yoozd79
Yoozd79 collected $2 from pot
Yoozd79: doesn't show hand
*** SUMMARY ***
Total pot $2 | Rake $0
Seat 3: Yoozd79 (big blind) collected ($2)
Seat 4: BuzovaPro (button) (small blind) folded before Flop


PokerStars Hand #162740196813:  Hold'em Limit ($3/$6 USD) - 2016/12/10 17:42:15 ET
Table 'Carina II' 6-max Seat #3 is the button
Seat 3: Yoozd79 ($39.10 in chips)
Seat 4: BuzovaPro ($86.26 in chips)
Yoozd79: posts small blind $1
BuzovaPro: posts big blind $3
*** HOLE CARDS ***
Yoozd79: raises $3 to $6
BuzovaPro: raises $3 to $9
Yoozd79: calls $3
*** FLOP *** [9h 9d Js]
BuzovaPro: bets $3
Yoozd79: calls $3
*** TURN *** [9h 9d Js] [5h]
BuzovaPro: bets $6
Yoozd79: calls $6
*** RIVER *** [9h 9d Js 5h] [Kc]
BuzovaPro: checks
Yoozd79: checks
*** SHOW DOWN ***
BuzovaPro: shows [Jh 7h] (two pair, Jacks and Nines)
Yoozd79: mucks hand
BuzovaPro collected $35.50 from pot
*** SUMMARY ***
Total pot $36 | Rake $0.50
Board [9h 9d Js 5h Kc]
Seat 3: Yoozd79 (button) (small blind) mucked
Seat 4: BuzovaPro (big blind) showed [Jh 7h] and won ($35.50) with two pair, Jacks and Nines


PokerStars Hand #162740215097:  Hold'em Limit ($3/$6 USD) - 2016/12/10 17:42:36 ET
Table 'Carina II' 6-max Seat #4 is the button
Seat 3: Yoozd79 ($21.10 in chips)
Seat 4: BuzovaPro ($103.76 in chips)
BuzovaPro: posts small blind $1
Yoozd79: posts big blind $3
*** HOLE CARDS ***
BuzovaPro: raises $3 to $6
Yoozd79: calls $3
*** FLOP *** [6s 4d 2s]
Yoozd79: bets $3
BuzovaPro: calls $3
*** TURN *** [6s 4d 2s] [2h]
Yoozd79: bets $6
silja4 joins the table at seat #5
BuzovaPro: calls $6
*** RIVER *** [6s 4d 2s 2h] [Ad]
Yoozd79: bets $6
BuzovaPro: calls $6
*** SHOW DOWN ***
Yoozd79: shows [3s Qs] (a pair of Deuces)
BuzovaPro: shows [Kd 9d] (a pair of Deuces - Ace+King kicker)
BuzovaPro collected $41.50 from pot
*** SUMMARY ***
Total pot $42 | Rake $0.50
Board [6s 4d 2s 2h Ad]
Seat 3: Yoozd79 (big blind) showed [3s Qs] and lost with a pair of Deuces
Seat 4: BuzovaPro (button) (small blind) showed [Kd 9d] and won ($41.50) with a pair of Deuces


PokerStars Hand #162740176448:  Hold'em Limit ($3/$6 USD) - 2016/12/10 17:41:52 ET
Table 'Carina II' 6-max Seat #3 is the button
Seat 3: Yoozd79 ($44.10 in chips)
Seat 4: BuzovaPro ($81.50 in chips)
Yoozd79: posts small blind $1
BuzovaPro: posts big blind $3
*** HOLE CARDS ***
Yoozd79: raises $3 to $6
BuzovaPro: calls $3
*** FLOP *** [8d Td 3c]
BuzovaPro: checks
Yoozd79: checks
*** TURN *** [8d Td 3c] [4d]
BuzovaPro: checks
Yoozd79: checks
*** RIVER *** [8d Td 3c 4d] [5s]
BuzovaPro: bets $6
Yoozd79: folds
Uncalled bet ($6) returned to BuzovaPro
BuzovaPro collected $11.76 from pot
BuzovaPro: doesn't show hand
*** SUMMARY ***
Total pot $12 | Rake $0.24
Board [8d Td 3c 4d 5s]
Seat 3: Yoozd79 (button) (small blind) folded on the River
Seat 4: BuzovaPro (big blind) collected ($11.76)


PokerStars Hand #162740236411:  Hold'em Limit ($3/$6 USD) - 2016/12/10 17:43:00 ET
Table 'Carina II' 6-max Seat #5 is the button
Seat 4: BuzovaPro ($124.26 in chips)
Seat 5: silja4 ($67.76 in chips)
silja4: posts small blind $1
BuzovaPro: posts big blind $3
*** HOLE CARDS ***
silja4: raises $3 to $6
BuzovaPro: calls $3
*** FLOP *** [3c Ah 9s]
BuzovaPro: checks
silja4: bets $3
BuzovaPro: calls $3
*** TURN *** [3c Ah 9s] [3h]
BuzovaPro: checks
silja4: bets $6
BuzovaPro: calls $6
*** RIVER *** [3c Ah 9s 3h] [Ks]
BuzovaPro: checks
silja4: bets $6
BuzovaPro: calls $6
*** SHOW DOWN ***
silja4: shows [Th Ac] (two pair, Aces and Threes)
BuzovaPro: mucks hand
silja4 collected $41.50 from pot
*** SUMMARY ***
Total pot $42 | Rake $0.50
Board [3c Ah 9s 3h Ks]
Seat 4: BuzovaPro (big blind) mucked
Seat 5: silja4 (button) (small blind) showed [Th Ac] and won ($41.50) with two pair, Aces and Threes


PokerStars Hand #162740254824:  Hold'em Limit ($3/$6 USD) - 2016/12/10 17:43:21 ET
Table 'Carina II' 6-max Seat #4 is the button
Seat 4: BuzovaPro ($103.26 in chips)
Seat 5: silja4 ($88.26 in chips)
BuzovaPro: posts small blind $1
silja4: posts big blind $3
*** HOLE CARDS ***
BuzovaPro: raises $3 to $6
silja4: raises $3 to $9
BuzovaPro: calls $3
*** FLOP *** [5d 3s Tc]
silja4: bets $3
BuzovaPro: calls $3
*** TURN *** [5d 3s Tc] [Kc]
silja4: bets $6
BuzovaPro: folds
Uncalled bet ($6) returned to silja4
silja4 collected $23.52 from pot
silja4: doesn't show hand
*** SUMMARY ***
Total pot $24 | Rake $0.48
Board [5d 3s Tc Kc]
Seat 4: BuzovaPro (button) (small blind) folded on the Turn
Seat 5: silja4 (big blind) collected ($23.52)


PokerStars Hand #162740277741:  Hold'em Limit ($3/$6 USD) - 2016/12/10 17:43:48 ET
Table 'Carina II' 6-max Seat #5 is the button
Seat 4: BuzovaPro ($91.26 in chips)
Seat 5: silja4 ($99.78 in chips)
silja4: posts small blind $1
BuzovaPro: posts big blind $3
FaStBluff joins the table at seat #3
*** HOLE CARDS ***
silja4: raises $3 to $6
BuzovaPro: folds
Uncalled bet ($3) returned to silja4
silja4 collected $6 from pot
silja4: doesn't show hand
*** SUMMARY ***
Total pot $6 | Rake $0
Seat 4: BuzovaPro (big blind) folded before Flop
Seat 5: silja4 (button) (small blind) collected ($6)


PokerStars Hand #162740289206:  Hold'em Limit ($3/$6 USD) - 2016/12/10 17:44:01 ET
Table 'Carina II' 6-max Seat #4 is the button
Seat 4: BuzovaPro ($88.26 in chips)
Seat 5: silja4 ($102.78 in chips)
BuzovaPro: posts small blind $1
silja4: posts big blind $3
*** HOLE CARDS ***
BuzovaPro: raises $3 to $6
silja4: calls $3
*** FLOP *** [3d 6s 5d]
MellivoraSto joins the table at seat #6
silja4: checks
BuzovaPro: bets $3
silja4: raises $3 to $6
BuzovaPro: calls $3
*** TURN *** [3d 6s 5d] [8h]
silja4: bets $6
BuzovaPro: calls $6
*** RIVER *** [3d 6s 5d 8h] [Kc]
silja4: bets $6
BuzovaPro: calls $6
*** SHOW DOWN ***
silja4: shows [6d Jc] (a pair of Sixes)
BuzovaPro: mucks hand
silja4 collected $47.50 from pot
*** SUMMARY ***
Total pot $48 | Rake $0.50
Board [3d 6s 5d 8h Kc]
Seat 4: BuzovaPro (button) (small blind) mucked
Seat 5: silja4 (big blind) showed [6d Jc] and won ($47.50) with a pair of Sixes


PokerStars Hand #162743730487:  Hold'em Limit ($3/$6 USD) - 2016/12/10 18:55:47 ET
Table 'Carina II' 6-max Seat #5 is the button
Seat 3: Lackys07 ($51.09 in chips)
Seat 5: silja4 ($252.64 in chips)
silja4: posts small blind $1
MellivoraSto: is sitting out
Lackys07: posts big blind $3
*** HOLE CARDS ***
MellivoraSto leaves the table
silja4: folds
Uncalled bet ($2) returned to Lackys07
Lackys07 collected $2 from pot
Lackys07: doesn't show hand
*** SUMMARY ***
Total pot $2 | Rake $0
Seat 3: Lackys07 (big blind) collected ($2)
Seat 5: silja4 (button) (small blind) folded before Flop


PokerStars Hand #162743736596:  Hold'em Limit ($3/$6 USD) - 2016/12/10 18:55:57 ET
Table 'Carina II' 6-max Seat #3 is the button
Seat 3: Lackys07 ($52.09 in chips)
Seat 5: silja4 ($251.64 in chips)
Lackys07: posts small blind $1
silja4: posts big blind $3
*** HOLE CARDS ***
Lackys07: calls $2
silja4: checks
*** FLOP *** [Qd Td 9d]
silja4: checks
Lackys07: checks
*** TURN *** [Qd Td 9d] [5c]
silja4: bets $6
Lackys07: raises $6 to $12
silja4: raises $6 to $18
Lackys07: raises $6 to $24
Betting is capped
silja4: calls $6
*** RIVER *** [Qd Td 9d 5c] [3d]
silja4: bets $6
Lackys07: raises $6 to $12
silja4: calls $6
*** SHOW DOWN ***
Lackys07: shows [Jd 8d] (a straight flush, Eight to Queen)
silja4: mucks hand
Lackys07 collected $77.50 from pot
*** SUMMARY ***
Total pot $78 | Rake $0.50
Board [Qd Td 9d 5c 3d]
Seat 3: Lackys07 (button) (small blind) showed [Jd 8d] and won ($77.50) with a straight flush, Eight to Queen
Seat 5: silja4 (big blind) mucked


PokerStars Hand #162743770161:  Hold'em Limit ($3/$6 USD) - 2016/12/10 18:56:51 ET
Table 'Carina II' 6-max Seat #5 is the button
Seat 3: Lackys07 ($90.59 in chips)
Seat 5: silja4 ($212.64 in chips)
silja4: posts small blind $1
Lackys07: posts big blind $3
*** HOLE CARDS ***
silja4: raises $3 to $6
Lackys07: calls $3
*** FLOP *** [Ad Qc 7c]
Lackys07: checks
silja4: bets $3
Lackys07: calls $3
*** TURN *** [Ad Qc 7c] [8s]
Lackys07: checks
silja4: bets $6
Lackys07: calls $6
*** RIVER *** [Ad Qc 7c 8s] [3c]
Lackys07: checks
silja4: bets $6
Lackys07: calls $6
*** SHOW DOWN ***
silja4: shows [Kc As] (a pair of Aces)
Lackys07: mucks hand
silja4 collected $41.50 from pot
*** SUMMARY ***
Total pot $42 | Rake $0.50
Board [Ad Qc 7c 8s 3c]
Seat 3: Lackys07 (big blind) mucked
Seat 5: silja4 (button) (small blind) showed [Kc As] and won ($41.50) with a pair of Aces


