PokerStars Hand #173808445508:  Hold'em Limit ($3/$6 USD) - 2017/08/01 18:54:52 ET
Table 'Carina' 6-max Seat #4 is the button
Seat 1: davyyyyyyy ($119 in chips)
Seat 4: Great_Kang ($61 in chips)
Great_Kang: posts small blind $1
davyyyyyyy: posts big blind $3
*** HOLE CARDS ***
Great_Kang: raises $3 to $6
davyyyyyyy: calls $3
*** FLOP *** [9h 7s 2d]
davyyyyyyy: checks
Great_Kang: bets $3
davyyyyyyy: calls $3
*** TURN *** [9h 7s 2d] [Ah]
davyyyyyyy: checks
Great_Kang: bets $6
davyyyyyyy: calls $6
*** RIVER *** [9h 7s 2d Ah] [Ac]
davyyyyyyy: bets $6
Great_Kang: folds
Uncalled bet ($6) returned to davyyyyyyy
davyyyyyyy collected $29.50 from pot
*** SUMMARY ***
Total pot $30 | Rake $0.50
Board [9h 7s 2d Ah Ac]
Seat 1: davyyyyyyy (big blind) collected ($29.50)
Seat 4: Great_Kang (button) (small blind) folded on the River


PokerStars Hand #173808459103:  Hold'em Limit ($3/$6 USD) - 2017/08/01 18:55:16 ET
Table 'Carina' 6-max Seat #1 is the button
Seat 1: davyyyyyyy ($133.50 in chips)
Seat 4: Great_Kang ($46 in chips)
davyyyyyyy: posts small blind $1
Great_Kang: posts big blind $3
*** HOLE CARDS ***
davyyyyyyy: folds
Uncalled bet ($2) returned to Great_Kang
Great_Kang collected $2 from pot
Great_Kang: doesn't show hand
*** SUMMARY ***
Total pot $2 | Rake $0
Seat 1: davyyyyyyy (button) (small blind) folded before Flop
Seat 4: Great_Kang (big blind) collected ($2)


PokerStars Hand #173808542130:  Hold'em Limit ($3/$6 USD) - 2017/08/01 18:57:59 ET
Table 'Carina' 6-max Seat #4 is the button
Seat 3: RJF1943 ($65.50 in chips)
Seat 4: Great_Kang ($47 in chips)
Great_Kang: posts small blind $1
RJF1943: posts big blind $3
*** HOLE CARDS ***
Great_Kang: raises $3 to $6
RJF1943: folds
Uncalled bet ($3) returned to Great_Kang
Great_Kang collected $6 from pot
Great_Kang: doesn't show hand
*** SUMMARY ***
Total pot $6 | Rake $0
Seat 3: RJF1943 (big blind) folded before Flop
Seat 4: Great_Kang (button) (small blind) collected ($6)


PokerStars Hand #173808550753:  Hold'em Limit ($3/$6 USD) - 2017/08/01 18:58:16 ET
Table 'Carina' 6-max Seat #3 is the button
Seat 3: RJF1943 ($62.50 in chips)
Seat 4: Great_Kang ($50 in chips)
RJF1943: posts small blind $1
Great_Kang: posts big blind $3
*** HOLE CARDS ***
RJF1943: raises $3 to $6
Great_Kang: raises $3 to $9
RJF1943: raises $3 to $12
Betting is capped
Great_Kang: calls $3
*** FLOP *** [Jc As Kh]
Great_Kang: checks
RJF1943: bets $3
Great_Kang: calls $3
*** TURN *** [Jc As Kh] [7h]
Great_Kang: checks
RJF1943: bets $6
Great_Kang: calls $6
*** RIVER *** [Jc As Kh 7h] [3h]
Great_Kang: checks
RJF1943: bets $6
Great_Kang: folds
Uncalled bet ($6) returned to RJF1943
RJF1943 collected $41.50 from pot
RJF1943: doesn't show hand
*** SUMMARY ***
Total pot $42 | Rake $0.50
Board [Jc As Kh 7h 3h]
Seat 3: RJF1943 (button) (small blind) collected ($41.50)
Seat 4: Great_Kang (big blind) folded on the River


PokerStars Hand #173808612602:  Hold'em Limit ($3/$6 USD) - 2017/08/01 19:00:16 ET
Table 'Carina' 6-max Seat #3 is the button
Seat 3: RJF1943 ($84.64 in chips)
Seat 4: Great_Kang ($66.76 in chips)
RJF1943: posts small blind $1
Great_Kang: posts big blind $3
*** HOLE CARDS ***
RJF1943: folds
Uncalled bet ($2) returned to Great_Kang
Great_Kang collected $2 from pot
Great_Kang: doesn't show hand
*** SUMMARY ***
Total pot $2 | Rake $0
Seat 3: RJF1943 (button) (small blind) folded before Flop
Seat 4: Great_Kang (big blind) collected ($2)


PokerStars Hand #173808603012:  Hold'em Limit ($3/$6 USD) - 2017/08/01 18:59:58 ET
Table 'Carina' 6-max Seat #4 is the button
Seat 3: RJF1943 ($90.64 in chips)
Seat 4: Great_Kang ($61 in chips)
Great_Kang: posts small blind $1
RJF1943: posts big blind $3
*** HOLE CARDS ***
Great_Kang: raises $3 to $6
RJF1943: calls $3
*** FLOP *** [Js 6d Ts]
RJF1943: checks
Great_Kang: bets $3
RJF1943: folds
Uncalled bet ($3) returned to Great_Kang
Great_Kang collected $11.76 from pot
Great_Kang: doesn't show hand
*** SUMMARY ***
Total pot $12 | Rake $0.24
Board [Js 6d Ts]
Seat 3: RJF1943 (big blind) folded on the Flop
Seat 4: Great_Kang (button) (small blind) collected ($11.76)


PokerStars Hand #173808599017:  Hold'em Limit ($3/$6 USD) - 2017/08/01 18:59:50 ET
Table 'Carina' 6-max Seat #3 is the button
Seat 3: RJF1943 ($91.64 in chips)
Seat 4: Great_Kang ($60 in chips)
RJF1943: posts small blind $1
Great_Kang: posts big blind $3
*** HOLE CARDS ***
RJF1943: folds
Uncalled bet ($2) returned to Great_Kang
Great_Kang collected $2 from pot
Great_Kang: doesn't show hand
*** SUMMARY ***
Total pot $2 | Rake $0
Seat 3: RJF1943 (button) (small blind) folded before Flop
Seat 4: Great_Kang (big blind) collected ($2)


PokerStars Hand #173808584702:  Hold'em Limit ($3/$6 USD) - 2017/08/01 18:59:22 ET
Table 'Carina' 6-max Seat #4 is the button
Seat 3: RJF1943 ($83 in chips)
Seat 4: Great_Kang ($29 in chips)
Great_Kang: posts small blind $1
RJF1943: posts big blind $3
*** HOLE CARDS ***
Great_Kang: raises $3 to $6
RJF1943: raises $3 to $9
Great_Kang: calls $3
*** FLOP *** [Td 4h 9c]
RJF1943: bets $3
Great_Kang: folds
Uncalled bet ($3) returned to RJF1943
RJF1943 collected $17.64 from pot
RJF1943: doesn't show hand
*** SUMMARY ***
Total pot $18 | Rake $0.36
Board [Td 4h 9c]
Seat 3: RJF1943 (big blind) collected ($17.64)
Seat 4: Great_Kang (button) (small blind) folded on the Flop


PokerStars Hand #173808639531:  Hold'em Limit ($3/$6 USD) - 2017/08/01 19:01:05 ET
Table 'Carina' 6-max Seat #3 is the button
Seat 3: RJF1943 ($68.64 in chips)
Seat 4: Great_Kang ($82.26 in chips)
RJF1943: posts small blind $1
Great_Kang: posts big blind $3
*** HOLE CARDS ***
RJF1943: folds
Uncalled bet ($2) returned to Great_Kang
Great_Kang collected $2 from pot
Great_Kang: doesn't show hand
*** SUMMARY ***
Total pot $2 | Rake $0
Seat 3: RJF1943 (button) (small blind) folded before Flop
Seat 4: Great_Kang (big blind) collected ($2)


PokerStars Hand #173808616810:  Hold'em Limit ($3/$6 USD) - 2017/08/01 19:00:24 ET
Table 'Carina' 6-max Seat #4 is the button
Seat 3: RJF1943 ($83.64 in chips)
Seat 4: Great_Kang ($67.76 in chips)
Great_Kang: posts small blind $1
RJF1943: posts big blind $3
*** HOLE CARDS ***
Great_Kang: raises $3 to $6
RJF1943: calls $3
*** FLOP *** [Ts 6s 7c]
RJF1943: bets $3
Great_Kang: calls $3
*** TURN *** [Ts 6s 7c] [3h]
RJF1943: bets $6
Great_Kang: raises $6 to $12
RJF1943: folds
Uncalled bet ($6) returned to Great_Kang
Great_Kang collected $29.50 from pot
Great_Kang: doesn't show hand
*** SUMMARY ***
Total pot $30 | Rake $0.50
Board [Ts 6s 7c 3h]
Seat 3: RJF1943 (big blind) folded on the Turn
Seat 4: Great_Kang (button) (small blind) collected ($29.50)


PokerStars Hand #173808662005:  Hold'em Limit ($3/$6 USD) - 2017/08/01 19:01:44 ET
Table 'Carina' 6-max Seat #3 is the button
Seat 3: RJF1943 ($61.64 in chips)
Seat 4: Great_Kang ($89.02 in chips)
RJF1943: posts small blind $1
Great_Kang: posts big blind $3
*** HOLE CARDS ***
RJF1943: raises $3 to $6
Great_Kang: raises $3 to $9
RJF1943: calls $3
*** FLOP *** [2h 5c Jc]
Great_Kang: bets $3
RJF1943: calls $3
*** TURN *** [2h 5c Jc] [Td]
Great_Kang: checks
RJF1943: checks
*** RIVER *** [2h 5c Jc Td] [Ts]
Great_Kang: checks
RJF1943: checks
*** SHOW DOWN ***
Great_Kang: shows [Kc 8c] (a pair of Tens)
RJF1943: mucks hand
Great_Kang collected $23.52 from pot
*** SUMMARY ***
Total pot $24 | Rake $0.48
Board [2h 5c Jc Td Ts]
Seat 3: RJF1943 (button) (small blind) mucked
Seat 4: Great_Kang (big blind) showed [Kc 8c] and won ($23.52) with a pair of Tens


PokerStars Hand #173808644904:  Hold'em Limit ($3/$6 USD) - 2017/08/01 19:01:15 ET
Table 'Carina' 6-max Seat #4 is the button
Seat 3: RJF1943 ($67.64 in chips)
Seat 4: Great_Kang ($83.26 in chips)
Great_Kang: posts small blind $1
RJF1943: posts big blind $3
*** HOLE CARDS ***
Great_Kang: raises $3 to $6
RJF1943: calls $3
*** FLOP *** [Ts Th 4c]
RJF1943: checks
Great_Kang: bets $3
RJF1943: folds
Uncalled bet ($3) returned to Great_Kang
Great_Kang collected $11.76 from pot
Great_Kang: doesn't show hand
*** SUMMARY ***
Total pot $12 | Rake $0.24
Board [Ts Th 4c]
Seat 3: RJF1943 (big blind) folded on the Flop
Seat 4: Great_Kang (button) (small blind) collected ($11.76)


PokerStars Hand #173810539878:  Hold'em Limit ($3/$6 USD) - 2017/08/01 19:58:05 ET
Table 'Carina' 6-max Seat #2 is the button
Seat 1: davyyyyyyy ($269.34 in chips)
Seat 2: Coldhandnik ($166.17 in chips)
Coldhandnik: posts small blind $1
chapala111: is sitting out
davyyyyyyy: posts big blind $3
*** HOLE CARDS ***
Coldhandnik: raises $3 to $6
davyyyyyyy: calls $3
*** FLOP *** [4d 3d 7h]
chapala111 leaves the table
davyyyyyyy: checks
Coldhandnik: bets $3
davyyyyyyy: calls $3
*** TURN *** [4d 3d 7h] [6h]
davyyyyyyy: checks
Coldhandnik: bets $6
davyyyyyyy: calls $6
*** RIVER *** [4d 3d 7h 6h] [Ts]
davyyyyyyy: checks
Coldhandnik: checks
*** SHOW DOWN ***
davyyyyyyy: shows [6d 8d] (a pair of Sixes)
Coldhandnik: mucks hand
davyyyyyyy collected $29.50 from pot
*** SUMMARY ***
Total pot $30 | Rake $0.50
Board [4d 3d 7h 6h Ts]
Seat 1: davyyyyyyy (big blind) showed [6d 8d] and won ($29.50) with a pair of Sixes
Seat 2: Coldhandnik (button) (small blind) mucked


