PokerStars Hand #176628701042:  Hold'em Limit ($3/$6 USD) - 2017/10/07 19:44:49 ET
Table 'Carlova' 6-max Seat #4 is the button
Seat 3: SonneUndMond ($151.74 in chips)
Seat 4: tteufel666 ($56.04 in chips)
tteufel666: posts small blind $1
Lobelt55: is sitting out
SonneUndMond: posts big blind $3
*** HOLE CARDS ***
tteufel666: folds
Uncalled bet ($2) returned to SonneUndMond
SonneUndMond collected $2 from pot
SonneUndMond: doesn't show hand
*** SUMMARY ***
Total pot $2 | Rake $0
Seat 3: SonneUndMond (big blind) collected ($2)
Seat 4: tteufel666 (button) (small blind) folded before Flop


PokerStars Hand #176628704670:  Hold'em Limit ($3/$6 USD) - 2017/10/07 19:44:55 ET
Table 'Carlova' 6-max Seat #3 is the button
Seat 3: SonneUndMond ($152.74 in chips)
Seat 4: tteufel666 ($55.04 in chips)
SonneUndMond: posts small blind $1
tteufel666: posts big blind $3
*** HOLE CARDS ***
SonneUndMond: folds
Uncalled bet ($2) returned to tteufel666
tteufel666 collected $2 from pot
Lobelt55 leaves the table
*** SUMMARY ***
Total pot $2 | Rake $0
Seat 3: SonneUndMond (button) (small blind) folded before Flop
Seat 4: tteufel666 (big blind) collected ($2)


PokerStars Hand #176628724274:  Hold'em Limit ($3/$6 USD) - 2017/10/07 19:45:32 ET
Table 'Carlova' 6-max Seat #3 is the button
Seat 3: SonneUndMond ($124.74 in chips)
Seat 4: tteufel666 ($82.54 in chips)
SonneUndMond: posts small blind $1
tteufel666: posts big blind $3
*** HOLE CARDS ***
SonneUndMond: folds
Uncalled bet ($2) returned to tteufel666
tteufel666 collected $2 from pot
*** SUMMARY ***
Total pot $2 | Rake $0
Seat 3: SonneUndMond (button) (small blind) folded before Flop
Seat 4: tteufel666 (big blind) collected ($2)


PokerStars Hand #176628708194:  Hold'em Limit ($3/$6 USD) - 2017/10/07 19:45:02 ET
Table 'Carlova' 6-max Seat #4 is the button
Seat 3: SonneUndMond ($151.74 in chips)
Seat 4: tteufel666 ($56.04 in chips)
tteufel666: posts small blind $1
SonneUndMond: posts big blind $3
*** HOLE CARDS ***
tteufel666: raises $3 to $6
SonneUndMond: raises $3 to $9
tteufel666: calls $3
*** FLOP *** [Kh Qs 4d]
SonneUndMond: bets $3
tteufel666: raises $3 to $6
SonneUndMond: calls $3
*** TURN *** [Kh Qs 4d] [8h]
SonneUndMond: checks
tteufel666: bets $6
SonneUndMond: calls $6
*** RIVER *** [Kh Qs 4d 8h] [7c]
SonneUndMond: checks
tteufel666: bets $6
SonneUndMond: calls $6
*** SHOW DOWN ***
tteufel666: shows [Qd Kc] (two pair, Kings and Queens)
SonneUndMond: mucks hand
tteufel666 collected $53.50 from pot
*** SUMMARY ***
Total pot $54 | Rake $0.50
Board [Kh Qs 4d 8h 7c]
Seat 3: SonneUndMond (big blind) mucked
Seat 4: tteufel666 (button) (small blind) showed [Qd Kc] and won ($53.50) with two pair, Kings and Queens


PokerStars Hand #176628767695:  Hold'em Limit ($3/$6 USD) - 2017/10/07 19:46:53 ET
Table 'Carlova' 6-max Seat #3 is the button
Seat 3: SonneUndMond ($166.39 in chips)
Seat 4: tteufel666 ($77.54 in chips)
SonneUndMond: posts small blind $1
tteufel666: posts big blind $3
*** HOLE CARDS ***
SonneUndMond: folds
Uncalled bet ($2) returned to tteufel666
tteufel666 collected $2 from pot
*** SUMMARY ***
Total pot $2 | Rake $0
Seat 3: SonneUndMond (button) (small blind) folded before Flop
Seat 4: tteufel666 (big blind) collected ($2)


PokerStars Hand #176628763326:  Hold'em Limit ($3/$6 USD) - 2017/10/07 19:46:44 ET
Table 'Carlova' 6-max Seat #4 is the button
Seat 3: SonneUndMond ($169.39 in chips)
Seat 4: tteufel666 ($74.54 in chips)
tteufel666: posts small blind $1
SonneUndMond: posts big blind $3
*** HOLE CARDS ***
tteufel666: raises $3 to $6
SonneUndMond: folds
Uncalled bet ($3) returned to tteufel666
tteufel666 collected $6 from pot
*** SUMMARY ***
Total pot $6 | Rake $0
Seat 3: SonneUndMond (big blind) folded before Flop
Seat 4: tteufel666 (button) (small blind) collected ($6)


