PokerStars Hand #176633024476:  Hold'em Limit ($3/$6 USD) - 2017/10/07 22:36:59 ET
Table 'Carlova' 6-max Seat #2 is the button
Seat 1: Chessnok ($65.76 in chips)
Seat 2: winyku4eto ($169.22 in chips)
winyku4eto: posts small blind $1
Chessnok: posts big blind $3
*** HOLE CARDS ***
winyku4eto: raises $3 to $6
Chessnok: calls $3
*** FLOP *** [3s 9s 5c]
Chessnok: checks
winyku4eto: bets $3
Chessnok: calls $3
*** TURN *** [3s 9s 5c] [Js]
Chessnok: checks
winyku4eto: checks
*** RIVER *** [3s 9s 5c Js] [Qh]
Chessnok: bets $6
winyku4eto: folds
Uncalled bet ($6) returned to Chessnok
Chessnok collected $17.64 from pot
Chessnok: doesn't show hand
*** SUMMARY ***
Total pot $18 | Rake $0.36
Board [3s 9s 5c Js Qh]
Seat 1: Chessnok (big blind) collected ($17.64)
Seat 2: winyku4eto (button) (small blind) folded on the River


PokerStars Hand #176633040829:  Hold'em Limit ($3/$6 USD) - 2017/10/07 22:37:48 ET
Table 'Carlova' 6-max Seat #1 is the button
Seat 1: Chessnok ($95.90 in chips)
Seat 2: winyku4eto ($138.22 in chips)
Chessnok: posts small blind $1
winyku4eto: posts big blind $3
*** HOLE CARDS ***
Chessnok: folds
Uncalled bet ($2) returned to winyku4eto
winyku4eto collected $2 from pot
winyku4eto: doesn't show hand
*** SUMMARY ***
Total pot $2 | Rake $0
Seat 1: Chessnok (button) (small blind) folded before Flop
Seat 2: winyku4eto (big blind) collected ($2)


PokerStars Hand #176633038905:  Hold'em Limit ($3/$6 USD) - 2017/10/07 22:37:42 ET
Table 'Carlova' 6-max Seat #2 is the button
Seat 1: Chessnok ($94.90 in chips)
Seat 2: winyku4eto ($139.22 in chips)
winyku4eto: posts small blind $1
Chessnok: posts big blind $3
*** HOLE CARDS ***
winyku4eto: folds
Uncalled bet ($2) returned to Chessnok
Chessnok collected $2 from pot
Chessnok: doesn't show hand
*** SUMMARY ***
Total pot $2 | Rake $0
Seat 1: Chessnok (big blind) collected ($2)
Seat 2: winyku4eto (button) (small blind) folded before Flop


PokerStars Hand #176633032467:  Hold'em Limit ($3/$6 USD) - 2017/10/07 22:37:23 ET
Table 'Carlova' 6-max Seat #1 is the button
Seat 1: Chessnok ($74.40 in chips)
Seat 2: winyku4eto ($160.22 in chips)
Chessnok: posts small blind $1
winyku4eto: posts big blind $3
*** HOLE CARDS ***
Chessnok: raises $3 to $6
winyku4eto: raises $3 to $9
Chessnok: calls $3
*** FLOP *** [8d Tc 7h]
winyku4eto: bets $3
Chessnok: raises $3 to $6
winyku4eto: calls $3
*** TURN *** [8d Tc 7h] [Kc]
winyku4eto: checks
Chessnok: bets $6
winyku4eto: calls $6
*** RIVER *** [8d Tc 7h Kc] [Kd]
winyku4eto: checks
Chessnok: bets $6
winyku4eto: folds
Uncalled bet ($6) returned to Chessnok
Chessnok collected $41.50 from pot
Chessnok: doesn't show hand
*** SUMMARY ***
Total pot $42 | Rake $0.50
Board [8d Tc 7h Kc Kd]
Seat 1: Chessnok (button) (small blind) collected ($41.50)
Seat 2: winyku4eto (big blind) folded on the River


PokerStars Hand #176633061913:  Hold'em Limit ($3/$6 USD) - 2017/10/07 22:38:53 ET
Table 'Carlova' 6-max Seat #1 is the button
Seat 1: Chessnok ($79.40 in chips)
Seat 2: winyku4eto ($153.22 in chips)
Chessnok: posts small blind $1
winyku4eto: posts big blind $3
*** HOLE CARDS ***
Chessnok: raises $3 to $6
winyku4eto: folds
Uncalled bet ($3) returned to Chessnok
Chessnok collected $6 from pot
Chessnok: doesn't show hand
*** SUMMARY ***
Total pot $6 | Rake $0
Seat 1: Chessnok (button) (small blind) collected ($6)
Seat 2: winyku4eto (big blind) folded before Flop


PokerStars Hand #176633060376:  Hold'em Limit ($3/$6 USD) - 2017/10/07 22:38:48 ET
Table 'Carlova' 6-max Seat #2 is the button
Seat 1: Chessnok ($78.40 in chips)
Seat 2: winyku4eto ($154.22 in chips)
winyku4eto: posts small blind $1
Chessnok: posts big blind $3
*** HOLE CARDS ***
winyku4eto: folds
Uncalled bet ($2) returned to Chessnok
Chessnok collected $2 from pot
Chessnok: doesn't show hand
*** SUMMARY ***
Total pot $2 | Rake $0
Seat 1: Chessnok (big blind) collected ($2)
Seat 2: winyku4eto (button) (small blind) folded before Flop


PokerStars Hand #176633054939:  Hold'em Limit ($3/$6 USD) - 2017/10/07 22:38:31 ET
Table 'Carlova' 6-max Seat #1 is the button
Seat 1: Chessnok ($93.40 in chips)
Seat 2: winyku4eto ($139.72 in chips)
Chessnok: posts small blind $1
winyku4eto: posts big blind $3
*** HOLE CARDS ***
Chessnok: raises $3 to $6
winyku4eto: calls $3
*** FLOP *** [9d 4d 9s]
winyku4eto: checks
Chessnok: bets $3
winyku4eto: calls $3
*** TURN *** [9d 4d 9s] [Qc]
winyku4eto: checks
Chessnok: bets $6
winyku4eto: calls $6
*** RIVER *** [9d 4d 9s Qc] [5s]
winyku4eto: checks
Chessnok: checks
*** SHOW DOWN ***
winyku4eto: shows [Kh Ts] (a pair of Nines)
Chessnok: mucks hand
winyku4eto collected $29.50 from pot
*** SUMMARY ***
Total pot $30 | Rake $0.50
Board [9d 4d 9s Qc 5s]
Seat 1: Chessnok (button) (small blind) mucked
Seat 2: winyku4eto (big blind) showed [Kh Ts] and won ($29.50) with a pair of Nines


PokerStars Hand #176633050035:  Hold'em Limit ($3/$6 USD) - 2017/10/07 22:38:16 ET
Table 'Carlova' 6-max Seat #2 is the button
Seat 1: Chessnok ($75.90 in chips)
Seat 2: winyku4eto ($157.72 in chips)
winyku4eto: posts small blind $1
Chessnok: posts big blind $3
*** HOLE CARDS ***
winyku4eto: raises $3 to $6
Chessnok: raises $3 to $9
winyku4eto: calls $3
*** FLOP *** [2d 3d Qc]
Chessnok: bets $3
winyku4eto: calls $3
*** TURN *** [2d 3d Qc] [9s]
Chessnok: bets $6
winyku4eto: calls $6
*** RIVER *** [2d 3d Qc 9s] [As]
Chessnok: bets $6
winyku4eto: folds
Uncalled bet ($6) returned to Chessnok
Chessnok collected $35.50 from pot
Chessnok: doesn't show hand
*** SUMMARY ***
Total pot $36 | Rake $0.50
Board [2d 3d Qc 9s As]
Seat 1: Chessnok (big blind) collected ($35.50)
Seat 2: winyku4eto (button) (small blind) folded on the River


PokerStars Hand #176633048539:  Hold'em Limit ($3/$6 USD) - 2017/10/07 22:38:12 ET
Table 'Carlova' 6-max Seat #1 is the button
Seat 1: Chessnok ($76.90 in chips)
Seat 2: winyku4eto ($156.72 in chips)
Chessnok: posts small blind $1
winyku4eto: posts big blind $3
*** HOLE CARDS ***
Chessnok: folds
Uncalled bet ($2) returned to winyku4eto
winyku4eto collected $2 from pot
winyku4eto: doesn't show hand
*** SUMMARY ***
Total pot $2 | Rake $0
Seat 1: Chessnok (button) (small blind) folded before Flop
Seat 2: winyku4eto (big blind) collected ($2)


PokerStars Hand #176633042336:  Hold'em Limit ($3/$6 USD) - 2017/10/07 22:37:53 ET
Table 'Carlova' 6-max Seat #2 is the button
Seat 1: Chessnok ($94.90 in chips)
Seat 2: winyku4eto ($139.22 in chips)
winyku4eto: posts small blind $1
Chessnok: posts big blind $3
*** HOLE CARDS ***
winyku4eto: raises $3 to $6
Chessnok: calls $3
*** FLOP *** [Ts 3d 7c]
Chessnok: checks
winyku4eto: checks
*** TURN *** [Ts 3d 7c] [4d]
Chessnok: bets $6
winyku4eto: calls $6
*** RIVER *** [Ts 3d 7c 4d] [8c]
Chessnok: checks
winyku4eto: bets $6
Chessnok: calls $6
*** SHOW DOWN ***
winyku4eto: shows [9h 6c] (a straight, Six to Ten)
Chessnok: mucks hand
winyku4eto collected $35.50 from pot
*** SUMMARY ***
Total pot $36 | Rake $0.50
Board [Ts 3d 7c 4d 8c]
Seat 1: Chessnok (big blind) mucked
Seat 2: winyku4eto (button) (small blind) showed [9h 6c] and won ($35.50) with a straight, Six to Ten


PokerStars Hand #176633076999:  Hold'em Limit ($3/$6 USD) - 2017/10/07 22:39:39 ET
Table 'Carlova' 6-max Seat #2 is the button
Seat 1: Chessnok ($60 in chips)
Seat 2: winyku4eto ($185.24 in chips)
winyku4eto: posts small blind $1
Chessnok: posts big blind $3
*** HOLE CARDS ***
winyku4eto: raises $3 to $6
Chessnok: calls $3
*** FLOP *** [2s 4s 3s]
Chessnok: checks
winyku4eto: bets $3
Chessnok: raises $3 to $6
winyku4eto: calls $3
*** TURN *** [2s 4s 3s] [7c]
Chessnok: bets $6
winyku4eto: calls $6
*** RIVER *** [2s 4s 3s 7c] [7h]
Chessnok: bets $6
winyku4eto: calls $6
*** SHOW DOWN ***
Chessnok: shows [8s Ac] (a pair of Sevens)
winyku4eto: shows [Kh 3c] (two pair, Sevens and Threes)
winyku4eto collected $47.50 from pot
*** SUMMARY ***
Total pot $48 | Rake $0.50
Board [2s 4s 3s 7c 7h]
Seat 1: Chessnok (big blind) showed [8s Ac] and lost with a pair of Sevens
Seat 2: winyku4eto (button) (small blind) showed [Kh 3c] and won ($47.50) with two pair, Sevens and Threes


PokerStars Hand #176633063539:  Hold'em Limit ($3/$6 USD) - 2017/10/07 22:38:58 ET
Table 'Carlova' 6-max Seat #2 is the button
Seat 1: Chessnok ($82.40 in chips)
Seat 2: winyku4eto ($150.22 in chips)
winyku4eto: posts small blind $1
Chessnok: posts big blind $3
*** HOLE CARDS ***
winyku4eto: raises $3 to $6
Chessnok: calls $3
*** FLOP *** [9d Th Td]
Chessnok: checks
winyku4eto: checks
*** TURN *** [9d Th Td] [3s]
Chessnok: bets $6
winyku4eto: raises $6 to $12
Chessnok: folds
Uncalled bet ($6) returned to winyku4eto
winyku4eto collected $23.52 from pot
winyku4eto: doesn't show hand
*** SUMMARY ***
Total pot $24 | Rake $0.48
Board [9d Th Td 3s]
Seat 1: Chessnok (big blind) folded on the Turn
Seat 2: winyku4eto (button) (small blind) collected ($23.52)


PokerStars Hand #176633081592:  Hold'em Limit ($3/$6 USD) - 2017/10/07 22:39:53 ET
Table 'Carlova' 6-max Seat #1 is the button
Seat 1: Chessnok ($60 in chips)
Seat 2: winyku4eto ($208.74 in chips)
Chessnok: posts small blind $1
winyku4eto: posts big blind $3
*** HOLE CARDS ***
Chessnok: folds
Uncalled bet ($2) returned to winyku4eto
winyku4eto collected $2 from pot
winyku4eto: doesn't show hand
*** SUMMARY ***
Total pot $2 | Rake $0
Seat 1: Chessnok (button) (small blind) folded before Flop
Seat 2: winyku4eto (big blind) collected ($2)


PokerStars Hand #176633071632:  Hold'em Limit ($3/$6 USD) - 2017/10/07 22:39:22 ET
Table 'Carlova' 6-max Seat #1 is the button
Seat 1: Chessnok ($70.40 in chips)
Seat 2: winyku4eto ($161.74 in chips)
Chessnok: posts small blind $1
winyku4eto: posts big blind $3
*** HOLE CARDS ***
Chessnok: raises $3 to $6
winyku4eto: calls $3
*** FLOP *** [6h Tc 8d]
winyku4eto: checks
Chessnok: bets $3
winyku4eto: raises $3 to $6
Chessnok: calls $3
*** TURN *** [6h Tc 8d] [Ah]
winyku4eto: bets $6
Chessnok: calls $6
*** RIVER *** [6h Tc 8d Ah] [9c]
winyku4eto: bets $6
Chessnok: calls $6
*** SHOW DOWN ***
winyku4eto: shows [6s 8s] (two pair, Eights and Sixes)
Chessnok: mucks hand
winyku4eto collected $47.50 from pot
*** SUMMARY ***
Total pot $48 | Rake $0.50
Board [6h Tc 8d Ah 9c]
Seat 1: Chessnok (button) (small blind) mucked
Seat 2: winyku4eto (big blind) showed [6s 8s] and won ($47.50) with two pair, Eights and Sixes


PokerStars Hand #176633069914:  Hold'em Limit ($3/$6 USD) - 2017/10/07 22:39:17 ET
Table 'Carlova' 6-max Seat #2 is the button
Seat 1: Chessnok ($69.40 in chips)
Seat 2: winyku4eto ($162.74 in chips)
winyku4eto: posts small blind $1
Chessnok: posts big blind $3
*** HOLE CARDS ***
winyku4eto: folds
Uncalled bet ($2) returned to Chessnok
Chessnok collected $2 from pot
Chessnok: doesn't show hand
*** SUMMARY ***
Total pot $2 | Rake $0
Seat 1: Chessnok (big blind) collected ($2)
Seat 2: winyku4eto (button) (small blind) folded before Flop


PokerStars Hand #176633068566:  Hold'em Limit ($3/$6 USD) - 2017/10/07 22:39:13 ET
Table 'Carlova' 6-max Seat #1 is the button
Seat 1: Chessnok ($70.40 in chips)
Seat 2: winyku4eto ($161.74 in chips)
Chessnok: posts small blind $1
winyku4eto: posts big blind $3
*** HOLE CARDS ***
Chessnok: folds
Uncalled bet ($2) returned to winyku4eto
winyku4eto collected $2 from pot
winyku4eto: doesn't show hand
*** SUMMARY ***
Total pot $2 | Rake $0
Seat 1: Chessnok (button) (small blind) folded before Flop
Seat 2: winyku4eto (big blind) collected ($2)


PokerStars Hand #176633106891:  Hold'em Limit ($3/$6 USD) - 2017/10/07 22:40:48 ET
Table 'Carlova' 6-max Seat #2 is the button
Seat 1: Chessnok ($97.90 in chips)
Seat 2: winyku4eto ($194.24 in chips)
winyku4eto: posts small blind $1
Chessnok: posts big blind $3
*** HOLE CARDS ***
winyku4eto: raises $3 to $6
Chessnok: calls $3
*** FLOP *** [7d Jd 5c]
Chessnok: checks
winyku4eto: bets $3
Chessnok: calls $3
*** TURN *** [7d Jd 5c] [9d]
Chessnok: checks
winyku4eto: bets $6
Chessnok: calls $6
*** RIVER *** [7d Jd 5c 9d] [6d]
Chessnok: bets $6
winyku4eto: calls $6
*** SHOW DOWN ***
Chessnok: shows [Qd 3c] (a flush, Queen high)
winyku4eto: mucks hand
Chessnok collected $41.50 from pot
*** SUMMARY ***
Total pot $42 | Rake $0.50
Board [7d Jd 5c 9d 6d]
Seat 1: Chessnok (big blind) showed [Qd 3c] and won ($41.50) with a flush, Queen high
Seat 2: winyku4eto (button) (small blind) mucked


PokerStars Hand #176633103746:  Hold'em Limit ($3/$6 USD) - 2017/10/07 22:40:38 ET
Table 'Carlova' 6-max Seat #1 is the button
Seat 1: Chessnok ($92.14 in chips)
Seat 2: winyku4eto ($200.24 in chips)
Chessnok: posts small blind $1
winyku4eto: posts big blind $3
*** HOLE CARDS ***
Chessnok: raises $3 to $6
winyku4eto: calls $3
*** FLOP *** [9h 5d 3d]
winyku4eto: checks
Chessnok: bets $3
winyku4eto: folds
Uncalled bet ($3) returned to Chessnok
Chessnok collected $11.76 from pot
Chessnok: doesn't show hand
*** SUMMARY ***
Total pot $12 | Rake $0.24
Board [9h 5d 3d]
Seat 1: Chessnok (button) (small blind) collected ($11.76)
Seat 2: winyku4eto (big blind) folded on the Flop


PokerStars Hand #176633100358:  Hold'em Limit ($3/$6 USD) - 2017/10/07 22:40:28 ET
Table 'Carlova' 6-max Seat #2 is the button
Seat 1: Chessnok ($83.50 in chips)
Seat 2: winyku4eto ($209.24 in chips)
winyku4eto: posts small blind $1
Chessnok: posts big blind $3
*** HOLE CARDS ***
winyku4eto: raises $3 to $6
Chessnok: calls $3
*** FLOP *** [8d 8s Ac]
Chessnok: checks
winyku4eto: bets $3
Chessnok: raises $3 to $6
winyku4eto: folds
Uncalled bet ($3) returned to Chessnok
Chessnok collected $17.64 from pot
Chessnok: doesn't show hand
*** SUMMARY ***
Total pot $18 | Rake $0.36
Board [8d 8s Ac]
Seat 1: Chessnok (big blind) collected ($17.64)
Seat 2: winyku4eto (button) (small blind) folded on the Flop


PokerStars Hand #176633087567:  Hold'em Limit ($3/$6 USD) - 2017/10/07 22:40:11 ET
Table 'Carlova' 6-max Seat #1 is the button
Seat 1: Chessnok ($60 in chips)
Seat 2: winyku4eto ($233.24 in chips)
Chessnok: posts small blind $1
winyku4eto: posts big blind $3
*** HOLE CARDS ***
Chessnok: raises $3 to $6
winyku4eto: raises $3 to $9
Chessnok: calls $3
*** FLOP *** [4c 7s 2c]
winyku4eto: bets $3
Chessnok: calls $3
*** TURN *** [4c 7s 2c] [5h]
winyku4eto: checks
Chessnok: bets $6
winyku4eto: calls $6
*** RIVER *** [4c 7s 2c 5h] [2h]
winyku4eto: checks
Chessnok: bets $6
winyku4eto: calls $6
*** SHOW DOWN ***
Chessnok: shows [5s Qh] (two pair, Fives and Deuces)
winyku4eto: mucks hand
Chessnok collected $47.50 from pot
*** SUMMARY ***
Total pot $48 | Rake $0.50
Board [4c 7s 2c 5h 2h]
Seat 1: Chessnok (button) (small blind) showed [5s Qh] and won ($47.50) with two pair, Fives and Deuces
Seat 2: winyku4eto (big blind) mucked


PokerStars Hand #176633083107:  Hold'em Limit ($3/$6 USD) - 2017/10/07 22:39:57 ET
Table 'Carlova' 6-max Seat #2 is the button
Seat 1: Chessnok ($60 in chips)
Seat 2: winyku4eto ($209.74 in chips)
winyku4eto: posts small blind $1
Chessnok: posts big blind $3
*** HOLE CARDS ***
winyku4eto: raises $3 to $6
Chessnok: raises $3 to $9
winyku4eto: calls $3
*** FLOP *** [Ts 2c Ks]
Chessnok: bets $3
winyku4eto: calls $3
*** TURN *** [Ts 2c Ks] [Ac]
Chessnok: bets $6
winyku4eto: calls $6
*** RIVER *** [Ts 2c Ks Ac] [7s]
Chessnok: checks
winyku4eto: bets $6
Chessnok: calls $6
*** SHOW DOWN ***
winyku4eto: shows [4s 6s] (a flush, King high)
Chessnok: mucks hand
winyku4eto collected $47.50 from pot
*** SUMMARY ***
Total pot $48 | Rake $0.50
Board [Ts 2c Ks Ac 7s]
Seat 1: Chessnok (big blind) mucked
Seat 2: winyku4eto (button) (small blind) showed [4s 6s] and won ($47.50) with a flush, King high


PokerStars Hand #176633111759:  Hold'em Limit ($3/$6 USD) - 2017/10/07 22:41:03 ET
Table 'Carlova' 6-max Seat #1 is the button
Seat 1: Chessnok ($118.40 in chips)
Seat 2: winyku4eto ($173.24 in chips)
Chessnok: posts small blind $1
winyku4eto: posts big blind $3
*** HOLE CARDS ***
Chessnok: raises $3 to $6
winyku4eto: folds
Uncalled bet ($3) returned to Chessnok
Chessnok collected $6 from pot
Chessnok: doesn't show hand
*** SUMMARY ***
Total pot $6 | Rake $0
Seat 1: Chessnok (button) (small blind) collected ($6)
Seat 2: winyku4eto (big blind) folded before Flop


PokerStars Hand #176633127139:  Hold'em Limit ($3/$6 USD) - 2017/10/07 22:41:50 ET
Table 'Carlova' 6-max Seat #2 is the button
Seat 1: Chessnok ($116.16 in chips)
Seat 2: winyku4eto ($174.74 in chips)
winyku4eto: posts small blind $1
Chessnok: posts big blind $3
*** HOLE CARDS ***
winyku4eto: raises $3 to $6
Chessnok: calls $3
*** FLOP *** [4s Jh 7h]
Chessnok: checks
winyku4eto: checks
*** TURN *** [4s Jh 7h] [6c]
Chessnok: checks
winyku4eto: checks
*** RIVER *** [4s Jh 7h 6c] [Ad]
Chessnok: bets $6
winyku4eto: calls $6
*** SHOW DOWN ***
Chessnok: shows [Th 2c] (high card Ace)
winyku4eto: shows [8d Qh] (high card Ace - Queen kicker)
winyku4eto collected $23.52 from pot
*** SUMMARY ***
Total pot $24 | Rake $0.48
Board [4s Jh 7h 6c Ad]
Seat 1: Chessnok (big blind) showed [Th 2c] and lost with high card Ace
Seat 2: winyku4eto (button) (small blind) showed [8d Qh] and won ($23.52) with high card Ace


PokerStars Hand #176633125409:  Hold'em Limit ($3/$6 USD) - 2017/10/07 22:41:45 ET
Table 'Carlova' 6-max Seat #1 is the button
Seat 1: Chessnok ($113.16 in chips)
Seat 2: winyku4eto ($177.74 in chips)
Chessnok: posts small blind $1
winyku4eto: posts big blind $3
*** HOLE CARDS ***
Chessnok: raises $3 to $6
winyku4eto: folds
Uncalled bet ($3) returned to Chessnok
Chessnok collected $6 from pot
Chessnok: doesn't show hand
*** SUMMARY ***
Total pot $6 | Rake $0
Seat 1: Chessnok (button) (small blind) collected ($6)
Seat 2: winyku4eto (big blind) folded before Flop


PokerStars Hand #176633123818:  Hold'em Limit ($3/$6 USD) - 2017/10/07 22:41:40 ET
Table 'Carlova' 6-max Seat #2 is the button
Seat 1: Chessnok ($112.16 in chips)
Seat 2: winyku4eto ($178.74 in chips)
winyku4eto: posts small blind $1
Chessnok: posts big blind $3
*** HOLE CARDS ***
winyku4eto: folds
Uncalled bet ($2) returned to Chessnok
Chessnok collected $2 from pot
Chessnok: doesn't show hand
*** SUMMARY ***
Total pot $2 | Rake $0
Seat 1: Chessnok (big blind) collected ($2)
Seat 2: winyku4eto (button) (small blind) folded before Flop


PokerStars Hand #176633120889:  Hold'em Limit ($3/$6 USD) - 2017/10/07 22:41:31 ET
Table 'Carlova' 6-max Seat #1 is the button
Seat 1: Chessnok ($106.40 in chips)
Seat 2: winyku4eto ($184.74 in chips)
Chessnok: posts small blind $1
winyku4eto: posts big blind $3
*** HOLE CARDS ***
Chessnok: raises $3 to $6
winyku4eto: calls $3
*** FLOP *** [Qd 8s Qc]
winyku4eto: checks
Chessnok: bets $3
winyku4eto: folds
Uncalled bet ($3) returned to Chessnok
Chessnok collected $11.76 from pot
Chessnok: doesn't show hand
*** SUMMARY ***
Total pot $12 | Rake $0.24
Board [Qd 8s Qc]
Seat 1: Chessnok (button) (small blind) collected ($11.76)
Seat 2: winyku4eto (big blind) folded on the Flop


PokerStars Hand #176633113851:  Hold'em Limit ($3/$6 USD) - 2017/10/07 22:41:09 ET
Table 'Carlova' 6-max Seat #2 is the button
Seat 1: Chessnok ($121.40 in chips)
Seat 2: winyku4eto ($170.24 in chips)
winyku4eto: posts small blind $1
Chessnok: posts big blind $3
*** HOLE CARDS ***
winyku4eto: raises $3 to $6
Chessnok: calls $3
*** FLOP *** [Js Ts 6s]
Chessnok: checks
winyku4eto: bets $3
Chessnok: calls $3
*** TURN *** [Js Ts 6s] [Qc]
Chessnok: checks
winyku4eto: bets $6
Chessnok: calls $6
*** RIVER *** [Js Ts 6s Qc] [7s]
Chessnok: checks
winyku4eto: bets $6
Chessnok: folds
Uncalled bet ($6) returned to winyku4eto
winyku4eto collected $29.50 from pot
winyku4eto: doesn't show hand
*** SUMMARY ***
Total pot $30 | Rake $0.50
Board [Js Ts 6s Qc 7s]
Seat 1: Chessnok (big blind) folded on the River
Seat 2: winyku4eto (button) (small blind) collected ($29.50)


PokerStars Hand #176633132154:  Hold'em Limit ($3/$6 USD) - 2017/10/07 22:42:06 ET
Table 'Carlova' 6-max Seat #1 is the button
Seat 1: Chessnok ($104.16 in chips)
Seat 2: winyku4eto ($186.26 in chips)
Chessnok: posts small blind $1
winyku4eto: posts big blind $3
*** HOLE CARDS ***
Chessnok: raises $3 to $6
winyku4eto: calls $3
*** FLOP *** [Qs 7c Ac]
winyku4eto: checks
Chessnok: bets $3
winyku4eto: folds
Uncalled bet ($3) returned to Chessnok
Chessnok collected $11.76 from pot
Chessnok: doesn't show hand
*** SUMMARY ***
Total pot $12 | Rake $0.24
Board [Qs 7c Ac]
Seat 1: Chessnok (button) (small blind) collected ($11.76)
Seat 2: winyku4eto (big blind) folded on the Flop


PokerStars Hand #176633134911:  Hold'em Limit ($3/$6 USD) - 2017/10/07 22:42:14 ET
Table 'Carlova' 6-max Seat #2 is the button
Seat 1: Chessnok ($109.92 in chips)
Seat 2: winyku4eto ($180.26 in chips)
winyku4eto: posts small blind $1
Chessnok: posts big blind $3
*** HOLE CARDS ***
Winnipeg87 joins the table at seat #3
winyku4eto: raises $3 to $6
Chessnok: calls $3
*** FLOP *** [6c As Qh]
Chessnok: checks
winyku4eto: checks
*** TURN *** [6c As Qh] [9d]
Chessnok: bets $6
winyku4eto: raises $6 to $12
Winnipeg87 leaves the table
Chessnok: calls $6
*** RIVER *** [6c As Qh 9d] [8h]
Chessnok: checks
winyku4eto: bets $6
Chessnok: calls $6
*** SHOW DOWN ***
winyku4eto: shows [Ah 7d] (a pair of Aces)
Chessnok: mucks hand
Winnipeg87 joins the table at seat #3
winyku4eto collected $47.50 from pot
*** SUMMARY ***
Total pot $48 | Rake $0.50
Board [6c As Qh 9d 8h]
Seat 1: Chessnok (big blind) mucked
Seat 2: winyku4eto (button) (small blind) showed [Ah 7d] and won ($47.50) with a pair of Aces


PokerStars Hand #176633140916:  Hold'em Limit ($3/$6 USD) - 2017/10/07 22:42:33 ET
Table 'Carlova' 6-max Seat #1 is the button
Seat 1: Chessnok ($85.92 in chips)
Seat 2: winyku4eto ($203.76 in chips)
Chessnok: posts small blind $1
winyku4eto: posts big blind $3
*** HOLE CARDS ***
Chessnok: raises $3 to $6
winyku4eto: folds
Uncalled bet ($3) returned to Chessnok
Chessnok collected $6 from pot
Chessnok: doesn't show hand
*** SUMMARY ***
Total pot $6 | Rake $0
Seat 1: Chessnok (button) (small blind) collected ($6)
Seat 2: winyku4eto (big blind) folded before Flop


PokerStars Hand #176633316196:  Hold'em Limit ($3/$6 USD) - 2017/10/07 22:51:38 ET
Table 'Carlova' 6-max Seat #6 is the button
Seat 2: winyku4eto ($126.88 in chips)
Seat 6: RagnarLado ($117 in chips)
RagnarLado: posts small blind $1
winyku4eto: posts big blind $3
*** HOLE CARDS ***
RagnarLado: calls $2
winyku4eto: checks
*** FLOP *** [7d Qd Ac]
winyku4eto: bets $3
RagnarLado: calls $3
*** TURN *** [7d Qd Ac] [6d]
winyku4eto: checks
RagnarLado: checks
*** RIVER *** [7d Qd Ac 6d] [6c]
winyku4eto: checks
RagnarLado: checks
*** SHOW DOWN ***
winyku4eto: shows [2s 7s] (two pair, Sevens and Sixes)
RagnarLado: mucks hand
winyku4eto collected $11.76 from pot
*** SUMMARY ***
Total pot $12 | Rake $0.24
Board [7d Qd Ac 6d 6c]
Seat 2: winyku4eto (big blind) showed [2s 7s] and won ($11.76) with two pair, Sevens and Sixes
Seat 6: RagnarLado (button) (small blind) mucked


PokerStars Hand #176633313260:  Hold'em Limit ($3/$6 USD) - 2017/10/07 22:51:29 ET
Table 'Carlova' 6-max Seat #2 is the button
Seat 2: winyku4eto ($123.88 in chips)
Seat 6: RagnarLado ($120 in chips)
winyku4eto: posts small blind $1
RagnarLado: posts big blind $3
*** HOLE CARDS ***
winyku4eto: raises $3 to $6
RagnarLado: folds
Uncalled bet ($3) returned to winyku4eto
winyku4eto collected $6 from pot
winyku4eto: doesn't show hand
Winnipeg87 leaves the table
*** SUMMARY ***
Total pot $6 | Rake $0
Seat 2: winyku4eto (button) (small blind) collected ($6)
Seat 6: RagnarLado (big blind) folded before Flop


PokerStars Hand #176633310394:  Hold'em Limit ($3/$6 USD) - 2017/10/07 22:51:20 ET
Table 'Carlova' 6-max Seat #3 is the button
Seat 2: winyku4eto ($122.88 in chips)
Seat 3: Winnipeg87 ($148.02 in chips)
Winnipeg87: posts small blind $1
Chessnok: is sitting out
winyku4eto: posts big blind $3
*** HOLE CARDS ***
Chessnok leaves the table
RagnarLado joins the table at seat #6
Winnipeg87: folds
Uncalled bet ($2) returned to winyku4eto
winyku4eto collected $2 from pot
winyku4eto: doesn't show hand
*** SUMMARY ***
Total pot $2 | Rake $0
Seat 2: winyku4eto (big blind) collected ($2)
Seat 3: Winnipeg87 (button) (small blind) folded before Flop


PokerStars Hand #176633323769:  Hold'em Limit ($3/$6 USD) - 2017/10/07 22:52:02 ET
Table 'Carlova' 6-max Seat #2 is the button
Seat 2: winyku4eto ($132.64 in chips)
Seat 6: RagnarLado ($111 in chips)
winyku4eto: posts small blind $1
RagnarLado: posts big blind $3
*** HOLE CARDS ***
winyku4eto: raises $3 to $6
RagnarLado: calls $3
*** FLOP *** [8c 9d 2s]
RagnarLado: checks
winyku4eto: bets $3
RagnarLado: calls $3
*** TURN *** [8c 9d 2s] [Th]
RagnarLado: checks
winyku4eto: checks
*** RIVER *** [8c 9d 2s Th] [5c]
RagnarLado: checks
winyku4eto: checks
*** SHOW DOWN ***
RagnarLado: shows [Ac Kc] (high card Ace)
winyku4eto: mucks hand
RagnarLado collected $17.64 from pot
*** SUMMARY ***
Total pot $18 | Rake $0.36
Board [8c 9d 2s Th 5c]
Seat 2: winyku4eto (button) (small blind) mucked
Seat 6: RagnarLado (big blind) showed [Ac Kc] and won ($17.64) with high card Ace


PokerStars Hand #176633331132:  Hold'em Limit ($3/$6 USD) - 2017/10/07 22:52:25 ET
Table 'Carlova' 6-max Seat #6 is the button
Seat 2: winyku4eto ($123.64 in chips)
Seat 6: RagnarLado ($119.64 in chips)
RagnarLado: posts small blind $1
winyku4eto: posts big blind $3
*** HOLE CARDS ***
RagnarLado: calls $2
winyku4eto: checks
*** FLOP *** [9s Kc 2s]
winyku4eto: bets $3
RagnarLado: folds
Uncalled bet ($3) returned to winyku4eto
winyku4eto collected $5.88 from pot
winyku4eto: doesn't show hand
*** SUMMARY ***
Total pot $6 | Rake $0.12
Board [9s Kc 2s]
Seat 2: winyku4eto (big blind) collected ($5.88)
Seat 6: RagnarLado (button) (small blind) folded on the Flop


PokerStars Hand #176633335624:  Hold'em Limit ($3/$6 USD) - 2017/10/07 22:52:39 ET
Table 'Carlova' 6-max Seat #2 is the button
Seat 2: winyku4eto ($126.52 in chips)
Seat 6: RagnarLado ($116.64 in chips)
winyku4eto: posts small blind $1
RagnarLado: posts big blind $3
*** HOLE CARDS ***
winyku4eto: folds
Uncalled bet ($2) returned to RagnarLado
RagnarLado collected $2 from pot
RagnarLado: doesn't show hand
*** SUMMARY ***
Total pot $2 | Rake $0
Seat 2: winyku4eto (button) (small blind) folded before Flop
Seat 6: RagnarLado (big blind) collected ($2)


PokerStars Hand #176633337213:  Hold'em Limit ($3/$6 USD) - 2017/10/07 22:52:44 ET
Table 'Carlova' 6-max Seat #6 is the button
Seat 2: winyku4eto ($125.52 in chips)
Seat 6: RagnarLado ($117.64 in chips)
RagnarLado: posts small blind $1
winyku4eto: posts big blind $3
*** HOLE CARDS ***
RagnarLado: folds
Uncalled bet ($2) returned to winyku4eto
winyku4eto collected $2 from pot
winyku4eto: doesn't show hand
*** SUMMARY ***
Total pot $2 | Rake $0
Seat 2: winyku4eto (big blind) collected ($2)
Seat 6: RagnarLado (button) (small blind) folded before Flop


PokerStars Hand #176633352775:  Hold'em Limit ($3/$6 USD) - 2017/10/07 22:53:32 ET
Table 'Carlova' 6-max Seat #2 is the button
Seat 2: winyku4eto ($111.52 in chips)
Seat 6: RagnarLado ($131.04 in chips)
winyku4eto: posts small blind $1
RagnarLado: posts big blind $3
*** HOLE CARDS ***
winyku4eto: folds
Uncalled bet ($2) returned to RagnarLado
RagnarLado collected $2 from pot
RagnarLado leaves the table
*** SUMMARY ***
Total pot $2 | Rake $0
Seat 2: winyku4eto (button) (small blind) folded before Flop
Seat 6: RagnarLado (big blind) collected ($2)


PokerStars Hand #176633347276:  Hold'em Limit ($3/$6 USD) - 2017/10/07 22:53:15 ET
Table 'Carlova' 6-max Seat #6 is the button
Seat 2: winyku4eto ($114.52 in chips)
Seat 6: RagnarLado ($128.16 in chips)
RagnarLado: posts small blind $1
winyku4eto: posts big blind $3
*** HOLE CARDS ***
RagnarLado: calls $2
winyku4eto: checks
*** FLOP *** [3h 7c 9d]
winyku4eto: checks
RagnarLado: checks
*** TURN *** [3h 7c 9d] [5h]
winyku4eto: checks
RagnarLado: checks
*** RIVER *** [3h 7c 9d 5h] [4c]
winyku4eto: checks
RagnarLado: checks
*** SHOW DOWN ***
winyku4eto: shows [2s Ks] (high card King)
RagnarLado: shows [Ah 8d] (high card Ace)
RagnarLado collected $5.88 from pot
*** SUMMARY ***
Total pot $6 | Rake $0.12
Board [3h 7c 9d 5h 4c]
Seat 2: winyku4eto (big blind) showed [2s Ks] and lost with high card King
Seat 6: RagnarLado (button) (small blind) showed [Ah 8d] and won ($5.88) with high card Ace


