PokerStars Hand #145405983059:  Hold'em Limit ($3/$6 USD) - 2015/12/15 17:58:26 ET
Table 'Carlova II' 2-max Seat #1 is the button
Seat 1: elifnur2008 ($45 in chips)
Seat 2: rocky1556 ($55.89 in chips)
elifnur2008: posts small blind $1
rocky1556: posts big blind $3
*** HOLE CARDS ***
elifnur2008: raises $3 to $6
rocky1556: calls $3
*** FLOP *** [Qh 9h 2h]
rocky1556: checks
elifnur2008: bets $3
rocky1556: calls $3
*** TURN *** [Qh 9h 2h] [Qd]
rocky1556: checks
elifnur2008: bets $6
rocky1556: raises $6 to $12
elifnur2008: calls $6
*** RIVER *** [Qh 9h 2h Qd] [5c]
rocky1556: bets $6
elifnur2008: raises $6 to $12
rocky1556: folds
Uncalled bet ($6) returned to elifnur2008
elifnur2008 collected $53.50 from pot
elifnur2008: doesn't show hand
*** SUMMARY ***
Total pot $54 | Rake $0.50
Board [Qh 9h 2h Qd 5c]
Seat 1: elifnur2008 (button) (small blind) collected ($53.50)
Seat 2: rocky1556 (big blind) folded on the River


PokerStars Hand #145406002147:  Hold'em Limit ($3/$6 USD) - 2015/12/15 17:58:53 ET
Table 'Carlova II' 2-max Seat #2 is the button
Seat 1: elifnur2008 ($71.50 in chips)
Seat 2: rocky1556 ($28.89 in chips)
rocky1556: posts small blind $1
elifnur2008: posts big blind $3
*** HOLE CARDS ***
rocky1556: folds
Uncalled bet ($2) returned to elifnur2008
elifnur2008 collected $2 from pot
elifnur2008: doesn't show hand
*** SUMMARY ***
Total pot $2 | Rake $0
Seat 1: elifnur2008 (big blind) collected ($2)
Seat 2: rocky1556 (button) (small blind) folded before Flop


PokerStars Hand #145406005921:  Hold'em Limit ($3/$6 USD) - 2015/12/15 17:58:59 ET
Table 'Carlova II' 2-max Seat #1 is the button
Seat 1: elifnur2008 ($72.50 in chips)
Seat 2: rocky1556 ($27.89 in chips)
elifnur2008: posts small blind $1
rocky1556: posts big blind $3
*** HOLE CARDS ***
elifnur2008: raises $3 to $6
rocky1556: calls $3
*** FLOP *** [7h 6c 7d]
rocky1556: bets $3
elifnur2008: raises $3 to $6
rocky1556: raises $3 to $9
elifnur2008: raises $3 to $12
Betting is capped
rocky1556: calls $3
*** TURN *** [7h 6c 7d] [3s]
rocky1556: bets $6
elifnur2008: raises $6 to $12
rocky1556: calls $3.89 and is all-in
Uncalled bet ($2.11) returned to elifnur2008
*** RIVER *** [7h 6c 7d 3s] [2d]
*** SHOW DOWN ***
rocky1556: shows [6s 2s] (two pair, Sevens and Sixes)
elifnur2008: shows [Qh Qs] (two pair, Queens and Sevens)
elifnur2008 collected $55.28 from pot
*** SUMMARY ***
Total pot $55.78 | Rake $0.50
Board [7h 6c 7d 3s 2d]
Seat 1: elifnur2008 (button) (small blind) showed [Qh Qs] and won ($55.28) with two pair, Queens and Sevens
Seat 2: rocky1556 (big blind) showed [6s 2s] and lost with two pair, Sevens and Sixes


