PokerStars Hand #171744247497:  Hold'em Limit ($3/$6 USD) - 2017/06/13 19:23:43 ET
Table 'Carme' 6-max Seat #6 is the button
Seat 3: igorkabmw ($30 in chips)
Seat 6: scorpio04 ($150 in chips)
scorpio04: posts small blind $1
igorkabmw: posts big blind $3
*** HOLE CARDS ***
scorpio04: raises $3 to $6
igorkabmw: calls $3
*** FLOP *** [Jh 7c 6s]
igorkabmw: checks
scorpio04: bets $3
igorkabmw: calls $3
*** TURN *** [Jh 7c 6s] [4h]
igorkabmw: checks
scorpio04: bets $6
igorkabmw: calls $6
*** RIVER *** [Jh 7c 6s 4h] [9h]
igorkabmw: checks
scorpio04: bets $6
igorkabmw: calls $6
*** SHOW DOWN ***
scorpio04: shows [8c 5s] (a straight, Five to Nine)
igorkabmw: mucks hand
scorpio04 collected $41.50 from pot
*** SUMMARY ***
Total pot $42 | Rake $0.50
Board [Jh 7c 6s 4h 9h]
Seat 3: igorkabmw (big blind) mucked
Seat 6: scorpio04 (button) (small blind) showed [8c 5s] and won ($41.50) with a straight, Five to Nine


PokerStars Hand #171744272808:  Hold'em Limit ($3/$6 USD) - 2017/06/13 19:24:29 ET
Table 'Carme' 6-max Seat #3 is the button
Seat 3: igorkabmw ($9 in chips)
Seat 6: scorpio04 ($170.50 in chips)
igorkabmw: posts small blind $1
scorpio04: posts big blind $3
*** HOLE CARDS ***
igorkabmw: raises $3 to $6
scorpio04: calls $3
*** FLOP *** [2h 7h 3c]
scorpio04: checks
igorkabmw: bets $3 and is all-in
scorpio04: calls $3
*** TURN *** [2h 7h 3c] [Jd]
*** RIVER *** [2h 7h 3c Jd] [Qs]
*** SHOW DOWN ***
scorpio04: shows [7d 4c] (a pair of Sevens)
igorkabmw: shows [4s Ad] (high card Ace)
scorpio04 collected $17.64 from pot
*** SUMMARY ***
Total pot $18 | Rake $0.36
Board [2h 7h 3c Jd Qs]
Seat 3: igorkabmw (button) (small blind) showed [4s Ad] and lost with high card Ace
Seat 6: scorpio04 (big blind) showed [7d 4c] and won ($17.64) with a pair of Sevens


