PokerStars Hand #147790797419:  Hold'em Limit ($3/$6 USD) - 2016/01/27 17:43:26 ET
Table 'Carnegia' 2-max Seat #1 is the button
Seat 1: fugu82 ($33.52 in chips)
Seat 2: ChrisTuff ($125.76 in chips)
fugu82: posts small blind $1
ChrisTuff: posts big blind $3
*** HOLE CARDS ***
fugu82: raises $3 to $6
ChrisTuff: calls $3
*** FLOP *** [9s Js 8h]
ChrisTuff: checks
fugu82: bets $3
ChrisTuff: raises $3 to $6
fugu82: calls $3
*** TURN *** [9s Js 8h] [Qc]
ChrisTuff: checks
fugu82: checks
*** RIVER *** [9s Js 8h Qc] [8c]
ChrisTuff: bets $6
fugu82: folds
Uncalled bet ($6) returned to ChrisTuff
ChrisTuff collected $23.52 from pot
ChrisTuff: doesn't show hand
*** SUMMARY ***
Total pot $24 | Rake $0.48
Board [9s Js 8h Qc 8c]
Seat 1: fugu82 (button) (small blind) folded on the River
Seat 2: ChrisTuff (big blind) collected ($23.52)


PokerStars Hand #147790770610:  Hold'em Limit ($3/$6 USD) - 2016/01/27 17:42:58 ET
Table 'Carnegia' 2-max Seat #2 is the button
Seat 1: fugu82 ($39.52 in chips)
Seat 2: ChrisTuff ($120 in chips)
ChrisTuff: posts small blind $1
fugu82: posts big blind $3
*** HOLE CARDS ***
ChrisTuff: raises $3 to $6
fugu82: calls $3
*** FLOP *** [6s 4s As]
fugu82: checks
ChrisTuff: bets $3
fugu82: folds
Uncalled bet ($3) returned to ChrisTuff
ChrisTuff collected $11.76 from pot
ChrisTuff: doesn't show hand
*** SUMMARY ***
Total pot $12 | Rake $0.24
Board [6s 4s As]
Seat 1: fugu82 (big blind) folded on the Flop
Seat 2: ChrisTuff (button) (small blind) collected ($11.76)


PokerStars Hand #147790869146:  Hold'em Limit ($3/$6 USD) - 2016/01/27 17:44:43 ET
Table 'Carnegia' 2-max Seat #2 is the button
Seat 1: fugu82 ($21.28 in chips)
Seat 2: ChrisTuff ($137.04 in chips)
ChrisTuff: posts small blind $1
fugu82: posts big blind $3
*** HOLE CARDS ***
ChrisTuff: raises $3 to $6
fugu82: raises $3 to $9
ChrisTuff: calls $3
*** FLOP *** [8d Js Jh]
fugu82: bets $3
ChrisTuff: raises $3 to $6
fugu82: raises $3 to $9
ChrisTuff: calls $3
*** TURN *** [8d Js Jh] [Jd]
fugu82: bets $3.28 and is all-in
ChrisTuff: calls $3.28
*** RIVER *** [8d Js Jh Jd] [2h]
*** SHOW DOWN ***
fugu82: shows [Ah Td] (three of a kind, Jacks)
ChrisTuff: shows [9d 8h] (a full house, Jacks full of Eights)
ChrisTuff collected $42.06 from pot
*** SUMMARY ***
Total pot $42.56 | Rake $0.50
Board [8d Js Jh Jd 2h]
Seat 1: fugu82 (big blind) showed [Ah Td] and lost with three of a kind, Jacks
Seat 2: ChrisTuff (button) (small blind) showed [9d 8h] and won ($42.06) with a full house, Jacks full of Eights


PokerStars Hand #147790856471:  Hold'em Limit ($3/$6 USD) - 2016/01/27 17:44:29 ET
Table 'Carnegia' 2-max Seat #1 is the button
Seat 1: fugu82 ($15.52 in chips)
Seat 2: ChrisTuff ($143.04 in chips)
fugu82: posts small blind $1
ChrisTuff: posts big blind $3
*** HOLE CARDS ***
fugu82: raises $3 to $6
ChrisTuff: calls $3
*** FLOP *** [6d Ks Kh]
ChrisTuff: checks
fugu82: bets $3
ChrisTuff: folds
Uncalled bet ($3) returned to fugu82
fugu82 collected $11.76 from pot
fugu82: doesn't show hand
*** SUMMARY ***
Total pot $12 | Rake $0.24
Board [6d Ks Kh]
Seat 1: fugu82 (button) (small blind) collected ($11.76)
Seat 2: ChrisTuff (big blind) folded on the Flop


PokerStars Hand #147790831817:  Hold'em Limit ($3/$6 USD) - 2016/01/27 17:44:03 ET
Table 'Carnegia' 2-max Seat #2 is the button
Seat 1: fugu82 ($21.52 in chips)
Seat 2: ChrisTuff ($137.28 in chips)
ChrisTuff: posts small blind $1
fugu82: posts big blind $3
*** HOLE CARDS ***
ChrisTuff: raises $3 to $6
fugu82: calls $3
*** FLOP *** [Kc 2d Qs]
fugu82: checks
ChrisTuff: bets $3
fugu82: folds
Uncalled bet ($3) returned to ChrisTuff
ChrisTuff collected $11.76 from pot
ChrisTuff: doesn't show hand
*** SUMMARY ***
Total pot $12 | Rake $0.24
Board [Kc 2d Qs]
Seat 1: fugu82 (big blind) folded on the Flop
Seat 2: ChrisTuff (button) (small blind) collected ($11.76)


PokerStars Hand #147790942670:  Hold'em Limit ($3/$6 USD) - 2016/01/27 17:46:01 ET
Table 'Carnegia' 2-max Seat #1 is the button
Seat 1: fugu82 ($137.50 in chips)
Seat 2: ChrisTuff ($139.82 in chips)
fugu82: posts small blind $1
ChrisTuff: posts big blind $3
*** HOLE CARDS ***
fugu82: raises $3 to $6
ChrisTuff: calls $3
*** FLOP *** [3c 8c 7d]
ChrisTuff: checks
fugu82: bets $3
ChrisTuff: calls $3
*** TURN *** [3c 8c 7d] [7h]
ChrisTuff: checks
fugu82: bets $6
ChrisTuff: calls $6
*** RIVER *** [3c 8c 7d 7h] [9h]
ChrisTuff: checks
fugu82: checks
*** SHOW DOWN ***
ChrisTuff: shows [Ac 2d] (a pair of Sevens)
fugu82: shows [5h Ah] (a pair of Sevens)
ChrisTuff collected $14.75 from pot
fugu82 collected $14.75 from pot
*** SUMMARY ***
Total pot $30 | Rake $0.50
Board [3c 8c 7d 7h 9h]
Seat 1: fugu82 (button) (small blind) showed [5h Ah] and won ($14.75) with a pair of Sevens
Seat 2: ChrisTuff (big blind) showed [Ac 2d] and won ($14.75) with a pair of Sevens


PokerStars Hand #147790935294:  Hold'em Limit ($3/$6 USD) - 2016/01/27 17:45:54 ET
Table 'Carnegia' 2-max Seat #2 is the button
Seat 1: fugu82 ($140.50 in chips)
Seat 2: ChrisTuff ($136.82 in chips)
ChrisTuff: posts small blind $1
fugu82: posts big blind $3
*** HOLE CARDS ***
ChrisTuff: raises $3 to $6
fugu82: folds
Uncalled bet ($3) returned to ChrisTuff
ChrisTuff collected $6 from pot
ChrisTuff: doesn't show hand
*** SUMMARY ***
Total pot $6 | Rake $0
Seat 1: fugu82 (big blind) folded before Flop
Seat 2: ChrisTuff (button) (small blind) collected ($6)


PokerStars Hand #147790929890:  Hold'em Limit ($3/$6 USD) - 2016/01/27 17:45:48 ET
Table 'Carnegia' 2-max Seat #1 is the button
Seat 1: fugu82 ($141.50 in chips)
Seat 2: ChrisTuff ($135.82 in chips)
fugu82: posts small blind $1
ChrisTuff: posts big blind $3
*** HOLE CARDS ***
fugu82: folds
Uncalled bet ($2) returned to ChrisTuff
ChrisTuff collected $2 from pot
ChrisTuff: doesn't show hand
*** SUMMARY ***
Total pot $2 | Rake $0
Seat 1: fugu82 (button) (small blind) folded before Flop
Seat 2: ChrisTuff (big blind) collected ($2)


PokerStars Hand #147790925567:  Hold'em Limit ($3/$6 USD) - 2016/01/27 17:45:43 ET
Table 'Carnegia' 2-max Seat #2 is the button
Seat 1: fugu82 ($140.50 in chips)
Seat 2: ChrisTuff ($136.82 in chips)
ChrisTuff: posts small blind $1
fugu82: posts big blind $3
*** HOLE CARDS ***
ChrisTuff: folds
Uncalled bet ($2) returned to fugu82
fugu82 collected $2 from pot
*** SUMMARY ***
Total pot $2 | Rake $0
Seat 1: fugu82 (big blind) collected ($2)
Seat 2: ChrisTuff (button) (small blind) folded before Flop


PokerStars Hand #147790905507:  Hold'em Limit ($3/$6 USD) - 2016/01/27 17:45:22 ET
Table 'Carnegia' 2-max Seat #1 is the button
Seat 1: fugu82 ($120 in chips)
Seat 2: ChrisTuff ($157.82 in chips)
fugu82: posts small blind $1
ChrisTuff: posts big blind $3
*** HOLE CARDS ***
fugu82: raises $3 to $6
ChrisTuff: calls $3
*** FLOP *** [9s Qd Qs]
ChrisTuff: checks
fugu82: bets $3
ChrisTuff: calls $3
*** TURN *** [9s Qd Qs] [3c]
ChrisTuff: checks
fugu82: bets $6
ChrisTuff: calls $6
*** RIVER *** [9s Qd Qs 3c] [9c]
ChrisTuff: checks
fugu82: bets $6
ChrisTuff: calls $6
*** SHOW DOWN ***
fugu82: shows [7s 9d] (a full house, Nines full of Queens)
ChrisTuff: mucks hand
fugu82 collected $41.50 from pot
*** SUMMARY ***
Total pot $42 | Rake $0.50
Board [9s Qd Qs 3c 9c]
Seat 1: fugu82 (button) (small blind) showed [7s 9d] and won ($41.50) with a full house, Nines full of Queens
Seat 2: ChrisTuff (big blind) mucked


PokerStars Hand #147791008467:  Hold'em Limit ($3/$6 USD) - 2016/01/27 17:47:12 ET
Table 'Carnegia' 2-max Seat #1 is the button
Seat 1: fugu82 ($141.53 in chips)
Seat 2: ChrisTuff ($134.09 in chips)
fugu82: posts small blind $1
ChrisTuff: posts big blind $3
*** HOLE CARDS ***
fugu82: folds
Uncalled bet ($2) returned to ChrisTuff
ChrisTuff collected $2 from pot
ChrisTuff: doesn't show hand
*** SUMMARY ***
Total pot $2 | Rake $0
Seat 1: fugu82 (button) (small blind) folded before Flop
Seat 2: ChrisTuff (big blind) collected ($2)


PokerStars Hand #147790998560:  Hold'em Limit ($3/$6 USD) - 2016/01/27 17:47:02 ET
Table 'Carnegia' 2-max Seat #2 is the button
Seat 1: fugu82 ($132.89 in chips)
Seat 2: ChrisTuff ($143.09 in chips)
ChrisTuff: posts small blind $1
fugu82: posts big blind $3
*** HOLE CARDS ***
ChrisTuff: raises $3 to $6
fugu82: raises $3 to $9
ChrisTuff: calls $3
*** FLOP *** [Ah 4h 7c]
fugu82: bets $3
ChrisTuff: folds
Uncalled bet ($3) returned to fugu82
fugu82 collected $17.64 from pot
fugu82: doesn't show hand
*** SUMMARY ***
Total pot $18 | Rake $0.36
Board [Ah 4h 7c]
Seat 1: fugu82 (big blind) collected ($17.64)
Seat 2: ChrisTuff (button) (small blind) folded on the Flop


PokerStars Hand #147790993963:  Hold'em Limit ($3/$6 USD) - 2016/01/27 17:46:57 ET
Table 'Carnegia' 2-max Seat #1 is the button
Seat 1: fugu82 ($133.89 in chips)
Seat 2: ChrisTuff ($142.09 in chips)
fugu82: posts small blind $1
ChrisTuff: posts big blind $3
*** HOLE CARDS ***
fugu82: folds
Uncalled bet ($2) returned to ChrisTuff
ChrisTuff collected $2 from pot
ChrisTuff: doesn't show hand
*** SUMMARY ***
Total pot $2 | Rake $0
Seat 1: fugu82 (button) (small blind) folded before Flop
Seat 2: ChrisTuff (big blind) collected ($2)


PokerStars Hand #147790984619:  Hold'em Limit ($3/$6 USD) - 2016/01/27 17:46:47 ET
Table 'Carnegia' 2-max Seat #2 is the button
Seat 1: fugu82 ($139.89 in chips)
Seat 2: ChrisTuff ($136.33 in chips)
ChrisTuff: posts small blind $1
fugu82: posts big blind $3
*** HOLE CARDS ***
ChrisTuff: raises $3 to $6
fugu82: calls $3
*** FLOP *** [Td 9h Jd]
fugu82: checks
ChrisTuff: bets $3
fugu82: folds
Uncalled bet ($3) returned to ChrisTuff
ChrisTuff collected $11.76 from pot
ChrisTuff: doesn't show hand
*** SUMMARY ***
Total pot $12 | Rake $0.24
Board [Td 9h Jd]
Seat 1: fugu82 (big blind) folded on the Flop
Seat 2: ChrisTuff (button) (small blind) collected ($11.76)


PokerStars Hand #147790969466:  Hold'em Limit ($3/$6 USD) - 2016/01/27 17:46:30 ET
Table 'Carnegia' 2-max Seat #1 is the button
Seat 1: fugu82 ($131.25 in chips)
Seat 2: ChrisTuff ($145.33 in chips)
fugu82: posts small blind $1
ChrisTuff: posts big blind $3
*** HOLE CARDS ***
fugu82: raises $3 to $6
ChrisTuff: calls $3
*** FLOP *** [Jd Qs Kh]
ChrisTuff: checks
fugu82: bets $3
ChrisTuff: calls $3
*** TURN *** [Jd Qs Kh] [6c]
ChrisTuff: checks
fugu82: checks
*** RIVER *** [Jd Qs Kh 6c] [Kc]
ChrisTuff: checks
fugu82: checks
*** SHOW DOWN ***
ChrisTuff: shows [Ac 5s] (a pair of Kings)
fugu82: shows [3d 3s] (two pair, Kings and Threes)
fugu82 collected $17.64 from pot
*** SUMMARY ***
Total pot $18 | Rake $0.36
Board [Jd Qs Kh 6c Kc]
Seat 1: fugu82 (button) (small blind) showed [3d 3s] and won ($17.64) with two pair, Kings and Threes
Seat 2: ChrisTuff (big blind) showed [Ac 5s] and lost with a pair of Kings


PokerStars Hand #147790958670:  Hold'em Limit ($3/$6 USD) - 2016/01/27 17:46:19 ET
Table 'Carnegia' 2-max Seat #2 is the button
Seat 1: fugu82 ($137.25 in chips)
Seat 2: ChrisTuff ($139.57 in chips)
ChrisTuff: posts small blind $1
fugu82: posts big blind $3
*** HOLE CARDS ***
ChrisTuff: raises $3 to $6
fugu82: calls $3
*** FLOP *** [6c 9d 9h]
fugu82: checks
ChrisTuff: bets $3
fugu82: folds
Uncalled bet ($3) returned to ChrisTuff
ChrisTuff collected $11.76 from pot
ChrisTuff: doesn't show hand
*** SUMMARY ***
Total pot $12 | Rake $0.24
Board [6c 9d 9h]
Seat 1: fugu82 (big blind) folded on the Flop
Seat 2: ChrisTuff (button) (small blind) collected ($11.76)


PokerStars Hand #147791136401:  Hold'em Limit ($3/$6 USD) - 2016/01/27 17:49:31 ET
Table 'Carnegia' 2-max Seat #1 is the button
Seat 1: fugu82 ($150.04 in chips)
Seat 2: ChrisTuff ($147.26 in chips)
fugu82: posts small blind $1
ChrisTuff: posts big blind $3
*** HOLE CARDS ***
fugu82: raises $3 to $6
ChrisTuff: calls $3
*** FLOP *** [8c Kc 4s]
ChrisTuff: checks
fugu82: bets $3
ChrisTuff: calls $3
*** TURN *** [8c Kc 4s] [As]
ChrisTuff: checks
fugu82: bets $6
ChrisTuff: calls $6
*** RIVER *** [8c Kc 4s As] [Th]
ChrisTuff: checks
fugu82: checks
*** SHOW DOWN ***
ChrisTuff: shows [5d 8d] (a pair of Eights)
fugu82: shows [9s 8s] (a pair of Eights)
ChrisTuff collected $14.75 from pot
fugu82 collected $14.75 from pot
*** SUMMARY ***
Total pot $30 | Rake $0.50
Board [8c Kc 4s As Th]
Seat 1: fugu82 (button) (small blind) showed [9s 8s] and won ($14.75) with a pair of Eights
Seat 2: ChrisTuff (big blind) showed [5d 8d] and won ($14.75) with a pair of Eights


PokerStars Hand #147791013541:  Hold'em Limit ($3/$6 USD) - 2016/01/27 17:47:18 ET
Table 'Carnegia' 2-max Seat #2 is the button
Seat 1: fugu82 ($140.53 in chips)
Seat 2: ChrisTuff ($135.09 in chips)
ChrisTuff: posts small blind $1
fugu82: posts big blind $3
*** HOLE CARDS ***
ChrisTuff: raises $3 to $6
fugu82: calls $3
*** FLOP *** [3c 6c 2h]
fugu82: checks
ChrisTuff: bets $3
fugu82: calls $3
*** TURN *** [3c 6c 2h] [4h]
fugu82: bets $6
ChrisTuff: raises $6 to $12
fugu82: calls $6
*** RIVER *** [3c 6c 2h 4h] [8c]
fugu82: bets $6
ChrisTuff: calls $6
*** SHOW DOWN ***
fugu82: shows [5c Kd] (a straight, Deuce to Six)
ChrisTuff: shows [5d Qs] (a straight, Deuce to Six)
fugu82 collected $26.75 from pot
ChrisTuff collected $26.75 from pot
*** SUMMARY ***
Total pot $54 | Rake $0.50
Board [3c 6c 2h 4h 8c]
Seat 1: fugu82 (big blind) showed [5c Kd] and won ($26.75) with a straight, Deuce to Six
Seat 2: ChrisTuff (button) (small blind) showed [5d Qs] and won ($26.75) with a straight, Deuce to Six


PokerStars Hand #147791033164:  Hold'em Limit ($3/$6 USD) - 2016/01/27 17:47:39 ET
Table 'Carnegia' 2-max Seat #1 is the button
Seat 1: fugu82 ($140.28 in chips)
Seat 2: ChrisTuff ($134.84 in chips)
fugu82: posts small blind $1
ChrisTuff: posts big blind $3
*** HOLE CARDS ***
fugu82: raises $3 to $6
ChrisTuff: calls $3
*** FLOP *** [9h 8d 6d]
ChrisTuff: checks
fugu82: bets $3
ChrisTuff: folds
Uncalled bet ($3) returned to fugu82
fugu82 collected $11.76 from pot
fugu82: doesn't show hand
*** SUMMARY ***
Total pot $12 | Rake $0.24
Board [9h 8d 6d]
Seat 1: fugu82 (button) (small blind) collected ($11.76)
Seat 2: ChrisTuff (big blind) folded on the Flop


PokerStars Hand #147791047906:  Hold'em Limit ($3/$6 USD) - 2016/01/27 17:47:55 ET
Table 'Carnegia' 2-max Seat #1 is the button
Seat 1: fugu82 ($143.04 in chips)
Seat 2: ChrisTuff ($131.84 in chips)
fugu82: posts small blind $1
ChrisTuff: posts big blind $3
*** HOLE CARDS ***
fugu82: folds
Uncalled bet ($2) returned to ChrisTuff
ChrisTuff collected $2 from pot
ChrisTuff: doesn't show hand
*** SUMMARY ***
Total pot $2 | Rake $0
Seat 1: fugu82 (button) (small blind) folded before Flop
Seat 2: ChrisTuff (big blind) collected ($2)


PokerStars Hand #147791042533:  Hold'em Limit ($3/$6 USD) - 2016/01/27 17:47:49 ET
Table 'Carnegia' 2-max Seat #2 is the button
Seat 1: fugu82 ($146.04 in chips)
Seat 2: ChrisTuff ($128.84 in chips)
ChrisTuff: posts small blind $1
fugu82: posts big blind $3
*** HOLE CARDS ***
ChrisTuff: raises $3 to $6
fugu82: folds
Uncalled bet ($3) returned to ChrisTuff
ChrisTuff collected $6 from pot
ChrisTuff: doesn't show hand
*** SUMMARY ***
Total pot $6 | Rake $0
Seat 1: fugu82 (big blind) folded before Flop
Seat 2: ChrisTuff (button) (small blind) collected ($6)


PokerStars Hand #147791204534:  Hold'em Limit ($3/$6 USD) - 2016/01/27 17:50:46 ET
Table 'Carnegia' 2-max Seat #1 is the button
Seat 1: fugu82 ($138.43 in chips)
Seat 2: ChrisTuff ($157.51 in chips)
fugu82: posts small blind $1
ChrisTuff: posts big blind $3
*** HOLE CARDS ***
fugu82: folds
Uncalled bet ($2) returned to ChrisTuff
ChrisTuff collected $2 from pot
ChrisTuff: doesn't show hand
*** SUMMARY ***
Total pot $2 | Rake $0
Seat 1: fugu82 (button) (small blind) folded before Flop
Seat 2: ChrisTuff (big blind) collected ($2)


PokerStars Hand #147791197258:  Hold'em Limit ($3/$6 USD) - 2016/01/27 17:50:38 ET
Table 'Carnegia' 2-max Seat #2 is the button
Seat 1: fugu82 ($141.43 in chips)
Seat 2: ChrisTuff ($154.51 in chips)
ChrisTuff: posts small blind $1
fugu82: posts big blind $3
*** HOLE CARDS ***
ChrisTuff: raises $3 to $6
fugu82: folds
Uncalled bet ($3) returned to ChrisTuff
ChrisTuff collected $6 from pot
ChrisTuff: doesn't show hand
*** SUMMARY ***
Total pot $6 | Rake $0
Seat 1: fugu82 (big blind) folded before Flop
Seat 2: ChrisTuff (button) (small blind) collected ($6)


PokerStars Hand #147791170351:  Hold'em Limit ($3/$6 USD) - 2016/01/27 17:50:08 ET
Table 'Carnegia' 2-max Seat #1 is the button
Seat 1: fugu82 ($134.79 in chips)
Seat 2: ChrisTuff ($161.51 in chips)
fugu82: posts small blind $1
ChrisTuff: posts big blind $3
*** HOLE CARDS ***
fugu82: folds
Uncalled bet ($2) returned to ChrisTuff
ChrisTuff collected $2 from pot
ChrisTuff: doesn't show hand
*** SUMMARY ***
Total pot $2 | Rake $0
Seat 1: fugu82 (button) (small blind) folded before Flop
Seat 2: ChrisTuff (big blind) collected ($2)


PokerStars Hand #147791174957:  Hold'em Limit ($3/$6 USD) - 2016/01/27 17:50:14 ET
Table 'Carnegia' 2-max Seat #2 is the button
Seat 1: fugu82 ($133.79 in chips)
Seat 2: ChrisTuff ($162.51 in chips)
ChrisTuff: posts small blind $1
fugu82: posts big blind $3
*** HOLE CARDS ***
ChrisTuff: raises $3 to $6
fugu82: calls $3
*** FLOP *** [2h 5d 6c]
fugu82: checks
ChrisTuff: bets $3
fugu82: calls $3
*** TURN *** [2h 5d 6c] [7h]
fugu82: checks
ChrisTuff: checks
*** RIVER *** [2h 5d 6c 7h] [5s]
fugu82: bets $6
ChrisTuff: folds
Uncalled bet ($6) returned to fugu82
fugu82 collected $17.64 from pot
fugu82: doesn't show hand
*** SUMMARY ***
Total pot $18 | Rake $0.36
Board [2h 5d 6c 7h 5s]
Seat 1: fugu82 (big blind) collected ($17.64)
Seat 2: ChrisTuff (button) (small blind) folded on the River


PokerStars Hand #147791192242:  Hold'em Limit ($3/$6 USD) - 2016/01/27 17:50:32 ET
Table 'Carnegia' 2-max Seat #1 is the button
Seat 1: fugu82 ($142.43 in chips)
Seat 2: ChrisTuff ($153.51 in chips)
fugu82: posts small blind $1
ChrisTuff: posts big blind $3
*** HOLE CARDS ***
fugu82: folds
Uncalled bet ($2) returned to ChrisTuff
ChrisTuff collected $2 from pot
ChrisTuff: doesn't show hand
*** SUMMARY ***
Total pot $2 | Rake $0
Seat 1: fugu82 (button) (small blind) folded before Flop
Seat 2: ChrisTuff (big blind) collected ($2)


PokerStars Hand #147791152584:  Hold'em Limit ($3/$6 USD) - 2016/01/27 17:49:49 ET
Table 'Carnegia' 2-max Seat #2 is the button
Seat 1: fugu82 ($149.79 in chips)
Seat 2: ChrisTuff ($147.01 in chips)
ChrisTuff: posts small blind $1
fugu82: posts big blind $3
*** HOLE CARDS ***
ChrisTuff: raises $3 to $6
fugu82: calls $3
*** FLOP *** [3d Qh 4h]
fugu82: checks
ChrisTuff: bets $3
fugu82: calls $3
*** TURN *** [3d Qh 4h] [6c]
fugu82: checks
ChrisTuff: checks
*** RIVER *** [3d Qh 4h 6c] [9s]
fugu82: bets $6
ChrisTuff: calls $6
*** SHOW DOWN ***
fugu82: shows [7d Ad] (high card Ace)
ChrisTuff: shows [7s 9h] (a pair of Nines)
ChrisTuff collected $29.50 from pot
*** SUMMARY ***
Total pot $30 | Rake $0.50
Board [3d Qh 4h 6c 9s]
Seat 1: fugu82 (big blind) showed [7d Ad] and lost with high card Ace
Seat 2: ChrisTuff (button) (small blind) showed [7s 9h] and won ($29.50) with a pair of Nines


PokerStars Hand #147791230043:  Hold'em Limit ($3/$6 USD) - 2016/01/27 17:51:14 ET
Table 'Carnegia' 2-max Seat #2 is the button
Seat 1: fugu82 ($145.07 in chips)
Seat 2: ChrisTuff ($150.51 in chips)
ChrisTuff: posts small blind $1
fugu82: posts big blind $3
*** HOLE CARDS ***
ChrisTuff: raises $3 to $6
fugu82: calls $3
*** FLOP *** [2h Ah 3s]
fugu82: checks
ChrisTuff: bets $3
fugu82: calls $3
*** TURN *** [2h Ah 3s] [8h]
fugu82: checks
ChrisTuff: checks
*** RIVER *** [2h Ah 3s 8h] [5c]
fugu82: checks
ChrisTuff: bets $6
fugu82: calls $6
*** SHOW DOWN ***
ChrisTuff: shows [5s 7d] (a pair of Fives)
fugu82: mucks hand
ChrisTuff collected $29.50 from pot
*** SUMMARY ***
Total pot $30 | Rake $0.50
Board [2h Ah 3s 8h 5c]
Seat 1: fugu82 (big blind) mucked
Seat 2: ChrisTuff (button) (small blind) showed [5s 7d] and won ($29.50) with a pair of Fives


PokerStars Hand #147791248563:  Hold'em Limit ($3/$6 USD) - 2016/01/27 17:51:34 ET
Table 'Carnegia' 2-max Seat #1 is the button
Seat 1: fugu82 ($130.07 in chips)
Seat 2: ChrisTuff ($165.01 in chips)
fugu82: posts small blind $1
ChrisTuff: posts big blind $3
*** HOLE CARDS ***
fugu82: raises $3 to $6
ChrisTuff: calls $3
*** FLOP *** [5d Tc 7c]
ChrisTuff: checks
fugu82: bets $3
ChrisTuff: raises $3 to $6
fugu82: calls $3
*** TURN *** [5d Tc 7c] [7d]
ChrisTuff: bets $6
fugu82: calls $6
*** RIVER *** [5d Tc 7c 7d] [4c]
ChrisTuff: bets $6
fugu82: calls $6
*** SHOW DOWN ***
ChrisTuff: shows [8c Jh] (a pair of Sevens)
fugu82: shows [Ad 4d] (two pair, Sevens and Fours)
fugu82 collected $47.50 from pot
*** SUMMARY ***
Total pot $48 | Rake $0.50
Board [5d Tc 7c 7d 4c]
Seat 1: fugu82 (button) (small blind) showed [Ad 4d] and won ($47.50) with two pair, Sevens and Fours
Seat 2: ChrisTuff (big blind) showed [8c Jh] and lost with a pair of Sevens


PokerStars Hand #147791268856:  Hold'em Limit ($3/$6 USD) - 2016/01/27 17:51:57 ET
Table 'Carnegia' 2-max Seat #1 is the button
Seat 1: fugu82 ($154.57 in chips)
Seat 2: ChrisTuff ($140.01 in chips)
fugu82: posts small blind $1
ChrisTuff: posts big blind $3
*** HOLE CARDS ***
fugu82: folds
Uncalled bet ($2) returned to ChrisTuff
ChrisTuff collected $2 from pot
ChrisTuff: doesn't show hand
*** SUMMARY ***
Total pot $2 | Rake $0
Seat 1: fugu82 (button) (small blind) folded before Flop
Seat 2: ChrisTuff (big blind) collected ($2)


PokerStars Hand #147791264901:  Hold'em Limit ($3/$6 USD) - 2016/01/27 17:51:52 ET
Table 'Carnegia' 2-max Seat #2 is the button
Seat 1: fugu82 ($153.57 in chips)
Seat 2: ChrisTuff ($141.01 in chips)
ChrisTuff: posts small blind $1
fugu82: posts big blind $3
*** HOLE CARDS ***
ChrisTuff: folds
Uncalled bet ($2) returned to fugu82
fugu82 collected $2 from pot
fugu82: doesn't show hand
*** SUMMARY ***
Total pot $2 | Rake $0
Seat 1: fugu82 (big blind) collected ($2)
Seat 2: ChrisTuff (button) (small blind) folded before Flop


PokerStars Hand #147791225520:  Hold'em Limit ($3/$6 USD) - 2016/01/27 17:51:09 ET
Table 'Carnegia' 2-max Seat #1 is the button
Seat 1: fugu82 ($146.07 in chips)
Seat 2: ChrisTuff ($149.51 in chips)
fugu82: posts small blind $1
ChrisTuff: posts big blind $3
*** HOLE CARDS ***
fugu82: folds
Uncalled bet ($2) returned to ChrisTuff
ChrisTuff collected $2 from pot
ChrisTuff: doesn't show hand
*** SUMMARY ***
Total pot $2 | Rake $0
Seat 1: fugu82 (button) (small blind) folded before Flop
Seat 2: ChrisTuff (big blind) collected ($2)


PokerStars Hand #147791209153:  Hold'em Limit ($3/$6 USD) - 2016/01/27 17:50:51 ET
Table 'Carnegia' 2-max Seat #2 is the button
Seat 1: fugu82 ($137.43 in chips)
Seat 2: ChrisTuff ($158.51 in chips)
ChrisTuff: posts small blind $1
fugu82: posts big blind $3
*** HOLE CARDS ***
ChrisTuff: raises $3 to $6
fugu82: calls $3
*** FLOP *** [Ks Qc Td]
fugu82: checks
ChrisTuff: bets $3
fugu82: calls $3
*** TURN *** [Ks Qc Td] [As]
fugu82: checks
ChrisTuff: checks
*** RIVER *** [Ks Qc Td As] [7d]
fugu82: checks
ChrisTuff: checks
*** SHOW DOWN ***
fugu82: shows [Kc 2h] (a pair of Kings)
ChrisTuff: mucks hand
fugu82 collected $17.64 from pot
*** SUMMARY ***
Total pot $18 | Rake $0.36
Board [Ks Qc Td As 7d]
Seat 1: fugu82 (big blind) showed [Kc 2h] and won ($17.64) with a pair of Kings
Seat 2: ChrisTuff (button) (small blind) mucked


PokerStars Hand #147791315646:  Hold'em Limit ($3/$6 USD) - 2016/01/27 17:52:48 ET
Table 'Carnegia' 2-max Seat #2 is the button
Seat 1: fugu82 ($142.57 in chips)
Seat 2: ChrisTuff ($151.77 in chips)
ChrisTuff: posts small blind $1
fugu82: posts big blind $3
*** HOLE CARDS ***
ChrisTuff: raises $3 to $6
fugu82: calls $3
*** FLOP *** [4d Th 2s]
fugu82: checks
ChrisTuff: bets $3
fugu82: folds
Uncalled bet ($3) returned to ChrisTuff
ChrisTuff collected $11.76 from pot
ChrisTuff: doesn't show hand
*** SUMMARY ***
Total pot $12 | Rake $0.24
Board [4d Th 2s]
Seat 1: fugu82 (big blind) folded on the Flop
Seat 2: ChrisTuff (button) (small blind) collected ($11.76)


PokerStars Hand #147791285542:  Hold'em Limit ($3/$6 USD) - 2016/01/27 17:52:15 ET
Table 'Carnegia' 2-max Seat #1 is the button
Seat 1: fugu82 ($147.57 in chips)
Seat 2: ChrisTuff ($146.77 in chips)
fugu82: posts small blind $1
ChrisTuff: posts big blind $3
*** HOLE CARDS ***
fugu82: raises $3 to $6
ChrisTuff: folds
Uncalled bet ($3) returned to fugu82
fugu82 collected $6 from pot
*** SUMMARY ***
Total pot $6 | Rake $0
Seat 1: fugu82 (button) (small blind) collected ($6)
Seat 2: ChrisTuff (big blind) folded before Flop


PokerStars Hand #147791298454:  Hold'em Limit ($3/$6 USD) - 2016/01/27 17:52:29 ET
Table 'Carnegia' 2-max Seat #1 is the button
Seat 1: fugu82 ($147.57 in chips)
Seat 2: ChrisTuff ($146.77 in chips)
fugu82: posts small blind $1
ChrisTuff: posts big blind $3
*** HOLE CARDS ***
fugu82: folds
Uncalled bet ($2) returned to ChrisTuff
ChrisTuff collected $2 from pot
ChrisTuff: doesn't show hand
*** SUMMARY ***
Total pot $2 | Rake $0
Seat 1: fugu82 (button) (small blind) folded before Flop
Seat 2: ChrisTuff (big blind) collected ($2)


PokerStars Hand #147791291787:  Hold'em Limit ($3/$6 USD) - 2016/01/27 17:52:22 ET
Table 'Carnegia' 2-max Seat #2 is the button
Seat 1: fugu82 ($150.57 in chips)
Seat 2: ChrisTuff ($143.77 in chips)
ChrisTuff: posts small blind $1
fugu82: posts big blind $3
*** HOLE CARDS ***
ChrisTuff: raises $3 to $6
fugu82: folds
Uncalled bet ($3) returned to ChrisTuff
ChrisTuff collected $6 from pot
ChrisTuff: doesn't show hand
*** SUMMARY ***
Total pot $6 | Rake $0
Seat 1: fugu82 (big blind) folded before Flop
Seat 2: ChrisTuff (button) (small blind) collected ($6)


PokerStars Hand #147791303846:  Hold'em Limit ($3/$6 USD) - 2016/01/27 17:52:35 ET
Table 'Carnegia' 2-max Seat #2 is the button
Seat 1: fugu82 ($146.57 in chips)
Seat 2: ChrisTuff ($147.77 in chips)
ChrisTuff: posts small blind $1
fugu82: posts big blind $3
*** HOLE CARDS ***
ChrisTuff: raises $3 to $6
fugu82: folds
Uncalled bet ($3) returned to ChrisTuff
ChrisTuff collected $6 from pot
ChrisTuff: doesn't show hand
*** SUMMARY ***
Total pot $6 | Rake $0
Seat 1: fugu82 (big blind) folded before Flop
Seat 2: ChrisTuff (button) (small blind) collected ($6)


PokerStars Hand #147791310668:  Hold'em Limit ($3/$6 USD) - 2016/01/27 17:52:43 ET
Table 'Carnegia' 2-max Seat #1 is the button
Seat 1: fugu82 ($143.57 in chips)
Seat 2: ChrisTuff ($150.77 in chips)
fugu82: posts small blind $1
ChrisTuff: posts big blind $3
*** HOLE CARDS ***
fugu82: folds
Uncalled bet ($2) returned to ChrisTuff
ChrisTuff collected $2 from pot
ChrisTuff: doesn't show hand
*** SUMMARY ***
Total pot $2 | Rake $0
Seat 1: fugu82 (button) (small blind) folded before Flop
Seat 2: ChrisTuff (big blind) collected ($2)


PokerStars Hand #147791273614:  Hold'em Limit ($3/$6 USD) - 2016/01/27 17:52:02 ET
Table 'Carnegia' 2-max Seat #2 is the button
Seat 1: fugu82 ($153.57 in chips)
Seat 2: ChrisTuff ($141.01 in chips)
ChrisTuff: posts small blind $1
fugu82: posts big blind $3
*** HOLE CARDS ***
ChrisTuff: raises $3 to $6
fugu82: calls $3
*** FLOP *** [8h 6h Jh]
fugu82: checks
ChrisTuff: bets $3
fugu82: folds
Uncalled bet ($3) returned to ChrisTuff
ChrisTuff collected $11.76 from pot
ChrisTuff: doesn't show hand
*** SUMMARY ***
Total pot $12 | Rake $0.24
Board [8h 6h Jh]
Seat 1: fugu82 (big blind) folded on the Flop
Seat 2: ChrisTuff (button) (small blind) collected ($11.76)


PokerStars Hand #147791377366:  Hold'em Limit ($3/$6 USD) - 2016/01/27 17:53:56 ET
Table 'Carnegia' 2-max Seat #1 is the button
Seat 1: fugu82 ($187.33 in chips)
Seat 2: ChrisTuff ($120 in chips)
fugu82: posts small blind $1
ChrisTuff: posts big blind $3
*** HOLE CARDS ***
fugu82: folds
Uncalled bet ($2) returned to ChrisTuff
ChrisTuff collected $2 from pot
ChrisTuff: doesn't show hand
*** SUMMARY ***
Total pot $2 | Rake $0
Seat 1: fugu82 (button) (small blind) folded before Flop
Seat 2: ChrisTuff (big blind) collected ($2)


PokerStars Hand #147791346243:  Hold'em Limit ($3/$6 USD) - 2016/01/27 17:53:22 ET
Table 'Carnegia' 2-max Seat #2 is the button
Seat 1: fugu82 ($160.07 in chips)
Seat 2: ChrisTuff ($133.53 in chips)
ChrisTuff: posts small blind $1
fugu82: posts big blind $3
*** HOLE CARDS ***
ChrisTuff: folds
Uncalled bet ($2) returned to fugu82
fugu82 collected $2 from pot
fugu82: doesn't show hand
*** SUMMARY ***
Total pot $2 | Rake $0
Seat 1: fugu82 (big blind) collected ($2)
Seat 2: ChrisTuff (button) (small blind) folded before Flop


PokerStars Hand #147791350176:  Hold'em Limit ($3/$6 USD) - 2016/01/27 17:53:26 ET
Table 'Carnegia' 2-max Seat #1 is the button
Seat 1: fugu82 ($161.07 in chips)
Seat 2: ChrisTuff ($132.53 in chips)
fugu82: posts small blind $1
ChrisTuff: posts big blind $3
*** HOLE CARDS ***
fugu82: raises $3 to $6
ChrisTuff: calls $3
*** FLOP *** [5d Qc 8h]
ChrisTuff: checks
fugu82: bets $3
ChrisTuff: folds
Uncalled bet ($3) returned to fugu82
fugu82 collected $11.76 from pot
fugu82: doesn't show hand
*** SUMMARY ***
Total pot $12 | Rake $0.24
Board [5d Qc 8h]
Seat 1: fugu82 (button) (small blind) collected ($11.76)
Seat 2: ChrisTuff (big blind) folded on the Flop


PokerStars Hand #147791359300:  Hold'em Limit ($3/$6 USD) - 2016/01/27 17:53:36 ET
Table 'Carnegia' 2-max Seat #2 is the button
Seat 1: fugu82 ($166.83 in chips)
Seat 2: ChrisTuff ($126.53 in chips)
ChrisTuff: posts small blind $1
fugu82: posts big blind $3
*** HOLE CARDS ***
ChrisTuff: raises $3 to $6
fugu82: calls $3
*** FLOP *** [Ks 4c 8d]
fugu82: checks
ChrisTuff: bets $3
fugu82: raises $3 to $6
ChrisTuff: raises $3 to $9
fugu82: calls $3
*** TURN *** [Ks 4c 8d] [4h]
fugu82: checks
ChrisTuff: checks
*** RIVER *** [Ks 4c 8d 4h] [2h]
fugu82: bets $6
ChrisTuff: calls $6
*** SHOW DOWN ***
fugu82: shows [6h Kd] (two pair, Kings and Fours)
ChrisTuff: mucks hand
fugu82 collected $41.50 from pot
*** SUMMARY ***
Total pot $42 | Rake $0.50
Board [Ks 4c 8d 4h 2h]
Seat 1: fugu82 (big blind) showed [6h Kd] and won ($41.50) with two pair, Kings and Fours
Seat 2: ChrisTuff (button) (small blind) mucked


PokerStars Hand #147791419134:  Hold'em Limit ($3/$6 USD) - 2016/01/27 17:54:43 ET
Table 'Carnegia' 2-max Seat #1 is the button
Seat 1: fugu82 ($220.33 in chips)
Seat 2: ChrisTuff ($120 in chips)
fugu82: posts small blind $1
ChrisTuff: posts big blind $3
*** HOLE CARDS ***
fugu82: raises $3 to $6
ChrisTuff: raises $3 to $9
fugu82: calls $3
*** FLOP *** [7h 3d 8c]
ChrisTuff: bets $3
fugu82: calls $3
*** TURN *** [7h 3d 8c] [8h]
ChrisTuff: bets $6
fugu82: folds
Uncalled bet ($6) returned to ChrisTuff
ChrisTuff collected $23.52 from pot
ChrisTuff: doesn't show hand
*** SUMMARY ***
Total pot $24 | Rake $0.48
Board [7h 3d 8c 8h]
Seat 1: fugu82 (button) (small blind) folded on the Turn
Seat 2: ChrisTuff (big blind) collected ($23.52)


PokerStars Hand #147791397383:  Hold'em Limit ($3/$6 USD) - 2016/01/27 17:54:19 ET
Table 'Carnegia' 2-max Seat #1 is the button
Seat 1: fugu82 ($203.83 in chips)
Seat 2: ChrisTuff ($120 in chips)
fugu82: posts small blind $1
ChrisTuff: posts big blind $3
*** HOLE CARDS ***
fugu82: folds
Uncalled bet ($2) returned to ChrisTuff
ChrisTuff collected $2 from pot
ChrisTuff: doesn't show hand
*** SUMMARY ***
Total pot $2 | Rake $0
Seat 1: fugu82 (button) (small blind) folded before Flop
Seat 2: ChrisTuff (big blind) collected ($2)


PokerStars Hand #147791382068:  Hold'em Limit ($3/$6 USD) - 2016/01/27 17:54:02 ET
Table 'Carnegia' 2-max Seat #2 is the button
Seat 1: fugu82 ($186.33 in chips)
Seat 2: ChrisTuff ($121 in chips)
ChrisTuff: posts small blind $1
fugu82: posts big blind $3
*** HOLE CARDS ***
ChrisTuff: raises $3 to $6
fugu82: calls $3
*** FLOP *** [Ad Qs Jh]
fugu82: checks
ChrisTuff: bets $3
fugu82: raises $3 to $6
ChrisTuff: calls $3
*** TURN *** [Ad Qs Jh] [4c]
fugu82: bets $6
ChrisTuff: calls $6
*** RIVER *** [Ad Qs Jh 4c] [9d]
fugu82: bets $6
ChrisTuff: folds
Uncalled bet ($6) returned to fugu82
fugu82 collected $35.50 from pot
fugu82: doesn't show hand
*** SUMMARY ***
Total pot $36 | Rake $0.50
Board [Ad Qs Jh 4c 9d]
Seat 1: fugu82 (big blind) collected ($35.50)
Seat 2: ChrisTuff (button) (small blind) folded on the River


PokerStars Hand #147791401928:  Hold'em Limit ($3/$6 USD) - 2016/01/27 17:54:24 ET
Table 'Carnegia' 2-max Seat #2 is the button
Seat 1: fugu82 ($202.83 in chips)
Seat 2: ChrisTuff ($121 in chips)
ChrisTuff: posts small blind $1
fugu82: posts big blind $3
*** HOLE CARDS ***
ChrisTuff: raises $3 to $6
fugu82: calls $3
*** FLOP *** [3s Tc 7s]
fugu82: checks
ChrisTuff: bets $3
fugu82: raises $3 to $6
ChrisTuff: calls $3
*** TURN *** [3s Tc 7s] [9d]
fugu82: bets $6
ChrisTuff: calls $6
*** RIVER *** [3s Tc 7s 9d] [7d]
fugu82: checks
ChrisTuff: checks
*** SHOW DOWN ***
fugu82: shows [Ts 5d] (two pair, Tens and Sevens)
ChrisTuff: mucks hand
fugu82 collected $35.50 from pot
*** SUMMARY ***
Total pot $36 | Rake $0.50
Board [3s Tc 7s 9d 7d]
Seat 1: fugu82 (big blind) showed [Ts 5d] and won ($35.50) with two pair, Tens and Sevens
Seat 2: ChrisTuff (button) (small blind) mucked


PokerStars Hand #147791449960:  Hold'em Limit ($3/$6 USD) - 2016/01/27 17:55:18 ET
Table 'Carnegia' 2-max Seat #2 is the button
Seat 1: fugu82 ($207.08 in chips)
Seat 2: ChrisTuff ($132.27 in chips)
ChrisTuff: posts small blind $1
fugu82: posts big blind $3
*** HOLE CARDS ***
ChrisTuff: raises $3 to $6
fugu82: calls $3
*** FLOP *** [Ac Jd 5d]
fugu82: checks
ChrisTuff: bets $3
fugu82: calls $3
*** TURN *** [Ac Jd 5d] [Ad]
fugu82: checks
ChrisTuff: checks
*** RIVER *** [Ac Jd 5d Ad] [Kh]
fugu82: bets $6
ChrisTuff: folds
Uncalled bet ($6) returned to fugu82
fugu82 collected $17.64 from pot
fugu82: doesn't show hand
*** SUMMARY ***
Total pot $18 | Rake $0.36
Board [Ac Jd 5d Ad Kh]
Seat 1: fugu82 (big blind) collected ($17.64)
Seat 2: ChrisTuff (button) (small blind) folded on the River


PokerStars Hand #147791462305:  Hold'em Limit ($3/$6 USD) - 2016/01/27 17:55:35 ET
Table 'Carnegia' 2-max Seat #1 is the button
Seat 1: fugu82 ($215.72 in chips)
Seat 2: ChrisTuff ($123.27 in chips)
fugu82: posts small blind $1
ChrisTuff: posts big blind $3
*** HOLE CARDS ***
fugu82: raises $3 to $6
ChrisTuff: calls $3
*** FLOP *** [8c 2h 8h]
ChrisTuff: checks
fugu82: bets $3
ChrisTuff: calls $3
*** TURN *** [8c 2h 8h] [As]
ChrisTuff: checks
fugu82: bets $6
ChrisTuff: folds
Uncalled bet ($6) returned to fugu82
fugu82 collected $17.64 from pot
fugu82: doesn't show hand
*** SUMMARY ***
Total pot $18 | Rake $0.36
Board [8c 2h 8h As]
Seat 1: fugu82 (button) (small blind) collected ($17.64)
Seat 2: ChrisTuff (big blind) folded on the Turn


PokerStars Hand #147791471741:  Hold'em Limit ($3/$6 USD) - 2016/01/27 17:55:48 ET
Table 'Carnegia' 2-max Seat #2 is the button
Seat 1: fugu82 ($224.36 in chips)
Seat 2: ChrisTuff ($120 in chips)
ChrisTuff: posts small blind $1
fugu82: posts big blind $3
*** HOLE CARDS ***
ChrisTuff: folds
Uncalled bet ($2) returned to fugu82
fugu82 collected $2 from pot
fugu82: doesn't show hand
*** SUMMARY ***
Total pot $2 | Rake $0
Seat 1: fugu82 (big blind) collected ($2)
Seat 2: ChrisTuff (button) (small blind) folded before Flop


PokerStars Hand #147791474935:  Hold'em Limit ($3/$6 USD) - 2016/01/27 17:55:53 ET
Table 'Carnegia' 2-max Seat #1 is the button
Seat 1: fugu82 ($225.36 in chips)
Seat 2: ChrisTuff ($120 in chips)
fugu82: posts small blind $1
ChrisTuff: posts big blind $3
*** HOLE CARDS ***
fugu82: raises $3 to $6
ChrisTuff: calls $3
*** FLOP *** [Ts 2d Td]
ChrisTuff: checks
fugu82: bets $3
ChrisTuff: calls $3
*** TURN *** [Ts 2d Td] [Ah]
ChrisTuff: checks
fugu82: checks
*** RIVER *** [Ts 2d Td Ah] [Ac]
ChrisTuff: checks
fugu82: checks
*** SHOW DOWN ***
ChrisTuff: shows [Jh 7s] (two pair, Aces and Tens)
fugu82: shows [Qc 9h] (two pair, Aces and Tens - Queen kicker)
fugu82 collected $17.64 from pot
*** SUMMARY ***
Total pot $18 | Rake $0.36
Board [Ts 2d Td Ah Ac]
Seat 1: fugu82 (button) (small blind) showed [Qc 9h] and won ($17.64) with two pair, Aces and Tens
Seat 2: ChrisTuff (big blind) showed [Jh 7s] and lost with two pair, Aces and Tens


PokerStars Hand #147791446048:  Hold'em Limit ($3/$6 USD) - 2016/01/27 17:55:13 ET
Table 'Carnegia' 2-max Seat #1 is the button
Seat 1: fugu82 ($208.08 in chips)
Seat 2: ChrisTuff ($131.27 in chips)
fugu82: posts small blind $1
ChrisTuff: posts big blind $3
*** HOLE CARDS ***
fugu82: folds
Uncalled bet ($2) returned to ChrisTuff
ChrisTuff collected $2 from pot
ChrisTuff: doesn't show hand
*** SUMMARY ***
Total pot $2 | Rake $0
Seat 1: fugu82 (button) (small blind) folded before Flop
Seat 2: ChrisTuff (big blind) collected ($2)


PokerStars Hand #147791430272:  Hold'em Limit ($3/$6 USD) - 2016/01/27 17:54:55 ET
Table 'Carnegia' 2-max Seat #2 is the button
Seat 1: fugu82 ($208.33 in chips)
Seat 2: ChrisTuff ($131.52 in chips)
ChrisTuff: posts small blind $1
fugu82: posts big blind $3
*** HOLE CARDS ***
ChrisTuff: raises $3 to $6
fugu82: raises $3 to $9
ChrisTuff: calls $3
*** FLOP *** [Qd 8h Tc]
fugu82: bets $3
ChrisTuff: raises $3 to $6
fugu82: calls $3
*** TURN *** [Qd 8h Tc] [9c]
fugu82: bets $6
ChrisTuff: calls $6
*** RIVER *** [Qd 8h Tc 9c] [Jc]
fugu82: bets $6
ChrisTuff: calls $6
*** SHOW DOWN ***
fugu82: shows [Jh Ac] (a straight, Eight to Queen)
ChrisTuff: shows [Ah 9h] (a straight, Eight to Queen)
fugu82 collected $26.75 from pot
ChrisTuff collected $26.75 from pot
*** SUMMARY ***
Total pot $54 | Rake $0.50
Board [Qd 8h Tc 9c Jc]
Seat 1: fugu82 (big blind) showed [Jh Ac] and won ($26.75) with a straight, Eight to Queen
Seat 2: ChrisTuff (button) (small blind) showed [Ah 9h] and won ($26.75) with a straight, Eight to Queen


PokerStars Hand #147791492790:  Hold'em Limit ($3/$6 USD) - 2016/01/27 17:56:18 ET
Table 'Carnegia' 2-max Seat #1 is the button
Seat 1: fugu82 ($228 in chips)
Seat 2: ChrisTuff ($125.76 in chips)
fugu82: posts small blind $1
ChrisTuff: posts big blind $3
*** HOLE CARDS ***
fugu82: folds
Uncalled bet ($2) returned to ChrisTuff
ChrisTuff collected $2 from pot
ChrisTuff: doesn't show hand
*** SUMMARY ***
Total pot $2 | Rake $0
Seat 1: fugu82 (button) (small blind) folded before Flop
Seat 2: ChrisTuff (big blind) collected ($2)


PokerStars Hand #147791496962:  Hold'em Limit ($3/$6 USD) - 2016/01/27 17:56:23 ET
Table 'Carnegia' 2-max Seat #2 is the button
Seat 1: fugu82 ($227 in chips)
Seat 2: ChrisTuff ($126.76 in chips)
ChrisTuff: posts small blind $1
fugu82: posts big blind $3
*** HOLE CARDS ***
ChrisTuff: raises $3 to $6
fugu82: calls $3
*** FLOP *** [7c Ks 3h]
fugu82: checks
ChrisTuff: bets $3
fugu82: folds
Uncalled bet ($3) returned to ChrisTuff
ChrisTuff collected $11.76 from pot
ChrisTuff: doesn't show hand
*** SUMMARY ***
Total pot $12 | Rake $0.24
Board [7c Ks 3h]
Seat 1: fugu82 (big blind) folded on the Flop
Seat 2: ChrisTuff (button) (small blind) collected ($11.76)


PokerStars Hand #147791503807:  Hold'em Limit ($3/$6 USD) - 2016/01/27 17:56:33 ET
Table 'Carnegia' 2-max Seat #1 is the button
Seat 1: fugu82 ($221 in chips)
Seat 2: ChrisTuff ($132.52 in chips)
fugu82: posts small blind $1
ChrisTuff: posts big blind $3
*** HOLE CARDS ***
fugu82: raises $3 to $6
ChrisTuff: calls $3
*** FLOP *** [4c Kd Jh]
ChrisTuff: checks
fugu82: bets $3
ChrisTuff: raises $3 to $6
fugu82: calls $3
*** TURN *** [4c Kd Jh] [4s]
ChrisTuff: bets $6
fugu82: raises $6 to $12
ChrisTuff: calls $6
*** RIVER *** [4c Kd Jh 4s] [5d]
ChrisTuff: checks
fugu82: bets $6
ChrisTuff: calls $6
*** SHOW DOWN ***
fugu82: shows [Qc Kh] (two pair, Kings and Fours)
ChrisTuff: shows [Kc 5c] (two pair, Kings and Fives)
ChrisTuff collected $59.50 from pot
*** SUMMARY ***
Total pot $60 | Rake $0.50
Board [4c Kd Jh 4s 5d]
Seat 1: fugu82 (button) (small blind) showed [Qc Kh] and lost with two pair, Kings and Fours
Seat 2: ChrisTuff (big blind) showed [Kc 5c] and won ($59.50) with two pair, Kings and Fives


PokerStars Hand #147791524850:  Hold'em Limit ($3/$6 USD) - 2016/01/27 17:57:02 ET
Table 'Carnegia' 2-max Seat #1 is the button
Seat 1: fugu82 ($185 in chips)
Seat 2: ChrisTuff ($167.78 in chips)
fugu82: posts small blind $1
ChrisTuff: posts big blind $3
*** HOLE CARDS ***
fugu82: folds
Uncalled bet ($2) returned to ChrisTuff
ChrisTuff collected $2 from pot
ChrisTuff: doesn't show hand
*** SUMMARY ***
Total pot $2 | Rake $0
Seat 1: fugu82 (button) (small blind) folded before Flop
Seat 2: ChrisTuff (big blind) collected ($2)


PokerStars Hand #147791517059:  Hold'em Limit ($3/$6 USD) - 2016/01/27 17:56:51 ET
Table 'Carnegia' 2-max Seat #2 is the button
Seat 1: fugu82 ($191 in chips)
Seat 2: ChrisTuff ($162.02 in chips)
ChrisTuff: posts small blind $1
fugu82: posts big blind $3
*** HOLE CARDS ***
ChrisTuff: raises $3 to $6
fugu82: calls $3
*** FLOP *** [Ad Jh Kd]
fugu82: checks
ChrisTuff: bets $3
fugu82: folds
Uncalled bet ($3) returned to ChrisTuff
ChrisTuff collected $11.76 from pot
ChrisTuff: doesn't show hand
*** SUMMARY ***
Total pot $12 | Rake $0.24
Board [Ad Jh Kd]
Seat 1: fugu82 (big blind) folded on the Flop
Seat 2: ChrisTuff (button) (small blind) collected ($11.76)


PokerStars Hand #147791485455:  Hold'em Limit ($3/$6 USD) - 2016/01/27 17:56:07 ET
Table 'Carnegia' 2-max Seat #2 is the button
Seat 1: fugu82 ($234 in chips)
Seat 2: ChrisTuff ($120 in chips)
ChrisTuff: posts small blind $1
fugu82: posts big blind $3
*** HOLE CARDS ***
ChrisTuff: raises $3 to $6
fugu82: calls $3
*** FLOP *** [6d Ts Qs]
fugu82: checks
ChrisTuff: bets $3
fugu82: folds
Uncalled bet ($3) returned to ChrisTuff
ChrisTuff collected $11.76 from pot
ChrisTuff: doesn't show hand
*** SUMMARY ***
Total pot $12 | Rake $0.24
Board [6d Ts Qs]
Seat 1: fugu82 (big blind) folded on the Flop
Seat 2: ChrisTuff (button) (small blind) collected ($11.76)


PokerStars Hand #147791538148:  Hold'em Limit ($3/$6 USD) - 2016/01/27 17:57:20 ET
Table 'Carnegia' 2-max Seat #1 is the button
Seat 1: fugu82 ($195.52 in chips)
Seat 2: ChrisTuff ($156.78 in chips)
fugu82: posts small blind $1
ChrisTuff: posts big blind $3
*** HOLE CARDS ***
fugu82: folds
Uncalled bet ($2) returned to ChrisTuff
ChrisTuff collected $2 from pot
ChrisTuff: doesn't show hand
*** SUMMARY ***
Total pot $2 | Rake $0
Seat 1: fugu82 (button) (small blind) folded before Flop
Seat 2: ChrisTuff (big blind) collected ($2)


PokerStars Hand #147791528775:  Hold'em Limit ($3/$6 USD) - 2016/01/27 17:57:07 ET
Table 'Carnegia' 2-max Seat #2 is the button
Seat 1: fugu82 ($184 in chips)
Seat 2: ChrisTuff ($168.78 in chips)
ChrisTuff: posts small blind $1
fugu82: posts big blind $3
*** HOLE CARDS ***
ChrisTuff: raises $3 to $6
fugu82: calls $3
*** FLOP *** [Kc 2h 7d]
fugu82: checks
ChrisTuff: bets $3
fugu82: raises $3 to $6
ChrisTuff: calls $3
*** TURN *** [Kc 2h 7d] [Ac]
fugu82: bets $6
ChrisTuff: folds
Uncalled bet ($6) returned to fugu82
fugu82 collected $23.52 from pot
fugu82: doesn't show hand
*** SUMMARY ***
Total pot $24 | Rake $0.48
Board [Kc 2h 7d Ac]
Seat 1: fugu82 (big blind) collected ($23.52)
Seat 2: ChrisTuff (button) (small blind) folded on the Turn


PokerStars Hand #147791545244:  Hold'em Limit ($3/$6 USD) - 2016/01/27 17:57:30 ET
Table 'Carnegia' 2-max Seat #1 is the button
Seat 1: fugu82 ($195.52 in chips)
Seat 2: ChrisTuff ($156.78 in chips)
fugu82: posts small blind $1
ChrisTuff: posts big blind $3
*** HOLE CARDS ***
fugu82: folds
Uncalled bet ($2) returned to ChrisTuff
ChrisTuff collected $2 from pot
ChrisTuff: doesn't show hand
*** SUMMARY ***
Total pot $2 | Rake $0
Seat 1: fugu82 (button) (small blind) folded before Flop
Seat 2: ChrisTuff (big blind) collected ($2)


PokerStars Hand #147791541884:  Hold'em Limit ($3/$6 USD) - 2016/01/27 17:57:26 ET
Table 'Carnegia' 2-max Seat #2 is the button
Seat 1: fugu82 ($194.52 in chips)
Seat 2: ChrisTuff ($157.78 in chips)
ChrisTuff: posts small blind $1
fugu82: posts big blind $3
*** HOLE CARDS ***
ChrisTuff: folds
Uncalled bet ($2) returned to fugu82
fugu82 collected $2 from pot
fugu82: doesn't show hand
*** SUMMARY ***
Total pot $2 | Rake $0
Seat 1: fugu82 (big blind) collected ($2)
Seat 2: ChrisTuff (button) (small blind) folded before Flop


PokerStars Hand #147791548871:  Hold'em Limit ($3/$6 USD) - 2016/01/27 17:57:35 ET
Table 'Carnegia' 2-max Seat #2 is the button
Seat 1: fugu82 ($194.52 in chips)
Seat 2: ChrisTuff ($157.78 in chips)
ChrisTuff: posts small blind $1
fugu82: posts big blind $3
*** HOLE CARDS ***
ChrisTuff: raises $3 to $6
fugu82: folds
Uncalled bet ($3) returned to ChrisTuff
ChrisTuff collected $6 from pot
ChrisTuff: doesn't show hand
*** SUMMARY ***
Total pot $6 | Rake $0
Seat 1: fugu82 (big blind) folded before Flop
Seat 2: ChrisTuff (button) (small blind) collected ($6)


PokerStars Hand #147791552862:  Hold'em Limit ($3/$6 USD) - 2016/01/27 17:57:41 ET
Table 'Carnegia' 2-max Seat #1 is the button
Seat 1: fugu82 ($191.52 in chips)
Seat 2: ChrisTuff ($160.78 in chips)
fugu82: posts small blind $1
ChrisTuff: posts big blind $3
*** HOLE CARDS ***
fugu82: raises $3 to $6
ChrisTuff: calls $3
*** FLOP *** [9d 7s 8h]
ChrisTuff: checks
fugu82: bets $3
ChrisTuff: raises $3 to $6
fugu82: calls $3
*** TURN *** [9d 7s 8h] [5d]
ChrisTuff: bets $6
fugu82: folds
Uncalled bet ($6) returned to ChrisTuff
ChrisTuff collected $23.52 from pot
ChrisTuff: doesn't show hand
*** SUMMARY ***
Total pot $24 | Rake $0.48
Board [9d 7s 8h 5d]
Seat 1: fugu82 (button) (small blind) folded on the Turn
Seat 2: ChrisTuff (big blind) collected ($23.52)


PokerStars Hand #147791562289:  Hold'em Limit ($3/$6 USD) - 2016/01/27 17:57:54 ET
Table 'Carnegia' 2-max Seat #2 is the button
Seat 1: fugu82 ($179.52 in chips)
Seat 2: ChrisTuff ($172.30 in chips)
ChrisTuff: posts small blind $1
fugu82: posts big blind $3
*** HOLE CARDS ***
ChrisTuff: raises $3 to $6
fugu82: calls $3
*** FLOP *** [3s 3d 2d]
fugu82: checks
ChrisTuff: checks
*** TURN *** [3s 3d 2d] [5d]
fugu82: bets $6
ChrisTuff: calls $6
*** RIVER *** [3s 3d 2d 5d] [As]
fugu82: bets $6
ChrisTuff: raises $6 to $12
fugu82: folds
Uncalled bet ($6) returned to ChrisTuff
ChrisTuff collected $35.50 from pot
ChrisTuff: doesn't show hand
*** SUMMARY ***
Total pot $36 | Rake $0.50
Board [3s 3d 2d 5d As]
Seat 1: fugu82 (big blind) folded on the River
Seat 2: ChrisTuff (button) (small blind) collected ($35.50)


PokerStars Hand #147791578382:  Hold'em Limit ($3/$6 USD) - 2016/01/27 17:58:10 ET
Table 'Carnegia' 2-max Seat #1 is the button
Seat 1: fugu82 ($161.52 in chips)
Seat 2: ChrisTuff ($189.80 in chips)
fugu82: posts small blind $1
ChrisTuff: posts big blind $3
*** HOLE CARDS ***
fugu82: raises $3 to $6
ChrisTuff: calls $3
*** FLOP *** [6h 2d Ad]
ChrisTuff: checks
fugu82: bets $3
ChrisTuff: folds
Uncalled bet ($3) returned to fugu82
fugu82 collected $11.76 from pot
fugu82: doesn't show hand
*** SUMMARY ***
Total pot $12 | Rake $0.24
Board [6h 2d Ad]
Seat 1: fugu82 (button) (small blind) collected ($11.76)
Seat 2: ChrisTuff (big blind) folded on the Flop


PokerStars Hand #147791590592:  Hold'em Limit ($3/$6 USD) - 2016/01/27 17:58:23 ET
Table 'Carnegia' 2-max Seat #2 is the button
Seat 1: fugu82 ($167.28 in chips)
Seat 2: ChrisTuff ($183.80 in chips)
ChrisTuff: posts small blind $1
fugu82: posts big blind $3
*** HOLE CARDS ***
ChrisTuff: raises $3 to $6
fugu82: folds
Uncalled bet ($3) returned to ChrisTuff
ChrisTuff collected $6 from pot
ChrisTuff: doesn't show hand
*** SUMMARY ***
Total pot $6 | Rake $0
Seat 1: fugu82 (big blind) folded before Flop
Seat 2: ChrisTuff (button) (small blind) collected ($6)


PokerStars Hand #147791598138:  Hold'em Limit ($3/$6 USD) - 2016/01/27 17:58:31 ET
Table 'Carnegia' 2-max Seat #1 is the button
Seat 1: fugu82 ($164.28 in chips)
Seat 2: ChrisTuff ($186.80 in chips)
fugu82: posts small blind $1
ChrisTuff: posts big blind $3
*** HOLE CARDS ***
fugu82: raises $3 to $6
ChrisTuff: calls $3
*** FLOP *** [9h Js 7c]
ChrisTuff: checks
fugu82: bets $3
ChrisTuff: folds
Uncalled bet ($3) returned to fugu82
fugu82 collected $11.76 from pot
*** SUMMARY ***
Total pot $12 | Rake $0.24
Board [9h Js 7c]
Seat 1: fugu82 (button) (small blind) collected ($11.76)
Seat 2: ChrisTuff (big blind) folded on the Flop


