PokerStars Hand #166211387126:  Hold'em Limit ($3/$6 USD) - 2017/02/14 14:32:35 ET
Table 'Carol II' 6-max Seat #2 is the button
Seat 1: _fayzulllo_ ($53.28 in chips)
Seat 2: belik555 ($90 in chips)
belik555: posts small blind $1
_fayzulllo_: posts big blind $3
*** HOLE CARDS ***
belik555: raises $3 to $6
_fayzulllo_: folds
Uncalled bet ($3) returned to belik555
belik555 collected $6 from pot
belik555: doesn't show hand
*** SUMMARY ***
Total pot $6 | Rake $0
Seat 1: _fayzulllo_ (big blind) folded before Flop
Seat 2: belik555 (button) (small blind) collected ($6)


PokerStars Hand #166211359255:  Hold'em Limit ($3/$6 USD) - 2017/02/14 14:32:03 ET
Table 'Carol II' 6-max Seat #1 is the button
Seat 1: _fayzulllo_ ($47.52 in chips)
Seat 2: belik555 ($90 in chips)
_fayzulllo_: posts small blind $1
belik555: posts big blind $3
*** HOLE CARDS ***
_fayzulllo_: raises $3 to $6
belik555: calls $3
*** FLOP *** [Kd 8h Tc]
belik555: checks
_fayzulllo_: checks
*** TURN *** [Kd 8h Tc] [2d]
belik555: checks
_fayzulllo_: bets $6
belik555: folds
Uncalled bet ($6) returned to _fayzulllo_
_fayzulllo_ collected $11.76 from pot
_fayzulllo_: doesn't show hand
*** SUMMARY ***
Total pot $12 | Rake $0.24
Board [Kd 8h Tc 2d]
Seat 1: _fayzulllo_ (button) (small blind) collected ($11.76)
Seat 2: belik555 (big blind) folded on the Turn


PokerStars Hand #166211395464:  Hold'em Limit ($3/$6 USD) - 2017/02/14 14:32:45 ET
Table 'Carol II' 6-max Seat #1 is the button
Seat 1: _fayzulllo_ ($50.28 in chips)
Seat 2: belik555 ($93 in chips)
_fayzulllo_: posts small blind $1
belik555: posts big blind $3
*** HOLE CARDS ***
_fayzulllo_: raises $3 to $6
belik555: calls $3
*** FLOP *** [6d 5s Ts]
Kasperla joins the table at seat #3
belik555: checks
_fayzulllo_: checks
*** TURN *** [6d 5s Ts] [4h]
belik555: checks
_fayzulllo_: checks
*** RIVER *** [6d 5s Ts 4h] [Kh]
belik555: bets $6
_fayzulllo_: raises $6 to $12
belik555: folds
Uncalled bet ($6) returned to _fayzulllo_
_fayzulllo_ collected $23.52 from pot
_fayzulllo_: doesn't show hand
*** SUMMARY ***
Total pot $24 | Rake $0.48
Board [6d 5s Ts 4h Kh]
Seat 1: _fayzulllo_ (button) (small blind) collected ($23.52)
Seat 2: belik555 (big blind) folded on the River


PokerStars Hand #166212844111:  Hold'em Limit ($3/$6 USD) - 2017/02/14 15:02:24 ET
Table 'Carol II' 6-max Seat #4 is the button
Seat 2: belik555 ($250.52 in chips)
Seat 4: happyshine88 ($73.11 in chips)
happyshine88: posts small blind $1
JonnyCashBo: is sitting out
JonnyCashBo leaves the table
belik555: posts big blind $3
*** HOLE CARDS ***
happyshine88: raises $3 to $6
belik555: folds
Uncalled bet ($3) returned to happyshine88
happyshine88 collected $6 from pot
happyshine88: doesn't show hand
*** SUMMARY ***
Total pot $6 | Rake $0
Seat 2: belik555 (big blind) folded before Flop
Seat 4: happyshine88 (button) (small blind) collected ($6)


PokerStars Hand #166212851379:  Hold'em Limit ($3/$6 USD) - 2017/02/14 15:02:32 ET
Table 'Carol II' 6-max Seat #2 is the button
Seat 2: belik555 ($247.52 in chips)
Seat 4: happyshine88 ($76.11 in chips)
belik555: posts small blind $1
happyshine88: posts big blind $3
*** HOLE CARDS ***
belik555: raises $3 to $6
happyshine88: calls $3
*** FLOP *** [Ac Qd 7s]
happyshine88: checks
belik555: bets $3
happyshine88: calls $3
*** TURN *** [Ac Qd 7s] [Th]
happyshine88: checks
belik555: checks
*** RIVER *** [Ac Qd 7s Th] [3h]
happyshine88: bets $6
belik555: calls $6
*** SHOW DOWN ***
happyshine88: shows [Ts Qc] (two pair, Queens and Tens)
belik555: mucks hand
happyshine88 collected $29.50 from pot
*** SUMMARY ***
Total pot $30 | Rake $0.50
Board [Ac Qd 7s Th 3h]
Seat 2: belik555 (button) (small blind) mucked
Seat 4: happyshine88 (big blind) showed [Ts Qc] and won ($29.50) with two pair, Queens and Tens


