PokerStars Hand #156373351462:  Hold'em Limit ($3/$6 USD) - 2016/07/24 6:35:40 ET
Table 'Carol' 10-max Seat #1 is the button
Seat 1: Ag3r0n ($72 in chips)
Seat 5: Jigorek1989 ($55 in chips)
Ag3r0n: posts small blind $1
Jigorek1989: posts big blind $3
*** HOLE CARDS ***
Ag3r0n: raises $3 to $6
Jigorek1989: calls $3
*** FLOP *** [As 2c 2h]
Jigorek1989: checks
Ag3r0n: bets $3
Jigorek1989: calls $3
*** TURN *** [As 2c 2h] [9d]
Jigorek1989: checks
Ag3r0n: checks
*** RIVER *** [As 2c 2h 9d] [Kh]
Jigorek1989: bets $6
Ag3r0n: calls $6
*** SHOW DOWN ***
Jigorek1989: shows [Ac 3d] (two pair, Aces and Deuces)
Ag3r0n: mucks hand
Jigorek1989 collected $29.50 from pot
*** SUMMARY ***
Total pot $30 | Rake $0.50
Board [As 2c 2h 9d Kh]
Seat 1: Ag3r0n (button) (small blind) mucked
Seat 5: Jigorek1989 (big blind) showed [Ac 3d] and won ($29.50) with two pair, Aces and Deuces


PokerStars Hand #156373371350:  Hold'em Limit ($3/$6 USD) - 2016/07/24 6:36:27 ET
Table 'Carol' 10-max Seat #1 is the button
Seat 1: Ag3r0n ($72 in chips)
Seat 5: Jigorek1989 ($72.38 in chips)
Ag3r0n: posts small blind $1
Jigorek1989: posts big blind $3
*** HOLE CARDS ***
Ag3r0n: raises $3 to $6
Jigorek1989: folds
Uncalled bet ($3) returned to Ag3r0n
Ag3r0n collected $6 from pot
*** SUMMARY ***
Total pot $6 | Rake $0
Seat 1: Ag3r0n (button) (small blind) collected ($6)
Seat 5: Jigorek1989 (big blind) folded before Flop


PokerStars Hand #156373363469:  Hold'em Limit ($3/$6 USD) - 2016/07/24 6:36:08 ET
Table 'Carol' 10-max Seat #5 is the button
Seat 1: Ag3r0n ($72 in chips)
Seat 5: Jigorek1989 ($69.50 in chips)
Jigorek1989: posts small blind $1
Ag3r0n: posts big blind $3
*** HOLE CARDS ***
Jigorek1989: calls $2
Ag3r0n: checks
*** FLOP *** [Th 4h 6d]
Ag3r0n: checks
Jigorek1989: bets $3
Ag3r0n: folds
Uncalled bet ($3) returned to Jigorek1989
Jigorek1989 collected $5.88 from pot
Jigorek1989: doesn't show hand
*** SUMMARY ***
Total pot $6 | Rake $0.12
Board [Th 4h 6d]
Seat 1: Ag3r0n (big blind) folded on the Flop
Seat 5: Jigorek1989 (button) (small blind) collected ($5.88)


PokerStars Hand #156373374126:  Hold'em Limit ($3/$6 USD) - 2016/07/24 6:36:33 ET
Table 'Carol' 10-max Seat #5 is the button
Seat 1: Ag3r0n ($75 in chips)
Seat 5: Jigorek1989 ($69.38 in chips)
Jigorek1989: posts small blind $1
Ag3r0n: posts big blind $3
*** HOLE CARDS ***
Jigorek1989: raises $3 to $6
Ag3r0n: calls $3
*** FLOP *** [4h 7c Ah]
Ag3r0n: checks
Jigorek1989: bets $3
Ag3r0n: folds
Uncalled bet ($3) returned to Jigorek1989
Jigorek1989 collected $11.76 from pot
Jigorek1989: doesn't show hand
*** SUMMARY ***
Total pot $12 | Rake $0.24
Board [4h 7c Ah]
Seat 1: Ag3r0n (big blind) folded on the Flop
Seat 5: Jigorek1989 (button) (small blind) collected ($11.76)


PokerStars Hand #156373386749:  Hold'em Limit ($3/$6 USD) - 2016/07/24 6:37:03 ET
Table 'Carol' 10-max Seat #5 is the button
Seat 1: Ag3r0n ($72 in chips)
Seat 5: Jigorek1989 ($83.78 in chips)
Jigorek1989: posts small blind $1
Ag3r0n: posts big blind $3
*** HOLE CARDS ***
Jigorek1989: calls $2
Ag3r0n: raises $3 to $6
Jigorek1989: calls $3
*** FLOP *** [5s Jh 8s]
Ag3r0n: bets $3
Jigorek1989: folds
Uncalled bet ($3) returned to Ag3r0n
Ag3r0n collected $11.76 from pot
*** SUMMARY ***
Total pot $12 | Rake $0.24
Board [5s Jh 8s]
Seat 1: Ag3r0n (big blind) collected ($11.76)
Seat 5: Jigorek1989 (button) (small blind) folded on the Flop


PokerStars Hand #156373379661:  Hold'em Limit ($3/$6 USD) - 2016/07/24 6:36:46 ET
Table 'Carol' 10-max Seat #1 is the button
Seat 1: Ag3r0n ($72 in chips)
Seat 5: Jigorek1989 ($75.14 in chips)
Ag3r0n: posts small blind $1
Jigorek1989: posts big blind $3
*** HOLE CARDS ***
Ag3r0n: raises $3 to $6
Jigorek1989: calls $3
*** FLOP *** [Kd Ts 3c]
Jigorek1989: checks
Ag3r0n: bets $3
Jigorek1989: calls $3
*** TURN *** [Kd Ts 3c] [4c]
Jigorek1989: checks
Ag3r0n: checks
*** RIVER *** [Kd Ts 3c 4c] [5s]
Jigorek1989: bets $6
Ag3r0n: folds
Uncalled bet ($6) returned to Jigorek1989
Jigorek1989 collected $17.64 from pot
Jigorek1989: doesn't show hand
*** SUMMARY ***
Total pot $18 | Rake $0.36
Board [Kd Ts 3c 4c 5s]
Seat 1: Ag3r0n (button) (small blind) folded on the River
Seat 5: Jigorek1989 (big blind) collected ($17.64)


PokerStars Hand #156373393162:  Hold'em Limit ($3/$6 USD) - 2016/07/24 6:37:18 ET
Table 'Carol' 10-max Seat #1 is the button
Seat 1: Ag3r0n ($77.76 in chips)
Seat 5: Jigorek1989 ($77.78 in chips)
Ag3r0n: posts small blind $1
Jigorek1989: posts big blind $3
*** HOLE CARDS ***
Ag3r0n: raises $3 to $6
Jigorek1989: raises $3 to $9
Ag3r0n: raises $3 to $12
Betting is capped
Jigorek1989: calls $3
*** FLOP *** [6h Js 7c]
Jigorek1989: checks
Ag3r0n: bets $3
Jigorek1989: calls $3
*** TURN *** [6h Js 7c] [Ks]
Jigorek1989: checks
Ag3r0n: bets $6
Jigorek1989: calls $6
*** RIVER *** [6h Js 7c Ks] [3c]
Jigorek1989: checks
Ag3r0n: checks
*** SHOW DOWN ***
Jigorek1989: shows [9c 9s] (a pair of Nines)
Ag3r0n: mucks hand
Jigorek1989 collected $41.50 from pot
*** SUMMARY ***
Total pot $42 | Rake $0.50
Board [6h Js 7c Ks 3c]
Seat 1: Ag3r0n (button) (small blind) mucked
Seat 5: Jigorek1989 (big blind) showed [9c 9s] and won ($41.50) with a pair of Nines


PokerStars Hand #156373403858:  Hold'em Limit ($3/$6 USD) - 2016/07/24 6:37:43 ET
Table 'Carol' 10-max Seat #5 is the button
Seat 1: Ag3r0n ($72 in chips)
Seat 5: Jigorek1989 ($98.28 in chips)
Jigorek1989: posts small blind $1
Ag3r0n: posts big blind $3
*** HOLE CARDS ***
Jigorek1989: raises $3 to $6
Ag3r0n: folds
Uncalled bet ($3) returned to Jigorek1989
Jigorek1989 collected $6 from pot
Jigorek1989: doesn't show hand
*** SUMMARY ***
Total pot $6 | Rake $0
Seat 1: Ag3r0n (big blind) folded before Flop
Seat 5: Jigorek1989 (button) (small blind) collected ($6)


PokerStars Hand #156373415514:  Hold'em Limit ($3/$6 USD) - 2016/07/24 6:38:10 ET
Table 'Carol' 10-max Seat #5 is the button
Seat 1: Ag3r0n ($72 in chips)
Seat 5: Jigorek1989 ($109.92 in chips)
Jigorek1989: posts small blind $1
Ag3r0n: posts big blind $3
*** HOLE CARDS ***
Jigorek1989: folds
Uncalled bet ($2) returned to Ag3r0n
Ag3r0n collected $2 from pot
*** SUMMARY ***
Total pot $2 | Rake $0
Seat 1: Ag3r0n (big blind) collected ($2)
Seat 5: Jigorek1989 (button) (small blind) folded before Flop


PokerStars Hand #156373407095:  Hold'em Limit ($3/$6 USD) - 2016/07/24 6:37:51 ET
Table 'Carol' 10-max Seat #1 is the button
Seat 1: Ag3r0n ($72 in chips)
Seat 5: Jigorek1989 ($101.28 in chips)
Ag3r0n: posts small blind $1
Jigorek1989: posts big blind $3
*** HOLE CARDS ***
Ag3r0n: raises $3 to $6
Jigorek1989: calls $3
*** FLOP *** [7s 3h Qd]
Jigorek1989: bets $3
Ag3r0n: calls $3
*** TURN *** [7s 3h Qd] [8d]
Jigorek1989: bets $6
Ag3r0n: folds
Uncalled bet ($6) returned to Jigorek1989
Jigorek1989 collected $17.64 from pot
Jigorek1989: doesn't show hand
*** SUMMARY ***
Total pot $18 | Rake $0.36
Board [7s 3h Qd 8d]
Seat 1: Ag3r0n (button) (small blind) folded on the Turn
Seat 5: Jigorek1989 (big blind) collected ($17.64)


PokerStars Hand #156373436177:  Hold'em Limit ($3/$6 USD) - 2016/07/24 6:38:58 ET
Table 'Carol' 10-max Seat #5 is the button
Seat 1: Ag3r0n ($72 in chips)
Seat 5: Jigorek1989 ($126.06 in chips)
Jigorek1989: posts small blind $1
Ag3r0n: posts big blind $3
*** HOLE CARDS ***
Jigorek1989: folds
Uncalled bet ($2) returned to Ag3r0n
Ag3r0n collected $2 from pot
*** SUMMARY ***
Total pot $2 | Rake $0
Seat 1: Ag3r0n (big blind) collected ($2)
Seat 5: Jigorek1989 (button) (small blind) folded before Flop


PokerStars Hand #156373431690:  Hold'em Limit ($3/$6 USD) - 2016/07/24 6:38:48 ET
Table 'Carol' 10-max Seat #1 is the button
Seat 1: Ag3r0n ($77.76 in chips)
Seat 5: Jigorek1989 ($117.42 in chips)
Ag3r0n: posts small blind $1
Jigorek1989: posts big blind $3
*** HOLE CARDS ***
Ag3r0n: raises $3 to $6
Jigorek1989: raises $3 to $9
Ag3r0n: calls $3
*** FLOP *** [Kd 3d 7h]
Jigorek1989: bets $3
Ag3r0n: folds
Uncalled bet ($3) returned to Jigorek1989
Jigorek1989 collected $17.64 from pot
Jigorek1989: doesn't show hand
*** SUMMARY ***
Total pot $18 | Rake $0.36
Board [Kd 3d 7h]
Seat 1: Ag3r0n (button) (small blind) folded on the Flop
Seat 5: Jigorek1989 (big blind) collected ($17.64)


PokerStars Hand #156373426551:  Hold'em Limit ($3/$6 USD) - 2016/07/24 6:38:36 ET
Table 'Carol' 10-max Seat #5 is the button
Seat 1: Ag3r0n ($72 in chips)
Seat 5: Jigorek1989 ($123.42 in chips)
Jigorek1989: posts small blind $1
Ag3r0n: posts big blind $3
*** HOLE CARDS ***
Jigorek1989: calls $2
Ag3r0n: raises $3 to $6
Jigorek1989: calls $3
*** FLOP *** [Js 9h 3c]
Ag3r0n: bets $3
Jigorek1989: folds
Uncalled bet ($3) returned to Ag3r0n
Ag3r0n collected $11.76 from pot
*** SUMMARY ***
Total pot $12 | Rake $0.24
Board [Js 9h 3c]
Seat 1: Ag3r0n (big blind) collected ($11.76)
Seat 5: Jigorek1989 (button) (small blind) folded on the Flop


PokerStars Hand #156373417414:  Hold'em Limit ($3/$6 USD) - 2016/07/24 6:38:15 ET
Table 'Carol' 10-max Seat #1 is the button
Seat 1: Ag3r0n ($73 in chips)
Seat 5: Jigorek1989 ($108.92 in chips)
Ag3r0n: posts small blind $1
Jigorek1989: posts big blind $3
*** HOLE CARDS ***
Ag3r0n: raises $3 to $6
Jigorek1989: calls $3
*** FLOP *** [7s Js 8d]
Jigorek1989: checks
Ag3r0n: bets $3
Jigorek1989: calls $3
*** TURN *** [7s Js 8d] [5c]
Jigorek1989: checks
Ag3r0n: bets $6
Jigorek1989: calls $6
*** RIVER *** [7s Js 8d 5c] [Kd]
Jigorek1989: checks
Ag3r0n: checks
*** SHOW DOWN ***
Jigorek1989: shows [4c 7d] (a pair of Sevens)
Ag3r0n: mucks hand
Jigorek1989 collected $29.50 from pot
*** SUMMARY ***
Total pot $30 | Rake $0.50
Board [7s Js 8d 5c Kd]
Seat 1: Ag3r0n (button) (small blind) mucked
Seat 5: Jigorek1989 (big blind) showed [4c 7d] and won ($29.50) with a pair of Sevens


PokerStars Hand #156373457385:  Hold'em Limit ($3/$6 USD) - 2016/07/24 6:39:48 ET
Table 'Carol' 10-max Seat #5 is the button
Seat 1: Ag3r0n ($80.76 in chips)
Seat 5: Jigorek1989 ($130.56 in chips)
Jigorek1989: posts small blind $1
Ag3r0n: posts big blind $3
*** HOLE CARDS ***
Jigorek1989: folds
Uncalled bet ($2) returned to Ag3r0n
Ag3r0n collected $2 from pot
*** SUMMARY ***
Total pot $2 | Rake $0
Seat 1: Ag3r0n (big blind) collected ($2)
Seat 5: Jigorek1989 (button) (small blind) folded before Flop


PokerStars Hand #156373451157:  Hold'em Limit ($3/$6 USD) - 2016/07/24 6:39:33 ET
Table 'Carol' 10-max Seat #1 is the button
Seat 1: Ag3r0n ($77.76 in chips)
Seat 5: Jigorek1989 ($133.56 in chips)
Ag3r0n: posts small blind $1
Jigorek1989: posts big blind $3
*** HOLE CARDS ***
Ag3r0n: raises $3 to $6
emptycomback joins the table at seat #2
Jigorek1989: folds
Uncalled bet ($3) returned to Ag3r0n
Ag3r0n collected $6 from pot
*** SUMMARY ***
Total pot $6 | Rake $0
Seat 1: Ag3r0n (button) (small blind) collected ($6)
Seat 5: Jigorek1989 (big blind) folded before Flop


PokerStars Hand #156373446199:  Hold'em Limit ($3/$6 USD) - 2016/07/24 6:39:22 ET
Table 'Carol' 10-max Seat #5 is the button
Seat 1: Ag3r0n ($72 in chips)
Seat 5: Jigorek1989 ($139.56 in chips)
Jigorek1989: posts small blind $1
Ag3r0n: posts big blind $3
*** HOLE CARDS ***
Jigorek1989: calls $2
Ag3r0n: raises $3 to $6
Jigorek1989: calls $3
*** FLOP *** [9d Th Ts]
Ag3r0n: bets $3
Jigorek1989: folds
Uncalled bet ($3) returned to Ag3r0n
Ag3r0n collected $11.76 from pot
*** SUMMARY ***
Total pot $12 | Rake $0.24
Board [9d Th Ts]
Seat 1: Ag3r0n (big blind) collected ($11.76)
Seat 5: Jigorek1989 (button) (small blind) folded on the Flop


PokerStars Hand #156373479387:  Hold'em Limit ($3/$6 USD) - 2016/07/24 6:40:38 ET
Table 'Carol' 10-max Seat #1 is the button
Seat 1: Ag3r0n ($73 in chips)
Seat 5: Jigorek1989 ($146.45 in chips)
Ag3r0n: posts small blind $1
Jigorek1989: posts big blind $3
*** HOLE CARDS ***
Ag3r0n: raises $3 to $6
Jigorek1989: folds
Uncalled bet ($3) returned to Ag3r0n
Ag3r0n collected $6 from pot
*** SUMMARY ***
Total pot $6 | Rake $0
Seat 1: Ag3r0n (button) (small blind) collected ($6)
Seat 5: Jigorek1989 (big blind) folded before Flop


PokerStars Hand #156373482604:  Hold'em Limit ($3/$6 USD) - 2016/07/24 6:40:45 ET
Table 'Carol' 10-max Seat #5 is the button
Seat 1: Ag3r0n ($76 in chips)
Seat 5: Jigorek1989 ($143.45 in chips)
Jigorek1989: posts small blind $1
Ag3r0n: posts big blind $3
*** HOLE CARDS ***
Jigorek1989: calls $2
Ag3r0n: checks
*** FLOP *** [4s 6c 3h]
Ag3r0n: bets $3
Jigorek1989: folds
Uncalled bet ($3) returned to Ag3r0n
Ag3r0n collected $5.88 from pot
*** SUMMARY ***
Total pot $6 | Rake $0.12
Board [4s 6c 3h]
Seat 1: Ag3r0n (big blind) collected ($5.88)
Seat 5: Jigorek1989 (button) (small blind) folded on the Flop


