PokerStars Hand #144490780932:  Hold'em Limit ($3/$6 USD) - 2015/11/27 22:55:15 ET
Table 'Carolina II' 2-max Seat #2 is the button
Seat 1: kaputnikoff ($64 in chips)
Seat 2: Miss Baxter ($116 in chips)
Miss Baxter: posts small blind $1
kaputnikoff: posts big blind $3
*** HOLE CARDS ***
Miss Baxter: raises $3 to $6
kaputnikoff: calls $3
*** FLOP *** [2d 5d 5h]
kaputnikoff: checks
Miss Baxter: bets $3
kaputnikoff: calls $3
*** TURN *** [2d 5d 5h] [6d]
kaputnikoff: checks
Miss Baxter: bets $6
kaputnikoff: folds
Uncalled bet ($6) returned to Miss Baxter
Miss Baxter collected $17.64 from pot
Miss Baxter: doesn't show hand
*** SUMMARY ***
Total pot $18 | Rake $0.36
Board [2d 5d 5h 6d]
Seat 1: kaputnikoff (big blind) folded on the Turn
Seat 2: Miss Baxter (button) (small blind) collected ($17.64)


PokerStars Hand #144490775658:  Hold'em Limit ($3/$6 USD) - 2015/11/27 22:54:59 ET
Table 'Carolina II' 2-max Seat #1 is the button
Seat 1: kaputnikoff ($61 in chips)
Seat 2: Miss Baxter ($119 in chips)
kaputnikoff: posts small blind $1
Miss Baxter: posts big blind $3
*** HOLE CARDS ***
kaputnikoff: raises $3 to $6
Miss Baxter: folds
Uncalled bet ($3) returned to kaputnikoff
kaputnikoff collected $6 from pot
kaputnikoff: doesn't show hand
*** SUMMARY ***
Total pot $6 | Rake $0
Seat 1: kaputnikoff (button) (small blind) collected ($6)
Seat 2: Miss Baxter (big blind) folded before Flop


PokerStars Hand #144496291337:  Hold'em Limit ($3/$6 USD) - 2015/11/28 4:09:13 ET
Table 'Carolina II' 2-max Seat #1 is the button
Seat 1: kaputnikoff ($60 in chips)
Seat 2: parconxxx ($60 in chips)
kaputnikoff: posts small blind $1
parconxxx: posts big blind $3
*** HOLE CARDS ***
kaputnikoff: raises $3 to $6
parconxxx: calls $3
*** FLOP *** [5c 4h Th]
parconxxx: checks
kaputnikoff: bets $3
parconxxx: calls $3
*** TURN *** [5c 4h Th] [7d]
parconxxx: checks
kaputnikoff: checks
*** RIVER *** [5c 4h Th 7d] [9d]
parconxxx: checks
kaputnikoff: bets $6
parconxxx: calls $6
*** SHOW DOWN ***
kaputnikoff: shows [3s Js] (high card Jack)
parconxxx: shows [3h 4s] (a pair of Fours)
parconxxx collected $29.50 from pot
*** SUMMARY ***
Total pot $30 | Rake $0.50
Board [5c 4h Th 7d 9d]
Seat 1: kaputnikoff (button) (small blind) showed [3s Js] and lost with high card Jack
Seat 2: parconxxx (big blind) showed [3h 4s] and won ($29.50) with a pair of Fours


PokerStars Hand #144496305056:  Hold'em Limit ($3/$6 USD) - 2015/11/28 4:09:50 ET
Table 'Carolina II' 2-max Seat #2 is the button
Seat 1: kaputnikoff ($60 in chips)
Seat 2: parconxxx ($74.50 in chips)
parconxxx: posts small blind $1
kaputnikoff: posts big blind $3
*** HOLE CARDS ***
parconxxx: calls $2
kaputnikoff: checks
*** FLOP *** [Jh 2h 5h]
kaputnikoff: checks
parconxxx: bets $3
kaputnikoff: raises $3 to $6
parconxxx: folds
Uncalled bet ($3) returned to kaputnikoff
kaputnikoff collected $11.76 from pot
kaputnikoff: doesn't show hand
*** SUMMARY ***
Total pot $12 | Rake $0.24
Board [Jh 2h 5h]
Seat 1: kaputnikoff (big blind) collected ($11.76)
Seat 2: parconxxx (button) (small blind) folded on the Flop


PokerStars Hand #144496312570:  Hold'em Limit ($3/$6 USD) - 2015/11/28 4:10:10 ET
Table 'Carolina II' 2-max Seat #1 is the button
Seat 1: kaputnikoff ($65.76 in chips)
Seat 2: parconxxx ($68.50 in chips)
kaputnikoff: posts small blind $1
parconxxx: posts big blind $3
*** HOLE CARDS ***
kaputnikoff: raises $3 to $6
parconxxx: calls $3
*** FLOP *** [Td Jc Qh]
parconxxx: checks
kaputnikoff: checks
*** TURN *** [Td Jc Qh] [Kd]
parconxxx: checks
kaputnikoff: bets $6
parconxxx: calls $6
*** RIVER *** [Td Jc Qh Kd] [Kc]
parconxxx: checks
kaputnikoff: bets $6
parconxxx: raises $6 to $12
kaputnikoff: folds
Uncalled bet ($6) returned to parconxxx
parconxxx collected $35.50 from pot
parconxxx: doesn't show hand
*** SUMMARY ***
Total pot $36 | Rake $0.50
Board [Td Jc Qh Kd Kc]
Seat 1: kaputnikoff (button) (small blind) folded on the River
Seat 2: parconxxx (big blind) collected ($35.50)


PokerStars Hand #144496325671:  Hold'em Limit ($3/$6 USD) - 2015/11/28 4:10:46 ET
Table 'Carolina II' 2-max Seat #2 is the button
Seat 1: kaputnikoff ($60 in chips)
Seat 2: parconxxx ($86 in chips)
parconxxx: posts small blind $1
kaputnikoff: posts big blind $3
*** HOLE CARDS ***
parconxxx: calls $2
kaputnikoff: raises $3 to $6
parconxxx: calls $3
*** FLOP *** [Kc 8c 7c]
kaputnikoff: bets $3
parconxxx: calls $3
*** TURN *** [Kc 8c 7c] [Kd]
kaputnikoff: checks
parconxxx: checks
*** RIVER *** [Kc 8c 7c Kd] [6d]
kaputnikoff: checks
parconxxx: bets $6
kaputnikoff: calls $6
*** SHOW DOWN ***
parconxxx: shows [Ac 7d] (two pair, Kings and Sevens)
kaputnikoff: mucks hand
parconxxx collected $29.50 from pot
*** SUMMARY ***
Total pot $30 | Rake $0.50
Board [Kc 8c 7c Kd 6d]
Seat 1: kaputnikoff (big blind) mucked
Seat 2: parconxxx (button) (small blind) showed [Ac 7d] and won ($29.50) with two pair, Kings and Sevens


PokerStars Hand #144496350625:  Hold'em Limit ($3/$6 USD) - 2015/11/28 4:11:54 ET
Table 'Carolina II' 2-max Seat #2 is the button
Seat 1: kaputnikoff ($83.50 in chips)
Seat 2: parconxxx ($76.50 in chips)
parconxxx: posts small blind $1
kaputnikoff: posts big blind $3
*** HOLE CARDS ***
parconxxx: folds
Uncalled bet ($2) returned to kaputnikoff
kaputnikoff collected $2 from pot
kaputnikoff: doesn't show hand
*** SUMMARY ***
Total pot $2 | Rake $0
Seat 1: kaputnikoff (big blind) collected ($2)
Seat 2: parconxxx (button) (small blind) folded before Flop


PokerStars Hand #144496339501:  Hold'em Limit ($3/$6 USD) - 2015/11/28 4:11:24 ET
Table 'Carolina II' 2-max Seat #1 is the button
Seat 1: kaputnikoff ($60 in chips)
Seat 2: parconxxx ($100.50 in chips)
kaputnikoff: posts small blind $1
parconxxx: posts big blind $3
*** HOLE CARDS ***
kaputnikoff: raises $3 to $6
parconxxx: calls $3
*** FLOP *** [2s Qh 5d]
parconxxx: checks
kaputnikoff: bets $3
parconxxx: raises $3 to $6
kaputnikoff: calls $3
*** TURN *** [2s Qh 5d] [2h]
parconxxx: bets $6
kaputnikoff: calls $6
*** RIVER *** [2s Qh 5d 2h] [4d]
parconxxx: bets $6
kaputnikoff: calls $6
*** SHOW DOWN ***
parconxxx: shows [7h Jc] (a pair of Deuces)
kaputnikoff: shows [6d 5c] (two pair, Fives and Deuces)
kaputnikoff collected $47.50 from pot
*** SUMMARY ***
Total pot $48 | Rake $0.50
Board [2s Qh 5d 2h 4d]
Seat 1: kaputnikoff (button) (small blind) showed [6d 5c] and won ($47.50) with two pair, Fives and Deuces
Seat 2: parconxxx (big blind) showed [7h Jc] and lost with a pair of Deuces


PokerStars Hand #144496353763:  Hold'em Limit ($3/$6 USD) - 2015/11/28 4:12:02 ET
Table 'Carolina II' 2-max Seat #1 is the button
Seat 1: kaputnikoff ($84.50 in chips)
Seat 2: parconxxx ($75.50 in chips)
kaputnikoff: posts small blind $1
parconxxx: posts big blind $3
*** HOLE CARDS ***
kaputnikoff: raises $3 to $6
parconxxx: raises $3 to $9
kaputnikoff: calls $3
*** FLOP *** [3c Qd 7h]
parconxxx: checks
kaputnikoff: checks
*** TURN *** [3c Qd 7h] [6s]
parconxxx: bets $6
kaputnikoff: calls $6
*** RIVER *** [3c Qd 7h 6s] [Qs]
parconxxx: bets $6
kaputnikoff: calls $6
*** SHOW DOWN ***
parconxxx: shows [Ac Tc] (a pair of Queens)
kaputnikoff: shows [7c 4s] (two pair, Queens and Sevens)
kaputnikoff collected $41.50 from pot
*** SUMMARY ***
Total pot $42 | Rake $0.50
Board [3c Qd 7h 6s Qs]
Seat 1: kaputnikoff (button) (small blind) showed [7c 4s] and won ($41.50) with two pair, Queens and Sevens
Seat 2: parconxxx (big blind) showed [Ac Tc] and lost with a pair of Queens


PokerStars Hand #144496366356:  Hold'em Limit ($3/$6 USD) - 2015/11/28 4:12:36 ET
Table 'Carolina II' 2-max Seat #2 is the button
Seat 1: kaputnikoff ($105 in chips)
Seat 2: parconxxx ($54.50 in chips)
parconxxx: posts small blind $1
kaputnikoff: posts big blind $3
*** HOLE CARDS ***
parconxxx: raises $3 to $6
kaputnikoff: calls $3
*** FLOP *** [2h 9c As]
kaputnikoff: checks
parconxxx: bets $3
kaputnikoff: raises $3 to $6
parconxxx: calls $3
*** TURN *** [2h 9c As] [Jh]
kaputnikoff: checks
parconxxx: checks
*** RIVER *** [2h 9c As Jh] [3h]
kaputnikoff: bets $6
parconxxx: calls $6
*** SHOW DOWN ***
kaputnikoff: shows [9s Kh] (a pair of Nines)
parconxxx: mucks hand
kaputnikoff collected $35.50 from pot
*** SUMMARY ***
Total pot $36 | Rake $0.50
Board [2h 9c As Jh 3h]
Seat 1: kaputnikoff (big blind) showed [9s Kh] and won ($35.50) with a pair of Nines
Seat 2: parconxxx (button) (small blind) mucked


PokerStars Hand #144496375391:  Hold'em Limit ($3/$6 USD) - 2015/11/28 4:13:00 ET
Table 'Carolina II' 2-max Seat #1 is the button
Seat 1: kaputnikoff ($122.50 in chips)
Seat 2: parconxxx ($36.50 in chips)
kaputnikoff: posts small blind $1
parconxxx: posts big blind $3
*** HOLE CARDS ***
kaputnikoff: raises $3 to $6
parconxxx: calls $3
*** FLOP *** [Qd 3c Ac]
parconxxx: checks
kaputnikoff: bets $3
parconxxx: folds
Uncalled bet ($3) returned to kaputnikoff
kaputnikoff collected $11.76 from pot
kaputnikoff: doesn't show hand
*** SUMMARY ***
Total pot $12 | Rake $0.24
Board [Qd 3c Ac]
Seat 1: kaputnikoff (button) (small blind) collected ($11.76)
Seat 2: parconxxx (big blind) folded on the Flop


PokerStars Hand #144496379927:  Hold'em Limit ($3/$6 USD) - 2015/11/28 4:13:12 ET
Table 'Carolina II' 2-max Seat #2 is the button
Seat 1: kaputnikoff ($128.26 in chips)
Seat 2: parconxxx ($30.50 in chips)
parconxxx: posts small blind $1
kaputnikoff: posts big blind $3
*** HOLE CARDS ***
parconxxx: calls $2
kaputnikoff: checks
*** FLOP *** [Th 7h Jc]
kaputnikoff: checks
parconxxx: checks
*** TURN *** [Th 7h Jc] [Ad]
kaputnikoff: bets $6
parconxxx is disconnected
parconxxx has timed out while disconnected
parconxxx: folds
Uncalled bet ($6) returned to kaputnikoff
kaputnikoff collected $5.88 from pot
kaputnikoff: doesn't show hand
*** SUMMARY ***
Total pot $6 | Rake $0.12
Board [Th 7h Jc Ad]
Seat 1: kaputnikoff (big blind) collected ($5.88)
Seat 2: parconxxx (button) (small blind) folded on the Turn


