PokerStars Hand #158028625670:  Hold'em Limit ($3/$6 USD) - 2016/09/01 15:08:11 ET
Table 'Carpenter' 10-max Seat #6 is the button
Seat 5: simper11 ($120 in chips)
Seat 6: xcgxcg2005 ($134.50 in chips)
xcgxcg2005: posts small blind $1
simper11: posts big blind $3
*** HOLE CARDS ***
xcgxcg2005: raises $3 to $6
simper11: folds
Uncalled bet ($3) returned to xcgxcg2005
xcgxcg2005 collected $6 from pot
xcgxcg2005: doesn't show hand
*** SUMMARY ***
Total pot $6 | Rake $0
Seat 5: simper11 (big blind) folded before Flop
Seat 6: xcgxcg2005 (button) (small blind) collected ($6)


PokerStars Hand #158028612733:  Hold'em Limit ($3/$6 USD) - 2016/09/01 15:07:55 ET
Table 'Carpenter' 10-max Seat #5 is the button
Seat 5: simper11 ($121 in chips)
Seat 6: xcgxcg2005 ($120 in chips)
simper11: posts small blind $1
xcgxcg2005: posts big blind $3
*** HOLE CARDS ***
simper11: raises $3 to $6
xcgxcg2005: calls $3
*** FLOP *** [2d Tc 3d]
xcgxcg2005: checks
simper11: bets $3
xcgxcg2005: calls $3
*** TURN *** [2d Tc 3d] [Js]
xcgxcg2005: checks
simper11: checks
*** RIVER *** [2d Tc 3d Js] [Jh]
xcgxcg2005: bets $6
simper11: calls $6
*** SHOW DOWN ***
xcgxcg2005: shows [Jc 7d] (three of a kind, Jacks)
simper11: mucks hand
xcgxcg2005 collected $29.50 from pot
*** SUMMARY ***
Total pot $30 | Rake $0.50
Board [2d Tc 3d Js Jh]
Seat 5: simper11 (button) (small blind) mucked
Seat 6: xcgxcg2005 (big blind) showed [Jc 7d] and won ($29.50) with three of a kind, Jacks


PokerStars Hand #158028629953:  Hold'em Limit ($3/$6 USD) - 2016/09/01 15:08:16 ET
Table 'Carpenter' 10-max Seat #5 is the button
Seat 5: simper11 ($120 in chips)
Seat 6: xcgxcg2005 ($137.50 in chips)
simper11: posts small blind $1
xcgxcg2005: posts big blind $3
*** HOLE CARDS ***
simper11: raises $3 to $6
xcgxcg2005: folds
Uncalled bet ($3) returned to simper11
simper11 collected $6 from pot
simper11: doesn't show hand
*** SUMMARY ***
Total pot $6 | Rake $0
Seat 5: simper11 (button) (small blind) collected ($6)
Seat 6: xcgxcg2005 (big blind) folded before Flop


PokerStars Hand #158028634523:  Hold'em Limit ($3/$6 USD) - 2016/09/01 15:08:22 ET
Table 'Carpenter' 10-max Seat #6 is the button
Seat 5: simper11 ($123 in chips)
Seat 6: xcgxcg2005 ($134.50 in chips)
xcgxcg2005: posts small blind $1
simper11: posts big blind $3
*** HOLE CARDS ***
xcgxcg2005: raises $3 to $6
simper11: calls $3
*** FLOP *** [8s 7s 8d]
simper11: checks
xcgxcg2005: bets $3
simper11: raises $3 to $6
xcgxcg2005: calls $3
*** TURN *** [8s 7s 8d] [7c]
simper11: bets $6
xcgxcg2005: calls $6
*** RIVER *** [8s 7s 8d 7c] [2s]
simper11: bets $6
xcgxcg2005: calls $6
*** SHOW DOWN ***
simper11: shows [Tc 9s] (two pair, Eights and Sevens)
xcgxcg2005: shows [Kc Kd] (two pair, Kings and Eights)
xcgxcg2005 collected $47.50 from pot
*** SUMMARY ***
Total pot $48 | Rake $0.50
Board [8s 7s 8d 7c 2s]
Seat 5: simper11 (big blind) showed [Tc 9s] and lost with two pair, Eights and Sevens
Seat 6: xcgxcg2005 (button) (small blind) showed [Kc Kd] and won ($47.50) with two pair, Kings and Eights


PokerStars Hand #158028649703:  Hold'em Limit ($3/$6 USD) - 2016/09/01 15:08:40 ET
Table 'Carpenter' 10-max Seat #6 is the button
Seat 5: simper11 ($120 in chips)
Seat 6: xcgxcg2005 ($159 in chips)
xcgxcg2005: posts small blind $1
simper11: posts big blind $3
*** HOLE CARDS ***
xcgxcg2005: folds
Uncalled bet ($2) returned to simper11
simper11 collected $2 from pot
simper11: doesn't show hand
*** SUMMARY ***
Total pot $2 | Rake $0
Seat 5: simper11 (big blind) collected ($2)
Seat 6: xcgxcg2005 (button) (small blind) folded before Flop


PokerStars Hand #158028674666:  Hold'em Limit ($3/$6 USD) - 2016/09/01 15:09:11 ET
Table 'Carpenter' 10-max Seat #5 is the button
Seat 5: simper11 ($120 in chips)
Seat 6: xcgxcg2005 ($178.50 in chips)
simper11: posts small blind $1
xcgxcg2005: posts big blind $3
*** HOLE CARDS ***
simper11: raises $3 to $6
xcgxcg2005: calls $3
*** FLOP *** [Ad 3h 5h]
xcgxcg2005: checks
simper11: checks
*** TURN *** [Ad 3h 5h] [8s]
xcgxcg2005: bets $6
simper11: raises $6 to $12
xcgxcg2005: calls $6
*** RIVER *** [Ad 3h 5h 8s] [Qs]
xcgxcg2005: checks
simper11: bets $6
xcgxcg2005: calls $6
*** SHOW DOWN ***
simper11: shows [5s 8h] (two pair, Eights and Fives)
xcgxcg2005: mucks hand
simper11 collected $47.50 from pot
*** SUMMARY ***
Total pot $48 | Rake $0.50
Board [Ad 3h 5h 8s Qs]
Seat 5: simper11 (button) (small blind) showed [5s 8h] and won ($47.50) with two pair, Eights and Fives
Seat 6: xcgxcg2005 (big blind) mucked


PokerStars Hand #158028689265:  Hold'em Limit ($3/$6 USD) - 2016/09/01 15:09:29 ET
Table 'Carpenter' 10-max Seat #6 is the button
Seat 5: simper11 ($143.50 in chips)
Seat 6: xcgxcg2005 ($154.50 in chips)
xcgxcg2005: posts small blind $1
simper11: posts big blind $3
*** HOLE CARDS ***
xcgxcg2005: calls $2
simper11: checks
*** FLOP *** [6h 7h Ts]
simper11: checks
xcgxcg2005: checks
*** TURN *** [6h 7h Ts] [9d]
simper11: checks
xcgxcg2005: bets $6
simper11: folds
Uncalled bet ($6) returned to xcgxcg2005
xcgxcg2005 collected $5.88 from pot
xcgxcg2005: doesn't show hand
*** SUMMARY ***
Total pot $6 | Rake $0.12
Board [6h 7h Ts 9d]
Seat 5: simper11 (big blind) folded on the Turn
Seat 6: xcgxcg2005 (button) (small blind) collected ($5.88)


PokerStars Hand #158028653928:  Hold'em Limit ($3/$6 USD) - 2016/09/01 15:08:45 ET
Table 'Carpenter' 10-max Seat #5 is the button
Seat 5: simper11 ($121 in chips)
Seat 6: xcgxcg2005 ($158 in chips)
simper11: posts small blind $1
xcgxcg2005: posts big blind $3
*** HOLE CARDS ***
simper11: raises $3 to $6
xcgxcg2005: raises $3 to $9
simper11: calls $3
*** FLOP *** [5s 3h 8h]
xcgxcg2005: bets $3
simper11: calls $3
*** TURN *** [5s 3h 8h] [3c]
xcgxcg2005: bets $6
simper11: calls $6
*** RIVER *** [5s 3h 8h 3c] [As]
xcgxcg2005: bets $6
simper11: folds
Uncalled bet ($6) returned to xcgxcg2005
xcgxcg2005 collected $35.50 from pot
xcgxcg2005: doesn't show hand
*** SUMMARY ***
Total pot $36 | Rake $0.50
Board [5s 3h 8h 3c As]
Seat 5: simper11 (button) (small blind) folded on the River
Seat 6: xcgxcg2005 (big blind) collected ($35.50)


PokerStars Hand #158028667245:  Hold'em Limit ($3/$6 USD) - 2016/09/01 15:09:02 ET
Table 'Carpenter' 10-max Seat #6 is the button
Seat 5: simper11 ($120 in chips)
Seat 6: xcgxcg2005 ($175.50 in chips)
xcgxcg2005: posts small blind $1
simper11: posts big blind $3
*** HOLE CARDS ***
xcgxcg2005: raises $3 to $6
simper11: folds
Uncalled bet ($3) returned to xcgxcg2005
xcgxcg2005 collected $6 from pot
xcgxcg2005: doesn't show hand
*** SUMMARY ***
Total pot $6 | Rake $0
Seat 5: simper11 (big blind) folded before Flop
Seat 6: xcgxcg2005 (button) (small blind) collected ($6)


PokerStars Hand #158028717318:  Hold'em Limit ($3/$6 USD) - 2016/09/01 15:10:03 ET
Table 'Carpenter' 10-max Seat #6 is the button
Seat 5: simper11 ($146.26 in chips)
Seat 6: xcgxcg2005 ($151.38 in chips)
xcgxcg2005: posts small blind $1
simper11: posts big blind $3
*** HOLE CARDS ***
xcgxcg2005: folds
Uncalled bet ($2) returned to simper11
simper11 collected $2 from pot
simper11: doesn't show hand
*** SUMMARY ***
Total pot $2 | Rake $0
Seat 5: simper11 (big blind) collected ($2)
Seat 6: xcgxcg2005 (button) (small blind) folded before Flop


PokerStars Hand #158028713441:  Hold'em Limit ($3/$6 USD) - 2016/09/01 15:09:58 ET
Table 'Carpenter' 10-max Seat #5 is the button
Seat 5: simper11 ($147.26 in chips)
Seat 6: xcgxcg2005 ($150.38 in chips)
simper11: posts small blind $1
xcgxcg2005: posts big blind $3
*** HOLE CARDS ***
simper11: folds
Uncalled bet ($2) returned to xcgxcg2005
xcgxcg2005 collected $2 from pot
xcgxcg2005: doesn't show hand
*** SUMMARY ***
Total pot $2 | Rake $0
Seat 5: simper11 (button) (small blind) folded before Flop
Seat 6: xcgxcg2005 (big blind) collected ($2)


PokerStars Hand #158028721495:  Hold'em Limit ($3/$6 USD) - 2016/09/01 15:10:08 ET
Table 'Carpenter' 10-max Seat #5 is the button
Seat 5: simper11 ($147.26 in chips)
Seat 6: xcgxcg2005 ($150.38 in chips)
simper11: posts small blind $1
xcgxcg2005: posts big blind $3
*** HOLE CARDS ***
simper11: raises $3 to $6
xcgxcg2005: calls $3
*** FLOP *** [Ah 2h Tc]
xcgxcg2005: checks
simper11: bets $3
xcgxcg2005: calls $3
*** TURN *** [Ah 2h Tc] [6d]
xcgxcg2005: checks
simper11: bets $6
xcgxcg2005: calls $6
*** RIVER *** [Ah 2h Tc 6d] [8c]
xcgxcg2005: checks
simper11: bets $6
xcgxcg2005: calls $6
*** SHOW DOWN ***
simper11: shows [As Jc] (a pair of Aces)
xcgxcg2005: mucks hand
simper11 collected $41.50 from pot
*** SUMMARY ***
Total pot $42 | Rake $0.50
Board [Ah 2h Tc 6d 8c]
Seat 5: simper11 (button) (small blind) showed [As Jc] and won ($41.50) with a pair of Aces
Seat 6: xcgxcg2005 (big blind) mucked


PokerStars Hand #158028735543:  Hold'em Limit ($3/$6 USD) - 2016/09/01 15:10:26 ET
Table 'Carpenter' 10-max Seat #6 is the button
Seat 5: simper11 ($167.76 in chips)
Seat 6: xcgxcg2005 ($129.38 in chips)
xcgxcg2005: posts small blind $1
simper11: posts big blind $3
*** HOLE CARDS ***
xcgxcg2005: folds
Uncalled bet ($2) returned to simper11
simper11 collected $2 from pot
simper11: doesn't show hand
*** SUMMARY ***
Total pot $2 | Rake $0
Seat 5: simper11 (big blind) collected ($2)
Seat 6: xcgxcg2005 (button) (small blind) folded before Flop


PokerStars Hand #158028699540:  Hold'em Limit ($3/$6 USD) - 2016/09/01 15:09:41 ET
Table 'Carpenter' 10-max Seat #5 is the button
Seat 5: simper11 ($140.50 in chips)
Seat 6: xcgxcg2005 ($157.38 in chips)
simper11: posts small blind $1
xcgxcg2005: posts big blind $3
*** HOLE CARDS ***
simper11: raises $3 to $6
xcgxcg2005: calls $3
*** FLOP *** [Qd Th 4h]
xcgxcg2005: checks
simper11: bets $3
xcgxcg2005: folds
Uncalled bet ($3) returned to simper11
simper11 collected $11.76 from pot
simper11: doesn't show hand
*** SUMMARY ***
Total pot $12 | Rake $0.24
Board [Qd Th 4h]
Seat 5: simper11 (button) (small blind) collected ($11.76)
Seat 6: xcgxcg2005 (big blind) folded on the Flop


