PokerStars Hand #153502971143:  Hold'em Limit ($3/$6 USD) - 2016/05/18 14:44:12 ET
Table 'Cassini' 6-max Seat #3 is the button
Seat 3: Touran2006 ($46.17 in chips)
Seat 6: Chessnok ($149.63 in chips)
Touran2006: posts small blind $1
Chessnok: posts big blind $3
*** HOLE CARDS ***
Touran2006: raises $3 to $6
Chessnok: raises $3 to $9
Touran2006: calls $3
*** FLOP *** [4d 3h Ks]
Chessnok: bets $3
Touran2006: calls $3
*** TURN *** [4d 3h Ks] [Kh]
Chessnok: checks
Touran2006: bets $6
Chessnok: calls $6
*** RIVER *** [4d 3h Ks Kh] [2d]
Chessnok: checks
Touran2006: checks
*** SHOW DOWN ***
Chessnok: shows [7c Qh] (a pair of Kings)
Touran2006: mucks hand
Chessnok collected $35.50 from pot
*** SUMMARY ***
Total pot $36 | Rake $0.50
Board [4d 3h Ks Kh 2d]
Seat 3: Touran2006 (button) (small blind) mucked
Seat 6: Chessnok (big blind) showed [7c Qh] and won ($35.50) with a pair of Kings


PokerStars Hand #153502963780:  Hold'em Limit ($3/$6 USD) - 2016/05/18 14:44:04 ET
Table 'Cassini' 6-max Seat #6 is the button
Seat 3: Touran2006 ($45.17 in chips)
Seat 6: Chessnok ($150.63 in chips)
Chessnok: posts small blind $1
Touran2006: posts big blind $3
*** HOLE CARDS ***
Chessnok: folds
Uncalled bet ($2) returned to Touran2006
Touran2006 collected $2 from pot
Touran2006: doesn't show hand
*** SUMMARY ***
Total pot $2 | Rake $0
Seat 3: Touran2006 (big blind) collected ($2)
Seat 6: Chessnok (button) (small blind) folded before Flop


PokerStars Hand #153502939848:  Hold'em Limit ($3/$6 USD) - 2016/05/18 14:43:36 ET
Table 'Cassini' 6-max Seat #3 is the button
Seat 3: Touran2006 ($48.17 in chips)
Seat 6: Chessnok ($147.75 in chips)
Touran2006: posts small blind $1
Chessnok: posts big blind $3
*** HOLE CARDS ***
Touran2006: calls $2
Chessnok: checks
*** FLOP *** [8h 3s 3c]
Chessnok: bets $3
Touran2006: folds
Uncalled bet ($3) returned to Chessnok
Chessnok collected $5.88 from pot
Chessnok: doesn't show hand
*** SUMMARY ***
Total pot $6 | Rake $0.12
Board [8h 3s 3c]
Seat 3: Touran2006 (button) (small blind) folded on the Flop
Seat 6: Chessnok (big blind) collected ($5.88)


PokerStars Hand #153503017525:  Hold'em Limit ($3/$6 USD) - 2016/05/18 14:45:05 ET
Table 'Cassini' 6-max Seat #3 is the button
Seat 3: Touran2006 ($25.17 in chips)
Seat 6: Chessnok ($170.13 in chips)
Touran2006: posts small blind $1
Chessnok: posts big blind $3
*** HOLE CARDS ***
Touran2006: calls $2
Chessnok: raises $3 to $6
Touran2006: calls $3
*** FLOP *** [4s Qd 7h]
Chessnok: bets $3
Touran2006: calls $3
*** TURN *** [4s Qd 7h] [Kd]
Chessnok: bets $6
Touran2006: folds
Uncalled bet ($6) returned to Chessnok
Chessnok collected $17.64 from pot
Chessnok: doesn't show hand
*** SUMMARY ***
Total pot $18 | Rake $0.36
Board [4s Qd 7h Kd]
Seat 3: Touran2006 (button) (small blind) folded on the Turn
Seat 6: Chessnok (big blind) collected ($17.64)


PokerStars Hand #153503007914:  Hold'em Limit ($3/$6 USD) - 2016/05/18 14:44:54 ET
Table 'Cassini' 6-max Seat #6 is the button
Seat 3: Touran2006 ($28.17 in chips)
Seat 6: Chessnok ($167.13 in chips)
Chessnok: posts small blind $1
Touran2006: posts big blind $3
*** HOLE CARDS ***
Chessnok: raises $3 to $6
Touran2006: folds
Uncalled bet ($3) returned to Chessnok
Chessnok collected $6 from pot
Chessnok: doesn't show hand
*** SUMMARY ***
Total pot $6 | Rake $0
Seat 3: Touran2006 (big blind) folded before Flop
Seat 6: Chessnok (button) (small blind) collected ($6)


PokerStars Hand #153503032165:  Hold'em Limit ($3/$6 USD) - 2016/05/18 14:45:22 ET
Table 'Cassini' 6-max Seat #6 is the button
Seat 3: Touran2006 ($16.17 in chips)
Seat 6: Chessnok ($178.77 in chips)
Chessnok: posts small blind $1
Touran2006: posts big blind $3
*** HOLE CARDS ***
Chessnok: raises $3 to $6
Touran2006: calls $3
*** FLOP *** [9h 3s Kd]
Touran2006: checks
Chessnok: bets $3
Touran2006: calls $3
*** TURN *** [9h 3s Kd] [9d]
Touran2006: checks
Chessnok: bets $6
Touran2006: folds
Uncalled bet ($6) returned to Chessnok
Chessnok collected $17.64 from pot
Chessnok: doesn't show hand
*** SUMMARY ***
Total pot $18 | Rake $0.36
Board [9h 3s Kd 9d]
Seat 3: Touran2006 (big blind) folded on the Turn
Seat 6: Chessnok (button) (small blind) collected ($17.64)


PokerStars Hand #153503049394:  Hold'em Limit ($3/$6 USD) - 2016/05/18 14:45:42 ET
Table 'Cassini' 6-max Seat #3 is the button
Seat 3: Touran2006 ($7.17 in chips)
Seat 6: Chessnok ($187.41 in chips)
Touran2006: posts small blind $1
Chessnok: posts big blind $3
*** HOLE CARDS ***
Touran2006: raises $3 to $6
Chessnok: calls $3
*** FLOP *** [Ts 4c 5h]
Chessnok: checks
Touran2006: bets $1.17 and is all-in
Chessnok: calls $1.17
*** TURN *** [Ts 4c 5h] [3h]
*** RIVER *** [Ts 4c 5h 3h] [3c]
*** SHOW DOWN ***
Chessnok: shows [5c 6c] (two pair, Fives and Threes)
Touran2006: shows [5s 8h] (two pair, Fives and Threes)
Chessnok collected $7.03 from pot
Touran2006 collected $7.02 from pot
*** SUMMARY ***
Total pot $14.34 | Rake $0.29
Board [Ts 4c 5h 3h 3c]
Seat 3: Touran2006 (button) (small blind) showed [5s 8h] and won ($7.02) with two pair, Fives and Threes
Seat 6: Chessnok (big blind) showed [5c 6c] and won ($7.03) with two pair, Fives and Threes


PokerStars Hand #153503065404:  Hold'em Limit ($3/$6 USD) - 2016/05/18 14:46:00 ET
Table 'Cassini' 6-max Seat #6 is the button
Seat 3: Touran2006 ($7.02 in chips)
Seat 6: Chessnok ($187.27 in chips)
Chessnok: posts small blind $1
Touran2006: posts big blind $3
*** HOLE CARDS ***
Chessnok: raises $3 to $6
Touran2006: raises $1.02 to $7.02 and is all-in
Chessnok: calls $1.02
*** FLOP *** [Qd Ah Kd]
*** TURN *** [Qd Ah Kd] [4d]
*** RIVER *** [Qd Ah Kd 4d] [Jh]
*** SHOW DOWN ***
Touran2006: shows [6d 2d] (a flush, King high)
Chessnok: shows [Ts 8c] (a straight, Ten to Ace)
Touran2006 collected $13.76 from pot
*** SUMMARY ***
Total pot $14.04 | Rake $0.28
Board [Qd Ah Kd 4d Jh]
Seat 3: Touran2006 (big blind) showed [6d 2d] and won ($13.76) with a flush, King high
Seat 6: Chessnok (button) (small blind) showed [Ts 8c] and lost with a straight, Ten to Ace


PokerStars Hand #153503082700:  Hold'em Limit ($3/$6 USD) - 2016/05/18 14:46:21 ET
Table 'Cassini' 6-max Seat #3 is the button
Seat 3: Touran2006 ($13.76 in chips)
Seat 6: Chessnok ($180.25 in chips)
Touran2006: posts small blind $1
Chessnok: posts big blind $3
*** HOLE CARDS ***
Touran2006: calls $2
Chessnok: raises $3 to $6
Touran2006: calls $3
*** FLOP *** [8c 5c 7s]
Chessnok: bets $3
Touran2006: raises $3 to $6
Chessnok: calls $3
*** TURN *** [8c 5c 7s] [Kd]
Chessnok: bets $6
Touran2006: calls $1.76 and is all-in
Uncalled bet ($4.24) returned to Chessnok
*** RIVER *** [8c 5c 7s Kd] [Ac]
*** SHOW DOWN ***
Chessnok: shows [Ts Th] (a pair of Tens)
Touran2006: shows [6h Td] (high card Ace)
Chessnok collected $27.02 from pot
*** SUMMARY ***
Total pot $27.52 | Rake $0.50
Board [8c 5c 7s Kd Ac]
Seat 3: Touran2006 (button) (small blind) showed [6h Td] and lost with high card Ace
Seat 6: Chessnok (big blind) showed [Ts Th] and won ($27.02) with a pair of Tens


