PokerStars Hand #164078777082:  Hold'em Limit ($3/$6 USD) - 2017/01/05 11:48:29 ET
Table 'Cassiopea' 10-max Seat #2 is the button
Seat 1: TinaTurner72 ($119 in chips)
Seat 2: pasha6o ($31 in chips)
pasha6o: posts small blind $1
TinaTurner72: posts big blind $3
*** HOLE CARDS ***
pasha6o: raises $3 to $6
TinaTurner72: calls $3
*** FLOP *** [As 6h Qs]
TinaTurner72: checks
pasha6o: bets $3
TinaTurner72: raises $3 to $6
pasha6o: folds
Uncalled bet ($3) returned to TinaTurner72
TinaTurner72 collected $17.64 from pot
TinaTurner72: doesn't show hand
*** SUMMARY ***
Total pot $18 | Rake $0.36
Board [As 6h Qs]
Seat 1: TinaTurner72 (big blind) collected ($17.64)
Seat 2: pasha6o (button) (small blind) folded on the Flop


PokerStars Hand #164078857184:  Hold'em Limit ($3/$6 USD) - 2017/01/05 11:50:05 ET
Table 'Cassiopea' 10-max Seat #2 is the button
Seat 1: TinaTurner72 ($149.14 in chips)
Seat 2: pasha6o ($30 in chips)
pasha6o: posts small blind $1
TinaTurner72: posts big blind $3
*** HOLE CARDS ***
pasha6o: folds
Uncalled bet ($2) returned to TinaTurner72
TinaTurner72 collected $2 from pot
TinaTurner72: doesn't show hand
*** SUMMARY ***
Total pot $2 | Rake $0
Seat 1: TinaTurner72 (big blind) collected ($2)
Seat 2: pasha6o (button) (small blind) folded before Flop


PokerStars Hand #164078799146:  Hold'em Limit ($3/$6 USD) - 2017/01/05 11:48:55 ET
Table 'Cassiopea' 10-max Seat #1 is the button
Seat 1: TinaTurner72 ($127.64 in chips)
Seat 2: pasha6o ($22 in chips)
TinaTurner72: posts small blind $1
pasha6o: posts big blind $3
*** HOLE CARDS ***
TinaTurner72: raises $3 to $6
pasha6o: calls $3
*** FLOP *** [5d Qs 5c]
pasha6o: checks
TinaTurner72: bets $3
pasha6o: raises $3 to $6
TinaTurner72: calls $3
*** TURN *** [5d Qs 5c] [Js]
pasha6o: bets $6
TinaTurner72: calls $6
*** RIVER *** [5d Qs 5c Js] [Kd]
pasha6o: bets $4 and is all-in
TinaTurner72: calls $4
*** SHOW DOWN ***
pasha6o: shows [7h As] (a pair of Fives)
TinaTurner72: shows [Tc Qc] (two pair, Queens and Fives)
TinaTurner72 collected $43.50 from pot
*** SUMMARY ***
Total pot $44 | Rake $0.50
Board [5d Qs 5c Js Kd]
Seat 1: TinaTurner72 (button) (small blind) showed [Tc Qc] and won ($43.50) with two pair, Queens and Fives
Seat 2: pasha6o (big blind) showed [7h As] and lost with a pair of Fives


PokerStars Hand #164078877174:  Hold'em Limit ($3/$6 USD) - 2017/01/05 11:50:29 ET
Table 'Cassiopea' 10-max Seat #2 is the button
Seat 1: TinaTurner72 ($158.78 in chips)
Seat 2: pasha6o ($20 in chips)
pasha6o: posts small blind $1
TinaTurner72: posts big blind $3
*** HOLE CARDS ***
pasha6o: raises $3 to $6
TinaTurner72: calls $3
*** FLOP *** [Th 3h 6h]
TinaTurner72: checks
pasha6o: bets $3
TinaTurner72: raises $3 to $6
pasha6o: calls $3
*** TURN *** [Th 3h 6h] [7c]
TinaTurner72: bets $6
pasha6o: calls $6
*** RIVER *** [Th 3h 6h 7c] [8h]
TinaTurner72: bets $6
pasha6o: folds
Uncalled bet ($6) returned to TinaTurner72
TinaTurner72 collected $35.50 from pot
TinaTurner72: doesn't show hand
*** SUMMARY ***
Total pot $36 | Rake $0.50
Board [Th 3h 6h 7c 8h]
Seat 1: TinaTurner72 (big blind) collected ($35.50)
Seat 2: pasha6o (button) (small blind) folded on the River


PokerStars Hand #164078861854:  Hold'em Limit ($3/$6 USD) - 2017/01/05 11:50:11 ET
Table 'Cassiopea' 10-max Seat #1 is the button
Seat 1: TinaTurner72 ($150.14 in chips)
Seat 2: pasha6o ($29 in chips)
TinaTurner72: posts small blind $1
pasha6o: posts big blind $3
*** HOLE CARDS ***
TinaTurner72: raises $3 to $6
pasha6o: calls $3
*** FLOP *** [Qs 4c 9h]
pasha6o: checks
TinaTurner72: bets $3
pasha6o: calls $3
*** TURN *** [Qs 4c 9h] [2d]
pasha6o: checks
TinaTurner72: bets $6
pasha6o: folds
Uncalled bet ($6) returned to TinaTurner72
TinaTurner72 collected $17.64 from pot
TinaTurner72: doesn't show hand
*** SUMMARY ***
Total pot $18 | Rake $0.36
Board [Qs 4c 9h 2d]
Seat 1: TinaTurner72 (button) (small blind) collected ($17.64)
Seat 2: pasha6o (big blind) folded on the Turn


PokerStars Hand #164078947993:  Hold'em Limit ($3/$6 USD) - 2017/01/05 11:51:55 ET
Table 'Cassiopea' 10-max Seat #1 is the button
Seat 1: TinaTurner72 ($162.28 in chips)
Seat 2: pasha6o ($45.50 in chips)
TinaTurner72: posts small blind $1
pasha6o: posts big blind $3
*** HOLE CARDS ***
TinaTurner72: raises $3 to $6
pasha6o: folds
Uncalled bet ($3) returned to TinaTurner72
TinaTurner72 collected $6 from pot
TinaTurner72: doesn't show hand
*** SUMMARY ***
Total pot $6 | Rake $0
Seat 1: TinaTurner72 (button) (small blind) collected ($6)
Seat 2: pasha6o (big blind) folded before Flop


PokerStars Hand #164078943328:  Hold'em Limit ($3/$6 USD) - 2017/01/05 11:51:49 ET
Table 'Cassiopea' 10-max Seat #2 is the button
Seat 1: TinaTurner72 ($161.28 in chips)
Seat 2: pasha6o ($46.50 in chips)
pasha6o: posts small blind $1
TinaTurner72: posts big blind $3
*** HOLE CARDS ***
pasha6o: folds
Uncalled bet ($2) returned to TinaTurner72
TinaTurner72 collected $2 from pot
TinaTurner72: doesn't show hand
*** SUMMARY ***
Total pot $2 | Rake $0
Seat 1: TinaTurner72 (big blind) collected ($2)
Seat 2: pasha6o (button) (small blind) folded before Flop


PokerStars Hand #164078919146:  Hold'em Limit ($3/$6 USD) - 2017/01/05 11:51:20 ET
Table 'Cassiopea' 10-max Seat #1 is the button
Seat 1: TinaTurner72 ($176.28 in chips)
Seat 2: pasha6o ($32 in chips)
TinaTurner72: posts small blind $1
pasha6o: posts big blind $3
*** HOLE CARDS ***
TinaTurner72: raises $3 to $6
pasha6o: calls $3
*** FLOP *** [Ad Qh 3d]
pasha6o: checks
TinaTurner72: bets $3
pasha6o: calls $3
*** TURN *** [Ad Qh 3d] [6c]
pasha6o: checks
TinaTurner72: checks
*** RIVER *** [Ad Qh 3d 6c] [7h]
pasha6o: bets $6
TinaTurner72: calls $6
*** SHOW DOWN ***
pasha6o: shows [3c Qs] (two pair, Queens and Threes)
TinaTurner72: mucks hand
pasha6o collected $29.50 from pot
*** SUMMARY ***
Total pot $30 | Rake $0.50
Board [Ad Qh 3d 6c 7h]
Seat 1: TinaTurner72 (button) (small blind) mucked
Seat 2: pasha6o (big blind) showed [3c Qs] and won ($29.50) with two pair, Queens and Threes


PokerStars Hand #164078974931:  Hold'em Limit ($3/$6 USD) - 2017/01/05 11:52:27 ET
Table 'Cassiopea' 10-max Seat #1 is the button
Seat 1: TinaTurner72 ($173.92 in chips)
Seat 2: pasha6o ($33.50 in chips)
TinaTurner72: posts small blind $1
pasha6o: posts big blind $3
*** HOLE CARDS ***
TinaTurner72: raises $3 to $6
pasha6o: calls $3
*** FLOP *** [Qc 2d 5s]
pasha6o: checks
TinaTurner72: bets $3
pasha6o: raises $3 to $6
TinaTurner72: calls $3
*** TURN *** [Qc 2d 5s] [8d]
pasha6o: bets $6
TinaTurner72: calls $6
*** RIVER *** [Qc 2d 5s 8d] [9h]
pasha6o: bets $6
TinaTurner72: calls $6
*** SHOW DOWN ***
pasha6o: shows [5h Qh] (two pair, Queens and Fives)
TinaTurner72: mucks hand
pasha6o collected $47.50 from pot
*** SUMMARY ***
Total pot $48 | Rake $0.50
Board [Qc 2d 5s 8d 9h]
Seat 1: TinaTurner72 (button) (small blind) mucked
Seat 2: pasha6o (big blind) showed [5h Qh] and won ($47.50) with two pair, Queens and Fives


PokerStars Hand #164078957119:  Hold'em Limit ($3/$6 USD) - 2017/01/05 11:52:06 ET
Table 'Cassiopea' 10-max Seat #2 is the button
Seat 1: TinaTurner72 ($165.28 in chips)
Seat 2: pasha6o ($42.50 in chips)
pasha6o: posts small blind $1
TinaTurner72: posts big blind $3
*** HOLE CARDS ***
pasha6o: raises $3 to $6
TinaTurner72: raises $3 to $9
pasha6o: calls $3
*** FLOP *** [Jc Kc 2h]
TinaTurner72: bets $3
pasha6o: folds
Uncalled bet ($3) returned to TinaTurner72
TinaTurner72 collected $17.64 from pot
TinaTurner72: doesn't show hand
*** SUMMARY ***
Total pot $18 | Rake $0.36
Board [Jc Kc 2h]
Seat 1: TinaTurner72 (big blind) collected ($17.64)
Seat 2: pasha6o (button) (small blind) folded on the Flop


PokerStars Hand #164079057207:  Hold'em Limit ($3/$6 USD) - 2017/01/05 11:54:07 ET
Table 'Cassiopea' 10-max Seat #1 is the button
Seat 1: TinaTurner72 ($134.92 in chips)
Seat 2: pasha6o ($71.64 in chips)
TinaTurner72: posts small blind $1
pasha6o: posts big blind $3
*** HOLE CARDS ***
TinaTurner72: raises $3 to $6
pasha6o: folds
Uncalled bet ($3) returned to TinaTurner72
TinaTurner72 collected $6 from pot
TinaTurner72: doesn't show hand
*** SUMMARY ***
Total pot $6 | Rake $0
Seat 1: TinaTurner72 (button) (small blind) collected ($6)
Seat 2: pasha6o (big blind) folded before Flop


PokerStars Hand #164079046669:  Hold'em Limit ($3/$6 USD) - 2017/01/05 11:53:54 ET
Table 'Cassiopea' 10-max Seat #2 is the button
Seat 1: TinaTurner72 ($137.92 in chips)
Seat 2: pasha6o ($68.64 in chips)
pasha6o: posts small blind $1
TinaTurner72: posts big blind $3
*** HOLE CARDS ***
pasha6o: raises $3 to $6
TinaTurner72: folds
Uncalled bet ($3) returned to pasha6o
pasha6o collected $6 from pot
pasha6o: doesn't show hand
*** SUMMARY ***
Total pot $6 | Rake $0
Seat 1: TinaTurner72 (big blind) folded before Flop
Seat 2: pasha6o (button) (small blind) collected ($6)


PokerStars Hand #164079020998:  Hold'em Limit ($3/$6 USD) - 2017/01/05 11:53:23 ET
Table 'Cassiopea' 10-max Seat #1 is the button
Seat 1: TinaTurner72 ($146.92 in chips)
Seat 2: pasha6o ($60 in chips)
TinaTurner72: posts small blind $1
pasha6o: posts big blind $3
*** HOLE CARDS ***
TinaTurner72: raises $3 to $6
pasha6o: calls $3
*** FLOP *** [6c 5s Ks]
pasha6o: checks
TinaTurner72: bets $3
pasha6o: calls $3
*** TURN *** [6c 5s Ks] [6h]
pasha6o: checks
TinaTurner72: checks
*** RIVER *** [6c 5s Ks 6h] [4h]
pasha6o: checks
TinaTurner72: checks
*** SHOW DOWN ***
pasha6o: shows [Ad 3d] (a pair of Sixes)
TinaTurner72: mucks hand
pasha6o collected $17.64 from pot
*** SUMMARY ***
Total pot $18 | Rake $0.36
Board [6c 5s Ks 6h 4h]
Seat 1: TinaTurner72 (button) (small blind) mucked
Seat 2: pasha6o (big blind) showed [Ad 3d] and won ($17.64) with a pair of Sixes


PokerStars Hand #164079009100:  Hold'em Limit ($3/$6 USD) - 2017/01/05 11:53:09 ET
Table 'Cassiopea' 10-max Seat #2 is the button
Seat 1: TinaTurner72 ($149.92 in chips)
Seat 2: pasha6o ($57 in chips)
pasha6o: posts small blind $1
TinaTurner72: posts big blind $3
*** HOLE CARDS ***
pasha6o: raises $3 to $6
TinaTurner72: folds
Uncalled bet ($3) returned to pasha6o
pasha6o collected $6 from pot
pasha6o: doesn't show hand
*** SUMMARY ***
Total pot $6 | Rake $0
Seat 1: TinaTurner72 (big blind) folded before Flop
Seat 2: pasha6o (button) (small blind) collected ($6)


PokerStars Hand #164079067573:  Hold'em Limit ($3/$6 USD) - 2017/01/05 11:54:20 ET
Table 'Cassiopea' 10-max Seat #1 is the button
Seat 1: TinaTurner72 ($138.92 in chips)
Seat 2: pasha6o ($67.64 in chips)
TinaTurner72: posts small blind $1
pasha6o: posts big blind $3
*** HOLE CARDS ***
TinaTurner72: raises $3 to $6
pasha6o: calls $3
*** FLOP *** [Qs Kh Jc]
pasha6o: checks
TinaTurner72: bets $3
pasha6o: raises $3 to $6
TinaTurner72: calls $3
*** TURN *** [Qs Kh Jc] [6h]
pasha6o: bets $6
TinaTurner72: calls $6
*** RIVER *** [Qs Kh Jc 6h] [2s]
pasha6o: bets $6
TinaTurner72: calls $6
*** SHOW DOWN ***
pasha6o: shows [4s Kd] (a pair of Kings)
TinaTurner72: mucks hand
pasha6o collected $47.50 from pot
*** SUMMARY ***
Total pot $48 | Rake $0.50
Board [Qs Kh Jc 6h 2s]
Seat 1: TinaTurner72 (button) (small blind) mucked
Seat 2: pasha6o (big blind) showed [4s Kd] and won ($47.50) with a pair of Kings


PokerStars Hand #164079062602:  Hold'em Limit ($3/$6 USD) - 2017/01/05 11:54:13 ET
Table 'Cassiopea' 10-max Seat #2 is the button
Seat 1: TinaTurner72 ($137.92 in chips)
Seat 2: pasha6o ($68.64 in chips)
pasha6o: posts small blind $1
TinaTurner72: posts big blind $3
*** HOLE CARDS ***
pasha6o: folds
Uncalled bet ($2) returned to TinaTurner72
TinaTurner72 collected $2 from pot
TinaTurner72: doesn't show hand
*** SUMMARY ***
Total pot $2 | Rake $0
Seat 1: TinaTurner72 (big blind) collected ($2)
Seat 2: pasha6o (button) (small blind) folded before Flop


PokerStars Hand #164079129752:  Hold'em Limit ($3/$6 USD) - 2017/01/05 11:55:41 ET
Table 'Cassiopea' 10-max Seat #2 is the button
Seat 1: TinaTurner72 ($120.43 in chips)
Seat 2: pasha6o ($84.89 in chips)
pasha6o: posts small blind $1
TinaTurner72: posts big blind $3
*** HOLE CARDS ***
pasha6o: raises $3 to $6
TinaTurner72: folds
Uncalled bet ($3) returned to pasha6o
pasha6o collected $6 from pot
pasha6o: doesn't show hand
*** SUMMARY ***
Total pot $6 | Rake $0
Seat 1: TinaTurner72 (big blind) folded before Flop
Seat 2: pasha6o (button) (small blind) collected ($6)


PokerStars Hand #164079119691:  Hold'em Limit ($3/$6 USD) - 2017/01/05 11:55:26 ET
Table 'Cassiopea' 10-max Seat #1 is the button
Seat 1: TinaTurner72 ($114.67 in chips)
Seat 2: pasha6o ($90.89 in chips)
TinaTurner72: posts small blind $1
pasha6o: posts big blind $3
*** HOLE CARDS ***
TinaTurner72: raises $3 to $6
pasha6o: calls $3
*** FLOP *** [3h Qh 3s]
pasha6o: checks
TinaTurner72: bets $3
pasha6o: folds
Uncalled bet ($3) returned to TinaTurner72
TinaTurner72 collected $11.76 from pot
TinaTurner72: doesn't show hand
*** SUMMARY ***
Total pot $12 | Rake $0.24
Board [3h Qh 3s]
Seat 1: TinaTurner72 (button) (small blind) collected ($11.76)
Seat 2: pasha6o (big blind) folded on the Flop


PokerStars Hand #164079098320:  Hold'em Limit ($3/$6 USD) - 2017/01/05 11:54:57 ET
Table 'Cassiopea' 10-max Seat #2 is the button
Seat 1: TinaTurner72 ($114.92 in chips)
Seat 2: pasha6o ($91.14 in chips)
pasha6o: posts small blind $1
TinaTurner72: posts big blind $3
*** HOLE CARDS ***
pasha6o: raises $3 to $6
TinaTurner72: calls $3
*** FLOP *** [7h As Qh]
TinaTurner72: checks
pasha6o: bets $3
TinaTurner72: calls $3
*** TURN *** [7h As Qh] [9c]
TinaTurner72: checks
pasha6o: bets $6
TinaTurner72: calls $6
*** RIVER *** [7h As Qh 9c] [8s]
TinaTurner72: checks
pasha6o: bets $6
TinaTurner72: calls $6
*** SHOW DOWN ***
pasha6o: shows [3s Qs] (a pair of Queens)
TinaTurner72: shows [Qd 6d] (a pair of Queens)
TinaTurner72 collected $20.75 from pot
pasha6o collected $20.75 from pot
*** SUMMARY ***
Total pot $42 | Rake $0.50
Board [7h As Qh 9c 8s]
Seat 1: TinaTurner72 (big blind) showed [Qd 6d] and won ($20.75) with a pair of Queens
Seat 2: pasha6o (button) (small blind) showed [3s Qs] and won ($20.75) with a pair of Queens


PokerStars Hand #164079167127:  Hold'em Limit ($3/$6 USD) - 2017/01/05 11:56:35 ET
Table 'Cassiopea' 10-max Seat #2 is the button
Seat 1: TinaTurner72 ($146.93 in chips)
Seat 2: pasha6o ($57.89 in chips)
pasha6o: posts small blind $1
TinaTurner72: posts big blind $3
*** HOLE CARDS ***
pasha6o: raises $3 to $6
TinaTurner72: calls $3
*** FLOP *** [Kc 8c Jh]
TinaTurner72: checks
pasha6o: bets $3
TinaTurner72: calls $3
*** TURN *** [Kc 8c Jh] [Ad]
TinaTurner72: checks
pasha6o: checks
*** RIVER *** [Kc 8c Jh Ad] [2d]
TinaTurner72: checks
pasha6o: bets $6
TinaTurner72: folds
Uncalled bet ($6) returned to pasha6o
pasha6o collected $17.64 from pot
pasha6o: doesn't show hand
*** SUMMARY ***
Total pot $18 | Rake $0.36
Board [Kc 8c Jh Ad 2d]
Seat 1: TinaTurner72 (big blind) folded on the River
Seat 2: pasha6o (button) (small blind) collected ($17.64)


PokerStars Hand #164079162900:  Hold'em Limit ($3/$6 USD) - 2017/01/05 11:56:28 ET
Table 'Cassiopea' 10-max Seat #1 is the button
Seat 1: TinaTurner72 ($147.93 in chips)
Seat 2: pasha6o ($56.89 in chips)
TinaTurner72: posts small blind $1
pasha6o: posts big blind $3
*** HOLE CARDS ***
TinaTurner72: folds
Uncalled bet ($2) returned to pasha6o
pasha6o collected $2 from pot
pasha6o: doesn't show hand
*** SUMMARY ***
Total pot $2 | Rake $0
Seat 1: TinaTurner72 (button) (small blind) folded before Flop
Seat 2: pasha6o (big blind) collected ($2)


PokerStars Hand #164079159168:  Hold'em Limit ($3/$6 USD) - 2017/01/05 11:56:23 ET
Table 'Cassiopea' 10-max Seat #2 is the button
Seat 1: TinaTurner72 ($146.93 in chips)
Seat 2: pasha6o ($57.89 in chips)
pasha6o: posts small blind $1
TinaTurner72: posts big blind $3
*** HOLE CARDS ***
pasha6o: folds
Uncalled bet ($2) returned to TinaTurner72
TinaTurner72 collected $2 from pot
TinaTurner72: doesn't show hand
*** SUMMARY ***
Total pot $2 | Rake $0
Seat 1: TinaTurner72 (big blind) collected ($2)
Seat 2: pasha6o (button) (small blind) folded before Flop


PokerStars Hand #164079134700:  Hold'em Limit ($3/$6 USD) - 2017/01/05 11:55:48 ET
Table 'Cassiopea' 10-max Seat #1 is the button
Seat 1: TinaTurner72 ($117.43 in chips)
Seat 2: pasha6o ($87.89 in chips)
TinaTurner72: posts small blind $1
pasha6o: posts big blind $3
*** HOLE CARDS ***
TinaTurner72: raises $3 to $6
pasha6o: raises $3 to $9
TinaTurner72: calls $3
*** FLOP *** [6d Jc 4s]
pasha6o: bets $3
TinaTurner72: calls $3
*** TURN *** [6d Jc 4s] [As]
pasha6o: bets $6
TinaTurner72: calls $6
*** RIVER *** [6d Jc 4s As] [6s]
pasha6o: bets $6
TinaTurner72: raises $6 to $12
pasha6o: calls $6
*** SHOW DOWN ***
TinaTurner72: shows [2s Ks] (a flush, Ace high)
pasha6o: mucks hand
TinaTurner72 collected $59.50 from pot
*** SUMMARY ***
Total pot $60 | Rake $0.50
Board [6d Jc 4s As 6s]
Seat 1: TinaTurner72 (button) (small blind) showed [2s Ks] and won ($59.50) with a flush, Ace high
Seat 2: pasha6o (big blind) mucked


PokerStars Hand #164079219065:  Hold'em Limit ($3/$6 USD) - 2017/01/05 11:57:48 ET
Table 'Cassiopea' 10-max Seat #1 is the button
Seat 1: TinaTurner72 ($113.93 in chips)
Seat 2: pasha6o ($90.03 in chips)
TinaTurner72: posts small blind $1
pasha6o: posts big blind $3
*** HOLE CARDS ***
TinaTurner72: folds
Uncalled bet ($2) returned to pasha6o
pasha6o collected $2 from pot
pasha6o: doesn't show hand
*** SUMMARY ***
Total pot $2 | Rake $0
Seat 1: TinaTurner72 (button) (small blind) folded before Flop
Seat 2: pasha6o (big blind) collected ($2)


PokerStars Hand #164079200499:  Hold'em Limit ($3/$6 USD) - 2017/01/05 11:57:22 ET
Table 'Cassiopea' 10-max Seat #2 is the button
Seat 1: TinaTurner72 ($140.93 in chips)
Seat 2: pasha6o ($63.53 in chips)
pasha6o: posts small blind $1
TinaTurner72: posts big blind $3
*** HOLE CARDS ***
pasha6o: raises $3 to $6
TinaTurner72: calls $3
*** FLOP *** [8d Kd 4s]
TinaTurner72: checks
pasha6o: bets $3
TinaTurner72: calls $3
*** TURN *** [8d Kd 4s] [Qd]
TinaTurner72: bets $6
pasha6o: raises $6 to $12
TinaTurner72: calls $6
*** RIVER *** [8d Kd 4s Qd] [2s]
TinaTurner72: checks
pasha6o: bets $6
TinaTurner72: calls $6
*** SHOW DOWN ***
pasha6o: shows [Qs Qc] (three of a kind, Queens)
TinaTurner72: mucks hand
pasha6o collected $53.50 from pot
*** SUMMARY ***
Total pot $54 | Rake $0.50
Board [8d Kd 4s Qd 2s]
Seat 1: TinaTurner72 (big blind) mucked
Seat 2: pasha6o (button) (small blind) showed [Qs Qc] and won ($53.50) with three of a kind, Queens


PokerStars Hand #164079195547:  Hold'em Limit ($3/$6 USD) - 2017/01/05 11:57:15 ET
Table 'Cassiopea' 10-max Seat #1 is the button
Seat 1: TinaTurner72 ($137.93 in chips)
Seat 2: pasha6o ($66.53 in chips)
TinaTurner72: posts small blind $1
pasha6o: posts big blind $3
*** HOLE CARDS ***
TinaTurner72: raises $3 to $6
pasha6o: folds
Uncalled bet ($3) returned to TinaTurner72
TinaTurner72 collected $6 from pot
*** SUMMARY ***
Total pot $6 | Rake $0
Seat 1: TinaTurner72 (button) (small blind) collected ($6)
Seat 2: pasha6o (big blind) folded before Flop


PokerStars Hand #164079240365:  Hold'em Limit ($3/$6 USD) - 2017/01/05 11:58:18 ET
Table 'Cassiopea' 10-max Seat #1 is the button
Seat 1: TinaTurner72 ($124.45 in chips)
Seat 2: pasha6o ($79.03 in chips)
TinaTurner72: posts small blind $1
pasha6o: posts big blind $3
*** HOLE CARDS ***
TinaTurner72: raises $3 to $6
pasha6o: raises $3 to $9
TinaTurner72: calls $3
*** FLOP *** [Tc Ts 5d]
pasha6o: bets $3
TinaTurner72: calls $3
*** TURN *** [Tc Ts 5d] [As]
pasha6o: bets $6
TinaTurner72: raises $6 to $12
pasha6o: calls $6
*** RIVER *** [Tc Ts 5d As] [2s]
pasha6o: checks
TinaTurner72: bets $6
pasha6o: calls $6
*** SHOW DOWN ***
TinaTurner72: shows [Th Kc] (three of a kind, Tens)
pasha6o: mucks hand
TinaTurner72 collected $59.50 from pot
*** SUMMARY ***
Total pot $60 | Rake $0.50
Board [Tc Ts 5d As 2s]
Seat 1: TinaTurner72 (button) (small blind) showed [Th Kc] and won ($59.50) with three of a kind, Tens
Seat 2: pasha6o (big blind) mucked


PokerStars Hand #164079224071:  Hold'em Limit ($3/$6 USD) - 2017/01/05 11:57:56 ET
Table 'Cassiopea' 10-max Seat #2 is the button
Seat 1: TinaTurner72 ($112.93 in chips)
Seat 2: pasha6o ($91.03 in chips)
pasha6o: posts small blind $1
TinaTurner72: posts big blind $3
*** HOLE CARDS ***
pasha6o: raises $3 to $6
TinaTurner72: calls $3
*** FLOP *** [7d 5c 9s]
TinaTurner72: checks
pasha6o: checks
*** TURN *** [7d 5c 9s] [Qh]
Aces0fPain joins the table at seat #10
TinaTurner72: checks
pasha6o: checks
*** RIVER *** [7d 5c 9s Qh] [9h]
TinaTurner72: bets $6
pasha6o: calls $6
*** SHOW DOWN ***
TinaTurner72: shows [7h Th] (two pair, Nines and Sevens)
pasha6o: mucks hand
TinaTurner72 collected $23.52 from pot
*** SUMMARY ***
Total pot $24 | Rake $0.48
Board [7d 5c 9s Qh 9h]
Seat 1: TinaTurner72 (big blind) showed [7h Th] and won ($23.52) with two pair, Nines and Sevens
Seat 2: pasha6o (button) (small blind) mucked


PokerStars Hand #164079432571:  Hold'em Limit ($3/$6 USD) - 2017/01/05 12:02:32 ET
Table 'Cassiopea' 10-max Seat #2 is the button
Seat 1: TinaTurner72 ($166.75 in chips)
Seat 2: pasha6o ($78.24 in chips)
pasha6o: posts small blind $1
TinaTurner72: posts big blind $3
*** HOLE CARDS ***
pasha6o: raises $3 to $6
TinaTurner72: calls $3
*** FLOP *** [9c 8h 6c]
Aces0fPain leaves the table
TinaTurner72: checks
pasha6o: bets $3
TinaTurner72: calls $3
*** TURN *** [9c 8h 6c] [6s]
TinaTurner72: checks
pasha6o: bets $6
TinaTurner72: calls $6
*** RIVER *** [9c 8h 6c 6s] [4s]
TinaTurner72: checks
pasha6o: bets $6
TinaTurner72: calls $6
*** SHOW DOWN ***
pasha6o: shows [Kd 9s] (two pair, Nines and Sixes)
TinaTurner72: mucks hand
pasha6o collected $41.50 from pot
*** SUMMARY ***
Total pot $42 | Rake $0.50
Board [9c 8h 6c 6s 4s]
Seat 1: TinaTurner72 (big blind) mucked
Seat 2: pasha6o (button) (small blind) showed [Kd 9s] and won ($41.50) with two pair, Nines and Sixes


PokerStars Hand #164079490348:  Hold'em Limit ($3/$6 USD) - 2017/01/05 12:03:41 ET
Table 'Cassiopea' 10-max Seat #2 is the button
Seat 1: TinaTurner72 ($133.75 in chips)
Seat 2: pasha6o ($110.26 in chips)
pasha6o: posts small blind $1
TinaTurner72: posts big blind $3
*** HOLE CARDS ***
pasha6o: raises $3 to $6
TinaTurner72: calls $3
*** FLOP *** [3c Tc Td]
TinaTurner72: checks
pasha6o: bets $3
TinaTurner72: calls $3
*** TURN *** [3c Tc Td] [Kd]
TinaTurner72: checks
pasha6o: bets $6
TinaTurner72: calls $6
*** RIVER *** [3c Tc Td Kd] [9c]
TinaTurner72: checks
pasha6o: checks
*** SHOW DOWN ***
TinaTurner72: shows [Ah 4d] (a pair of Tens)
pasha6o: shows [4s 4c] (two pair, Tens and Fours)
pasha6o collected $29.50 from pot
*** SUMMARY ***
Total pot $30 | Rake $0.50
Board [3c Tc Td Kd 9c]
Seat 1: TinaTurner72 (big blind) showed [Ah 4d] and lost with a pair of Tens
Seat 2: pasha6o (button) (small blind) showed [4s 4c] and won ($29.50) with two pair, Tens and Fours


PokerStars Hand #164079481447:  Hold'em Limit ($3/$6 USD) - 2017/01/05 12:03:30 ET
Table 'Cassiopea' 10-max Seat #2 is the button
Seat 1: TinaTurner72 ($133.75 in chips)
Seat 2: pasha6o ($110.26 in chips)
pasha6o: posts small blind $1
TinaTurner72: posts big blind $3
*** HOLE CARDS ***
pasha6o: folds
Uncalled bet ($2) returned to TinaTurner72
TinaTurner72 collected $2 from pot
TinaTurner72: doesn't show hand
*** SUMMARY ***
Total pot $2 | Rake $0
Seat 1: TinaTurner72 (big blind) collected ($2)
Seat 2: pasha6o (button) (small blind) folded before Flop


PokerStars Hand #164079459891:  Hold'em Limit ($3/$6 USD) - 2017/01/05 12:03:04 ET
Table 'Cassiopea' 10-max Seat #1 is the button
Seat 1: TinaTurner72 ($145.75 in chips)
Seat 2: pasha6o ($98.74 in chips)
TinaTurner72: posts small blind $1
pasha6o: posts big blind $3
*** HOLE CARDS ***
TinaTurner72: raises $3 to $6
pasha6o: calls $3
*** FLOP *** [9h 3d 2s]
pasha6o: checks
TinaTurner72: bets $3
pasha6o: raises $3 to $6
TinaTurner72: calls $3
*** TURN *** [9h 3d 2s] [Jd]
pasha6o: bets $6
TinaTurner72: folds
Uncalled bet ($6) returned to pasha6o
pasha6o collected $23.52 from pot
pasha6o: doesn't show hand
*** SUMMARY ***
Total pot $24 | Rake $0.48
Board [9h 3d 2s Jd]
Seat 1: TinaTurner72 (button) (small blind) folded on the Turn
Seat 2: pasha6o (big blind) collected ($23.52)


PokerStars Hand #164079485821:  Hold'em Limit ($3/$6 USD) - 2017/01/05 12:03:35 ET
Table 'Cassiopea' 10-max Seat #1 is the button
Seat 1: TinaTurner72 ($134.75 in chips)
Seat 2: pasha6o ($109.26 in chips)
TinaTurner72: posts small blind $1
pasha6o: posts big blind $3
*** HOLE CARDS ***
TinaTurner72: folds
Uncalled bet ($2) returned to pasha6o
pasha6o collected $2 from pot
pasha6o: doesn't show hand
*** SUMMARY ***
Total pot $2 | Rake $0
Seat 1: TinaTurner72 (button) (small blind) folded before Flop
Seat 2: pasha6o (big blind) collected ($2)


PokerStars Hand #164079518664:  Hold'em Limit ($3/$6 USD) - 2017/01/05 12:04:14 ET
Table 'Cassiopea' 10-max Seat #1 is the button
Seat 1: TinaTurner72 ($118.75 in chips)
Seat 2: pasha6o ($124.76 in chips)
TinaTurner72: posts small blind $1
pasha6o: posts big blind $3
*** HOLE CARDS ***
TinaTurner72: raises $3 to $6
pasha6o: folds
Uncalled bet ($3) returned to TinaTurner72
TinaTurner72 collected $6 from pot
TinaTurner72: doesn't show hand
*** SUMMARY ***
Total pot $6 | Rake $0
Seat 1: TinaTurner72 (button) (small blind) collected ($6)
Seat 2: pasha6o (big blind) folded before Flop


PokerStars Hand #164079525556:  Hold'em Limit ($3/$6 USD) - 2017/01/05 12:04:23 ET
Table 'Cassiopea' 10-max Seat #2 is the button
Seat 1: TinaTurner72 ($121.75 in chips)
Seat 2: pasha6o ($121.76 in chips)
pasha6o: posts small blind $1
TinaTurner72: posts big blind $3
*** HOLE CARDS ***
pasha6o: folds
Uncalled bet ($2) returned to TinaTurner72
TinaTurner72 collected $2 from pot
TinaTurner72: doesn't show hand
*** SUMMARY ***
Total pot $2 | Rake $0
Seat 1: TinaTurner72 (big blind) collected ($2)
Seat 2: pasha6o (button) (small blind) folded before Flop


PokerStars Hand #164079533230:  Hold'em Limit ($3/$6 USD) - 2017/01/05 12:04:32 ET
Table 'Cassiopea' 10-max Seat #1 is the button
Seat 1: TinaTurner72 ($122.75 in chips)
Seat 2: pasha6o ($120.76 in chips)
TinaTurner72: posts small blind $1
pasha6o: posts big blind $3
*** HOLE CARDS ***
TinaTurner72: folds
Uncalled bet ($2) returned to pasha6o
pasha6o collected $2 from pot
pasha6o: doesn't show hand
*** SUMMARY ***
Total pot $2 | Rake $0
Seat 1: TinaTurner72 (button) (small blind) folded before Flop
Seat 2: pasha6o (big blind) collected ($2)


