PokerStars Hand #144691695523:  Hold'em Limit ($3/$6 USD) - 2015/12/01 21:18:30 ET
Table 'Cassiopea' 6-max Seat #3 is the button
Seat 3: miss thang32 ($86.50 in chips)
Seat 4: AzureCaper ($77.76 in chips)
miss thang32: posts small blind $1
AzureCaper: posts big blind $3
*** HOLE CARDS ***
miss thang32: raises $3 to $6
AzureCaper: calls $3
*** FLOP *** [Th Ah 9s]
AzureCaper: checks
miss thang32: bets $3
AzureCaper: folds
Uncalled bet ($3) returned to miss thang32
miss thang32 collected $11.76 from pot
miss thang32: doesn't show hand
*** SUMMARY ***
Total pot $12 | Rake $0.24
Board [Th Ah 9s]
Seat 3: miss thang32 (button) (small blind) collected ($11.76)
Seat 4: AzureCaper (big blind) folded on the Flop


PokerStars Hand #144691708355:  Hold'em Limit ($3/$6 USD) - 2015/12/01 21:18:59 ET
Table 'Cassiopea' 6-max Seat #4 is the button
Seat 3: miss thang32 ($91.90 in chips)
Seat 4: AzureCaper ($80.64 in chips)
AzureCaper: posts small blind $1
miss thang32: posts big blind $3
*** HOLE CARDS ***
AzureCaper: raises $3 to $6
miss thang32: raises $3 to $9
AzureCaper: raises $3 to $12
Betting is capped
miss thang32: calls $3
*** FLOP *** [Tc 5d 5s]
miss thang32: checks
AzureCaper: bets $3
miss thang32: calls $3
*** TURN *** [Tc 5d 5s] [8d]
miss thang32: checks
AzureCaper: bets $6
miss thang32: folds
Uncalled bet ($6) returned to AzureCaper
AzureCaper collected $29.50 from pot
AzureCaper: doesn't show hand
*** SUMMARY ***
Total pot $30 | Rake $0.50
Board [Tc 5d 5s 8d]
Seat 3: miss thang32 (big blind) folded on the Turn
Seat 4: AzureCaper (button) (small blind) collected ($29.50)


PokerStars Hand #144691717882:  Hold'em Limit ($3/$6 USD) - 2015/12/01 21:19:21 ET
Table 'Cassiopea' 6-max Seat #4 is the button
Seat 3: miss thang32 ($79.90 in chips)
Seat 4: AzureCaper ($92.14 in chips)
AzureCaper: posts small blind $1
miss thang32: posts big blind $3
*** HOLE CARDS ***
AzureCaper: folds
Uncalled bet ($2) returned to miss thang32
miss thang32 collected $2 from pot
miss thang32: doesn't show hand
*** SUMMARY ***
Total pot $2 | Rake $0
Seat 3: miss thang32 (big blind) collected ($2)
Seat 4: AzureCaper (button) (small blind) folded before Flop


PokerStars Hand #144691715125:  Hold'em Limit ($3/$6 USD) - 2015/12/01 21:19:15 ET
Table 'Cassiopea' 6-max Seat #3 is the button
Seat 3: miss thang32 ($76.90 in chips)
Seat 4: AzureCaper ($95.14 in chips)
miss thang32: posts small blind $1
AzureCaper: posts big blind $3
*** HOLE CARDS ***
miss thang32: raises $3 to $6
AzureCaper: folds
Uncalled bet ($3) returned to miss thang32
miss thang32 collected $6 from pot
miss thang32: doesn't show hand
*** SUMMARY ***
Total pot $6 | Rake $0
Seat 3: miss thang32 (button) (small blind) collected ($6)
Seat 4: AzureCaper (big blind) folded before Flop


PokerStars Hand #144691727690:  Hold'em Limit ($3/$6 USD) - 2015/12/01 21:19:44 ET
Table 'Cassiopea' 6-max Seat #4 is the button
Seat 3: miss thang32 ($59.90 in chips)
Seat 4: AzureCaper ($111.64 in chips)
AzureCaper: posts small blind $1
miss thang32: posts big blind $3
*** HOLE CARDS ***
AzureCaper: folds
Uncalled bet ($2) returned to miss thang32
miss thang32 collected $2 from pot
miss thang32: doesn't show hand
*** SUMMARY ***
Total pot $2 | Rake $0
Seat 3: miss thang32 (big blind) collected ($2)
Seat 4: AzureCaper (button) (small blind) folded before Flop


PokerStars Hand #144691719888:  Hold'em Limit ($3/$6 USD) - 2015/12/01 21:19:26 ET
Table 'Cassiopea' 6-max Seat #3 is the button
Seat 3: miss thang32 ($80.90 in chips)
Seat 4: AzureCaper ($91.14 in chips)
miss thang32: posts small blind $1
AzureCaper: posts big blind $3
*** HOLE CARDS ***
miss thang32: raises $3 to $6
AzureCaper: raises $3 to $9
miss thang32: calls $3
*** FLOP *** [5h 2s Td]
AzureCaper: bets $3
miss thang32: raises $3 to $6
AzureCaper: calls $3
*** TURN *** [5h 2s Td] [Kh]
AzureCaper: checks
miss thang32: checks
*** RIVER *** [5h 2s Td Kh] [5c]
AzureCaper: bets $6
miss thang32: calls $6
*** SHOW DOWN ***
AzureCaper: shows [Kc Jd] (two pair, Kings and Fives)
miss thang32: mucks hand
AzureCaper collected $41.50 from pot
*** SUMMARY ***
Total pot $42 | Rake $0.50
Board [5h 2s Td Kh 5c]
Seat 3: miss thang32 (button) (small blind) mucked
Seat 4: AzureCaper (big blind) showed [Kc Jd] and won ($41.50) with two pair, Kings and Fives


PokerStars Hand #144691704662:  Hold'em Limit ($3/$6 USD) - 2015/12/01 21:18:51 ET
Table 'Cassiopea' 6-max Seat #3 is the button
Seat 3: miss thang32 ($100.90 in chips)
Seat 4: AzureCaper ($72 in chips)
miss thang32: posts small blind $1
AzureCaper: posts big blind $3
*** HOLE CARDS ***
miss thang32: raises $3 to $6
AzureCaper: raises $3 to $9
miss thang32: calls $3
*** FLOP *** [9h Kc Ks]
AzureCaper: bets $3
miss thang32: folds
Uncalled bet ($3) returned to AzureCaper
AzureCaper collected $17.64 from pot
AzureCaper: doesn't show hand
*** SUMMARY ***
Total pot $18 | Rake $0.36
Board [9h Kc Ks]
Seat 3: miss thang32 (button) (small blind) folded on the Flop
Seat 4: AzureCaper (big blind) collected ($17.64)


PokerStars Hand #144691700082:  Hold'em Limit ($3/$6 USD) - 2015/12/01 21:18:40 ET
Table 'Cassiopea' 6-max Seat #4 is the button
Seat 3: miss thang32 ($92.26 in chips)
Seat 4: AzureCaper ($72 in chips)
AzureCaper: posts small blind $1
miss thang32: posts big blind $3
*** HOLE CARDS ***
AzureCaper: raises $3 to $6
miss thang32: calls $3
*** FLOP *** [3h 9h 9s]
miss thang32: checks
AzureCaper: bets $3
miss thang32: raises $3 to $6
AzureCaper: folds
Uncalled bet ($3) returned to miss thang32
miss thang32 collected $17.64 from pot
miss thang32: doesn't show hand
*** SUMMARY ***
Total pot $18 | Rake $0.36
Board [3h 9h 9s]
Seat 3: miss thang32 (big blind) collected ($17.64)
Seat 4: AzureCaper (button) (small blind) folded on the Flop


PokerStars Hand #144691744493:  Hold'em Limit ($3/$6 USD) - 2015/12/01 21:20:22 ET
Table 'Cassiopea' 6-max Seat #3 is the button
Seat 3: miss thang32 ($48.90 in chips)
Seat 4: AzureCaper ($122.14 in chips)
miss thang32: posts small blind $1
AzureCaper: posts big blind $3
*** HOLE CARDS ***
miss thang32: raises $3 to $6
AzureCaper: folds
Uncalled bet ($3) returned to miss thang32
miss thang32 collected $6 from pot
miss thang32: doesn't show hand
*** SUMMARY ***
Total pot $6 | Rake $0
Seat 3: miss thang32 (button) (small blind) collected ($6)
Seat 4: AzureCaper (big blind) folded before Flop


PokerStars Hand #144691732721:  Hold'em Limit ($3/$6 USD) - 2015/12/01 21:19:55 ET
Table 'Cassiopea' 6-max Seat #4 is the button
Seat 3: miss thang32 ($63.90 in chips)
Seat 4: AzureCaper ($107.64 in chips)
AzureCaper: posts small blind $1
miss thang32: posts big blind $3
*** HOLE CARDS ***
AzureCaper: raises $3 to $6
miss thang32: calls $3
*** FLOP *** [4c Ah Qs]
miss thang32: checks
AzureCaper: bets $3
miss thang32: raises $3 to $6
AzureCaper: raises $3 to $9
miss thang32: calls $3
*** TURN *** [4c Ah Qs] [2c]
miss thang32: checks
AzureCaper: bets $6
miss thang32: folds
Uncalled bet ($6) returned to AzureCaper
AzureCaper collected $29.50 from pot
AzureCaper: doesn't show hand
*** SUMMARY ***
Total pot $30 | Rake $0.50
Board [4c Ah Qs 2c]
Seat 3: miss thang32 (big blind) folded on the Turn
Seat 4: AzureCaper (button) (small blind) collected ($29.50)


PokerStars Hand #144691746885:  Hold'em Limit ($3/$6 USD) - 2015/12/01 21:20:28 ET
Table 'Cassiopea' 6-max Seat #4 is the button
Seat 3: miss thang32 ($51.90 in chips)
Seat 4: AzureCaper ($119.14 in chips)
AzureCaper: posts small blind $1
miss thang32: posts big blind $3
*** HOLE CARDS ***
AzureCaper: raises $3 to $6
miss thang32: raises $3 to $9
AzureCaper: calls $3
*** FLOP *** [As 5d 3c]
miss thang32: bets $3
AzureCaper: folds
Uncalled bet ($3) returned to miss thang32
miss thang32 collected $17.64 from pot
miss thang32: doesn't show hand
*** SUMMARY ***
Total pot $18 | Rake $0.36
Board [As 5d 3c]
Seat 3: miss thang32 (big blind) collected ($17.64)
Seat 4: AzureCaper (button) (small blind) folded on the Flop


PokerStars Hand #144691729823:  Hold'em Limit ($3/$6 USD) - 2015/12/01 21:19:48 ET
Table 'Cassiopea' 6-max Seat #3 is the button
Seat 3: miss thang32 ($60.90 in chips)
Seat 4: AzureCaper ($110.64 in chips)
miss thang32: posts small blind $1
AzureCaper: posts big blind $3
*** HOLE CARDS ***
miss thang32: raises $3 to $6
AzureCaper: folds
Uncalled bet ($3) returned to miss thang32
miss thang32 collected $6 from pot
miss thang32: doesn't show hand
*** SUMMARY ***
Total pot $6 | Rake $0
Seat 3: miss thang32 (button) (small blind) collected ($6)
Seat 4: AzureCaper (big blind) folded before Flop


PokerStars Hand #144691756441:  Hold'em Limit ($3/$6 USD) - 2015/12/01 21:20:50 ET
Table 'Cassiopea' 6-max Seat #4 is the button
Seat 3: miss thang32 ($36.54 in chips)
Seat 4: AzureCaper ($133.64 in chips)
AzureCaper: posts small blind $1
miss thang32: posts big blind $3
*** HOLE CARDS ***
AzureCaper: raises $3 to $6
miss thang32: raises $3 to $9
AzureCaper: raises $3 to $12
Betting is capped
miss thang32: calls $3
*** FLOP *** [6c 4d Th]
miss thang32: checks
AzureCaper: bets $3
miss thang32: calls $3
*** TURN *** [6c 4d Th] [3c]
miss thang32: checks
AzureCaper: bets $6
miss thang32: calls $6
*** RIVER *** [6c 4d Th 3c] [3h]
miss thang32: checks
AzureCaper: bets $6
miss thang32: calls $6
*** SHOW DOWN ***
AzureCaper: shows [Tc 9s] (two pair, Tens and Threes)
miss thang32: mucks hand
AzureCaper collected $53.50 from pot
*** SUMMARY ***
Total pot $54 | Rake $0.50
Board [6c 4d Th 3c 3h]
Seat 3: miss thang32 (big blind) mucked
Seat 4: AzureCaper (button) (small blind) showed [Tc 9s] and won ($53.50) with two pair, Tens and Threes


PokerStars Hand #144691771236:  Hold'em Limit ($3/$6 USD) - 2015/12/01 21:21:23 ET
Table 'Cassiopea' 6-max Seat #4 is the button
Seat 3: miss thang32 ($100.54 in chips)
Seat 4: AzureCaper ($150.60 in chips)
AzureCaper: posts small blind $1
miss thang32: posts big blind $3
*** HOLE CARDS ***
AzureCaper: folds
Uncalled bet ($2) returned to miss thang32
miss thang32 collected $2 from pot
miss thang32: doesn't show hand
*** SUMMARY ***
Total pot $2 | Rake $0
Seat 3: miss thang32 (big blind) collected ($2)
Seat 4: AzureCaper (button) (small blind) folded before Flop


PokerStars Hand #144691763723:  Hold'em Limit ($3/$6 USD) - 2015/12/01 21:21:06 ET
Table 'Cassiopea' 6-max Seat #3 is the button
Seat 3: miss thang32 ($9.54 in chips)
Seat 4: AzureCaper ($160.14 in chips)
miss thang32: posts small blind $1
AzureCaper: posts big blind $3
*** HOLE CARDS ***
miss thang32: raises $3 to $6
AzureCaper: raises $3 to $9
miss thang32: raises $0.54 to $9.54 and is all-in
Betting is capped
AzureCaper: calls $0.54
*** FLOP *** [2c 4s 6h]
*** TURN *** [2c 4s 6h] [Ks]
*** RIVER *** [2c 4s 6h Ks] [8d]
*** SHOW DOWN ***
AzureCaper: shows [9s Ah] (high card Ace)
miss thang32: shows [4h Jd] (a pair of Fours)
miss thang32 collected $18.70 from pot
*** SUMMARY ***
Total pot $19.08 | Rake $0.38
Board [2c 4s 6h Ks 8d]
Seat 3: miss thang32 (button) (small blind) showed [4h Jd] and won ($18.70) with a pair of Fours
Seat 4: AzureCaper (big blind) showed [9s Ah] and lost with high card Ace


PokerStars Hand #144691773384:  Hold'em Limit ($3/$6 USD) - 2015/12/01 21:21:28 ET
Table 'Cassiopea' 6-max Seat #3 is the button
Seat 3: miss thang32 ($101.54 in chips)
Seat 4: AzureCaper ($149.60 in chips)
miss thang32: posts small blind $1
AzureCaper: posts big blind $3
*** HOLE CARDS ***
miss thang32: folds
Uncalled bet ($2) returned to AzureCaper
AzureCaper collected $2 from pot
AzureCaper: doesn't show hand
*** SUMMARY ***
Total pot $2 | Rake $0
Seat 3: miss thang32 (button) (small blind) folded before Flop
Seat 4: AzureCaper (big blind) collected ($2)


PokerStars Hand #144691750850:  Hold'em Limit ($3/$6 USD) - 2015/12/01 21:20:37 ET
Table 'Cassiopea' 6-max Seat #3 is the button
Seat 3: miss thang32 ($60.54 in chips)
Seat 4: AzureCaper ($110.14 in chips)
miss thang32: posts small blind $1
AzureCaper: posts big blind $3
*** HOLE CARDS ***
miss thang32: raises $3 to $6
AzureCaper: raises $3 to $9
miss thang32: calls $3
*** FLOP *** [Tc Jd 3s]
AzureCaper: bets $3
miss thang32: calls $3
*** TURN *** [Tc Jd 3s] [8d]
AzureCaper: bets $6
miss thang32: raises $6 to $12
AzureCaper: calls $6
*** RIVER *** [Tc Jd 3s 8d] [Qc]
AzureCaper: checks
miss thang32: checks
*** SHOW DOWN ***
AzureCaper: shows [Kd Th] (a pair of Tens)
miss thang32: mucks hand
AzureCaper collected $47.50 from pot
*** SUMMARY ***
Total pot $48 | Rake $0.50
Board [Tc Jd 3s 8d Qc]
Seat 3: miss thang32 (button) (small blind) mucked
Seat 4: AzureCaper (big blind) showed [Kd Th] and won ($47.50) with a pair of Tens


PokerStars Hand #144691775577:  Hold'em Limit ($3/$6 USD) - 2015/12/01 21:21:33 ET
Table 'Cassiopea' 6-max Seat #4 is the button
Seat 3: miss thang32 ($100.54 in chips)
Seat 4: AzureCaper ($150.60 in chips)
AzureCaper: posts small blind $1
miss thang32: posts big blind $3
*** HOLE CARDS ***
AzureCaper: raises $3 to $6
miss thang32: calls $3
*** FLOP *** [9h Ah 6c]
miss thang32: checks
AzureCaper: bets $3
miss thang32: folds
Uncalled bet ($3) returned to AzureCaper
AzureCaper collected $11.76 from pot
AzureCaper: doesn't show hand
*** SUMMARY ***
Total pot $12 | Rake $0.24
Board [9h Ah 6c]
Seat 3: miss thang32 (big blind) folded on the Flop
Seat 4: AzureCaper (button) (small blind) collected ($11.76)


PokerStars Hand #144691780403:  Hold'em Limit ($3/$6 USD) - 2015/12/01 21:21:44 ET
Table 'Cassiopea' 6-max Seat #3 is the button
Seat 3: miss thang32 ($94.54 in chips)
Seat 4: AzureCaper ($156.36 in chips)
miss thang32: posts small blind $1
AzureCaper: posts big blind $3
*** HOLE CARDS ***
miss thang32: raises $3 to $6
AzureCaper: folds
Uncalled bet ($3) returned to miss thang32
miss thang32 collected $6 from pot
miss thang32: doesn't show hand
*** SUMMARY ***
Total pot $6 | Rake $0
Seat 3: miss thang32 (button) (small blind) collected ($6)
Seat 4: AzureCaper (big blind) folded before Flop


PokerStars Hand #144691783323:  Hold'em Limit ($3/$6 USD) - 2015/12/01 21:21:51 ET
Table 'Cassiopea' 6-max Seat #4 is the button
Seat 3: miss thang32 ($97.54 in chips)
Seat 4: AzureCaper ($153.36 in chips)
AzureCaper: posts small blind $1
miss thang32: posts big blind $3
*** HOLE CARDS ***
AzureCaper: raises $3 to $6
miss thang32: raises $3 to $9
AzureCaper: calls $3
*** FLOP *** [7h As 3c]
miss thang32: bets $3
AzureCaper: folds
Uncalled bet ($3) returned to miss thang32
miss thang32 collected $17.64 from pot
miss thang32: doesn't show hand
*** SUMMARY ***
Total pot $18 | Rake $0.36
Board [7h As 3c]
Seat 3: miss thang32 (big blind) collected ($17.64)
Seat 4: AzureCaper (button) (small blind) folded on the Flop


PokerStars Hand #144691793389:  Hold'em Limit ($3/$6 USD) - 2015/12/01 21:22:14 ET
Table 'Cassiopea' 6-max Seat #3 is the button
Seat 3: miss thang32 ($103.18 in chips)
Seat 4: AzureCaper ($147.12 in chips)
miss thang32: posts small blind $1
AzureCaper: posts big blind $3
*** HOLE CARDS ***
miss thang32: raises $3 to $6
AzureCaper: folds
Uncalled bet ($3) returned to miss thang32
miss thang32 collected $6 from pot
miss thang32: doesn't show hand
*** SUMMARY ***
Total pot $6 | Rake $0
Seat 3: miss thang32 (button) (small blind) collected ($6)
Seat 4: AzureCaper (big blind) folded before Flop


PokerStars Hand #144691789871:  Hold'em Limit ($3/$6 USD) - 2015/12/01 21:22:06 ET
Table 'Cassiopea' 6-max Seat #4 is the button
Seat 3: miss thang32 ($109.18 in chips)
Seat 4: AzureCaper ($141.36 in chips)
AzureCaper: posts small blind $1
miss thang32: posts big blind $3
*** HOLE CARDS ***
AzureCaper: raises $3 to $6
miss thang32: calls $3
*** FLOP *** [Qh 7h 2s]
miss thang32: checks
AzureCaper: bets $3
miss thang32: folds
Uncalled bet ($3) returned to AzureCaper
AzureCaper collected $11.76 from pot
AzureCaper: doesn't show hand
*** SUMMARY ***
Total pot $12 | Rake $0.24
Board [Qh 7h 2s]
Seat 3: miss thang32 (big blind) folded on the Flop
Seat 4: AzureCaper (button) (small blind) collected ($11.76)


PokerStars Hand #144691795783:  Hold'em Limit ($3/$6 USD) - 2015/12/01 21:22:20 ET
Table 'Cassiopea' 6-max Seat #4 is the button
Seat 3: miss thang32 ($106.18 in chips)
Seat 4: AzureCaper ($144.12 in chips)
AzureCaper: posts small blind $1
miss thang32: posts big blind $3
*** HOLE CARDS ***
AzureCaper: raises $3 to $6
miss thang32: calls $3
*** FLOP *** [8d 8s 6c]
miss thang32: checks
AzureCaper: bets $3
miss thang32: raises $3 to $6
AzureCaper: calls $3
*** TURN *** [8d 8s 6c] [Th]
miss thang32: checks
AzureCaper: checks
*** RIVER *** [8d 8s 6c Th] [6d]
miss thang32: bets $6
AzureCaper: calls $6
*** SHOW DOWN ***
miss thang32: shows [Kc 6h] (a full house, Sixes full of Eights)
AzureCaper: mucks hand
miss thang32 collected $35.50 from pot
*** SUMMARY ***
Total pot $36 | Rake $0.50
Board [8d 8s 6c Th 6d]
Seat 3: miss thang32 (big blind) showed [Kc 6h] and won ($35.50) with a full house, Sixes full of Eights
Seat 4: AzureCaper (button) (small blind) mucked


PokerStars Hand #144691802341:  Hold'em Limit ($3/$6 USD) - 2015/12/01 21:22:35 ET
Table 'Cassiopea' 6-max Seat #3 is the button
Seat 3: miss thang32 ($123.68 in chips)
Seat 4: AzureCaper ($126.12 in chips)
miss thang32: posts small blind $1
AzureCaper: posts big blind $3
*** HOLE CARDS ***
miss thang32: raises $3 to $6
AzureCaper: raises $3 to $9
miss thang32: calls $3
*** FLOP *** [3h 8c 3s]
AzureCaper: bets $3
miss thang32: calls $3
*** TURN *** [3h 8c 3s] [Qs]
AzureCaper: bets $6
miss thang32: calls $6
*** RIVER *** [3h 8c 3s Qs] [9s]
AzureCaper: bets $6
miss thang32: calls $6
*** SHOW DOWN ***
AzureCaper: shows [9h Th] (two pair, Nines and Threes)
miss thang32: mucks hand
AzureCaper collected $47.50 from pot
*** SUMMARY ***
Total pot $48 | Rake $0.50
Board [3h 8c 3s Qs 9s]
Seat 3: miss thang32 (button) (small blind) mucked
Seat 4: AzureCaper (big blind) showed [9h Th] and won ($47.50) with two pair, Nines and Threes


PokerStars Hand #144691815741:  Hold'em Limit ($3/$6 USD) - 2015/12/01 21:23:05 ET
Table 'Cassiopea' 6-max Seat #3 is the button
Seat 3: miss thang32 ($69.68 in chips)
Seat 4: AzureCaper ($179.12 in chips)
miss thang32: posts small blind $1
AzureCaper: posts big blind $3
*** HOLE CARDS ***
miss thang32: raises $3 to $6
AzureCaper: folds
Uncalled bet ($3) returned to miss thang32
miss thang32 collected $6 from pot
miss thang32: doesn't show hand
*** SUMMARY ***
Total pot $6 | Rake $0
Seat 3: miss thang32 (button) (small blind) collected ($6)
Seat 4: AzureCaper (big blind) folded before Flop


PokerStars Hand #144691817720:  Hold'em Limit ($3/$6 USD) - 2015/12/01 21:23:10 ET
Table 'Cassiopea' 6-max Seat #4 is the button
Seat 3: miss thang32 ($72.68 in chips)
Seat 4: AzureCaper ($176.12 in chips)
AzureCaper: posts small blind $1
miss thang32: posts big blind $3
*** HOLE CARDS ***
AzureCaper: raises $3 to $6
miss thang32: raises $3 to $9
AzureCaper: raises $3 to $12
Betting is capped
miss thang32: calls $3
*** FLOP *** [5h 4d 7d]
miss thang32: checks
AzureCaper: bets $3
miss thang32: raises $3 to $6
AzureCaper: calls $3
*** TURN *** [5h 4d 7d] [2d]
miss thang32: bets $6
AzureCaper: calls $6
*** RIVER *** [5h 4d 7d 2d] [4c]
miss thang32: bets $6
AzureCaper: calls $6
*** SHOW DOWN ***
miss thang32: shows [Kd Kh] (two pair, Kings and Fours)
AzureCaper: mucks hand
miss thang32 collected $59.50 from pot
*** SUMMARY ***
Total pot $60 | Rake $0.50
Board [5h 4d 7d 2d 4c]
Seat 3: miss thang32 (big blind) showed [Kd Kh] and won ($59.50) with two pair, Kings and Fours
Seat 4: AzureCaper (button) (small blind) mucked


PokerStars Hand #144691823836:  Hold'em Limit ($3/$6 USD) - 2015/12/01 21:23:24 ET
Table 'Cassiopea' 6-max Seat #3 is the button
Seat 3: miss thang32 ($102.18 in chips)
Seat 4: AzureCaper ($146.12 in chips)
miss thang32: posts small blind $1
AzureCaper: posts big blind $3
*** HOLE CARDS ***
miss thang32: raises $3 to $6
AzureCaper: calls $3
*** FLOP *** [9c 3h Jd]
AzureCaper: checks
miss thang32: bets $3
AzureCaper: calls $3
*** TURN *** [9c 3h Jd] [6d]
AzureCaper: checks
miss thang32: bets $6
AzureCaper: folds
Uncalled bet ($6) returned to miss thang32
miss thang32 collected $17.64 from pot
miss thang32: doesn't show hand
*** SUMMARY ***
Total pot $18 | Rake $0.36
Board [9c 3h Jd 6d]
Seat 3: miss thang32 (button) (small blind) collected ($17.64)
Seat 4: AzureCaper (big blind) folded on the Turn


PokerStars Hand #144691828909:  Hold'em Limit ($3/$6 USD) - 2015/12/01 21:23:35 ET
Table 'Cassiopea' 6-max Seat #4 is the button
Seat 3: miss thang32 ($110.82 in chips)
Seat 4: AzureCaper ($137.12 in chips)
AzureCaper: posts small blind $1
miss thang32: posts big blind $3
*** HOLE CARDS ***
AzureCaper: raises $3 to $6
miss thang32: raises $3 to $9
AzureCaper: calls $3
*** FLOP *** [9d 2s Qd]
miss thang32: bets $3
AzureCaper: folds
Uncalled bet ($3) returned to miss thang32
miss thang32 collected $17.64 from pot
miss thang32: doesn't show hand
*** SUMMARY ***
Total pot $18 | Rake $0.36
Board [9d 2s Qd]
Seat 3: miss thang32 (big blind) collected ($17.64)
Seat 4: AzureCaper (button) (small blind) folded on the Flop


PokerStars Hand #144691832246:  Hold'em Limit ($3/$6 USD) - 2015/12/01 21:23:43 ET
Table 'Cassiopea' 6-max Seat #3 is the button
Seat 3: miss thang32 ($119.46 in chips)
Seat 4: AzureCaper ($128.12 in chips)
miss thang32: posts small blind $1
AzureCaper: posts big blind $3
*** HOLE CARDS ***
miss thang32: raises $3 to $6
AzureCaper: folds
Uncalled bet ($3) returned to miss thang32
miss thang32 collected $6 from pot
miss thang32: doesn't show hand
*** SUMMARY ***
Total pot $6 | Rake $0
Seat 3: miss thang32 (button) (small blind) collected ($6)
Seat 4: AzureCaper (big blind) folded before Flop


PokerStars Hand #144691835732:  Hold'em Limit ($3/$6 USD) - 2015/12/01 21:23:51 ET
Table 'Cassiopea' 6-max Seat #4 is the button
Seat 3: miss thang32 ($122.46 in chips)
Seat 4: AzureCaper ($125.12 in chips)
AzureCaper: posts small blind $1
miss thang32: posts big blind $3
*** HOLE CARDS ***
AzureCaper: raises $3 to $6
miss thang32: calls $3
*** FLOP *** [7c Tc Ah]
miss thang32: checks
AzureCaper: bets $3
miss thang32: raises $3 to $6
AzureCaper: raises $3 to $9
miss thang32: calls $3
*** TURN *** [7c Tc Ah] [Jh]
miss thang32: checks
AzureCaper: bets $6
miss thang32: raises $6 to $12
AzureCaper: calls $6
*** RIVER *** [7c Tc Ah Jh] [2s]
miss thang32: checks
AzureCaper: checks
*** SHOW DOWN ***
miss thang32: shows [Th Kh] (a pair of Tens)
AzureCaper: shows [8s Ad] (a pair of Aces)
AzureCaper collected $53.50 from pot
*** SUMMARY ***
Total pot $54 | Rake $0.50
Board [7c Tc Ah Jh 2s]
Seat 3: miss thang32 (big blind) showed [Th Kh] and lost with a pair of Tens
Seat 4: AzureCaper (button) (small blind) showed [8s Ad] and won ($53.50) with a pair of Aces


PokerStars Hand #144691842374:  Hold'em Limit ($3/$6 USD) - 2015/12/01 21:24:06 ET
Table 'Cassiopea' 6-max Seat #3 is the button
Seat 3: miss thang32 ($95.46 in chips)
Seat 4: AzureCaper ($151.62 in chips)
miss thang32: posts small blind $1
AzureCaper: posts big blind $3
*** HOLE CARDS ***
miss thang32: raises $3 to $6
AzureCaper: calls $3
*** FLOP *** [3h 2d 2s]
AzureCaper: checks
miss thang32: bets $3
AzureCaper: folds
Uncalled bet ($3) returned to miss thang32
miss thang32 collected $11.76 from pot
miss thang32: doesn't show hand
*** SUMMARY ***
Total pot $12 | Rake $0.24
Board [3h 2d 2s]
Seat 3: miss thang32 (button) (small blind) collected ($11.76)
Seat 4: AzureCaper (big blind) folded on the Flop


PokerStars Hand #144691851798:  Hold'em Limit ($3/$6 USD) - 2015/12/01 21:24:28 ET
Table 'Cassiopea' 6-max Seat #4 is the button
Seat 3: miss thang32 ($101.22 in chips)
Seat 4: AzureCaper ($145.62 in chips)
AzureCaper: posts small blind $1
miss thang32: posts big blind $3
*** HOLE CARDS ***
AzureCaper: raises $3 to $6
miss thang32: folds
Uncalled bet ($3) returned to AzureCaper
AzureCaper collected $6 from pot
AzureCaper: doesn't show hand
*** SUMMARY ***
Total pot $6 | Rake $0
Seat 3: miss thang32 (big blind) folded before Flop
Seat 4: AzureCaper (button) (small blind) collected ($6)


PokerStars Hand #144691863249:  Hold'em Limit ($3/$6 USD) - 2015/12/01 21:24:55 ET
Table 'Cassiopea' 6-max Seat #4 is the button
Seat 3: miss thang32 ($121.72 in chips)
Seat 4: AzureCaper ($124.62 in chips)
AzureCaper: posts small blind $1
miss thang32: posts big blind $3
*** HOLE CARDS ***
AzureCaper: folds
Uncalled bet ($2) returned to miss thang32
miss thang32 collected $2 from pot
miss thang32: doesn't show hand
*** SUMMARY ***
Total pot $2 | Rake $0
Seat 3: miss thang32 (big blind) collected ($2)
Seat 4: AzureCaper (button) (small blind) folded before Flop


PokerStars Hand #144691854101:  Hold'em Limit ($3/$6 USD) - 2015/12/01 21:24:34 ET
Table 'Cassiopea' 6-max Seat #3 is the button
Seat 3: miss thang32 ($98.22 in chips)
Seat 4: AzureCaper ($148.62 in chips)
miss thang32: posts small blind $1
AzureCaper: posts big blind $3
*** HOLE CARDS ***
miss thang32: raises $3 to $6
AzureCaper: calls $3
*** FLOP *** [8d 5c 3c]
AzureCaper: checks
miss thang32: bets $3
AzureCaper: raises $3 to $6
miss thang32: raises $3 to $9
AzureCaper: raises $3 to $12
Betting is capped
miss thang32: calls $3
*** TURN *** [8d 5c 3c] [Ac]
AzureCaper: bets $6
miss thang32: calls $6
*** RIVER *** [8d 5c 3c Ac] [Qc]
AzureCaper: checks
miss thang32: bets $6
AzureCaper: folds
Uncalled bet ($6) returned to miss thang32
miss thang32 collected $47.50 from pot
miss thang32: doesn't show hand
*** SUMMARY ***
Total pot $48 | Rake $0.50
Board [8d 5c 3c Ac Qc]
Seat 3: miss thang32 (button) (small blind) collected ($47.50)
Seat 4: AzureCaper (big blind) folded on the River


