PokerStars Hand #160821336723:  Hold'em Limit ($3/$6 USD) - 2016/11/02 23:22:55 ET
Table 'Cassiopea' 6-max Seat #4 is the button
Seat 3: Scheubi88 ($108 in chips)
Seat 4: hairy1961 ($61.50 in chips)
hairy1961: posts small blind $1
Scheubi88: posts big blind $3
*** HOLE CARDS ***
hairy1961: folds
Uncalled bet ($2) returned to Scheubi88
Scheubi88 collected $2 from pot
Scheubi88: doesn't show hand
*** SUMMARY ***
Total pot $2 | Rake $0
Seat 3: Scheubi88 (big blind) collected ($2)
Seat 4: hairy1961 (button) (small blind) folded before Flop


PokerStars Hand #160821330596:  Hold'em Limit ($3/$6 USD) - 2016/11/02 23:22:35 ET
Table 'Cassiopea' 6-max Seat #3 is the button
Seat 3: Scheubi88 ($105 in chips)
Seat 4: hairy1961 ($64.50 in chips)
Scheubi88: posts small blind $1
hairy1961: posts big blind $3
*** HOLE CARDS ***
Scheubi88: raises $3 to $6
hairy1961: folds
Uncalled bet ($3) returned to Scheubi88
Scheubi88 collected $6 from pot
Scheubi88: doesn't show hand
*** SUMMARY ***
Total pot $6 | Rake $0
Seat 3: Scheubi88 (button) (small blind) collected ($6)
Seat 4: hairy1961 (big blind) folded before Flop


PokerStars Hand #160821321357:  Hold'em Limit ($3/$6 USD) - 2016/11/02 23:22:05 ET
Table 'Cassiopea' 6-max Seat #4 is the button
Seat 3: Scheubi88 ($120 in chips)
Seat 4: hairy1961 ($50 in chips)
hairy1961: posts small blind $1
Scheubi88: posts big blind $3
*** HOLE CARDS ***
hairy1961: raises $3 to $6
Scheubi88: calls $3
*** FLOP *** [Qc Tc 9s]
Scheubi88: checks
hairy1961: bets $3
Scheubi88: calls $3
*** TURN *** [Qc Tc 9s] [7h]
Scheubi88: checks
hairy1961: bets $6
Scheubi88: calls $6
*** RIVER *** [Qc Tc 9s 7h] [2s]
Scheubi88: checks
hairy1961: bets $6
Scheubi88: folds
Uncalled bet ($6) returned to hairy1961
hairy1961 collected $29.50 from pot
*** SUMMARY ***
Total pot $30 | Rake $0.50
Board [Qc Tc 9s 7h 2s]
Seat 3: Scheubi88 (big blind) folded on the River
Seat 4: hairy1961 (button) (small blind) collected ($29.50)


PokerStars Hand #160821319628:  Hold'em Limit ($3/$6 USD) - 2016/11/02 23:21:59 ET
Table 'Cassiopea' 6-max Seat #3 is the button
Seat 3: Scheubi88 ($121 in chips)
Seat 4: hairy1961 ($49 in chips)
Scheubi88: posts small blind $1
hairy1961: posts big blind $3
*** HOLE CARDS ***
Scheubi88: folds
Uncalled bet ($2) returned to hairy1961
hairy1961 collected $2 from pot
*** SUMMARY ***
Total pot $2 | Rake $0
Seat 3: Scheubi88 (button) (small blind) folded before Flop
Seat 4: hairy1961 (big blind) collected ($2)


PokerStars Hand #160821345708:  Hold'em Limit ($3/$6 USD) - 2016/11/02 23:23:25 ET
Table 'Cassiopea' 6-max Seat #3 is the button
Seat 3: Scheubi88 ($102 in chips)
Seat 4: hairy1961 ($67.26 in chips)
Scheubi88: posts small blind $1
hairy1961: posts big blind $3
*** HOLE CARDS ***
Scheubi88: raises $3 to $6
hairy1961: calls $3
*** FLOP *** [Tc 7c 4s]
hairy1961: checks
Scheubi88: bets $3
hairy1961: calls $3
*** TURN *** [Tc 7c 4s] [8c]
hairy1961: checks
Scheubi88: checks
*** RIVER *** [Tc 7c 4s 8c] [Ac]
hairy1961: bets $6
aceduffy5 joins the table at seat #2
Scheubi88: folds
Uncalled bet ($6) returned to hairy1961
hairy1961 collected $17.64 from pot
*** SUMMARY ***
Total pot $18 | Rake $0.36
Board [Tc 7c 4s 8c Ac]
Seat 3: Scheubi88 (button) (small blind) folded on the River
Seat 4: hairy1961 (big blind) collected ($17.64)


PokerStars Hand #160821341619:  Hold'em Limit ($3/$6 USD) - 2016/11/02 23:23:11 ET
Table 'Cassiopea' 6-max Seat #4 is the button
Seat 3: Scheubi88 ($108 in chips)
Seat 4: hairy1961 ($61.50 in chips)
hairy1961: posts small blind $1
Scheubi88: posts big blind $3
*** HOLE CARDS ***
hairy1961: raises $3 to $6
Scheubi88: calls $3
*** FLOP *** [4h 8s Kd]
Scheubi88: checks
hairy1961: bets $3
Scheubi88: folds
Uncalled bet ($3) returned to hairy1961
hairy1961 collected $11.76 from pot
*** SUMMARY ***
Total pot $12 | Rake $0.24
Board [4h 8s Kd]
Seat 3: Scheubi88 (big blind) folded on the Flop
Seat 4: hairy1961 (button) (small blind) collected ($11.76)


PokerStars Hand #160821338348:  Hold'em Limit ($3/$6 USD) - 2016/11/02 23:23:00 ET
Table 'Cassiopea' 6-max Seat #3 is the button
Seat 3: Scheubi88 ($109 in chips)
Seat 4: hairy1961 ($60.50 in chips)
Scheubi88: posts small blind $1
hairy1961: posts big blind $3
*** HOLE CARDS ***
Scheubi88: folds
Uncalled bet ($2) returned to hairy1961
hairy1961 collected $2 from pot
*** SUMMARY ***
Total pot $2 | Rake $0
Seat 3: Scheubi88 (button) (small blind) folded before Flop
Seat 4: hairy1961 (big blind) collected ($2)


PokerStars Hand #160821419739:  Hold'em Limit ($3/$6 USD) - 2016/11/02 23:27:19 ET
Table 'Cassiopea' 6-max Seat #3 is the button
Seat 3: Scheubi88 ($66.99 in chips)
Seat 5: msivokho ($136.56 in chips)
Scheubi88: posts small blind $1
hairy1961: is sitting out
msivokho: posts big blind $3
hairy1961 leaves the table
*** HOLE CARDS ***
Scheubi88: raises $3 to $6
msivokho: folds
Uncalled bet ($3) returned to Scheubi88
Scheubi88 collected $6 from pot
Scheubi88: doesn't show hand
*** SUMMARY ***
Total pot $6 | Rake $0
Seat 3: Scheubi88 (button) (small blind) collected ($6)
Seat 5: msivokho (big blind) folded before Flop


PokerStars Hand #160821532158:  Hold'em Limit ($3/$6 USD) - 2016/11/02 23:33:41 ET
Table 'Cassiopea' 6-max Seat #1 is the button
Seat 1: IhateacesAA ($67.99 in chips)
Seat 3: Scheubi88 ($121 in chips)
IhateacesAA: posts small blind $1
Scheubi88: posts big blind $3
*** HOLE CARDS ***
IhateacesAA: raises $3 to $6
Scheubi88: folds
Uncalled bet ($3) returned to IhateacesAA
IhateacesAA collected $6 from pot
*** SUMMARY ***
Total pot $6 | Rake $0
Seat 1: IhateacesAA (button) (small blind) collected ($6)
Seat 3: Scheubi88 (big blind) folded before Flop


PokerStars Hand #160821535084:  Hold'em Limit ($3/$6 USD) - 2016/11/02 23:33:51 ET
Table 'Cassiopea' 6-max Seat #3 is the button
Seat 1: IhateacesAA ($70.99 in chips)
Seat 3: Scheubi88 ($118 in chips)
Scheubi88: posts small blind $1
IhateacesAA: posts big blind $3
*** HOLE CARDS ***
Scheubi88: raises $3 to $6
IhateacesAA: calls $3
*** FLOP *** [4h 9c 6c]
IhateacesAA: checks
Scheubi88: bets $3
IhateacesAA: calls $3
*** TURN *** [4h 9c 6c] [9h]
IhateacesAA: checks
Scheubi88: checks
*** RIVER *** [4h 9c 6c 9h] [7d]
IhateacesAA: bets $6
Scheubi88: calls $6
*** SHOW DOWN ***
IhateacesAA: shows [8h Jc] (a pair of Nines)
Scheubi88: shows [4d 8c] (two pair, Nines and Fours)
Scheubi88 collected $29.50 from pot
*** SUMMARY ***
Total pot $30 | Rake $0.50
Board [4h 9c 6c 9h 7d]
Seat 1: IhateacesAA (big blind) showed [8h Jc] and lost with a pair of Nines
Seat 3: Scheubi88 (button) (small blind) showed [4d 8c] and won ($29.50) with two pair, Nines and Fours


PokerStars Hand #160821557943:  Hold'em Limit ($3/$6 USD) - 2016/11/02 23:35:10 ET
Table 'Cassiopea' 6-max Seat #3 is the button
Seat 1: IhateacesAA ($76.49 in chips)
Seat 3: Scheubi88 ($111.50 in chips)
Scheubi88: posts small blind $1
IhateacesAA: posts big blind $3
*** HOLE CARDS ***
Scheubi88: raises $3 to $6
IhateacesAA: calls $3
*** FLOP *** [6s 9d 6d]
IhateacesAA: checks
Scheubi88: bets $3
IhateacesAA: calls $3
*** TURN *** [6s 9d 6d] [Kd]
IhateacesAA: checks
Scheubi88: bets $6
IhateacesAA: calls $6
*** RIVER *** [6s 9d 6d Kd] [3s]
IhateacesAA: checks
Scheubi88: checks
*** SHOW DOWN ***
IhateacesAA: shows [8c 7d] (a pair of Sixes)
Scheubi88: shows [5c 5s] (two pair, Sixes and Fives)
Scheubi88 collected $29.50 from pot
*** SUMMARY ***
Total pot $30 | Rake $0.50
Board [6s 9d 6d Kd 3s]
Seat 1: IhateacesAA (big blind) showed [8c 7d] and lost with a pair of Sixes
Seat 3: Scheubi88 (button) (small blind) showed [5c 5s] and won ($29.50) with two pair, Sixes and Fives


PokerStars Hand #160821577866:  Hold'em Limit ($3/$6 USD) - 2016/11/02 23:36:17 ET
Table 'Cassiopea' 6-max Seat #1 is the button
Seat 1: IhateacesAA ($61.49 in chips)
Seat 3: Scheubi88 ($126 in chips)
IhateacesAA: posts small blind $1
Scheubi88: posts big blind $3
*** HOLE CARDS ***
IhateacesAA: calls $2
Scheubi88: raises $3 to $6
IhateacesAA: calls $3
*** FLOP *** [6s Kh 7h]
Scheubi88: checks
IhateacesAA: bets $3
Scheubi88: calls $3
*** TURN *** [6s Kh 7h] [Jd]
Scheubi88: checks
IhateacesAA: bets $6
Scheubi88: calls $6
*** RIVER *** [6s Kh 7h Jd] [2c]
Scheubi88: checks
Hsj2012 joins the table at seat #6
IhateacesAA: checks
*** SHOW DOWN ***
Scheubi88: shows [9c Qh] (high card King)
IhateacesAA: shows [8s 6c] (a pair of Sixes)
IhateacesAA collected $29.50 from pot
*** SUMMARY ***
Total pot $30 | Rake $0.50
Board [6s Kh 7h Jd 2c]
Seat 1: IhateacesAA (button) (small blind) showed [8s 6c] and won ($29.50) with a pair of Sixes
Seat 3: Scheubi88 (big blind) showed [9c Qh] and lost with high card King


PokerStars Hand #160824834331:  Hold'em Limit ($3/$6 USD) - 2016/11/03 3:12:38 ET
Table 'Cassiopea' 6-max Seat #4 is the button
Seat 4: CharginWapos ($68.78 in chips)
Seat 6: krytalex ($83.52 in chips)
CharginWapos: posts small blind $1
krytalex: posts big blind $3
*** HOLE CARDS ***
CharginWapos: folds
Uncalled bet ($2) returned to krytalex
krytalex collected $2 from pot
*** SUMMARY ***
Total pot $2 | Rake $0
Seat 4: CharginWapos (button) (small blind) folded before Flop
Seat 6: krytalex (big blind) collected ($2)


PokerStars Hand #160824824405:  Hold'em Limit ($3/$6 USD) - 2016/11/03 3:12:02 ET
Table 'Cassiopea' 6-max Seat #6 is the button
Seat 4: CharginWapos ($80.78 in chips)
Seat 6: krytalex ($72 in chips)
krytalex: posts small blind $1
Garuda Black: is sitting out
CharginWapos: posts big blind $3
*** HOLE CARDS ***
krytalex: raises $3 to $6
Garuda Black leaves the table
CharginWapos: raises $3 to $9
krytalex: calls $3
*** FLOP *** [2d Jd 3s]
CharginWapos: bets $3
krytalex: raises $3 to $6
CharginWapos: folds
Uncalled bet ($3) returned to krytalex
krytalex collected $23.52 from pot
*** SUMMARY ***
Total pot $24 | Rake $0.48
Board [2d Jd 3s]
Seat 4: CharginWapos (big blind) folded on the Flop
Seat 6: krytalex (button) (small blind) collected ($23.52)


PokerStars Hand #160824838503:  Hold'em Limit ($3/$6 USD) - 2016/11/03 3:12:54 ET
Table 'Cassiopea' 6-max Seat #4 is the button
Seat 4: CharginWapos ($64.78 in chips)
Seat 6: krytalex ($87.52 in chips)
CharginWapos: posts small blind $1
krytalex: posts big blind $3
*** HOLE CARDS ***
CharginWapos: folds
Uncalled bet ($2) returned to krytalex
krytalex collected $2 from pot
*** SUMMARY ***
Total pot $2 | Rake $0
Seat 4: CharginWapos (button) (small blind) folded before Flop
Seat 6: krytalex (big blind) collected ($2)


