PokerStars Hand #173738037014:  Hold'em Limit ($3/$6 USD) - 2017/07/31 4:41:23 ET
Table 'Cassiopea' 6-max Seat #5 is the button
Seat 4: VolkovDmitri ($152.14 in chips)
Seat 5: provim88 ($29.73 in chips)
provim88: posts small blind $1
VolkovDmitri: posts big blind $3
*** HOLE CARDS ***
provim88: folds
Uncalled bet ($2) returned to VolkovDmitri
VolkovDmitri collected $2 from pot
VolkovDmitri: doesn't show hand
*** SUMMARY ***
Total pot $2 | Rake $0
Seat 4: VolkovDmitri (big blind) collected ($2)
Seat 5: provim88 (button) (small blind) folded before Flop


PokerStars Hand #173738034994:  Hold'em Limit ($3/$6 USD) - 2017/07/31 4:41:16 ET
Table 'Cassiopea' 6-max Seat #4 is the button
Seat 4: VolkovDmitri ($149.14 in chips)
Seat 5: provim88 ($32.73 in chips)
VolkovDmitri: posts small blind $1
provim88: posts big blind $3
*** HOLE CARDS ***
VolkovDmitri: raises $3 to $6
provim88: folds
Uncalled bet ($3) returned to VolkovDmitri
VolkovDmitri collected $6 from pot
VolkovDmitri: doesn't show hand
*** SUMMARY ***
Total pot $6 | Rake $0
Seat 4: VolkovDmitri (button) (small blind) collected ($6)
Seat 5: provim88 (big blind) folded before Flop


PokerStars Hand #173738018434:  Hold'em Limit ($3/$6 USD) - 2017/07/31 4:40:17 ET
Table 'Cassiopea' 6-max Seat #5 is the button
Seat 4: VolkovDmitri ($128.64 in chips)
Seat 5: provim88 ($21 in chips)
provim88: posts small blind $1
VolkovDmitri: posts big blind $3
*** HOLE CARDS ***
provim88: raises $3 to $6
VolkovDmitri: calls $3
*** FLOP *** [3d 6c Ac]
VolkovDmitri: checks
provim88: bets $3
VolkovDmitri: calls $3
*** TURN *** [3d 6c Ac] [8d]
VolkovDmitri: checks
provim88: bets $6
VolkovDmitri: calls $6
*** RIVER *** [3d 6c Ac 8d] [Td]
VolkovDmitri: checks
provim88: bets $6 and is all-in
VolkovDmitri: calls $6
*** SHOW DOWN ***
provim88: shows [4s 7d] (high card Ace)
VolkovDmitri: shows [3c Qh] (a pair of Threes)
VolkovDmitri collected $41.50 from pot
*** SUMMARY ***
Total pot $42 | Rake $0.50
Board [3d 6c Ac 8d Td]
Seat 4: VolkovDmitri (big blind) showed [3c Qh] and won ($41.50) with a pair of Threes
Seat 5: provim88 (button) (small blind) showed [4s 7d] and lost with high card Ace


PokerStars Hand #173738038449:  Hold'em Limit ($3/$6 USD) - 2017/07/31 4:41:28 ET
Table 'Cassiopea' 6-max Seat #4 is the button
Seat 4: VolkovDmitri ($153.14 in chips)
Seat 5: provim88 ($28.73 in chips)
VolkovDmitri: posts small blind $1
provim88: posts big blind $3
*** HOLE CARDS ***
VolkovDmitri: raises $3 to $6
provim88: raises $3 to $9
VolkovDmitri: calls $3
*** FLOP *** [5s Ah Ad]
provim88: bets $3
VolkovDmitri: calls $3
*** TURN *** [5s Ah Ad] [2s]
provim88: bets $6
VolkovDmitri: calls $6
*** RIVER *** [5s Ah Ad 2s] [Qh]
provim88: bets $6
VolkovDmitri: calls $6
*** SHOW DOWN ***
provim88: shows [9s 9c] (two pair, Aces and Nines)
VolkovDmitri: mucks hand
provim88 collected $47.50 from pot
*** SUMMARY ***
Total pot $48 | Rake $0.50
Board [5s Ah Ad 2s Qh]
Seat 4: VolkovDmitri (button) (small blind) mucked
Seat 5: provim88 (big blind) showed [9s 9c] and won ($47.50) with two pair, Aces and Nines


PokerStars Hand #173738044404:  Hold'em Limit ($3/$6 USD) - 2017/07/31 4:41:49 ET
Table 'Cassiopea' 6-max Seat #5 is the button
Seat 4: VolkovDmitri ($129.14 in chips)
Seat 5: provim88 ($52.23 in chips)
provim88: posts small blind $1
VolkovDmitri: posts big blind $3
*** HOLE CARDS ***
provim88: raises $3 to $6
VolkovDmitri: calls $3
*** FLOP *** [9c Ks Ad]
VolkovDmitri: checks
provim88: bets $3
VolkovDmitri: folds
Uncalled bet ($3) returned to provim88
provim88 collected $11.76 from pot
provim88: doesn't show hand
*** SUMMARY ***
Total pot $12 | Rake $0.24
Board [9c Ks Ad]
Seat 4: VolkovDmitri (big blind) folded on the Flop
Seat 5: provim88 (button) (small blind) collected ($11.76)


PokerStars Hand #173738047558:  Hold'em Limit ($3/$6 USD) - 2017/07/31 4:42:00 ET
Table 'Cassiopea' 6-max Seat #4 is the button
Seat 4: VolkovDmitri ($123.14 in chips)
Seat 5: provim88 ($57.99 in chips)
VolkovDmitri: posts small blind $1
provim88: posts big blind $3
*** HOLE CARDS ***
VolkovDmitri: raises $3 to $6
provim88: calls $3
*** FLOP *** [Ah Jh Qc]
provim88: checks
VolkovDmitri: bets $3
provim88: folds
Uncalled bet ($3) returned to VolkovDmitri
VolkovDmitri collected $11.76 from pot
VolkovDmitri: doesn't show hand
*** SUMMARY ***
Total pot $12 | Rake $0.24
Board [Ah Jh Qc]
Seat 4: VolkovDmitri (button) (small blind) collected ($11.76)
Seat 5: provim88 (big blind) folded on the Flop


PokerStars Hand #173738051597:  Hold'em Limit ($3/$6 USD) - 2017/07/31 4:42:14 ET
Table 'Cassiopea' 6-max Seat #5 is the button
Seat 4: VolkovDmitri ($128.90 in chips)
Seat 5: provim88 ($51.99 in chips)
provim88: posts small blind $1
VolkovDmitri: posts big blind $3
*** HOLE CARDS ***
provim88: raises $3 to $6
Lsalimov joins the table at seat #6
VolkovDmitri: calls $3
*** FLOP *** [Td Kd Jd]
VolkovDmitri: checks
provim88: bets $3
VolkovDmitri: calls $3
*** TURN *** [Td Kd Jd] [6h]
VolkovDmitri: checks
provim88: bets $6
VolkovDmitri: calls $6
*** RIVER *** [Td Kd Jd 6h] [7s]
VolkovDmitri: checks
provim88: bets $6
VolkovDmitri: calls $6
*** SHOW DOWN ***
provim88: shows [Qc Kh] (a pair of Kings)
VolkovDmitri: mucks hand
provim88 collected $41.50 from pot
*** SUMMARY ***
Total pot $42 | Rake $0.50
Board [Td Kd Jd 6h 7s]
Seat 4: VolkovDmitri (big blind) mucked
Seat 5: provim88 (button) (small blind) showed [Qc Kh] and won ($41.50) with a pair of Kings


