PokerStars Hand #163987596239:  Hold'em Limit ($3/$6 USD) - 2017/01/03 16:40:10 ET
Table 'Cassini' 6-max Seat #5 is the button
Seat 4: GRAILKO ($205.76 in chips)
Seat 5: dragon1893 ($150 in chips)
dragon1893: posts small blind $1
GRAILKO: posts big blind $3
*** HOLE CARDS ***
dragon1893: raises $3 to $6
GRAILKO: calls $3
*** FLOP *** [2c 5d 5s]
GRAILKO: checks
dragon1893: bets $3
GRAILKO: folds
Uncalled bet ($3) returned to dragon1893
dragon1893 collected $11.76 from pot
dragon1893: doesn't show hand
*** SUMMARY ***
Total pot $12 | Rake $0.24
Board [2c 5d 5s]
Seat 4: GRAILKO (big blind) folded on the Flop
Seat 5: dragon1893 (button) (small blind) collected ($11.76)


PokerStars Hand #163987606995:  Hold'em Limit ($3/$6 USD) - 2017/01/03 16:40:21 ET
Table 'Cassini' 6-max Seat #4 is the button
Seat 4: GRAILKO ($199.76 in chips)
Seat 5: dragon1893 ($155.76 in chips)
GRAILKO: posts small blind $1
dragon1893: posts big blind $3
*** HOLE CARDS ***
GRAILKO: raises $3 to $6
dragon1893: calls $3
*** FLOP *** [Qh Ac 7c]
dragon1893: checks
GRAILKO: bets $3
dragon1893: calls $3
*** TURN *** [Qh Ac 7c] [Qc]
dragon1893: checks
GRAILKO: checks
*** RIVER *** [Qh Ac 7c Qc] [6h]
dragon1893: bets $6
GRAILKO: folds
Uncalled bet ($6) returned to dragon1893
dragon1893 collected $17.64 from pot
dragon1893: doesn't show hand
*** SUMMARY ***
Total pot $18 | Rake $0.36
Board [Qh Ac 7c Qc 6h]
Seat 4: GRAILKO (button) (small blind) folded on the River
Seat 5: dragon1893 (big blind) collected ($17.64)


PokerStars Hand #163987662112:  Hold'em Limit ($3/$6 USD) - 2017/01/03 16:41:14 ET
Table 'Cassini' 6-max Seat #4 is the button
Seat 4: GRAILKO ($199.16 in chips)
Seat 5: dragon1893 ($155.76 in chips)
GRAILKO: posts small blind $1
dragon1893: posts big blind $3
*** HOLE CARDS ***
GRAILKO: raises $3 to $6
dragon1893: calls $3
*** FLOP *** [5d 4s Qs]
dragon1893: checks
GRAILKO: checks
*** TURN *** [5d 4s Qs] [9h]
dragon1893: bets $6
GRAILKO: folds
Uncalled bet ($6) returned to dragon1893
dragon1893 collected $11.76 from pot
dragon1893: doesn't show hand
*** SUMMARY ***
Total pot $12 | Rake $0.24
Board [5d 4s Qs 9h]
Seat 4: GRAILKO (button) (small blind) folded on the Turn
Seat 5: dragon1893 (big blind) collected ($11.76)


PokerStars Hand #163987633382:  Hold'em Limit ($3/$6 USD) - 2017/01/03 16:40:47 ET
Table 'Cassini' 6-max Seat #4 is the button
Seat 4: GRAILKO ($199.40 in chips)
Seat 5: dragon1893 ($155.40 in chips)
GRAILKO: posts small blind $1
dragon1893: posts big blind $3
*** HOLE CARDS ***
GRAILKO: raises $3 to $6
dragon1893: calls $3
*** FLOP *** [3h Js Ah]
dragon1893: checks
GRAILKO: bets $3
dragon1893: folds
Uncalled bet ($3) returned to GRAILKO
GRAILKO collected $11.76 from pot
GRAILKO: doesn't show hand
*** SUMMARY ***
Total pot $12 | Rake $0.24
Board [3h Js Ah]
Seat 4: GRAILKO (button) (small blind) collected ($11.76)
Seat 5: dragon1893 (big blind) folded on the Flop


PokerStars Hand #163987623033:  Hold'em Limit ($3/$6 USD) - 2017/01/03 16:40:36 ET
Table 'Cassini' 6-max Seat #5 is the button
Seat 4: GRAILKO ($190.76 in chips)
Seat 5: dragon1893 ($164.40 in chips)
dragon1893: posts small blind $1
GRAILKO: posts big blind $3
*** HOLE CARDS ***
dragon1893: raises $3 to $6
GRAILKO: raises $3 to $9
dragon1893: calls $3
*** FLOP *** [Ad Js 6c]
GRAILKO: bets $3
dragon1893: folds
Uncalled bet ($3) returned to GRAILKO
GRAILKO collected $17.64 from pot
GRAILKO: doesn't show hand
*** SUMMARY ***
Total pot $18 | Rake $0.36
Board [Ad Js 6c]
Seat 4: GRAILKO (big blind) collected ($17.64)
Seat 5: dragon1893 (button) (small blind) folded on the Flop


PokerStars Hand #163987674590:  Hold'em Limit ($3/$6 USD) - 2017/01/03 16:41:27 ET
Table 'Cassini' 6-max Seat #5 is the button
Seat 4: GRAILKO ($193.16 in chips)
Seat 5: dragon1893 ($161.52 in chips)
dragon1893: posts small blind $1
GRAILKO: posts big blind $3
*** HOLE CARDS ***
dragon1893: raises $3 to $6
skripka7777 joins the table at seat #2
GRAILKO: calls $3
*** FLOP *** [4c 6h 4h]
GRAILKO: checks
dragon1893: bets $3
GRAILKO: raises $3 to $6
dragon1893: folds
Uncalled bet ($3) returned to GRAILKO
GRAILKO collected $17.64 from pot
GRAILKO: doesn't show hand
*** SUMMARY ***
Total pot $18 | Rake $0.36
Board [4c 6h 4h]
Seat 4: GRAILKO (big blind) collected ($17.64)
Seat 5: dragon1893 (button) (small blind) folded on the Flop


PokerStars Hand #163987690466:  Hold'em Limit ($3/$6 USD) - 2017/01/03 16:41:42 ET
Table 'Cassini' 6-max Seat #4 is the button
Seat 4: GRAILKO ($201.80 in chips)
Seat 5: dragon1893 ($152.52 in chips)
GRAILKO: posts small blind $1
dragon1893: posts big blind $3
*** HOLE CARDS ***
GRAILKO: folds
Uncalled bet ($2) returned to dragon1893
dragon1893 collected $2 from pot
dragon1893: doesn't show hand
*** SUMMARY ***
Total pot $2 | Rake $0
Seat 4: GRAILKO (button) (small blind) folded before Flop
Seat 5: dragon1893 (big blind) collected ($2)


PokerStars Hand #163987907178:  Hold'em Limit ($3/$6 USD) - 2017/01/03 16:45:14 ET
Table 'Cassini' 6-max Seat #3 is the button
Seat 2: skripka7777 ($152.64 in chips)
Seat 3: GRAILKO ($150.43 in chips)
GRAILKO: posts small blind $1
skripka7777: posts big blind $3
*** HOLE CARDS ***
GRAILKO: raises $3 to $6
skripka7777: calls $3
*** FLOP *** [2h 9d 6d]
skripka7777: checks
GRAILKO: bets $3
skripka7777: raises $3 to $6
GRAILKO: calls $3
*** TURN *** [2h 9d 6d] [7s]
skripka7777: bets $6
GRAILKO: raises $6 to $12
skripka7777: calls $6
*** RIVER *** [2h 9d 6d 7s] [3s]
skripka7777: checks
GRAILKO: bets $6
skripka7777: raises $6 to $12
GRAILKO: calls $6
*** SHOW DOWN ***
skripka7777: shows [3d 2d] (two pair, Threes and Deuces)
GRAILKO: mucks hand
skripka7777 collected $71.50 from pot
*** SUMMARY ***
Total pot $72 | Rake $0.50
Board [2h 9d 6d 7s 3s]
Seat 2: skripka7777 (big blind) showed [3d 2d] and won ($71.50) with two pair, Threes and Deuces
Seat 3: GRAILKO (button) (small blind) mucked


PokerStars Hand #163987901343:  Hold'em Limit ($3/$6 USD) - 2017/01/03 16:45:08 ET
Table 'Cassini' 6-max Seat #2 is the button
Seat 2: skripka7777 ($149.64 in chips)
Seat 3: GRAILKO ($153.43 in chips)
skripka7777: posts small blind $1
GRAILKO: posts big blind $3
*** HOLE CARDS ***
skripka7777: raises $3 to $6
GRAILKO: folds
Uncalled bet ($3) returned to skripka7777
skripka7777 collected $6 from pot
skripka7777: doesn't show hand
*** SUMMARY ***
Total pot $6 | Rake $0
Seat 2: skripka7777 (button) (small blind) collected ($6)
Seat 3: GRAILKO (big blind) folded before Flop


PokerStars Hand #163987883124:  Hold'em Limit ($3/$6 USD) - 2017/01/03 16:44:50 ET
Table 'Cassini' 6-max Seat #3 is the button
Seat 2: skripka7777 ($129.14 in chips)
Seat 3: GRAILKO ($174.43 in chips)
GRAILKO: posts small blind $1
samurai.ru: is sitting out
skripka7777: posts big blind $3
*** HOLE CARDS ***
GRAILKO: raises $3 to $6
skripka7777: calls $3
*** FLOP *** [8c Th 8d]
skripka7777: checks
GRAILKO: bets $3
skripka7777: calls $3
*** TURN *** [8c Th 8d] [7d]
skripka7777: checks
GRAILKO: bets $6
skripka7777: calls $6
*** RIVER *** [8c Th 8d 7d] [2s]
skripka7777: checks
GRAILKO: bets $6
skripka7777: calls $6
samurai.ru leaves the table
*** SHOW DOWN ***
GRAILKO: shows [5d 9s] (a pair of Eights)
skripka7777: shows [Jc Ah] (a pair of Eights - Ace kicker)
skripka7777 collected $41.50 from pot
*** SUMMARY ***
Total pot $42 | Rake $0.50
Board [8c Th 8d 7d 2s]
Seat 2: skripka7777 (big blind) showed [Jc Ah] and won ($41.50) with a pair of Eights
Seat 3: GRAILKO (button) (small blind) showed [5d 9s] and lost with a pair of Eights


PokerStars Hand #163987960101:  Hold'em Limit ($3/$6 USD) - 2017/01/03 16:46:06 ET
Table 'Cassini' 6-max Seat #2 is the button
Seat 2: skripka7777 ($193.64 in chips)
Seat 3: GRAILKO ($108.07 in chips)
skripka7777: posts small blind $1
GRAILKO: posts big blind $3
*** HOLE CARDS ***
skripka7777: calls $2
GRAILKO: checks
*** FLOP *** [2h Ad 4d]
GRAILKO: bets $3
skripka7777: folds
Uncalled bet ($3) returned to GRAILKO
GRAILKO collected $5.88 from pot
GRAILKO: doesn't show hand
*** SUMMARY ***
Total pot $6 | Rake $0.12
Board [2h Ad 4d]
Seat 2: skripka7777 (button) (small blind) folded on the Flop
Seat 3: GRAILKO (big blind) collected ($5.88)


PokerStars Hand #163987929886:  Hold'em Limit ($3/$6 USD) - 2017/01/03 16:45:36 ET
Table 'Cassini' 6-max Seat #2 is the button
Seat 2: skripka7777 ($188.14 in chips)
Seat 3: GRAILKO ($114.43 in chips)
skripka7777: posts small blind $1
GRAILKO: posts big blind $3
*** HOLE CARDS ***
skripka7777: raises $3 to $6
GRAILKO: calls $3
*** FLOP *** [Js 5h Qd]
GRAILKO: checks
skripka7777: bets $3
GRAILKO: raises $3 to $6
skripka7777: folds
Uncalled bet ($3) returned to GRAILKO
GRAILKO collected $17.64 from pot
GRAILKO: doesn't show hand
*** SUMMARY ***
Total pot $18 | Rake $0.36
Board [Js 5h Qd]
Seat 2: skripka7777 (button) (small blind) folded on the Flop
Seat 3: GRAILKO (big blind) collected ($17.64)


PokerStars Hand #163987941019:  Hold'em Limit ($3/$6 USD) - 2017/01/03 16:45:47 ET
Table 'Cassini' 6-max Seat #3 is the button
Seat 2: skripka7777 ($179.14 in chips)
Seat 3: GRAILKO ($123.07 in chips)
GRAILKO: posts small blind $1
skripka7777: posts big blind $3
*** HOLE CARDS ***
GRAILKO: raises $3 to $6
skripka7777: calls $3
*** FLOP *** [8d 5s Th]
skripka7777: checks
GRAILKO: bets $3
skripka7777: calls $3
*** TURN *** [8d 5s Th] [Kc]
skripka7777: checks
GRAILKO: bets $6
skripka7777: calls $6
*** RIVER *** [8d 5s Th Kc] [4d]
skripka7777: bets $6
GRAILKO: folds
Uncalled bet ($6) returned to skripka7777
skripka7777 collected $29.50 from pot
skripka7777: doesn't show hand
*** SUMMARY ***
Total pot $30 | Rake $0.50
Board [8d 5s Th Kc 4d]
Seat 2: skripka7777 (big blind) collected ($29.50)
Seat 3: GRAILKO (button) (small blind) folded on the River


PokerStars Hand #163988014050:  Hold'em Limit ($3/$6 USD) - 2017/01/03 16:46:59 ET
Table 'Cassini' 6-max Seat #2 is the button
Seat 2: skripka7777 ($199.28 in chips)
Seat 3: GRAILKO ($101.95 in chips)
skripka7777: posts small blind $1
GRAILKO: posts big blind $3
*** HOLE CARDS ***
skripka7777: raises $3 to $6
GRAILKO: calls $3
*** FLOP *** [Kc 5c 3c]
GRAILKO: checks
skripka7777: bets $3
GRAILKO: calls $3
*** TURN *** [Kc 5c 3c] [5h]
GRAILKO: checks
skripka7777: bets $6
GRAILKO: calls $6
*** RIVER *** [Kc 5c 3c 5h] [Qs]
GRAILKO: checks
skripka7777: bets $6
GRAILKO: calls $6
*** SHOW DOWN ***
skripka7777: shows [Th Jd] (a pair of Fives)
GRAILKO: shows [7h 3h] (two pair, Fives and Threes)
GRAILKO collected $41.50 from pot
*** SUMMARY ***
Total pot $42 | Rake $0.50
Board [Kc 5c 3c 5h Qs]
Seat 2: skripka7777 (button) (small blind) showed [Th Jd] and lost with a pair of Fives
Seat 3: GRAILKO (big blind) showed [7h 3h] and won ($41.50) with two pair, Fives and Threes


PokerStars Hand #163988002261:  Hold'em Limit ($3/$6 USD) - 2017/01/03 16:46:47 ET
Table 'Cassini' 6-max Seat #2 is the button
Seat 2: skripka7777 ($199.28 in chips)
Seat 3: GRAILKO ($101.95 in chips)
skripka7777: posts small blind $1
GRAILKO: posts big blind $3
*** HOLE CARDS ***
skripka7777: raises $3 to $6
GRAILKO: folds
Uncalled bet ($3) returned to skripka7777
skripka7777 collected $6 from pot
skripka7777: doesn't show hand
*** SUMMARY ***
Total pot $6 | Rake $0
Seat 2: skripka7777 (button) (small blind) collected ($6)
Seat 3: GRAILKO (big blind) folded before Flop


PokerStars Hand #163987984701:  Hold'em Limit ($3/$6 USD) - 2017/01/03 16:46:30 ET
Table 'Cassini' 6-max Seat #3 is the button
Seat 2: skripka7777 ($190.64 in chips)
Seat 3: GRAILKO ($110.95 in chips)
GRAILKO: posts small blind $1
skripka7777: posts big blind $3
*** HOLE CARDS ***
GRAILKO: raises $3 to $6
skripka7777: calls $3
*** FLOP *** [6d 9d Qs]
skripka7777: checks
GRAILKO: bets $3
skripka7777: calls $3
*** TURN *** [6d 9d Qs] [5c]
skripka7777: checks
GRAILKO: checks
*** RIVER *** [6d 9d Qs 5c] [2d]
skripka7777: bets $6
GRAILKO: folds
Uncalled bet ($6) returned to skripka7777
skripka7777 collected $17.64 from pot
skripka7777: doesn't show hand
*** SUMMARY ***
Total pot $18 | Rake $0.36
Board [6d 9d Qs 5c 2d]
Seat 2: skripka7777 (big blind) collected ($17.64)
Seat 3: GRAILKO (button) (small blind) folded on the River


PokerStars Hand #163988008327:  Hold'em Limit ($3/$6 USD) - 2017/01/03 16:46:53 ET
Table 'Cassini' 6-max Seat #3 is the button
Seat 2: skripka7777 ($202.28 in chips)
Seat 3: GRAILKO ($98.95 in chips)
GRAILKO: posts small blind $1
skripka7777: posts big blind $3
*** HOLE CARDS ***
GRAILKO: raises $3 to $6
skripka7777: folds
Uncalled bet ($3) returned to GRAILKO
GRAILKO collected $6 from pot
GRAILKO: doesn't show hand
*** SUMMARY ***
Total pot $6 | Rake $0
Seat 2: skripka7777 (big blind) folded before Flop
Seat 3: GRAILKO (button) (small blind) collected ($6)


PokerStars Hand #163988081536:  Hold'em Limit ($3/$6 USD) - 2017/01/03 16:47:47 ET
Table 'Cassini' 6-max Seat #3 is the button
Seat 2: skripka7777 ($162.28 in chips)
Seat 3: GRAILKO ($137.95 in chips)
GRAILKO: posts small blind $1
skripka7777: posts big blind $3
*** HOLE CARDS ***
GRAILKO: raises $3 to $6
skripka7777: calls $3
*** FLOP *** [9d 8h Ah]
skripka7777: checks
GRAILKO: bets $3
skripka7777: calls $3
*** TURN *** [9d 8h Ah] [6h]
skripka7777: checks
GRAILKO: checks
*** RIVER *** [9d 8h Ah 6h] [6d]
skripka7777: bets $6
GRAILKO: calls $6
*** SHOW DOWN ***
skripka7777: shows [8s 2s] (two pair, Eights and Sixes)
GRAILKO: mucks hand
skripka7777 collected $29.50 from pot
*** SUMMARY ***
Total pot $30 | Rake $0.50
Board [9d 8h Ah 6h 6d]
Seat 2: skripka7777 (big blind) showed [8s 2s] and won ($29.50) with two pair, Eights and Sixes
Seat 3: GRAILKO (button) (small blind) mucked


PokerStars Hand #163988041824:  Hold'em Limit ($3/$6 USD) - 2017/01/03 16:47:21 ET
Table 'Cassini' 6-max Seat #3 is the button
Seat 2: skripka7777 ($178.28 in chips)
Seat 3: GRAILKO ($122.45 in chips)
GRAILKO: posts small blind $1
skripka7777: posts big blind $3
*** HOLE CARDS ***
GRAILKO: raises $3 to $6
skripka7777: calls $3
*** FLOP *** [6d Jc Qh]
skripka7777: checks
GRAILKO: bets $3
skripka7777: calls $3
*** TURN *** [6d Jc Qh] [Ad]
skripka7777: checks
GRAILKO: bets $6
skripka7777: calls $6
*** RIVER *** [6d Jc Qh Ad] [3s]
skripka7777: checks
GRAILKO: bets $6
skripka7777: folds
Uncalled bet ($6) returned to GRAILKO
GRAILKO collected $29.50 from pot
GRAILKO: doesn't show hand
*** SUMMARY ***
Total pot $30 | Rake $0.50
Board [6d Jc Qh Ad 3s]
Seat 2: skripka7777 (big blind) folded on the River
Seat 3: GRAILKO (button) (small blind) collected ($29.50)


PokerStars Hand #163988075538:  Hold'em Limit ($3/$6 USD) - 2017/01/03 16:47:42 ET
Table 'Cassini' 6-max Seat #2 is the button
Seat 2: skripka7777 ($163.28 in chips)
Seat 3: GRAILKO ($136.95 in chips)
skripka7777: posts small blind $1
GRAILKO: posts big blind $3
*** HOLE CARDS ***
skripka7777: folds
Uncalled bet ($2) returned to GRAILKO
GRAILKO collected $2 from pot
GRAILKO: doesn't show hand
*** SUMMARY ***
Total pot $2 | Rake $0
Seat 2: skripka7777 (button) (small blind) folded before Flop
Seat 3: GRAILKO (big blind) collected ($2)


PokerStars Hand #163988101497:  Hold'em Limit ($3/$6 USD) - 2017/01/03 16:48:03 ET
Table 'Cassini' 6-max Seat #2 is the button
Seat 2: skripka7777 ($176.78 in chips)
Seat 3: GRAILKO ($122.95 in chips)
skripka7777: posts small blind $1
GRAILKO: posts big blind $3
*** HOLE CARDS ***
skripka7777: folds
Uncalled bet ($2) returned to GRAILKO
GRAILKO collected $2 from pot
GRAILKO: doesn't show hand
*** SUMMARY ***
Total pot $2 | Rake $0
Seat 2: skripka7777 (button) (small blind) folded before Flop
Seat 3: GRAILKO (big blind) collected ($2)


PokerStars Hand #163988107206:  Hold'em Limit ($3/$6 USD) - 2017/01/03 16:48:08 ET
Table 'Cassini' 6-max Seat #3 is the button
Seat 2: skripka7777 ($175.78 in chips)
Seat 3: GRAILKO ($123.95 in chips)
GRAILKO: posts small blind $1
skripka7777: posts big blind $3
*** HOLE CARDS ***
GRAILKO: raises $3 to $6
skripka7777: calls $3
*** FLOP *** [7s Qh 7h]
skripka7777: checks
GRAILKO: bets $3
skripka7777: calls $3
*** TURN *** [7s Qh 7h] [7c]
skripka7777: checks
GRAILKO: checks
*** RIVER *** [7s Qh 7h 7c] [8h]
skripka7777: bets $6
GRAILKO: calls $6
*** SHOW DOWN ***
skripka7777: shows [4h Ah] (a flush, Ace high)
GRAILKO: mucks hand
skripka7777 collected $29.50 from pot
*** SUMMARY ***
Total pot $30 | Rake $0.50
Board [7s Qh 7h 7c 8h]
Seat 2: skripka7777 (big blind) showed [4h Ah] and won ($29.50) with a flush, Ace high
Seat 3: GRAILKO (button) (small blind) mucked


PokerStars Hand #163988124909:  Hold'em Limit ($3/$6 USD) - 2017/01/03 16:48:22 ET
Table 'Cassini' 6-max Seat #2 is the button
Seat 2: skripka7777 ($190.28 in chips)
Seat 3: GRAILKO ($108.95 in chips)
skripka7777: posts small blind $1
GRAILKO: posts big blind $3
*** HOLE CARDS ***
skripka7777: folds
Uncalled bet ($2) returned to GRAILKO
GRAILKO collected $2 from pot
GRAILKO: doesn't show hand
*** SUMMARY ***
Total pot $2 | Rake $0
Seat 2: skripka7777 (button) (small blind) folded before Flop
Seat 3: GRAILKO (big blind) collected ($2)


PokerStars Hand #163988143856:  Hold'em Limit ($3/$6 USD) - 2017/01/03 16:48:37 ET
Table 'Cassini' 6-max Seat #2 is the button
Seat 2: skripka7777 ($183.28 in chips)
Seat 3: GRAILKO ($115.71 in chips)
skripka7777: posts small blind $1
GRAILKO: posts big blind $3
*** HOLE CARDS ***
skripka7777: raises $3 to $6
GRAILKO: folds
Uncalled bet ($3) returned to skripka7777
tutones87 joins the table at seat #1
skripka7777 collected $6 from pot
skripka7777: doesn't show hand
*** SUMMARY ***
Total pot $6 | Rake $0
Seat 2: skripka7777 (button) (small blind) collected ($6)
Seat 3: GRAILKO (big blind) folded before Flop


PokerStars Hand #163988255816:  Hold'em Limit ($3/$6 USD) - 2017/01/03 16:50:07 ET
Table 'Cassini' 6-max Seat #2 is the button
Seat 2: skripka7777 ($216.04 in chips)
Seat 3: GRAILKO ($118.99 in chips)
skripka7777: posts small blind $1
GRAILKO: posts big blind $3
*** HOLE CARDS ***
skripka7777: raises $3 to $6
GRAILKO: raises $3 to $9
skripka7777: calls $3
*** FLOP *** [4s Qc Ts]
GRAILKO: bets $3
skripka7777: folds
Uncalled bet ($3) returned to GRAILKO
GRAILKO collected $17.64 from pot
GRAILKO: doesn't show hand
*** SUMMARY ***
Total pot $18 | Rake $0.36
Board [4s Qc Ts]
Seat 2: skripka7777 (button) (small blind) folded on the Flop
Seat 3: GRAILKO (big blind) collected ($17.64)


PokerStars Hand #163988231121:  Hold'em Limit ($3/$6 USD) - 2017/01/03 16:49:47 ET
Table 'Cassini' 6-max Seat #3 is the button
Seat 2: skripka7777 ($215.04 in chips)
Seat 3: GRAILKO ($119.99 in chips)
GRAILKO: posts small blind $1
skripka7777: posts big blind $3
*** HOLE CARDS ***
GRAILKO: raises $3 to $6
skripka7777: folds
Uncalled bet ($3) returned to GRAILKO
GRAILKO collected $6 from pot
GRAILKO: doesn't show hand
*** SUMMARY ***
Total pot $6 | Rake $0
Seat 2: skripka7777 (big blind) folded before Flop
Seat 3: GRAILKO (button) (small blind) collected ($6)


PokerStars Hand #163988204140:  Hold'em Limit ($3/$6 USD) - 2017/01/03 16:49:25 ET
Table 'Cassini' 6-max Seat #2 is the button
Seat 2: skripka7777 ($209.28 in chips)
Seat 3: GRAILKO ($125.99 in chips)
skripka7777: posts small blind $1
GRAILKO: posts big blind $3
*** HOLE CARDS ***
skripka7777: raises $3 to $6
GRAILKO: calls $3
*** FLOP *** [Kh Td Js]
tutones87 leaves the table
GRAILKO: checks
skripka7777: bets $3
GRAILKO: folds
Uncalled bet ($3) returned to skripka7777
skripka7777 collected $11.76 from pot
skripka7777: doesn't show hand
*** SUMMARY ***
Total pot $12 | Rake $0.24
Board [Kh Td Js]
Seat 2: skripka7777 (button) (small blind) collected ($11.76)
Seat 3: GRAILKO (big blind) folded on the Flop


PokerStars Hand #163988246158:  Hold'em Limit ($3/$6 USD) - 2017/01/03 16:49:59 ET
Table 'Cassini' 6-max Seat #3 is the button
Seat 2: skripka7777 ($215.04 in chips)
Seat 3: GRAILKO ($119.99 in chips)
GRAILKO: posts small blind $1
skripka7777: posts big blind $3
*** HOLE CARDS ***
GRAILKO: folds
Uncalled bet ($2) returned to skripka7777
skripka7777 collected $2 from pot
skripka7777: doesn't show hand
*** SUMMARY ***
Total pot $2 | Rake $0
Seat 2: skripka7777 (big blind) collected ($2)
Seat 3: GRAILKO (button) (small blind) folded before Flop


PokerStars Hand #163988238260:  Hold'em Limit ($3/$6 USD) - 2017/01/03 16:49:53 ET
Table 'Cassini' 6-max Seat #2 is the button
Seat 2: skripka7777 ($212.04 in chips)
Seat 3: GRAILKO ($122.99 in chips)
skripka7777: posts small blind $1
GRAILKO: posts big blind $3
*** HOLE CARDS ***
skripka7777: raises $3 to $6
GRAILKO: folds
Uncalled bet ($3) returned to skripka7777
skripka7777 collected $6 from pot
skripka7777: doesn't show hand
*** SUMMARY ***
Total pot $6 | Rake $0
Seat 2: skripka7777 (button) (small blind) collected ($6)
Seat 3: GRAILKO (big blind) folded before Flop


PokerStars Hand #163988296262:  Hold'em Limit ($3/$6 USD) - 2017/01/03 16:50:40 ET
Table 'Cassini' 6-max Seat #3 is the button
Seat 2: skripka7777 ($205.79 in chips)
Seat 3: GRAILKO ($128.38 in chips)
GRAILKO: posts small blind $1
skripka7777: posts big blind $3
*** HOLE CARDS ***
GRAILKO: raises $3 to $6
skripka7777: calls $3
*** FLOP *** [5c Td 9c]
skripka7777: checks
GRAILKO: bets $3
skripka7777: calls $3
*** TURN *** [5c Td 9c] [9h]
skripka7777: checks
GRAILKO: checks
*** RIVER *** [5c Td 9c 9h] [Jh]
skripka7777: bets $6
GRAILKO: folds
Uncalled bet ($6) returned to skripka7777
skripka7777 collected $17.64 from pot
skripka7777: doesn't show hand
*** SUMMARY ***
Total pot $18 | Rake $0.36
Board [5c Td 9c 9h Jh]
Seat 2: skripka7777 (big blind) collected ($17.64)
Seat 3: GRAILKO (button) (small blind) folded on the River


PokerStars Hand #163988290819:  Hold'em Limit ($3/$6 USD) - 2017/01/03 16:50:35 ET
Table 'Cassini' 6-max Seat #2 is the button
Seat 2: skripka7777 ($206.79 in chips)
Seat 3: GRAILKO ($127.38 in chips)
skripka7777: posts small blind $1
GRAILKO: posts big blind $3
*** HOLE CARDS ***
skripka7777: folds
Uncalled bet ($2) returned to GRAILKO
GRAILKO collected $2 from pot
GRAILKO: doesn't show hand
*** SUMMARY ***
Total pot $2 | Rake $0
Seat 2: skripka7777 (button) (small blind) folded before Flop
Seat 3: GRAILKO (big blind) collected ($2)


PokerStars Hand #163988322746:  Hold'em Limit ($3/$6 USD) - 2017/01/03 16:51:01 ET
Table 'Cassini' 6-max Seat #3 is the button
Seat 2: skripka7777 ($213.43 in chips)
Seat 3: GRAILKO ($120.38 in chips)
GRAILKO: posts small blind $1
skripka7777: posts big blind $3
*** HOLE CARDS ***
GRAILKO: folds
Uncalled bet ($2) returned to skripka7777
skripka7777 collected $2 from pot
skripka7777: doesn't show hand
*** SUMMARY ***
Total pot $2 | Rake $0
Seat 2: skripka7777 (big blind) collected ($2)
Seat 3: GRAILKO (button) (small blind) folded before Flop


PokerStars Hand #163988316877:  Hold'em Limit ($3/$6 USD) - 2017/01/03 16:50:57 ET
Table 'Cassini' 6-max Seat #2 is the button
Seat 2: skripka7777 ($214.43 in chips)
Seat 3: GRAILKO ($119.38 in chips)
skripka7777: posts small blind $1
GRAILKO: posts big blind $3
*** HOLE CARDS ***
skripka7777: folds
Uncalled bet ($2) returned to GRAILKO
GRAILKO collected $2 from pot
GRAILKO: doesn't show hand
*** SUMMARY ***
Total pot $2 | Rake $0
Seat 2: skripka7777 (button) (small blind) folded before Flop
Seat 3: GRAILKO (big blind) collected ($2)


PokerStars Hand #163988327921:  Hold'em Limit ($3/$6 USD) - 2017/01/03 16:51:06 ET
Table 'Cassini' 6-max Seat #2 is the button
Seat 2: skripka7777 ($214.43 in chips)
Seat 3: GRAILKO ($119.38 in chips)
skripka7777: posts small blind $1
GRAILKO: posts big blind $3
*** HOLE CARDS ***
skripka7777: raises $3 to $6
GRAILKO: calls $3
*** FLOP *** [Kc 5d 8d]
GRAILKO: checks
skripka7777: bets $3
GRAILKO: calls $3
*** TURN *** [Kc 5d 8d] [Kh]
GRAILKO: checks
skripka7777: bets $6
GRAILKO: calls $6
*** RIVER *** [Kc 5d 8d Kh] [Ah]
GRAILKO: checks
skripka7777: bets $6
GRAILKO: calls $6
*** SHOW DOWN ***
skripka7777: shows [Qh 9s] (a pair of Kings)
GRAILKO: shows [5c Qs] (two pair, Kings and Fives)
GRAILKO collected $41.50 from pot
*** SUMMARY ***
Total pot $42 | Rake $0.50
Board [Kc 5d 8d Kh Ah]
Seat 2: skripka7777 (button) (small blind) showed [Qh 9s] and lost with a pair of Kings
Seat 3: GRAILKO (big blind) showed [5c Qs] and won ($41.50) with two pair, Kings and Fives


PokerStars Hand #163988369706:  Hold'em Limit ($3/$6 USD) - 2017/01/03 16:51:40 ET
Table 'Cassini' 6-max Seat #2 is the button
Seat 2: skripka7777 ($204.95 in chips)
Seat 3: GRAILKO ($127.88 in chips)
skripka7777: posts small blind $1
GRAILKO: posts big blind $3
*** HOLE CARDS ***
skripka7777: raises $3 to $6
GRAILKO: calls $3
*** FLOP *** [8s 2c 3c]
GRAILKO: checks
skripka7777: bets $3
GRAILKO: folds
Uncalled bet ($3) returned to skripka7777
skripka7777 collected $11.76 from pot
skripka7777: doesn't show hand
*** SUMMARY ***
Total pot $12 | Rake $0.24
Board [8s 2c 3c]
Seat 2: skripka7777 (button) (small blind) collected ($11.76)
Seat 3: GRAILKO (big blind) folded on the Flop


PokerStars Hand #163988426384:  Hold'em Limit ($3/$6 USD) - 2017/01/03 16:52:27 ET
Table 'Cassini' 6-max Seat #2 is the button
Seat 2: skripka7777 ($226.21 in chips)
Seat 3: GRAILKO ($105.52 in chips)
skripka7777: posts small blind $1
GRAILKO: posts big blind $3
*** HOLE CARDS ***
skripka7777: folds
Uncalled bet ($2) returned to GRAILKO
GRAILKO collected $2 from pot
GRAILKO: doesn't show hand
*** SUMMARY ***
Total pot $2 | Rake $0
Seat 2: skripka7777 (button) (small blind) folded before Flop
Seat 3: GRAILKO (big blind) collected ($2)


PokerStars Hand #163988419898:  Hold'em Limit ($3/$6 USD) - 2017/01/03 16:52:22 ET
Table 'Cassini' 6-max Seat #3 is the button
Seat 2: skripka7777 ($225.21 in chips)
Seat 3: GRAILKO ($106.52 in chips)
GRAILKO: posts small blind $1
skripka7777: posts big blind $3
*** HOLE CARDS ***
GRAILKO: folds
Uncalled bet ($2) returned to skripka7777
skripka7777 collected $2 from pot
skripka7777: doesn't show hand
*** SUMMARY ***
Total pot $2 | Rake $0
Seat 2: skripka7777 (big blind) collected ($2)
Seat 3: GRAILKO (button) (small blind) folded before Flop


PokerStars Hand #163988403646:  Hold'em Limit ($3/$6 USD) - 2017/01/03 16:52:08 ET
Table 'Cassini' 6-max Seat #2 is the button
Seat 2: skripka7777 ($234.21 in chips)
Seat 3: GRAILKO ($97.88 in chips)
skripka7777: posts small blind $1
GRAILKO: posts big blind $3
*** HOLE CARDS ***
skripka7777: raises $3 to $6
GRAILKO: calls $3
*** FLOP *** [8c Qc 5c]
GRAILKO: checks
skripka7777: bets $3
GRAILKO: raises $3 to $6
skripka7777: folds
Uncalled bet ($3) returned to GRAILKO
GRAILKO collected $17.64 from pot
GRAILKO: doesn't show hand
*** SUMMARY ***
Total pot $18 | Rake $0.36
Board [8c Qc 5c]
Seat 2: skripka7777 (button) (small blind) folded on the Flop
Seat 3: GRAILKO (big blind) collected ($17.64)


PokerStars Hand #163988350955:  Hold'em Limit ($3/$6 USD) - 2017/01/03 16:51:25 ET
Table 'Cassini' 6-max Seat #3 is the button
Seat 2: skripka7777 ($193.43 in chips)
Seat 3: GRAILKO ($139.88 in chips)
GRAILKO: posts small blind $1
skripka7777: posts big blind $3
*** HOLE CARDS ***
GRAILKO: raises $3 to $6
skripka7777: raises $3 to $9
GRAILKO: calls $3
*** FLOP *** [6s Jd 7s]
skripka7777: bets $3
GRAILKO: calls $3
*** TURN *** [6s Jd 7s] [2d]
skripka7777: bets $6
GRAILKO: folds
Uncalled bet ($6) returned to skripka7777
skripka7777 collected $23.52 from pot
skripka7777: doesn't show hand
*** SUMMARY ***
Total pot $24 | Rake $0.48
Board [6s Jd 7s 2d]
Seat 2: skripka7777 (big blind) collected ($23.52)
Seat 3: GRAILKO (button) (small blind) folded on the Turn


PokerStars Hand #163988381070:  Hold'em Limit ($3/$6 USD) - 2017/01/03 16:51:50 ET
Table 'Cassini' 6-max Seat #3 is the button
Seat 2: skripka7777 ($210.71 in chips)
Seat 3: GRAILKO ($121.88 in chips)
GRAILKO: posts small blind $1
skripka7777: posts big blind $3
*** HOLE CARDS ***
GRAILKO: raises $3 to $6
skripka7777: calls $3
*** FLOP *** [4h 7h 9s]
skripka7777: checks
GRAILKO: bets $3
skripka7777: raises $3 to $6
GRAILKO: calls $3
*** TURN *** [4h 7h 9s] [Tc]
skripka7777: bets $6
GRAILKO: raises $6 to $12
skripka7777: calls $6
*** RIVER *** [4h 7h 9s Tc] [Kh]
skripka7777: checks
GRAILKO: checks
*** SHOW DOWN ***
skripka7777: shows [8h Qh] (a flush, King high)
GRAILKO: mucks hand
skripka7777 collected $47.50 from pot
*** SUMMARY ***
Total pot $48 | Rake $0.50
Board [4h 7h 9s Tc Kh]
Seat 2: skripka7777 (big blind) showed [8h Qh] and won ($47.50) with a flush, King high
Seat 3: GRAILKO (button) (small blind) mucked


PokerStars Hand #163988432641:  Hold'em Limit ($3/$6 USD) - 2017/01/03 16:52:32 ET
Table 'Cassini' 6-max Seat #3 is the button
Seat 2: skripka7777 ($225.21 in chips)
Seat 3: GRAILKO ($106.52 in chips)
GRAILKO: posts small blind $1
skripka7777: posts big blind $3
*** HOLE CARDS ***
GRAILKO: raises $3 to $6
skripka7777: calls $3
*** FLOP *** [Tc Ad 5c]
skripka7777: checks
GRAILKO: bets $3
skripka7777: raises $3 to $6
GRAILKO: calls $3
*** TURN *** [Tc Ad 5c] [Ks]
skripka7777: bets $6
GRAILKO: calls $6
*** RIVER *** [Tc Ad 5c Ks] [9s]
skripka7777: bets $6
GRAILKO: folds
Uncalled bet ($6) returned to skripka7777
skripka7777 collected $35.50 from pot
skripka7777: doesn't show hand
*** SUMMARY ***
Total pot $36 | Rake $0.50
Board [Tc Ad 5c Ks 9s]
Seat 2: skripka7777 (big blind) collected ($35.50)
Seat 3: GRAILKO (button) (small blind) folded on the River


PokerStars Hand #163988465051:  Hold'em Limit ($3/$6 USD) - 2017/01/03 16:52:59 ET
Table 'Cassini' 6-max Seat #2 is the button
Seat 2: skripka7777 ($242.71 in chips)
Seat 3: GRAILKO ($88.52 in chips)
skripka7777: posts small blind $1
GRAILKO: posts big blind $3
*** HOLE CARDS ***
skripka7777: raises $3 to $6
GRAILKO: raises $3 to $9
skripka7777: calls $3
*** FLOP *** [2d Ts Ks]
GRAILKO: bets $3
skripka7777: raises $3 to $6
GRAILKO: calls $3
*** TURN *** [2d Ts Ks] [4d]
GRAILKO: checks
skripka7777: bets $6
GRAILKO: calls $6
*** RIVER *** [2d Ts Ks 4d] [2h]
GRAILKO: checks
skripka7777: bets $6
GRAILKO: folds
Uncalled bet ($6) returned to skripka7777
Zubasa07 joins the table at seat #4
skripka7777 collected $41.50 from pot
skripka7777: doesn't show hand
*** SUMMARY ***
Total pot $42 | Rake $0.50
Board [2d Ts Ks 4d 2h]
Seat 2: skripka7777 (button) (small blind) collected ($41.50)
Seat 3: GRAILKO (big blind) folded on the River


