PokerStars Hand #148100343713:  Hold'em Limit ($3/$6 USD) - 2016/02/02 6:31:27 ET
Table 'Castalia III' 6-max Seat #4 is the button
Seat 3: tazo50 ($279 in chips)
Seat 4: Agrotait ($92.50 in chips)
Agrotait: posts small blind $1
tazo50: posts big blind $3
*** HOLE CARDS ***
Agrotait: raises $3 to $6
tazo50: calls $3
*** FLOP *** [9s 8s 6d]
tazo50: checks
Agrotait: bets $3
tazo50: calls $3
*** TURN *** [9s 8s 6d] [As]
tazo50: checks
Agrotait: checks
*** RIVER *** [9s 8s 6d As] [Jc]
tazo50: bets $6
Agrotait: calls $6
*** SHOW DOWN ***
tazo50: shows [7s Th] (a straight, Seven to Jack)
Agrotait: mucks hand
tazo50 collected $29.50 from pot
*** SUMMARY ***
Total pot $30 | Rake $0.50
Board [9s 8s 6d As Jc]
Seat 3: tazo50 (big blind) showed [7s Th] and won ($29.50) with a straight, Seven to Jack
Seat 4: Agrotait (button) (small blind) mucked


PokerStars Hand #148100408635:  Hold'em Limit ($3/$6 USD) - 2016/02/02 6:33:23 ET
Table 'Castalia III' 6-max Seat #4 is the button
Seat 3: tazo50 ($296.38 in chips)
Seat 4: Agrotait ($74.50 in chips)
Agrotait: posts small blind $1
tazo50: posts big blind $3
*** HOLE CARDS ***
Agrotait: raises $3 to $6
tazo50: calls $3
*** FLOP *** [Kh 3c 4d]
tazo50: checks
Agrotait: bets $3
tazo50: calls $3
*** TURN *** [Kh 3c 4d] [Jc]
tazo50: checks
Agrotait: bets $6
tazo50: folds
Uncalled bet ($6) returned to Agrotait
Agrotait collected $17.64 from pot
Agrotait: doesn't show hand
*** SUMMARY ***
Total pot $18 | Rake $0.36
Board [Kh 3c 4d Jc]
Seat 3: tazo50 (big blind) folded on the Turn
Seat 4: Agrotait (button) (small blind) collected ($17.64)


PokerStars Hand #148100460957:  Hold'em Limit ($3/$6 USD) - 2016/02/02 6:34:56 ET
Table 'Castalia III' 6-max Seat #4 is the button
Seat 3: tazo50 ($296.02 in chips)
Seat 4: Agrotait ($74.14 in chips)
Agrotait: posts small blind $1
tazo50: posts big blind $3
*** HOLE CARDS ***
Agrotait: raises $3 to $6
tazo50: calls $3
*** FLOP *** [3c Qs Td]
tazo50: checks
Agrotait: bets $3
tazo50: folds
Uncalled bet ($3) returned to Agrotait
Agrotait collected $11.76 from pot
Agrotait: doesn't show hand
*** SUMMARY ***
Total pot $12 | Rake $0.24
Board [3c Qs Td]
Seat 3: tazo50 (big blind) folded on the Flop
Seat 4: Agrotait (button) (small blind) collected ($11.76)


PokerStars Hand #148100422575:  Hold'em Limit ($3/$6 USD) - 2016/02/02 6:33:48 ET
Table 'Castalia III' 6-max Seat #3 is the button
Seat 3: tazo50 ($287.38 in chips)
Seat 4: Agrotait ($83.14 in chips)
tazo50: posts small blind $1
Agrotait: posts big blind $3
*** HOLE CARDS ***
tazo50: calls $2
Agrotait: checks
*** FLOP *** [5d 7s Kh]
Agrotait: checks
tazo50: checks
*** TURN *** [5d 7s Kh] [Ac]
Agrotait: bets $6
tazo50: raises $6 to $12
Agrotait: folds
Uncalled bet ($6) returned to tazo50
tazo50 collected $17.64 from pot
tazo50: doesn't show hand
*** SUMMARY ***
Total pot $18 | Rake $0.36
Board [5d 7s Kh Ac]
Seat 3: tazo50 (button) (small blind) collected ($17.64)
Seat 4: Agrotait (big blind) folded on the Turn


PokerStars Hand #148100469145:  Hold'em Limit ($3/$6 USD) - 2016/02/02 6:35:11 ET
Table 'Castalia III' 6-max Seat #3 is the button
Seat 3: tazo50 ($290.02 in chips)
Seat 4: Agrotait ($79.90 in chips)
tazo50: posts small blind $1
Agrotait: posts big blind $3
*** HOLE CARDS ***
tazo50: calls $2
Agrotait: checks
*** FLOP *** [9s 5c 7h]
Agrotait: bets $3
tazo50: raises $3 to $6
SmellyToes4u joins the table at seat #5
Agrotait: calls $3
*** TURN *** [9s 5c 7h] [5d]
Agrotait: checks
tazo50: bets $6
Agrotait: folds
Uncalled bet ($6) returned to tazo50
tazo50 collected $17.64 from pot
tazo50: doesn't show hand
*** SUMMARY ***
Total pot $18 | Rake $0.36
Board [9s 5c 7h 5d]
Seat 3: tazo50 (button) (small blind) collected ($17.64)
Seat 4: Agrotait (big blind) folded on the Turn


PokerStars Hand #148104326017:  Hold'em Limit ($3/$6 USD) - 2016/02/02 8:21:21 ET
Table 'Castalia III' 6-max Seat #5 is the button
Seat 2: chezlaw ($110 in chips)
Seat 5: aless284 ($96.51 in chips)
aless284: posts small blind $1
72bestcard: is sitting out
chezlaw: posts big blind $3
*** HOLE CARDS ***
aless284: raises $3 to $6
72bestcard leaves the table
chezlaw: calls $3
*** FLOP *** [7s Qh 6c]
chezlaw: checks
aless284: bets $3
chezlaw: raises $3 to $6
aless284: calls $3
*** TURN *** [7s Qh 6c] [8c]
chezlaw: bets $6
aless284: calls $6
*** RIVER *** [7s Qh 6c 8c] [Qs]
chezlaw: bets $6
aless284: folds
Uncalled bet ($6) returned to chezlaw
chezlaw collected $35.50 from pot
chezlaw: doesn't show hand
*** SUMMARY ***
Total pot $36 | Rake $0.50
Board [7s Qh 6c 8c Qs]
Seat 2: chezlaw (big blind) collected ($35.50)
Seat 5: aless284 (button) (small blind) folded on the River


