PokerStars Hand #169342633049:  Hold'em Limit ($3/$6 USD) - 2017/04/21 5:46:58 ET
Table 'Castafiore' 6-max Seat #2 is the button
Seat 1: Qvidde ($151.56 in chips)
Seat 2: pecs680 ($115.27 in chips)
pecs680: posts small blind $1
ABATAPP: is sitting out
Qvidde: posts big blind $3
*** HOLE CARDS ***
ABATAPP leaves the table
pecs680: folds
Uncalled bet ($2) returned to Qvidde
Qvidde collected $2 from pot
Qvidde: doesn't show hand
*** SUMMARY ***
Total pot $2 | Rake $0
Seat 1: Qvidde (big blind) collected ($2)
Seat 2: pecs680 (button) (small blind) folded before Flop


PokerStars Hand #169342706821:  Hold'em Limit ($3/$6 USD) - 2017/04/21 5:50:07 ET
Table 'Castafiore' 6-max Seat #1 is the button
Seat 1: Qvidde ($152.56 in chips)
Seat 6: ruslik1005 ($30 in chips)
Qvidde: posts small blind $1
ruslik1005: posts big blind $3
*** HOLE CARDS ***
Qvidde: raises $3 to $6
ruslik1005: calls $3
*** FLOP *** [Ad Th 7c]
ruslik1005: checks
Qvidde: bets $3
ruslik1005: calls $3
*** TURN *** [Ad Th 7c] [4c]
ruslik1005: checks
Qvidde: bets $6
ruslik1005: calls $6
*** RIVER *** [Ad Th 7c 4c] [8c]
ruslik1005: checks
Qvidde: bets $6
ruslik1005: calls $6
*** SHOW DOWN ***
Qvidde: shows [9c 8s] (a pair of Eights)
ruslik1005: shows [6h Td] (a pair of Tens)
ruslik1005 collected $41.50 from pot
*** SUMMARY ***
Total pot $42 | Rake $0.50
Board [Ad Th 7c 4c 8c]
Seat 1: Qvidde (button) (small blind) showed [9c 8s] and lost with a pair of Eights
Seat 6: ruslik1005 (big blind) showed [6h Td] and won ($41.50) with a pair of Tens


PokerStars Hand #169342719335:  Hold'em Limit ($3/$6 USD) - 2017/04/21 5:50:39 ET
Table 'Castafiore' 6-max Seat #6 is the button
Seat 1: Qvidde ($131.56 in chips)
Seat 6: ruslik1005 ($50.50 in chips)
ruslik1005: posts small blind $1
Qvidde: posts big blind $3
*** HOLE CARDS ***
ruslik1005: calls $2
Qvidde: raises $3 to $6
ruslik1005: calls $3
*** FLOP *** [9h 5c Jh]
Qvidde: bets $3
ruslik1005: calls $3
*** TURN *** [9h 5c Jh] [As]
Qvidde: checks
ruslik1005: checks
*** RIVER *** [9h 5c Jh As] [5h]
Qvidde: checks
ruslik1005: bets $6
RockKillerTY joins the table at seat #2
Qvidde: calls $6
*** SHOW DOWN ***
ruslik1005: shows [7c 7d] (two pair, Sevens and Fives)
Qvidde: mucks hand
ruslik1005 collected $29.50 from pot
*** SUMMARY ***
Total pot $30 | Rake $0.50
Board [9h 5c Jh As 5h]
Seat 1: Qvidde (big blind) mucked
Seat 6: ruslik1005 (button) (small blind) showed [7c 7d] and won ($29.50) with two pair, Sevens and Fives


PokerStars Hand #169343066432:  Hold'em Limit ($3/$6 USD) - 2017/04/21 6:05:56 ET
Table 'Castafiore' 6-max Seat #5 is the button
Seat 4: raccoon2017 ($73.56 in chips)
Seat 5: HAL9QQQ ($120 in chips)
HAL9QQQ: posts small blind $1
raccoon2017: posts big blind $3
*** HOLE CARDS ***
HAL9QQQ: folds
Uncalled bet ($2) returned to raccoon2017
raccoon2017 collected $2 from pot
raccoon2017: doesn't show hand
*** SUMMARY ***
Total pot $2 | Rake $0
Seat 4: raccoon2017 (big blind) collected ($2)
Seat 5: HAL9QQQ (button) (small blind) folded before Flop


PokerStars Hand #169343068625:  Hold'em Limit ($3/$6 USD) - 2017/04/21 6:06:02 ET
Table 'Castafiore' 6-max Seat #4 is the button
Seat 4: raccoon2017 ($74.56 in chips)
Seat 5: HAL9QQQ ($120 in chips)
raccoon2017: posts small blind $1
HAL9QQQ: posts big blind $3
*** HOLE CARDS ***
raccoon2017: folds
Uncalled bet ($2) returned to HAL9QQQ
HAL9QQQ collected $2 from pot
HAL9QQQ: doesn't show hand
*** SUMMARY ***
Total pot $2 | Rake $0
Seat 4: raccoon2017 (button) (small blind) folded before Flop
Seat 5: HAL9QQQ (big blind) collected ($2)


PokerStars Hand #169343533494:  Hold'em Limit ($3/$6 USD) - 2017/04/21 6:25:19 ET
Table 'Castafiore' 6-max Seat #4 is the button
Seat 1: Agrotait ($82.64 in chips)
Seat 4: raccoon2017 ($39.96 in chips)
raccoon2017: posts small blind $1
Agrotait: posts big blind $3
*** HOLE CARDS ***
raccoon2017: folds
Uncalled bet ($2) returned to Agrotait
Agrotait collected $2 from pot
Agrotait: doesn't show hand
*** SUMMARY ***
Total pot $2 | Rake $0
Seat 1: Agrotait (big blind) collected ($2)
Seat 4: raccoon2017 (button) (small blind) folded before Flop


PokerStars Hand #169343531438:  Hold'em Limit ($3/$6 USD) - 2017/04/21 6:25:15 ET
Table 'Castafiore' 6-max Seat #1 is the button
Seat 1: Agrotait ($83.64 in chips)
Seat 4: raccoon2017 ($38.96 in chips)
Agrotait: posts small blind $1
raccoon2017: posts big blind $3
*** HOLE CARDS ***
Agrotait: folds
Uncalled bet ($2) returned to raccoon2017
raccoon2017 collected $2 from pot
raccoon2017: doesn't show hand
*** SUMMARY ***
Total pot $2 | Rake $0
Seat 1: Agrotait (button) (small blind) folded before Flop
Seat 4: raccoon2017 (big blind) collected ($2)


PokerStars Hand #169343519438:  Hold'em Limit ($3/$6 USD) - 2017/04/21 6:24:45 ET
Table 'Castafiore' 6-max Seat #4 is the button
Seat 1: Agrotait ($75 in chips)
Seat 4: raccoon2017 ($47.96 in chips)
raccoon2017: posts small blind $1
HAL9QQQ: is sitting out
Agrotait: posts big blind $3
*** HOLE CARDS ***
raccoon2017: calls $2
HAL9QQQ leaves the table
Agrotait: raises $3 to $6
raccoon2017: calls $3
*** FLOP *** [Jh 9s Ts]
Agrotait: bets $3
raccoon2017: calls $3
*** TURN *** [Jh 9s Ts] [Ks]
Agrotait: checks
raccoon2017: checks
*** RIVER *** [Jh 9s Ts Ks] [Kh]
Agrotait: checks
raccoon2017: checks
*** SHOW DOWN ***
Agrotait: shows [As 9d] (two pair, Kings and Nines)
raccoon2017: mucks hand
Agrotait collected $17.64 from pot
*** SUMMARY ***
Total pot $18 | Rake $0.36
Board [Jh 9s Ts Ks Kh]
Seat 1: Agrotait (big blind) showed [As 9d] and won ($17.64) with two pair, Kings and Nines
Seat 4: raccoon2017 (button) (small blind) mucked


PokerStars Hand #169343557400:  Hold'em Limit ($3/$6 USD) - 2017/04/21 6:26:18 ET
Table 'Castafiore' 6-max Seat #4 is the button
Seat 1: Agrotait ($99.04 in chips)
Seat 4: raccoon2017 ($22.96 in chips)
raccoon2017: posts small blind $1
Agrotait: posts big blind $3
*** HOLE CARDS ***
raccoon2017: folds
Uncalled bet ($2) returned to Agrotait
Agrotait collected $2 from pot
Agrotait: doesn't show hand
*** SUMMARY ***
Total pot $2 | Rake $0
Seat 1: Agrotait (big blind) collected ($2)
Seat 4: raccoon2017 (button) (small blind) folded before Flop


PokerStars Hand #169343549099:  Hold'em Limit ($3/$6 USD) - 2017/04/21 6:25:58 ET
Table 'Castafiore' 6-max Seat #1 is the button
Seat 1: Agrotait ($90.40 in chips)
Seat 4: raccoon2017 ($31.96 in chips)
Agrotait: posts small blind $1
raccoon2017: posts big blind $3
*** HOLE CARDS ***
Agrotait: raises $3 to $6
raccoon2017: calls $3
*** FLOP *** [4d 2s 4c]
raccoon2017: checks
Agrotait: bets $3
raccoon2017: calls $3
*** TURN *** [4d 2s 4c] [6s]
raccoon2017: checks
Agrotait: bets $6
raccoon2017: folds
Uncalled bet ($6) returned to Agrotait
Agrotait collected $17.64 from pot
Agrotait: doesn't show hand
*** SUMMARY ***
Total pot $18 | Rake $0.36
Board [4d 2s 4c 6s]
Seat 1: Agrotait (button) (small blind) collected ($17.64)
Seat 4: raccoon2017 (big blind) folded on the Turn


PokerStars Hand #169343547093:  Hold'em Limit ($3/$6 USD) - 2017/04/21 6:25:53 ET
Table 'Castafiore' 6-max Seat #4 is the button
Seat 1: Agrotait ($89.40 in chips)
Seat 4: raccoon2017 ($32.96 in chips)
raccoon2017: posts small blind $1
Agrotait: posts big blind $3
*** HOLE CARDS ***
raccoon2017: folds
Uncalled bet ($2) returned to Agrotait
Agrotait collected $2 from pot
Agrotait: doesn't show hand
*** SUMMARY ***
Total pot $2 | Rake $0
Seat 1: Agrotait (big blind) collected ($2)
Seat 4: raccoon2017 (button) (small blind) folded before Flop


PokerStars Hand #169343536844:  Hold'em Limit ($3/$6 USD) - 2017/04/21 6:25:28 ET
Table 'Castafiore' 6-max Seat #1 is the button
Seat 1: Agrotait ($83.64 in chips)
Seat 4: raccoon2017 ($38.96 in chips)
Agrotait: posts small blind $1
raccoon2017: posts big blind $3
*** HOLE CARDS ***
Agrotait: raises $3 to $6
raccoon2017: calls $3
*** FLOP *** [8s Ad 7c]
raccoon2017: checks
Agrotait: checks
*** TURN *** [8s Ad 7c] [4h]
raccoon2017: checks
Agrotait: bets $6
raccoon2017: folds
Uncalled bet ($6) returned to Agrotait
Agrotait collected $11.76 from pot
Agrotait: doesn't show hand
*** SUMMARY ***
Total pot $12 | Rake $0.24
Board [8s Ad 7c 4h]
Seat 1: Agrotait (button) (small blind) collected ($11.76)
Seat 4: raccoon2017 (big blind) folded on the Turn


PokerStars Hand #169343567751:  Hold'em Limit ($3/$6 USD) - 2017/04/21 6:26:43 ET
Table 'Castafiore' 6-max Seat #4 is the button
Seat 1: Agrotait ($108.68 in chips)
Seat 4: raccoon2017 ($12.96 in chips)
raccoon2017: posts small blind $1
Agrotait: posts big blind $3
*** HOLE CARDS ***
raccoon2017: raises $3 to $6
Agrotait: calls $3
*** FLOP *** [9d 4h 9c]
Agrotait: checks
raccoon2017: bets $3
Agrotait: folds
Uncalled bet ($3) returned to raccoon2017
raccoon2017 collected $11.76 from pot
raccoon2017: doesn't show hand
*** SUMMARY ***
Total pot $12 | Rake $0.24
Board [9d 4h 9c]
Seat 1: Agrotait (big blind) folded on the Flop
Seat 4: raccoon2017 (button) (small blind) collected ($11.76)


PokerStars Hand #169343559282:  Hold'em Limit ($3/$6 USD) - 2017/04/21 6:26:22 ET
Table 'Castafiore' 6-max Seat #1 is the button
Seat 1: Agrotait ($100.04 in chips)
Seat 4: raccoon2017 ($21.96 in chips)
Agrotait: posts small blind $1
raccoon2017: posts big blind $3
*** HOLE CARDS ***
Agrotait: raises $3 to $6
raccoon2017: calls $3
*** FLOP *** [4d 3d 4s]
raccoon2017: checks
Agrotait: bets $3
raccoon2017: calls $3
*** TURN *** [4d 3d 4s] [Th]
raccoon2017: checks
Agrotait: bets $6
raccoon2017: folds
Uncalled bet ($6) returned to Agrotait
Agrotait collected $17.64 from pot
Agrotait: doesn't show hand
*** SUMMARY ***
Total pot $18 | Rake $0.36
Board [4d 3d 4s Th]
Seat 1: Agrotait (button) (small blind) collected ($17.64)
Seat 4: raccoon2017 (big blind) folded on the Turn


PokerStars Hand #169343572802:  Hold'em Limit ($3/$6 USD) - 2017/04/21 6:26:55 ET
Table 'Castafiore' 6-max Seat #1 is the button
Seat 1: Agrotait ($102.68 in chips)
Seat 4: raccoon2017 ($18.72 in chips)
Agrotait: posts small blind $1
raccoon2017: posts big blind $3
*** HOLE CARDS ***
Agrotait: raises $3 to $6
raccoon2017: calls $3
*** FLOP *** [6s 4h 6h]
raccoon2017: checks
Agrotait: bets $3
raccoon2017: calls $3
*** TURN *** [6s 4h 6h] [7c]
raccoon2017: checks
Agrotait: bets $6
raccoon2017: raises $3.72 to $9.72 and is all-in
Agrotait: calls $3.72
*** RIVER *** [6s 4h 6h 7c] [6d]
*** SHOW DOWN ***
raccoon2017: shows [Tc Kd] (three of a kind, Sixes)
Agrotait: shows [8d 6c] (four of a kind, Sixes)
Agrotait collected $36.94 from pot
*** SUMMARY ***
Total pot $37.44 | Rake $0.50
Board [6s 4h 6h 7c 6d]
Seat 1: Agrotait (button) (small blind) showed [8d 6c] and won ($36.94) with four of a kind, Sixes
Seat 4: raccoon2017 (big blind) showed [Tc Kd] and lost with three of a kind, Sixes


