PokerStars Hand #161118697102:  Hold'em Limit ($3/$6 USD) - 2016/11/08 19:12:00 ET
Table 'Castor' 10-max Seat #9 is the button
Seat 9: EpifDi ($64.07 in chips)
Seat 10: Pandakey ($88 in chips)
EpifDi: posts small blind $1
Pandakey: posts big blind $3
*** HOLE CARDS ***
EpifDi: raises $3 to $6
Pandakey: folds
Uncalled bet ($3) returned to EpifDi
EpifDi collected $6 from pot
EpifDi: doesn't show hand
*** SUMMARY ***
Total pot $6 | Rake $0
Seat 9: EpifDi (button) (small blind) collected ($6)
Seat 10: Pandakey (big blind) folded before Flop


PokerStars Hand #161118684044:  Hold'em Limit ($3/$6 USD) - 2016/11/08 19:11:40 ET
Table 'Castor' 10-max Seat #10 is the button
Seat 9: EpifDi ($55.43 in chips)
Seat 10: Pandakey ($97 in chips)
Pandakey: posts small blind $1
EpifDi: posts big blind $3
*** HOLE CARDS ***
Pandakey: raises $3 to $6
EpifDi: raises $3 to $9
Pandakey: calls $3
*** FLOP *** [2s 7d Jc]
EpifDi: bets $3
Pandakey: folds
Uncalled bet ($3) returned to EpifDi
EpifDi collected $17.64 from pot
EpifDi: doesn't show hand
*** SUMMARY ***
Total pot $18 | Rake $0.36
Board [2s 7d Jc]
Seat 9: EpifDi (big blind) collected ($17.64)
Seat 10: Pandakey (button) (small blind) folded on the Flop


PokerStars Hand #161118681058:  Hold'em Limit ($3/$6 USD) - 2016/11/08 19:11:35 ET
Table 'Castor' 10-max Seat #9 is the button
Seat 9: EpifDi ($56.43 in chips)
Seat 10: Pandakey ($96 in chips)
EpifDi: posts small blind $1
Pandakey: posts big blind $3
*** HOLE CARDS ***
EpifDi: folds
Uncalled bet ($2) returned to Pandakey
Pandakey collected $2 from pot
Pandakey: doesn't show hand
*** SUMMARY ***
Total pot $2 | Rake $0
Seat 9: EpifDi (button) (small blind) folded before Flop
Seat 10: Pandakey (big blind) collected ($2)


PokerStars Hand #161118669013:  Hold'em Limit ($3/$6 USD) - 2016/11/08 19:11:17 ET
Table 'Castor' 10-max Seat #10 is the button
Seat 9: EpifDi ($47.79 in chips)
Seat 10: Pandakey ($105 in chips)
Pandakey: posts small blind $1
EpifDi: posts big blind $3
*** HOLE CARDS ***
Pandakey: raises $3 to $6
EpifDi: calls $3
*** FLOP *** [Tc Kh Jh]
EpifDi: checks
Pandakey: bets $3
EpifDi: calls $3
*** TURN *** [Tc Kh Jh] [7d]
EpifDi: checks
Pandakey: checks
*** RIVER *** [Tc Kh Jh 7d] [6h]
EpifDi: bets $6
Pandakey: folds
Uncalled bet ($6) returned to EpifDi
EpifDi collected $17.64 from pot
EpifDi: doesn't show hand
*** SUMMARY ***
Total pot $18 | Rake $0.36
Board [Tc Kh Jh 7d 6h]
Seat 9: EpifDi (big blind) collected ($17.64)
Seat 10: Pandakey (button) (small blind) folded on the River


PokerStars Hand #161118723588:  Hold'em Limit ($3/$6 USD) - 2016/11/08 19:12:42 ET
Table 'Castor' 10-max Seat #9 is the button
Seat 9: EpifDi ($83.57 in chips)
Seat 10: Pandakey ($67.76 in chips)
EpifDi: posts small blind $1
Pandakey: posts big blind $3
*** HOLE CARDS ***
EpifDi: raises $3 to $6
Pandakey: raises $3 to $9
EpifDi: calls $3
*** FLOP *** [Qc 8s 2h]
Pandakey: bets $3
EpifDi: calls $3
*** TURN *** [Qc 8s 2h] [9s]
Pandakey: bets $6
EpifDi: folds
Uncalled bet ($6) returned to Pandakey
Pandakey collected $23.52 from pot
Pandakey: doesn't show hand
*** SUMMARY ***
Total pot $24 | Rake $0.48
Board [Qc 8s 2h 9s]
Seat 9: EpifDi (button) (small blind) folded on the Turn
Seat 10: Pandakey (big blind) collected ($23.52)


PokerStars Hand #161118709470:  Hold'em Limit ($3/$6 USD) - 2016/11/08 19:12:19 ET
Table 'Castor' 10-max Seat #10 is the button
Seat 9: EpifDi ($60.07 in chips)
Seat 10: Pandakey ($91.76 in chips)
Pandakey: posts small blind $1
EpifDi: posts big blind $3
*** HOLE CARDS ***
Pandakey: raises $3 to $6
EpifDi: raises $3 to $9
Pandakey: calls $3
*** FLOP *** [Ah 5h Ts]
EpifDi: bets $3
Pandakey: calls $3
*** TURN *** [Ah 5h Ts] [5d]
EpifDi: bets $6
Pandakey: calls $6
*** RIVER *** [Ah 5h Ts 5d] [2h]
EpifDi: bets $6
Pandakey: calls $6
*** SHOW DOWN ***
EpifDi: shows [9h 6h] (a flush, Ace high)
Pandakey: mucks hand
EpifDi collected $47.50 from pot
*** SUMMARY ***
Total pot $48 | Rake $0.50
Board [Ah 5h Ts 5d 2h]
Seat 9: EpifDi (big blind) showed [9h 6h] and won ($47.50) with a flush, Ace high
Seat 10: Pandakey (button) (small blind) mucked


PokerStars Hand #161118706536:  Hold'em Limit ($3/$6 USD) - 2016/11/08 19:12:15 ET
Table 'Castor' 10-max Seat #9 is the button
Seat 9: EpifDi ($61.07 in chips)
Seat 10: Pandakey ($90.76 in chips)
EpifDi: posts small blind $1
Pandakey: posts big blind $3
*** HOLE CARDS ***
EpifDi: folds
Uncalled bet ($2) returned to Pandakey
Pandakey collected $2 from pot
Pandakey: doesn't show hand
*** SUMMARY ***
Total pot $2 | Rake $0
Seat 9: EpifDi (button) (small blind) folded before Flop
Seat 10: Pandakey (big blind) collected ($2)


PokerStars Hand #161118700208:  Hold'em Limit ($3/$6 USD) - 2016/11/08 19:12:05 ET
Table 'Castor' 10-max Seat #10 is the button
Seat 9: EpifDi ($67.07 in chips)
Seat 10: Pandakey ($85 in chips)
Pandakey: posts small blind $1
EpifDi: posts big blind $3
*** HOLE CARDS ***
Pandakey: raises $3 to $6
EpifDi: calls $3
*** FLOP *** [Ad 9s 6h]
EpifDi: checks
Pandakey: bets $3
EpifDi: folds
Uncalled bet ($3) returned to Pandakey
Pandakey collected $11.76 from pot
Pandakey: doesn't show hand
*** SUMMARY ***
Total pot $12 | Rake $0.24
Board [Ad 9s 6h]
Seat 9: EpifDi (big blind) folded on the Flop
Seat 10: Pandakey (button) (small blind) collected ($11.76)


PokerStars Hand #161118773836:  Hold'em Limit ($3/$6 USD) - 2016/11/08 19:14:01 ET
Table 'Castor' 10-max Seat #9 is the button
Seat 9: EpifDi ($120.07 in chips)
Seat 10: Pandakey ($89.28 in chips)
EpifDi: posts small blind $1
Pandakey: posts big blind $3
*** HOLE CARDS ***
EpifDi: folds
Uncalled bet ($2) returned to Pandakey
Pandakey collected $2 from pot
Pandakey: doesn't show hand
*** SUMMARY ***
Total pot $2 | Rake $0
Seat 9: EpifDi (button) (small blind) folded before Flop
Seat 10: Pandakey (big blind) collected ($2)


PokerStars Hand #161118770699:  Hold'em Limit ($3/$6 USD) - 2016/11/08 19:13:56 ET
Table 'Castor' 10-max Seat #10 is the button
Seat 9: EpifDi ($123.07 in chips)
Seat 10: Pandakey ($86.28 in chips)
Pandakey: posts small blind $1
EpifDi: posts big blind $3
*** HOLE CARDS ***
Pandakey: raises $3 to $6
EpifDi: folds
Uncalled bet ($3) returned to Pandakey
Pandakey collected $6 from pot
Pandakey: doesn't show hand
*** SUMMARY ***
Total pot $6 | Rake $0
Seat 9: EpifDi (big blind) folded before Flop
Seat 10: Pandakey (button) (small blind) collected ($6)


PokerStars Hand #161118760639:  Hold'em Limit ($3/$6 USD) - 2016/11/08 19:13:40 ET
Table 'Castor' 10-max Seat #9 is the button
Seat 9: EpifDi ($108.57 in chips)
Seat 10: Pandakey ($41.28 in chips)
EpifDi: posts small blind $1
Pandakey: posts big blind $3
*** HOLE CARDS ***
EpifDi: raises $3 to $6
Pandakey: calls $3
*** FLOP *** [3h 7c 3c]
Pandakey: checks
EpifDi: bets $3
Pandakey: calls $3
*** TURN *** [3h 7c 3c] [Th]
Pandakey: checks
EpifDi: checks
*** RIVER *** [3h 7c 3c Th] [8d]
Pandakey: checks
EpifDi: bets $6
Pandakey: calls $6
*** SHOW DOWN ***
EpifDi: shows [7h Ac] (two pair, Sevens and Threes)
Pandakey: mucks hand
EpifDi collected $29.50 from pot
*** SUMMARY ***
Total pot $30 | Rake $0.50
Board [3h 7c 3c Th 8d]
Seat 9: EpifDi (button) (small blind) showed [7h Ac] and won ($29.50) with two pair, Sevens and Threes
Seat 10: Pandakey (big blind) mucked


PokerStars Hand #161118748705:  Hold'em Limit ($3/$6 USD) - 2016/11/08 19:13:21 ET
Table 'Castor' 10-max Seat #10 is the button
Seat 9: EpifDi ($88.07 in chips)
Seat 10: Pandakey ($62.28 in chips)
Pandakey: posts small blind $1
EpifDi: posts big blind $3
*** HOLE CARDS ***
Pandakey: raises $3 to $6
EpifDi: calls $3
*** FLOP *** [9h 3d Ks]
EpifDi: checks
Pandakey: bets $3
EpifDi: calls $3
*** TURN *** [9h 3d Ks] [6c]
EpifDi: checks
Pandakey: bets $6
EpifDi: calls $6
*** RIVER *** [9h 3d Ks 6c] [7h]
EpifDi: checks
Pandakey: bets $6
EpifDi: calls $6
*** SHOW DOWN ***
Pandakey: shows [2c 5c] (high card King)
EpifDi: shows [8c 9d] (a pair of Nines)
EpifDi collected $41.50 from pot
*** SUMMARY ***
Total pot $42 | Rake $0.50
Board [9h 3d Ks 6c 7h]
Seat 9: EpifDi (big blind) showed [8c 9d] and won ($41.50) with a pair of Nines
Seat 10: Pandakey (button) (small blind) showed [2c 5c] and lost with high card King


PokerStars Hand #161118745314:  Hold'em Limit ($3/$6 USD) - 2016/11/08 19:13:16 ET
Table 'Castor' 10-max Seat #9 is the button
Seat 9: EpifDi ($89.07 in chips)
Seat 10: Pandakey ($61.28 in chips)
EpifDi: posts small blind $1
Pandakey: posts big blind $3
*** HOLE CARDS ***
EpifDi: folds
Uncalled bet ($2) returned to Pandakey
Pandakey collected $2 from pot
Pandakey: doesn't show hand
*** SUMMARY ***
Total pot $2 | Rake $0
Seat 9: EpifDi (button) (small blind) folded before Flop
Seat 10: Pandakey (big blind) collected ($2)


PokerStars Hand #161118736369:  Hold'em Limit ($3/$6 USD) - 2016/11/08 19:13:02 ET
Table 'Castor' 10-max Seat #10 is the button
Seat 9: EpifDi ($71.57 in chips)
Seat 10: Pandakey ($79.28 in chips)
Pandakey: posts small blind $1
EpifDi: posts big blind $3
*** HOLE CARDS ***
Pandakey: raises $3 to $6
EpifDi: calls $3
*** FLOP *** [Ks 7h 5h]
EpifDi: checks
Pandakey: checks
*** TURN *** [Ks 7h 5h] [3s]
EpifDi: bets $6
Pandakey: calls $6
*** RIVER *** [Ks 7h 5h 3s] [Jh]
EpifDi: bets $6
Pandakey: calls $6
*** SHOW DOWN ***
EpifDi: shows [Jc 7d] (two pair, Jacks and Sevens)
Pandakey: mucks hand
EpifDi collected $35.50 from pot
*** SUMMARY ***
Total pot $36 | Rake $0.50
Board [Ks 7h 5h 3s Jh]
Seat 9: EpifDi (big blind) showed [Jc 7d] and won ($35.50) with two pair, Jacks and Sevens
Seat 10: Pandakey (button) (small blind) mucked


PokerStars Hand #161118798603:  Hold'em Limit ($3/$6 USD) - 2016/11/08 19:14:40 ET
Table 'Castor' 10-max Seat #10 is the button
Seat 9: EpifDi ($77.07 in chips)
Seat 10: Pandakey ($131.28 in chips)
Pandakey: posts small blind $1
EpifDi: posts big blind $3
*** HOLE CARDS ***
Pandakey: raises $3 to $6
EpifDi: calls $3
*** FLOP *** [Td Ac 5d]
EpifDi: checks
Pandakey: bets $3
EpifDi: calls $3
*** TURN *** [Td Ac 5d] [Qc]
EpifDi: checks
Pandakey: bets $6
EpifDi: folds
Uncalled bet ($6) returned to Pandakey
Pandakey collected $17.64 from pot
Pandakey: doesn't show hand
*** SUMMARY ***
Total pot $18 | Rake $0.36
Board [Td Ac 5d Qc]
Seat 9: EpifDi (big blind) folded on the Turn
Seat 10: Pandakey (button) (small blind) collected ($17.64)


PokerStars Hand #161118787801:  Hold'em Limit ($3/$6 USD) - 2016/11/08 19:14:23 ET
Table 'Castor' 10-max Seat #9 is the button
Seat 9: EpifDi ($98.07 in chips)
Seat 10: Pandakey ($110.78 in chips)
EpifDi: posts small blind $1
Pandakey: posts big blind $3
*** HOLE CARDS ***
EpifDi: raises $3 to $6
Pandakey: raises $3 to $9
EpifDi: calls $3
*** FLOP *** [7h 8s 6d]
Pandakey: bets $3
EpifDi: raises $3 to $6
Pandakey: calls $3
*** TURN *** [7h 8s 6d] [8h]
Pandakey: checks
EpifDi: bets $6
Pandakey: calls $6
*** RIVER *** [7h 8s 6d 8h] [Kc]
Pandakey: checks
EpifDi: checks
*** SHOW DOWN ***
Pandakey: shows [6s As] (two pair, Eights and Sixes)
EpifDi: mucks hand
Pandakey collected $41.50 from pot
*** SUMMARY ***
Total pot $42 | Rake $0.50
Board [7h 8s 6d 8h Kc]
Seat 9: EpifDi (button) (small blind) mucked
Seat 10: Pandakey (big blind) showed [6s As] and won ($41.50) with two pair, Eights and Sixes


PokerStars Hand #161118776997:  Hold'em Limit ($3/$6 USD) - 2016/11/08 19:14:06 ET
Table 'Castor' 10-max Seat #10 is the button
Seat 9: EpifDi ($119.07 in chips)
Seat 10: Pandakey ($90.28 in chips)
Pandakey: posts small blind $1
EpifDi: posts big blind $3
*** HOLE CARDS ***
Pandakey: raises $3 to $6
EpifDi: calls $3
*** FLOP *** [4c 6d 6h]
EpifDi: checks
Pandakey: bets $3
EpifDi: calls $3
*** TURN *** [4c 6d 6h] [2s]
EpifDi: checks
Pandakey: bets $6
EpifDi: calls $6
*** RIVER *** [4c 6d 6h 2s] [2h]
EpifDi: checks
Pandakey: bets $6
EpifDi: calls $6
*** SHOW DOWN ***
Pandakey: shows [5h 4s] (two pair, Sixes and Fours)
EpifDi: mucks hand
Pandakey collected $41.50 from pot
*** SUMMARY ***
Total pot $42 | Rake $0.50
Board [4c 6d 6h 2s 2h]
Seat 9: EpifDi (big blind) mucked
Seat 10: Pandakey (button) (small blind) showed [5h 4s] and won ($41.50) with two pair, Sixes and Fours


PokerStars Hand #161118834752:  Hold'em Limit ($3/$6 USD) - 2016/11/08 19:15:38 ET
Table 'Castor' 10-max Seat #9 is the button
Seat 9: EpifDi ($64.83 in chips)
Seat 10: Pandakey ($142.68 in chips)
EpifDi: posts small blind $1
Pandakey: posts big blind $3
*** HOLE CARDS ***
EpifDi: raises $3 to $6
Pandakey: calls $3
*** FLOP *** [Ad 2c 5s]
Pandakey: checks
EpifDi: checks
*** TURN *** [Ad 2c 5s] [As]
Pandakey: checks
EpifDi: checks
*** RIVER *** [Ad 2c 5s As] [Jc]
Pandakey: checks
EpifDi: checks
*** SHOW DOWN ***
Pandakey: shows [4s Qd] (a pair of Aces)
EpifDi: shows [8c Qh] (a pair of Aces - Queen+Jack+Eight kicker)
EpifDi collected $11.76 from pot
*** SUMMARY ***
Total pot $12 | Rake $0.24
Board [Ad 2c 5s As Jc]
Seat 9: EpifDi (button) (small blind) showed [8c Qh] and won ($11.76) with a pair of Aces
Seat 10: Pandakey (big blind) showed [4s Qd] and lost with a pair of Aces


PokerStars Hand #161118831879:  Hold'em Limit ($3/$6 USD) - 2016/11/08 19:15:33 ET
Table 'Castor' 10-max Seat #10 is the button
Seat 9: EpifDi ($67.83 in chips)
Seat 10: Pandakey ($139.68 in chips)
Pandakey: posts small blind $1
EpifDi: posts big blind $3
*** HOLE CARDS ***
Pandakey: raises $3 to $6
EpifDi: folds
Uncalled bet ($3) returned to Pandakey
Pandakey collected $6 from pot
Pandakey: doesn't show hand
*** SUMMARY ***
Total pot $6 | Rake $0
Seat 9: EpifDi (big blind) folded before Flop
Seat 10: Pandakey (button) (small blind) collected ($6)


PokerStars Hand #161118807452:  Hold'em Limit ($3/$6 USD) - 2016/11/08 19:14:54 ET
Table 'Castor' 10-max Seat #9 is the button
Seat 9: EpifDi ($68.07 in chips)
Seat 10: Pandakey ($139.92 in chips)
EpifDi: posts small blind $1
Pandakey: posts big blind $3
*** HOLE CARDS ***
EpifDi: raises $3 to $6
Pandakey: calls $3
*** FLOP *** [6s Ks Tc]
Pandakey: checks
EpifDi: bets $3
Pandakey: raises $3 to $6
EpifDi: calls $3
*** TURN *** [6s Ks Tc] [8d]
Pandakey: checks
EpifDi: checks
*** RIVER *** [6s Ks Tc 8d] [Qc]
Pandakey: checks
EpifDi: checks
*** SHOW DOWN ***
Pandakey: shows [6d Ah] (a pair of Sixes)
EpifDi: shows [As 6h] (a pair of Sixes)
Pandakey collected $11.76 from pot
EpifDi collected $11.76 from pot
*** SUMMARY ***
Total pot $24 | Rake $0.48
Board [6s Ks Tc 8d Qc]
Seat 9: EpifDi (button) (small blind) showed [As 6h] and won ($11.76) with a pair of Sixes
Seat 10: Pandakey (big blind) showed [6d Ah] and won ($11.76) with a pair of Sixes


PokerStars Hand #161118890848:  Hold'em Limit ($3/$6 USD) - 2016/11/08 19:17:03 ET
Table 'Castor' 10-max Seat #9 is the button
Seat 9: EpifDi ($73.09 in chips)
Seat 10: Pandakey ($133.18 in chips)
EpifDi: posts small blind $1
Pandakey: posts big blind $3
*** HOLE CARDS ***
EpifDi: raises $3 to $6
Pandakey: folds
Uncalled bet ($3) returned to EpifDi
EpifDi collected $6 from pot
EpifDi: doesn't show hand
*** SUMMARY ***
Total pot $6 | Rake $0
Seat 9: EpifDi (button) (small blind) collected ($6)
Seat 10: Pandakey (big blind) folded before Flop


PokerStars Hand #161118887947:  Hold'em Limit ($3/$6 USD) - 2016/11/08 19:16:58 ET
Table 'Castor' 10-max Seat #10 is the button
Seat 9: EpifDi ($72.09 in chips)
Seat 10: Pandakey ($134.18 in chips)
Pandakey: posts small blind $1
EpifDi: posts big blind $3
*** HOLE CARDS ***
Pandakey: folds
Uncalled bet ($2) returned to EpifDi
EpifDi collected $2 from pot
EpifDi: doesn't show hand
*** SUMMARY ***
Total pot $2 | Rake $0
Seat 9: EpifDi (big blind) collected ($2)
Seat 10: Pandakey (button) (small blind) folded before Flop


PokerStars Hand #161118884290:  Hold'em Limit ($3/$6 USD) - 2016/11/08 19:16:52 ET
Table 'Castor' 10-max Seat #9 is the button
Seat 9: EpifDi ($69.09 in chips)
Seat 10: Pandakey ($137.18 in chips)
EpifDi: posts small blind $1
Pandakey: posts big blind $3
*** HOLE CARDS ***
EpifDi: raises $3 to $6
Pandakey: folds
Uncalled bet ($3) returned to EpifDi
EpifDi collected $6 from pot
EpifDi: doesn't show hand
*** SUMMARY ***
Total pot $6 | Rake $0
Seat 9: EpifDi (button) (small blind) collected ($6)
Seat 10: Pandakey (big blind) folded before Flop


PokerStars Hand #161118867327:  Hold'em Limit ($3/$6 USD) - 2016/11/08 19:16:25 ET
Table 'Castor' 10-max Seat #10 is the button
Seat 9: EpifDi ($51.59 in chips)
Seat 10: Pandakey ($155.18 in chips)
Pandakey: posts small blind $1
EpifDi: posts big blind $3
*** HOLE CARDS ***
Pandakey: raises $3 to $6
EpifDi: calls $3
*** FLOP *** [8c 5s 3h]
EpifDi: checks
Pandakey: checks
*** TURN *** [8c 5s 3h] [3s]
EpifDi: checks
Pandakey: bets $6
EpifDi: calls $6
*** RIVER *** [8c 5s 3h 3s] [Ts]
EpifDi: bets $6
Pandakey: calls $6
*** SHOW DOWN ***
EpifDi: shows [Ks Th] (two pair, Tens and Threes)
Pandakey: mucks hand
EpifDi collected $35.50 from pot
*** SUMMARY ***
Total pot $36 | Rake $0.50
Board [8c 5s 3h 3s Ts]
Seat 9: EpifDi (big blind) showed [Ks Th] and won ($35.50) with two pair, Tens and Threes
Seat 10: Pandakey (button) (small blind) mucked


PokerStars Hand #161118864610:  Hold'em Limit ($3/$6 USD) - 2016/11/08 19:16:20 ET
Table 'Castor' 10-max Seat #9 is the button
Seat 9: EpifDi ($52.59 in chips)
Seat 10: Pandakey ($154.18 in chips)
EpifDi: posts small blind $1
Pandakey: posts big blind $3
*** HOLE CARDS ***
EpifDi: folds
Uncalled bet ($2) returned to Pandakey
Pandakey collected $2 from pot
Pandakey: doesn't show hand
*** SUMMARY ***
Total pot $2 | Rake $0
Seat 9: EpifDi (button) (small blind) folded before Flop
Seat 10: Pandakey (big blind) collected ($2)


PokerStars Hand #161118861922:  Hold'em Limit ($3/$6 USD) - 2016/11/08 19:16:16 ET
Table 'Castor' 10-max Seat #10 is the button
Seat 9: EpifDi ($51.59 in chips)
Seat 10: Pandakey ($155.18 in chips)
Pandakey: posts small blind $1
EpifDi: posts big blind $3
*** HOLE CARDS ***
Pandakey: folds
Uncalled bet ($2) returned to EpifDi
EpifDi collected $2 from pot
EpifDi: doesn't show hand
*** SUMMARY ***
Total pot $2 | Rake $0
Seat 9: EpifDi (big blind) collected ($2)
Seat 10: Pandakey (button) (small blind) folded before Flop


PokerStars Hand #161118859174:  Hold'em Limit ($3/$6 USD) - 2016/11/08 19:16:11 ET
Table 'Castor' 10-max Seat #9 is the button
Seat 9: EpifDi ($52.59 in chips)
Seat 10: Pandakey ($154.18 in chips)
EpifDi: posts small blind $1
Pandakey: posts big blind $3
*** HOLE CARDS ***
EpifDi: folds
Uncalled bet ($2) returned to Pandakey
Pandakey collected $2 from pot
Pandakey: doesn't show hand
*** SUMMARY ***
Total pot $2 | Rake $0
Seat 9: EpifDi (button) (small blind) folded before Flop
Seat 10: Pandakey (big blind) collected ($2)


PokerStars Hand #161118846392:  Hold'em Limit ($3/$6 USD) - 2016/11/08 19:15:57 ET
Table 'Castor' 10-max Seat #10 is the button
Seat 9: EpifDi ($70.59 in chips)
Seat 10: Pandakey ($136.68 in chips)
Pandakey: posts small blind $1
EpifDi: posts big blind $3
*** HOLE CARDS ***
Pandakey: raises $3 to $6
EpifDi: raises $3 to $9
Pandakey: calls $3
*** FLOP *** [4d Ah Tc]
EpifDi: bets $3
Pandakey: calls $3
*** TURN *** [4d Ah Tc] [Qs]
EpifDi: bets $6
Pandakey: raises $6 to $12
EpifDi: folds
Uncalled bet ($6) returned to Pandakey
Pandakey collected $35.50 from pot
Pandakey: doesn't show hand
*** SUMMARY ***
Total pot $36 | Rake $0.50
Board [4d Ah Tc Qs]
Seat 9: EpifDi (big blind) folded on the Turn
Seat 10: Pandakey (button) (small blind) collected ($35.50)


PokerStars Hand #161118929500:  Hold'em Limit ($3/$6 USD) - 2016/11/08 19:18:06 ET
Table 'Castor' 10-max Seat #10 is the button
Seat 9: EpifDi ($82.59 in chips)
Seat 10: Pandakey ($122.82 in chips)
Pandakey: posts small blind $1
EpifDi: posts big blind $3
*** HOLE CARDS ***
Pandakey: folds
Uncalled bet ($2) returned to EpifDi
EpifDi collected $2 from pot
EpifDi: doesn't show hand
*** SUMMARY ***
Total pot $2 | Rake $0
Seat 9: EpifDi (big blind) collected ($2)
Seat 10: Pandakey (button) (small blind) folded before Flop


PokerStars Hand #161118926827:  Hold'em Limit ($3/$6 USD) - 2016/11/08 19:18:01 ET
Table 'Castor' 10-max Seat #9 is the button
Seat 9: EpifDi ($83.59 in chips)
Seat 10: Pandakey ($121.82 in chips)
EpifDi: posts small blind $1
Pandakey: posts big blind $3
*** HOLE CARDS ***
EpifDi: folds
Uncalled bet ($2) returned to Pandakey
Pandakey collected $2 from pot
Pandakey: doesn't show hand
*** SUMMARY ***
Total pot $2 | Rake $0
Seat 9: EpifDi (button) (small blind) folded before Flop
Seat 10: Pandakey (big blind) collected ($2)


PokerStars Hand #161118924146:  Hold'em Limit ($3/$6 USD) - 2016/11/08 19:17:57 ET
Table 'Castor' 10-max Seat #10 is the button
Seat 9: EpifDi ($82.59 in chips)
Seat 10: Pandakey ($122.82 in chips)
Pandakey: posts small blind $1
EpifDi: posts big blind $3
*** HOLE CARDS ***
Pandakey: folds
Uncalled bet ($2) returned to EpifDi
EpifDi collected $2 from pot
EpifDi: doesn't show hand
*** SUMMARY ***
Total pot $2 | Rake $0
Seat 9: EpifDi (big blind) collected ($2)
Seat 10: Pandakey (button) (small blind) folded before Flop


PokerStars Hand #161118921179:  Hold'em Limit ($3/$6 USD) - 2016/11/08 19:17:52 ET
Table 'Castor' 10-max Seat #9 is the button
Seat 9: EpifDi ($83.59 in chips)
Seat 10: Pandakey ($121.82 in chips)
EpifDi: posts small blind $1
Pandakey: posts big blind $3
*** HOLE CARDS ***
EpifDi: folds
Uncalled bet ($2) returned to Pandakey
Pandakey collected $2 from pot
Pandakey: doesn't show hand
*** SUMMARY ***
Total pot $2 | Rake $0
Seat 9: EpifDi (button) (small blind) folded before Flop
Seat 10: Pandakey (big blind) collected ($2)


PokerStars Hand #161118918209:  Hold'em Limit ($3/$6 USD) - 2016/11/08 19:17:47 ET
Table 'Castor' 10-max Seat #10 is the button
Seat 9: EpifDi ($82.59 in chips)
Seat 10: Pandakey ($122.82 in chips)
Pandakey: posts small blind $1
EpifDi: posts big blind $3
*** HOLE CARDS ***
Pandakey: folds
Uncalled bet ($2) returned to EpifDi
EpifDi collected $2 from pot
EpifDi: doesn't show hand
*** SUMMARY ***
Total pot $2 | Rake $0
Seat 9: EpifDi (big blind) collected ($2)
Seat 10: Pandakey (button) (small blind) folded before Flop


PokerStars Hand #161118915283:  Hold'em Limit ($3/$6 USD) - 2016/11/08 19:17:43 ET
Table 'Castor' 10-max Seat #9 is the button
Seat 9: EpifDi ($83.59 in chips)
Seat 10: Pandakey ($121.82 in chips)
EpifDi: posts small blind $1
Pandakey: posts big blind $3
*** HOLE CARDS ***
EpifDi: folds
Uncalled bet ($2) returned to Pandakey
Pandakey collected $2 from pot
Pandakey: doesn't show hand
*** SUMMARY ***
Total pot $2 | Rake $0
Seat 9: EpifDi (button) (small blind) folded before Flop
Seat 10: Pandakey (big blind) collected ($2)


PokerStars Hand #161118904424:  Hold'em Limit ($3/$6 USD) - 2016/11/08 19:17:25 ET
Table 'Castor' 10-max Seat #10 is the button
Seat 9: EpifDi ($66.09 in chips)
Seat 10: Pandakey ($139.82 in chips)
Pandakey: posts small blind $1
EpifDi: posts big blind $3
*** HOLE CARDS ***
Pandakey: raises $3 to $6
EpifDi: calls $3
*** FLOP *** [9c 4d 4c]
EpifDi: checks
Pandakey: bets $3
EpifDi: raises $3 to $6
Pandakey: calls $3
*** TURN *** [9c 4d 4c] [Jh]
EpifDi: bets $6
Pandakey: calls $6
*** RIVER *** [9c 4d 4c Jh] [As]
EpifDi: checks
Pandakey: checks
*** SHOW DOWN ***
EpifDi: shows [9h Jc] (two pair, Jacks and Nines)
Pandakey: mucks hand
EpifDi collected $35.50 from pot
*** SUMMARY ***
Total pot $36 | Rake $0.50
Board [9c 4d 4c Jh As]
Seat 9: EpifDi (big blind) showed [9h Jc] and won ($35.50) with two pair, Jacks and Nines
Seat 10: Pandakey (button) (small blind) mucked


PokerStars Hand #161118901867:  Hold'em Limit ($3/$6 USD) - 2016/11/08 19:17:21 ET
Table 'Castor' 10-max Seat #9 is the button
Seat 9: EpifDi ($67.09 in chips)
Seat 10: Pandakey ($138.82 in chips)
EpifDi: posts small blind $1
Pandakey: posts big blind $3
*** HOLE CARDS ***
EpifDi: folds
Uncalled bet ($2) returned to Pandakey
Pandakey collected $2 from pot
Pandakey: doesn't show hand
*** SUMMARY ***
Total pot $2 | Rake $0
Seat 9: EpifDi (button) (small blind) folded before Flop
Seat 10: Pandakey (big blind) collected ($2)


PokerStars Hand #161118893711:  Hold'em Limit ($3/$6 USD) - 2016/11/08 19:17:07 ET
Table 'Castor' 10-max Seat #10 is the button
Seat 9: EpifDi ($76.09 in chips)
Seat 10: Pandakey ($130.18 in chips)
Pandakey: posts small blind $1
EpifDi: posts big blind $3
*** HOLE CARDS ***
Pandakey: raises $3 to $6
EpifDi: calls $3
*** FLOP *** [Th 3s Tc]
EpifDi: checks
Pandakey: bets $3
EpifDi: calls $3
*** TURN *** [Th 3s Tc] [5c]
EpifDi: checks
Pandakey: bets $6
EpifDi: folds
Uncalled bet ($6) returned to Pandakey
Pandakey collected $17.64 from pot
Pandakey: doesn't show hand
*** SUMMARY ***
Total pot $18 | Rake $0.36
Board [Th 3s Tc 5c]
Seat 9: EpifDi (big blind) folded on the Turn
Seat 10: Pandakey (button) (small blind) collected ($17.64)


PokerStars Hand #161118955360:  Hold'em Limit ($3/$6 USD) - 2016/11/08 19:18:48 ET
Table 'Castor' 10-max Seat #10 is the button
Seat 9: EpifDi ($94.09 in chips)
Seat 10: Pandakey ($110.58 in chips)
Pandakey: posts small blind $1
EpifDi: posts big blind $3
*** HOLE CARDS ***
Pandakey: folds
Uncalled bet ($2) returned to EpifDi
EpifDi collected $2 from pot
EpifDi: doesn't show hand
*** SUMMARY ***
Total pot $2 | Rake $0
Seat 9: EpifDi (big blind) collected ($2)
Seat 10: Pandakey (button) (small blind) folded before Flop


PokerStars Hand #161118952708:  Hold'em Limit ($3/$6 USD) - 2016/11/08 19:18:43 ET
Table 'Castor' 10-max Seat #9 is the button
Seat 9: EpifDi ($95.09 in chips)
Seat 10: Pandakey ($109.58 in chips)
EpifDi: posts small blind $1
Pandakey: posts big blind $3
*** HOLE CARDS ***
EpifDi: folds
Uncalled bet ($2) returned to Pandakey
Pandakey collected $2 from pot
Pandakey: doesn't show hand
*** SUMMARY ***
Total pot $2 | Rake $0
Seat 9: EpifDi (button) (small blind) folded before Flop
Seat 10: Pandakey (big blind) collected ($2)


PokerStars Hand #161118947452:  Hold'em Limit ($3/$6 USD) - 2016/11/08 19:18:35 ET
Table 'Castor' 10-max Seat #10 is the button
Seat 9: EpifDi ($101.09 in chips)
Seat 10: Pandakey ($103.82 in chips)
Pandakey: posts small blind $1
EpifDi: posts big blind $3
*** HOLE CARDS ***
Pandakey: raises $3 to $6
EpifDi: calls $3
*** FLOP *** [7s 8s 3d]
EpifDi: checks
Pandakey: bets $3
EpifDi: folds
Uncalled bet ($3) returned to Pandakey
Pandakey collected $11.76 from pot
Pandakey: doesn't show hand
*** SUMMARY ***
Total pot $12 | Rake $0.24
Board [7s 8s 3d]
Seat 9: EpifDi (big blind) folded on the Flop
Seat 10: Pandakey (button) (small blind) collected ($11.76)


PokerStars Hand #161118944692:  Hold'em Limit ($3/$6 USD) - 2016/11/08 19:18:30 ET
Table 'Castor' 10-max Seat #9 is the button
Seat 9: EpifDi ($102.09 in chips)
Seat 10: Pandakey ($102.82 in chips)
EpifDi: posts small blind $1
Pandakey: posts big blind $3
*** HOLE CARDS ***
EpifDi: folds
Uncalled bet ($2) returned to Pandakey
Pandakey collected $2 from pot
Pandakey: doesn't show hand
*** SUMMARY ***
Total pot $2 | Rake $0
Seat 9: EpifDi (button) (small blind) folded before Flop
Seat 10: Pandakey (big blind) collected ($2)


PokerStars Hand #161118941896:  Hold'em Limit ($3/$6 USD) - 2016/11/08 19:18:26 ET
Table 'Castor' 10-max Seat #10 is the button
Seat 9: EpifDi ($101.09 in chips)
Seat 10: Pandakey ($103.82 in chips)
Pandakey: posts small blind $1
EpifDi: posts big blind $3
*** HOLE CARDS ***
Pandakey: folds
Uncalled bet ($2) returned to EpifDi
EpifDi collected $2 from pot
EpifDi: doesn't show hand
*** SUMMARY ***
Total pot $2 | Rake $0
Seat 9: EpifDi (big blind) collected ($2)
Seat 10: Pandakey (button) (small blind) folded before Flop


PokerStars Hand #161118932363:  Hold'em Limit ($3/$6 USD) - 2016/11/08 19:18:10 ET
Table 'Castor' 10-max Seat #9 is the button
Seat 9: EpifDi ($83.59 in chips)
Seat 10: Pandakey ($121.82 in chips)
EpifDi: posts small blind $1
Pandakey: posts big blind $3
*** HOLE CARDS ***
EpifDi: raises $3 to $6
Pandakey: raises $3 to $9
EpifDi: calls $3
*** FLOP *** [6h Qs 8h]
Pandakey: bets $3
EpifDi: calls $3
*** TURN *** [6h Qs 8h] [Kc]
Pandakey: bets $6
EpifDi: raises $6 to $12
Pandakey: folds
Uncalled bet ($6) returned to EpifDi
EpifDi collected $35.50 from pot
EpifDi: doesn't show hand
*** SUMMARY ***
Total pot $36 | Rake $0.50
Board [6h Qs 8h Kc]
Seat 9: EpifDi (button) (small blind) collected ($35.50)
Seat 10: Pandakey (big blind) folded on the Turn


PokerStars Hand #161118958156:  Hold'em Limit ($3/$6 USD) - 2016/11/08 19:18:52 ET
Table 'Castor' 10-max Seat #9 is the button
Seat 9: EpifDi ($95.09 in chips)
Seat 10: Pandakey ($109.58 in chips)
EpifDi: posts small blind $1
Pandakey: posts big blind $3
*** HOLE CARDS ***
EpifDi: raises $3 to $6
Pandakey: calls $3
*** FLOP *** [Ad 6d Qs]
ToDaFelt joins the table at seat #1
Pandakey: checks
EpifDi: bets $3
Pandakey: raises $3 to $6
EpifDi: calls $3
*** TURN *** [Ad 6d Qs] [9h]
Pandakey: checks
EpifDi: checks
*** RIVER *** [Ad 6d Qs 9h] [2s]
Pandakey: checks
EpifDi: bets $6
Pandakey: folds
Uncalled bet ($6) returned to EpifDi
EpifDi collected $23.52 from pot
EpifDi: doesn't show hand
*** SUMMARY ***
Total pot $24 | Rake $0.48
Board [Ad 6d Qs 9h 2s]
Seat 9: EpifDi (button) (small blind) collected ($23.52)
Seat 10: Pandakey (big blind) folded on the River


PokerStars Hand #161119240609:  Hold'em Limit ($3/$6 USD) - 2016/11/08 19:26:41 ET
Table 'Castor' 10-max Seat #2 is the button
Seat 1: ToDaFelt ($123.12 in chips)
Seat 2: Pelurile ($72 in chips)
Pelurile: posts small blind $1
Pandakey: is sitting out
ToDaFelt: posts big blind $3
*** HOLE CARDS ***
Pandakey leaves the table
Pelurile: folds
Uncalled bet ($2) returned to ToDaFelt
ToDaFelt collected $2 from pot
ToDaFelt: doesn't show hand
*** SUMMARY ***
Total pot $2 | Rake $0
Seat 1: ToDaFelt (big blind) collected ($2)
Seat 2: Pelurile (button) (small blind) folded before Flop


