PokerStars Hand #152893914886:  Hold'em Limit ($3/$6 USD) - 2016/05/05 13:47:05 ET
Table 'Castor II' 6-max Seat #1 is the button
Seat 1: zabimeister ($120 in chips)
Seat 3: Tryptamean ($120 in chips)
zabimeister: posts small blind $1
Tryptamean: posts big blind $3
*** HOLE CARDS ***
zabimeister: raises $3 to $6
Tryptamean: raises $3 to $9
zabimeister: calls $3
*** FLOP *** [5c As 6c]
Tryptamean: bets $3
zabimeister: calls $3
*** TURN *** [5c As 6c] [4h]
Tryptamean: checks
zabimeister: bets $6
Tryptamean: folds
Uncalled bet ($6) returned to zabimeister
zabimeister collected $23.52 from pot
zabimeister: doesn't show hand
*** SUMMARY ***
Total pot $24 | Rake $0.48
Board [5c As 6c 4h]
Seat 1: zabimeister (button) (small blind) collected ($23.52)
Seat 3: Tryptamean (big blind) folded on the Turn


PokerStars Hand #152893950845:  Hold'em Limit ($3/$6 USD) - 2016/05/05 13:47:50 ET
Table 'Castor II' 6-max Seat #1 is the button
Seat 1: zabimeister ($128.52 in chips)
Seat 3: Tryptamean ($111 in chips)
zabimeister: posts small blind $1
Tryptamean: posts big blind $3
*** HOLE CARDS ***
zabimeister: raises $3 to $6
Tryptamean: calls $3
*** FLOP *** [Kd Kc 5c]
Tryptamean: checks
zabimeister: bets $3
Tryptamean: raises $3 to $6
zabimeister: folds
Uncalled bet ($3) returned to Tryptamean
Tryptamean collected $17.64 from pot
Tryptamean: doesn't show hand
*** SUMMARY ***
Total pot $18 | Rake $0.36
Board [Kd Kc 5c]
Seat 1: zabimeister (button) (small blind) folded on the Flop
Seat 3: Tryptamean (big blind) collected ($17.64)


PokerStars Hand #152893942904:  Hold'em Limit ($3/$6 USD) - 2016/05/05 13:47:40 ET
Table 'Castor II' 6-max Seat #3 is the button
Seat 1: zabimeister ($131.52 in chips)
Seat 3: Tryptamean ($108 in chips)
Tryptamean: posts small blind $1
zabimeister: posts big blind $3
*** HOLE CARDS ***
Tryptamean: raises $3 to $6
zabimeister: folds
Uncalled bet ($3) returned to Tryptamean
Tryptamean collected $6 from pot
Tryptamean: doesn't show hand
*** SUMMARY ***
Total pot $6 | Rake $0
Seat 1: zabimeister (big blind) folded before Flop
Seat 3: Tryptamean (button) (small blind) collected ($6)


PokerStars Hand #152894016100:  Hold'em Limit ($3/$6 USD) - 2016/05/05 13:49:13 ET
Table 'Castor II' 6-max Seat #3 is the button
Seat 1: zabimeister ($101.52 in chips)
Seat 3: Tryptamean ($136.92 in chips)
Tryptamean: posts small blind $1
zabimeister: posts big blind $3
*** HOLE CARDS ***
Tryptamean: raises $3 to $6
zabimeister: calls $3
*** FLOP *** [5h Ad Js]
zabimeister: checks
Tryptamean: bets $3
zabimeister: folds
Uncalled bet ($3) returned to Tryptamean
Tryptamean collected $11.76 from pot
Tryptamean: doesn't show hand
*** SUMMARY ***
Total pot $12 | Rake $0.24
Board [5h Ad Js]
Seat 1: zabimeister (big blind) folded on the Flop
Seat 3: Tryptamean (button) (small blind) collected ($11.76)


PokerStars Hand #152893993247:  Hold'em Limit ($3/$6 USD) - 2016/05/05 13:48:44 ET
Table 'Castor II' 6-max Seat #1 is the button
Seat 1: zabimeister ($113.52 in chips)
Seat 3: Tryptamean ($125.40 in chips)
zabimeister: posts small blind $1
Tryptamean: posts big blind $3
*** HOLE CARDS ***
zabimeister: raises $3 to $6
Tryptamean: raises $3 to $9
zabimeister: calls $3
*** FLOP *** [9c 9s 4h]
Tryptamean: bets $3
zabimeister: calls $3
*** TURN *** [9c 9s 4h] [Qs]
Tryptamean: bets $6
zabimeister: folds
Uncalled bet ($6) returned to Tryptamean
Tryptamean collected $23.52 from pot
Tryptamean: doesn't show hand
*** SUMMARY ***
Total pot $24 | Rake $0.48
Board [9c 9s 4h Qs]
Seat 1: zabimeister (button) (small blind) folded on the Turn
Seat 3: Tryptamean (big blind) collected ($23.52)


PokerStars Hand #152893976006:  Hold'em Limit ($3/$6 USD) - 2016/05/05 13:48:22 ET
Table 'Castor II' 6-max Seat #3 is the button
Seat 1: zabimeister ($119.52 in chips)
Seat 3: Tryptamean ($119.64 in chips)
Tryptamean: posts small blind $1
zabimeister: posts big blind $3
*** HOLE CARDS ***
Tryptamean: raises $3 to $6
zabimeister: calls $3
*** FLOP *** [Ac 3c Th]
zabimeister: checks
Tryptamean: bets $3
zabimeister: folds
Uncalled bet ($3) returned to Tryptamean
Tryptamean collected $11.76 from pot
Tryptamean: doesn't show hand
*** SUMMARY ***
Total pot $12 | Rake $0.24
Board [Ac 3c Th]
Seat 1: zabimeister (big blind) folded on the Flop
Seat 3: Tryptamean (button) (small blind) collected ($11.76)


PokerStars Hand #152894055446:  Hold'em Limit ($3/$6 USD) - 2016/05/05 13:50:03 ET
Table 'Castor II' 6-max Seat #3 is the button
Seat 1: zabimeister ($101.28 in chips)
Seat 3: Tryptamean ($136.68 in chips)
Tryptamean: posts small blind $1
zabimeister: posts big blind $3
*** HOLE CARDS ***
Tryptamean: raises $3 to $6
zabimeister: calls $3
*** FLOP *** [5d 3d Tc]
zabimeister: checks
Tryptamean: bets $3
zabimeister: folds
Uncalled bet ($3) returned to Tryptamean
Tryptamean collected $11.76 from pot
Tryptamean: doesn't show hand
*** SUMMARY ***
Total pot $12 | Rake $0.24
Board [5d 3d Tc]
Seat 1: zabimeister (big blind) folded on the Flop
Seat 3: Tryptamean (button) (small blind) collected ($11.76)


PokerStars Hand #152894030693:  Hold'em Limit ($3/$6 USD) - 2016/05/05 13:49:31 ET
Table 'Castor II' 6-max Seat #1 is the button
Seat 1: zabimeister ($95.52 in chips)
Seat 3: Tryptamean ($142.68 in chips)
zabimeister: posts small blind $1
Tryptamean: posts big blind $3
*** HOLE CARDS ***
zabimeister: raises $3 to $6
Tryptamean: calls $3
*** FLOP *** [5s 5h 9h]
Tryptamean: checks
zabimeister: bets $3
Tryptamean: folds
Uncalled bet ($3) returned to zabimeister
zabimeister collected $11.76 from pot
zabimeister: doesn't show hand
*** SUMMARY ***
Total pot $12 | Rake $0.24
Board [5s 5h 9h]
Seat 1: zabimeister (button) (small blind) collected ($11.76)
Seat 3: Tryptamean (big blind) folded on the Flop


PokerStars Hand #152894073419:  Hold'em Limit ($3/$6 USD) - 2016/05/05 13:50:26 ET
Table 'Castor II' 6-max Seat #1 is the button
Seat 1: zabimeister ($95.28 in chips)
Seat 3: Tryptamean ($142.44 in chips)
zabimeister: posts small blind $1
Tryptamean: posts big blind $3
*** HOLE CARDS ***
zabimeister: raises $3 to $6
Tryptamean: calls $3
*** FLOP *** [3d Ad Qc]
Tryptamean: checks
zabimeister: bets $3
Tryptamean: calls $3
*** TURN *** [3d Ad Qc] [Kd]
Tryptamean: checks
zabimeister: bets $6
Tryptamean: raises $6 to $12
zabimeister: calls $6
*** RIVER *** [3d Ad Qc Kd] [2h]
Tryptamean: bets $6
zabimeister: calls $6
*** SHOW DOWN ***
Tryptamean: shows [Ts Jc] (a straight, Ten to Ace)
zabimeister: mucks hand
Tryptamean collected $53.50 from pot
*** SUMMARY ***
Total pot $54 | Rake $0.50
Board [3d Ad Qc Kd 2h]
Seat 1: zabimeister (button) (small blind) mucked
Seat 3: Tryptamean (big blind) showed [Ts Jc] and won ($53.50) with a straight, Ten to Ace


PokerStars Hand #152894099712:  Hold'em Limit ($3/$6 USD) - 2016/05/05 13:50:59 ET
Table 'Castor II' 6-max Seat #3 is the button
Seat 1: zabimeister ($68.28 in chips)
Seat 3: Tryptamean ($168.94 in chips)
Tryptamean: posts small blind $1
zabimeister: posts big blind $3
*** HOLE CARDS ***
Tryptamean: raises $3 to $6
zabimeister: calls $3
*** FLOP *** [8d Kd Ad]
zabimeister: checks
Tryptamean: bets $3
zabimeister: folds
Uncalled bet ($3) returned to Tryptamean
Tryptamean collected $11.76 from pot
Tryptamean: doesn't show hand
*** SUMMARY ***
Total pot $12 | Rake $0.24
Board [8d Kd Ad]
Seat 1: zabimeister (big blind) folded on the Flop
Seat 3: Tryptamean (button) (small blind) collected ($11.76)


PokerStars Hand #152894108556:  Hold'em Limit ($3/$6 USD) - 2016/05/05 13:51:10 ET
Table 'Castor II' 6-max Seat #1 is the button
Seat 1: zabimeister ($62.28 in chips)
Seat 3: Tryptamean ($174.70 in chips)
zabimeister: posts small blind $1
Tryptamean: posts big blind $3
*** HOLE CARDS ***
zabimeister: raises $3 to $6
Tryptamean: raises $3 to $9
zabimeister: calls $3
*** FLOP *** [2c Kd 4c]
Tryptamean: bets $3
zabimeister: calls $3
*** TURN *** [2c Kd 4c] [7c]
Tryptamean: checks
zabimeister: bets $6
Tryptamean: calls $6
*** RIVER *** [2c Kd 4c 7c] [As]
Tryptamean: bets $6
zabimeister: raises $6 to $12
Tryptamean: calls $6
*** SHOW DOWN ***
zabimeister: shows [Kc Kh] (three of a kind, Kings)
Tryptamean: mucks hand
zabimeister collected $59.50 from pot
*** SUMMARY ***
Total pot $60 | Rake $0.50
Board [2c Kd 4c 7c As]
Seat 1: zabimeister (button) (small blind) showed [Kc Kh] and won ($59.50) with three of a kind, Kings
Seat 3: Tryptamean (big blind) mucked


PokerStars Hand #152894188099:  Hold'em Limit ($3/$6 USD) - 2016/05/05 13:52:51 ET
Table 'Castor II' 6-max Seat #3 is the button
Seat 1: zabimeister ($96.54 in chips)
Seat 3: Tryptamean ($139.70 in chips)
Tryptamean: posts small blind $1
zabimeister: posts big blind $3
*** HOLE CARDS ***
Tryptamean: raises $3 to $6
zabimeister: calls $3
*** FLOP *** [Jc 2h 2s]
zabimeister: checks
Tryptamean: bets $3
zabimeister: folds
Uncalled bet ($3) returned to Tryptamean
Tryptamean collected $11.76 from pot
Tryptamean: doesn't show hand
*** SUMMARY ***
Total pot $12 | Rake $0.24
Board [Jc 2h 2s]
Seat 1: zabimeister (big blind) folded on the Flop
Seat 3: Tryptamean (button) (small blind) collected ($11.76)


PokerStars Hand #152894183298:  Hold'em Limit ($3/$6 USD) - 2016/05/05 13:52:45 ET
Table 'Castor II' 6-max Seat #1 is the button
Seat 1: zabimeister ($97.54 in chips)
Seat 3: Tryptamean ($138.70 in chips)
zabimeister: posts small blind $1
Tryptamean: posts big blind $3
*** HOLE CARDS ***
zabimeister: folds
Uncalled bet ($2) returned to Tryptamean
Tryptamean collected $2 from pot
Tryptamean: doesn't show hand
*** SUMMARY ***
Total pot $2 | Rake $0
Seat 1: zabimeister (button) (small blind) folded before Flop
Seat 3: Tryptamean (big blind) collected ($2)


PokerStars Hand #152894151450:  Hold'em Limit ($3/$6 USD) - 2016/05/05 13:52:05 ET
Table 'Castor II' 6-max Seat #3 is the button
Seat 1: zabimeister ($91.78 in chips)
Seat 3: Tryptamean ($144.70 in chips)
Tryptamean: posts small blind $1
zabimeister: posts big blind $3
*** HOLE CARDS ***
Tryptamean: raises $3 to $6
zabimeister: calls $3
*** FLOP *** [9s Kh Qd]
zabimeister: checks
Tryptamean: checks
*** TURN *** [9s Kh Qd] [Qc]
zabimeister: bets $6
Tryptamean: folds
Uncalled bet ($6) returned to zabimeister
zabimeister collected $11.76 from pot
zabimeister: doesn't show hand
*** SUMMARY ***
Total pot $12 | Rake $0.24
Board [9s Kh Qd Qc]
Seat 1: zabimeister (big blind) collected ($11.76)
Seat 3: Tryptamean (button) (small blind) folded on the Turn


PokerStars Hand #152894233518:  Hold'em Limit ($3/$6 USD) - 2016/05/05 13:53:49 ET
Table 'Castor II' 6-max Seat #3 is the button
Seat 1: zabimeister ($99.18 in chips)
Seat 3: Tryptamean ($136.46 in chips)
Tryptamean: posts small blind $1
zabimeister: posts big blind $3
*** HOLE CARDS ***
Tryptamean: raises $3 to $6
zabimeister: calls $3
*** FLOP *** [Ah 3d Qs]
zabimeister: checks
Tryptamean: bets $3
zabimeister: folds
Uncalled bet ($3) returned to Tryptamean
Tryptamean collected $11.76 from pot
Tryptamean: doesn't show hand
*** SUMMARY ***
Total pot $12 | Rake $0.24
Board [Ah 3d Qs]
Seat 1: zabimeister (big blind) folded on the Flop
Seat 3: Tryptamean (button) (small blind) collected ($11.76)


PokerStars Hand #152894202643:  Hold'em Limit ($3/$6 USD) - 2016/05/05 13:53:10 ET
Table 'Castor II' 6-max Seat #1 is the button
Seat 1: zabimeister ($90.54 in chips)
Seat 3: Tryptamean ($145.46 in chips)
zabimeister: posts small blind $1
Tryptamean: posts big blind $3
*** HOLE CARDS ***
zabimeister: raises $3 to $6
Tryptamean: calls $3
*** FLOP *** [5s Ks 3c]
Tryptamean: checks
zabimeister: bets $3
ABATAPP joins the table at seat #2
Tryptamean: calls $3
*** TURN *** [5s Ks 3c] [6h]
Tryptamean: checks
zabimeister: bets $6
Tryptamean: folds
Uncalled bet ($6) returned to zabimeister
zabimeister collected $17.64 from pot
zabimeister: doesn't show hand
*** SUMMARY ***
Total pot $18 | Rake $0.36
Board [5s Ks 3c 6h]
Seat 1: zabimeister (button) (small blind) collected ($17.64)
Seat 3: Tryptamean (big blind) folded on the Turn


PokerStars Hand #152895627733:  Hold'em Limit ($3/$6 USD) - 2016/05/05 14:23:11 ET
Table 'Castor II' 6-max Seat #3 is the button
Seat 3: Tryptamean ($163.98 in chips)
Seat 4: Heinzli007 ($29.75 in chips)
Tryptamean: posts small blind $1
Heinzli007: posts big blind $3
*** HOLE CARDS ***
Tryptamean: raises $3 to $6
Heinzli007: folds
Uncalled bet ($3) returned to Tryptamean
Tryptamean collected $6 from pot
Tryptamean: doesn't show hand
*** SUMMARY ***
Total pot $6 | Rake $0
Seat 3: Tryptamean (button) (small blind) collected ($6)
Seat 4: Heinzli007 (big blind) folded before Flop


PokerStars Hand #152895585065:  Hold'em Limit ($3/$6 USD) - 2016/05/05 14:22:21 ET
Table 'Castor II' 6-max Seat #4 is the button
Seat 3: Tryptamean ($137.48 in chips)
Seat 4: Heinzli007 ($56.75 in chips)
Heinzli007: posts small blind $1
assitoni: is sitting out
Tryptamean: posts big blind $3
*** HOLE CARDS ***
assitoni leaves the table
Heinzli007: raises $3 to $6
Tryptamean: raises $3 to $9
Heinzli007: calls $3
*** FLOP *** [2c 5h 9c]
Tryptamean: bets $3
Heinzli007: raises $3 to $6
Tryptamean: calls $3
*** TURN *** [2c 5h 9c] [9d]
Tryptamean: checks
Heinzli007: bets $6
crash19867 joins the table at seat #5
Tryptamean: calls $6
*** RIVER *** [2c 5h 9c 9d] [5c]
Tryptamean: checks
Heinzli007: bets $6
DommerGoode leaves the table
Tryptamean: calls $6
*** SHOW DOWN ***
Heinzli007: shows [Qs Tc] (two pair, Nines and Fives)
Tryptamean: shows [Td 5d] (a full house, Fives full of Nines)
Tryptamean collected $53.50 from pot
*** SUMMARY ***
Total pot $54 | Rake $0.50
Board [2c 5h 9c 9d 5c]
Seat 3: Tryptamean (big blind) showed [Td 5d] and won ($53.50) with a full house, Fives full of Nines
Seat 4: Heinzli007 (button) (small blind) showed [Qs Tc] and lost with two pair, Nines and Fives


PokerStars Hand #152895815902:  Hold'em Limit ($3/$6 USD) - 2016/05/05 14:26:53 ET
Table 'Castor II' 6-max Seat #3 is the button
Seat 3: Tryptamean ($251.28 in chips)
Seat 5: crash19867 ($79.23 in chips)
JoeBlack1982 will be allowed to play after the button
assitoni will be allowed to play after the button
Tryptamean: posts small blind $1
crash19867: posts big blind $3
*** HOLE CARDS ***
Tryptamean: raises $3 to $6
crash19867: folds
Uncalled bet ($3) returned to Tryptamean
Heinzli007 leaves the table
Tryptamean collected $6 from pot
Tryptamean: doesn't show hand
*** SUMMARY ***
Total pot $6 | Rake $0
Seat 3: Tryptamean (button) (small blind) collected ($6)
Seat 5: crash19867 (big blind) folded before Flop


PokerStars Hand #152896125416:  Hold'em Limit ($3/$6 USD) - 2016/05/05 14:33:01 ET
Table 'Castor II' 6-max Seat #3 is the button
Seat 2: Fused2Orium ($89 in chips)
Seat 3: Tryptamean ($235.35 in chips)
Tryptamean: posts small blind $1
Fused2Orium: posts big blind $3
*** HOLE CARDS ***
Tryptamean: raises $3 to $6
Fused2Orium: calls $3
*** FLOP *** [Ts Kd 2d]
Fused2Orium: checks
Tryptamean: bets $3
Fused2Orium: folds
Uncalled bet ($3) returned to Tryptamean
Tryptamean collected $11.76 from pot
Tryptamean: doesn't show hand
*** SUMMARY ***
Total pot $12 | Rake $0.24
Board [Ts Kd 2d]
Seat 2: Fused2Orium (big blind) folded on the Flop
Seat 3: Tryptamean (button) (small blind) collected ($11.76)


PokerStars Hand #152896147927:  Hold'em Limit ($3/$6 USD) - 2016/05/05 14:33:27 ET
Table 'Castor II' 6-max Seat #2 is the button
Seat 2: Fused2Orium ($83 in chips)
Seat 3: Tryptamean ($241.11 in chips)
Fused2Orium: posts small blind $1
Tryptamean: posts big blind $3
*** HOLE CARDS ***
Fused2Orium: raises $3 to $6
Tryptamean: calls $3
*** FLOP *** [8s 9h Kh]
bugsbubble joins the table at seat #4
Tryptamean: checks
Fused2Orium: bets $3
Tryptamean: calls $3
*** TURN *** [8s 9h Kh] [Td]
Tryptamean: checks
Fused2Orium: bets $6
Tryptamean: raises $6 to $12
Fused2Orium: calls $6
*** RIVER *** [8s 9h Kh Td] [6h]
Tryptamean: bets $6
Fused2Orium: calls $6
lin1rabbit joins the table at seat #5
*** SHOW DOWN ***
Tryptamean: shows [7h 6d] (a straight, Six to Ten)
Fused2Orium: mucks hand
Tryptamean collected $53.50 from pot
*** SUMMARY ***
Total pot $54 | Rake $0.50
Board [8s 9h Kh Td 6h]
Seat 2: Fused2Orium (button) (small blind) mucked
Seat 3: Tryptamean (big blind) showed [7h 6d] and won ($53.50) with a straight, Six to Ten


