PokerStars Hand #152521960327:  Hold'em Limit ($3/$6 USD) - 2016/04/27 11:51:17 ET
Table 'Castor II' 6-max Seat #6 is the button
Seat 3: Thijsje1200 ($30 in chips)
Seat 6: SmellyToes4u ($57 in chips)
SmellyToes4u: posts small blind $1
Thijsje1200: posts big blind $3
*** HOLE CARDS ***
SmellyToes4u: raises $3 to $6
Thijsje1200: calls $3
*** FLOP *** [Ts Th 9s]
Thijsje1200: checks
SmellyToes4u: bets $3
Thijsje1200: calls $3
*** TURN *** [Ts Th 9s] [Jc]
Thijsje1200: checks
SmellyToes4u: checks
*** RIVER *** [Ts Th 9s Jc] [Ah]
Thijsje1200: checks
SmellyToes4u: checks
*** SHOW DOWN ***
Thijsje1200: shows [Qh 6h] (a pair of Tens)
SmellyToes4u: mucks hand
Thijsje1200 collected $17.64 from pot
*** SUMMARY ***
Total pot $18 | Rake $0.36
Board [Ts Th 9s Jc Ah]
Seat 3: Thijsje1200 (big blind) showed [Qh 6h] and won ($17.64) with a pair of Tens
Seat 6: SmellyToes4u (button) (small blind) mucked


PokerStars Hand #152521986743:  Hold'em Limit ($3/$6 USD) - 2016/04/27 11:51:55 ET
Table 'Castor II' 6-max Seat #6 is the button
Seat 3: Thijsje1200 ($30.64 in chips)
Seat 6: SmellyToes4u ($63.76 in chips)
SmellyToes4u: posts small blind $1
Thijsje1200: posts big blind $3
*** HOLE CARDS ***
SmellyToes4u: raises $3 to $6
Thijsje1200: raises $3 to $9
SmellyToes4u: calls $3
*** FLOP *** [7c 4d 2s]
Thijsje1200: bets $3
SmellyToes4u: calls $3
*** TURN *** [7c 4d 2s] [9c]
boony444 joins the table at seat #4
Thijsje1200: bets $6
SmellyToes4u: calls $6
*** RIVER *** [7c 4d 2s 9c] [Ac]
Thijsje1200: bets $6
SmellyToes4u: calls $6
*** SHOW DOWN ***
Thijsje1200: shows [Jd Qh] (high card Ace)
SmellyToes4u: shows [3c 3s] (a pair of Threes)
SmellyToes4u collected $47.50 from pot
*** SUMMARY ***
Total pot $48 | Rake $0.50
Board [7c 4d 2s 9c Ac]
Seat 3: Thijsje1200 (big blind) showed [Jd Qh] and lost with high card Ace
Seat 6: SmellyToes4u (button) (small blind) showed [3c 3s] and won ($47.50) with a pair of Threes


PokerStars Hand #152521980918:  Hold'em Limit ($3/$6 USD) - 2016/04/27 11:51:47 ET
Table 'Castor II' 6-max Seat #3 is the button
Seat 3: Thijsje1200 ($31.64 in chips)
Seat 6: SmellyToes4u ($62.76 in chips)
Thijsje1200: posts small blind $1
SmellyToes4u: posts big blind $3
*** HOLE CARDS ***
Thijsje1200: folds
Uncalled bet ($2) returned to SmellyToes4u
SmellyToes4u collected $2 from pot
SmellyToes4u: doesn't show hand
*** SUMMARY ***
Total pot $2 | Rake $0
Seat 3: Thijsje1200 (button) (small blind) folded before Flop
Seat 6: SmellyToes4u (big blind) collected ($2)


PokerStars Hand #152521973559:  Hold'em Limit ($3/$6 USD) - 2016/04/27 11:51:36 ET
Table 'Castor II' 6-max Seat #6 is the button
Seat 3: Thijsje1200 ($37.64 in chips)
Seat 6: SmellyToes4u ($57 in chips)
SmellyToes4u: posts small blind $1
Thijsje1200: posts big blind $3
*** HOLE CARDS ***
SmellyToes4u: raises $3 to $6
Thijsje1200: calls $3
*** FLOP *** [2s 5c 7d]
Thijsje1200: checks
SmellyToes4u: bets $3
Thijsje1200: folds
Uncalled bet ($3) returned to SmellyToes4u
SmellyToes4u collected $11.76 from pot
SmellyToes4u: doesn't show hand
*** SUMMARY ***
Total pot $12 | Rake $0.24
Board [2s 5c 7d]
Seat 3: Thijsje1200 (big blind) folded on the Flop
Seat 6: SmellyToes4u (button) (small blind) collected ($11.76)


PokerStars Hand #152521970582:  Hold'em Limit ($3/$6 USD) - 2016/04/27 11:51:32 ET
Table 'Castor II' 6-max Seat #3 is the button
Seat 3: Thijsje1200 ($38.64 in chips)
Seat 6: SmellyToes4u ($56 in chips)
Thijsje1200: posts small blind $1
SmellyToes4u: posts big blind $3
*** HOLE CARDS ***
Thijsje1200: folds
Uncalled bet ($2) returned to SmellyToes4u
SmellyToes4u collected $2 from pot
SmellyToes4u: doesn't show hand
*** SUMMARY ***
Total pot $2 | Rake $0
Seat 3: Thijsje1200 (button) (small blind) folded before Flop
Seat 6: SmellyToes4u (big blind) collected ($2)


PokerStars Hand #152522161469:  Hold'em Limit ($3/$6 USD) - 2016/04/27 11:56:15 ET
Table 'Castor II' 6-max Seat #6 is the button
Seat 4: boony444 ($185.84 in chips)
Seat 6: SmellyToes4u ($105.01 in chips)
ncdtje will be allowed to play after the button
SmellyToes4u: posts small blind $1
boony444: posts big blind $3
*** HOLE CARDS ***
SmellyToes4u: raises $3 to $6
boony444: calls $3
*** FLOP *** [Tc 7c 9c]
Thijsje1200 leaves the table
boony444: checks
SmellyToes4u: bets $3
boony444: calls $3
*** TURN *** [Tc 7c 9c] [Qh]
boony444: checks
SmellyToes4u: bets $6
boony444: calls $6
*** RIVER *** [Tc 7c 9c Qh] [7h]
boony444: checks
SmellyToes4u: bets $6
boony444: folds
Uncalled bet ($6) returned to SmellyToes4u
Maliance joins the table at seat #1
SmellyToes4u collected $29.50 from pot
SmellyToes4u: doesn't show hand
*** SUMMARY ***
Total pot $30 | Rake $0.50
Board [Tc 7c 9c Qh 7h]
Seat 4: boony444 (big blind) folded on the River
Seat 6: SmellyToes4u (button) (small blind) collected ($29.50)


PokerStars Hand #152522476480:  Hold'em Limit ($3/$6 USD) - 2016/04/27 12:04:08 ET
Table 'Castor II' 6-max Seat #5 is the button
Seat 5: ncdtje ($50.66 in chips)
Seat 6: SmellyToes4u ($145.70 in chips)
ncdtje: posts small blind $1
SmellyToes4u: posts big blind $3
*** HOLE CARDS ***
ncdtje: raises $3 to $6
oregordog joins the table at seat #2
craaa joins the table at seat #3
SmellyToes4u: calls $3
*** FLOP *** [Jc 6s 5c]
SmellyToes4u: checks
ncdtje: bets $3
paptec joins the table at seat #4
SmellyToes4u: folds
Uncalled bet ($3) returned to ncdtje
ncdtje collected $11.76 from pot
ncdtje: doesn't show hand
*** SUMMARY ***
Total pot $12 | Rake $0.24
Board [Jc 6s 5c]
Seat 5: ncdtje (button) (small blind) collected ($11.76)
Seat 6: SmellyToes4u (big blind) folded on the Flop


PokerStars Hand #152522458008:  Hold'em Limit ($3/$6 USD) - 2016/04/27 12:03:42 ET
Table 'Castor II' 6-max Seat #6 is the button
Seat 5: ncdtje ($80.66 in chips)
Seat 6: SmellyToes4u ($116.20 in chips)
SmellyToes4u: posts small blind $1
Maliance: is sitting out
ncdtje: posts big blind $3
*** HOLE CARDS ***
SmellyToes4u: raises $3 to $6
ncdtje: raises $3 to $9
boony444 leaves the table
SmellyToes4u: calls $3
*** FLOP *** [3h 9s 6h]
ncdtje: bets $3
SmellyToes4u: calls $3
*** TURN *** [3h 9s 6h] [3s]
ncdtje: bets $6
SmellyToes4u: raises $6 to $12
ncdtje: raises $6 to $18
SmellyToes4u: calls $6
*** RIVER *** [3h 9s 6h 3s] [Th]
ncdtje: checks
SmellyToes4u: checks
*** SHOW DOWN ***
ncdtje: shows [4d 6d] (two pair, Sixes and Threes)
SmellyToes4u: shows [Qc 9c] (two pair, Nines and Threes)
SmellyToes4u collected $59.50 from pot
*** SUMMARY ***
Total pot $60 | Rake $0.50
Board [3h 9s 6h 3s Th]
Seat 5: ncdtje (big blind) showed [4d 6d] and lost with two pair, Sixes and Threes
Seat 6: SmellyToes4u (button) (small blind) showed [Qc 9c] and won ($59.50) with two pair, Nines and Threes


