PokerStars Hand #163297988776:  Hold'em Limit ($3/$6 USD) - 2016/12/21 12:33:50 ET
Table 'Castafiore' 6-max Seat #3 is the button
Seat 3: Blikon ($105 in chips)
Seat 4: Actionni13 ($164.40 in chips)
Blikon: posts small blind $1
Actionni13: posts big blind $3
*** HOLE CARDS ***
Blikon: folds
Uncalled bet ($2) returned to Actionni13
Actionni13 collected $2 from pot
*** SUMMARY ***
Total pot $2 | Rake $0
Seat 3: Blikon (button) (small blind) folded before Flop
Seat 4: Actionni13 (big blind) collected ($2)


PokerStars Hand #163297981190:  Hold'em Limit ($3/$6 USD) - 2016/12/21 12:33:41 ET
Table 'Castafiore' 6-max Seat #4 is the button
Seat 3: Blikon ($111 in chips)
Seat 4: Actionni13 ($158.64 in chips)
Actionni13: posts small blind $1
Blikon: posts big blind $3
*** HOLE CARDS ***
Menotti joins the table at seat #6
Actionni13: raises $3 to $6
Blikon: calls $3
*** FLOP *** [6d 5s Qs]
Blikon: checks
Actionni13: bets $3
Blikon: folds
Uncalled bet ($3) returned to Actionni13
Actionni13 collected $11.76 from pot
*** SUMMARY ***
Total pot $12 | Rake $0.24
Board [6d 5s Qs]
Seat 3: Blikon (big blind) folded on the Flop
Seat 4: Actionni13 (button) (small blind) collected ($11.76)


PokerStars Hand #163300654485:  Hold'em Limit ($3/$6 USD) - 2016/12/21 13:26:38 ET
Table 'Castafiore' 6-max Seat #4 is the button
Seat 4: Actionni13 ($171.89 in chips)
Seat 6: fsreibnitz ($92.28 in chips)
Actionni13: posts small blind $1
fsreibnitz: posts big blind $3
*** HOLE CARDS ***
Actionni13: raises $3 to $6
fsreibnitz: folds
Uncalled bet ($3) returned to Actionni13
Actionni13 collected $6 from pot
*** SUMMARY ***
Total pot $6 | Rake $0
Seat 4: Actionni13 (button) (small blind) collected ($6)
Seat 6: fsreibnitz (big blind) folded before Flop


PokerStars Hand #163300649504:  Hold'em Limit ($3/$6 USD) - 2016/12/21 13:26:32 ET
Table 'Castafiore' 6-max Seat #6 is the button
Seat 4: Actionni13 ($170.89 in chips)
Seat 6: fsreibnitz ($93.28 in chips)
fsreibnitz: posts small blind $1
Junsku joins the table at seat #3
Actionni13: posts big blind $3
*** HOLE CARDS ***
fsreibnitz: folds
Uncalled bet ($2) returned to Actionni13
Actionni13 collected $2 from pot
*** SUMMARY ***
Total pot $2 | Rake $0
Seat 4: Actionni13 (big blind) collected ($2)
Seat 6: fsreibnitz (button) (small blind) folded before Flop


PokerStars Hand #163300927621:  Hold'em Limit ($3/$6 USD) - 2016/12/21 13:31:43 ET
Table 'Castafiore' 6-max Seat #3 is the button
Seat 3: Junsku ($374.45 in chips)
Seat 6: fsreibnitz ($79.21 in chips)
Junsku: posts small blind $1
Actionni13: is sitting out
fsreibnitz: posts big blind $3
*** HOLE CARDS ***
Junsku: raises $3 to $6
Actionni13 leaves the table
fsreibnitz: calls $3
*** FLOP *** [7h Th 3h]
fsreibnitz: checks
Junsku: bets $3
fsreibnitz: calls $3
*** TURN *** [7h Th 3h] [Td]
fsreibnitz: checks
Scheubi88 joins the table at seat #1
Junsku: bets $6
fsreibnitz: calls $6
*** RIVER *** [7h Th 3h Td] [3c]
fsreibnitz: checks
Junsku: bets $6
fsreibnitz: calls $6
*** SHOW DOWN ***
Junsku: shows [Tc Qh] (a full house, Tens full of Threes)
fsreibnitz: mucks hand
Junsku collected $41.50 from pot
*** SUMMARY ***
Total pot $42 | Rake $0.50
Board [7h Th 3h Td 3c]
Seat 3: Junsku (button) (small blind) showed [Tc Qh] and won ($41.50) with a full house, Tens full of Threes
Seat 6: fsreibnitz (big blind) mucked


PokerStars Hand #163301216563:  Hold'em Limit ($3/$6 USD) - 2016/12/21 13:37:33 ET
Table 'Castafiore' 6-max Seat #3 is the button
Seat 3: Junsku ($397.19 in chips)
Seat 5: laubes04 ($117.09 in chips)
Junsku: posts small blind $1
laubes04: posts big blind $3
*** HOLE CARDS ***
Junsku: raises $3 to $6
laubes04: calls $3
*** FLOP *** [2s 3s 4d]
laubes04: checks
Junsku: bets $3
laubes04: calls $3
*** TURN *** [2s 3s 4d] [6s]
laubes04: bets $6
Junsku: calls $6
*** RIVER *** [2s 3s 4d 6s] [Ac]
laubes04: bets $6
Junsku: calls $6
*** SHOW DOWN ***
laubes04: shows [5c Qd] (a straight, Deuce to Six)
Junsku: mucks hand
laubes04 collected $41.50 from pot
*** SUMMARY ***
Total pot $42 | Rake $0.50
Board [2s 3s 4d 6s Ac]
Seat 3: Junsku (button) (small blind) mucked
Seat 5: laubes04 (big blind) showed [5c Qd] and won ($41.50) with a straight, Deuce to Six


PokerStars Hand #163301186838:  Hold'em Limit ($3/$6 USD) - 2016/12/21 13:36:59 ET
Table 'Castafiore' 6-max Seat #5 is the button
Seat 3: Junsku ($367.69 in chips)
Seat 5: laubes04 ($147.09 in chips)
laubes04: posts small blind $1
Junsku: posts big blind $3
*** HOLE CARDS ***
laubes04: raises $3 to $6
Junsku: raises $3 to $9
laubes04: calls $3
*** FLOP *** [6d 2d 9d]
Junsku: checks
laubes04: bets $3
Junsku: calls $3
*** TURN *** [6d 2d 9d] [4c]
Junsku: checks
laubes04: bets $6
Junsku: raises $6 to $12
laubes04: calls $6
*** RIVER *** [6d 2d 9d 4c] [As]
Junsku: bets $6
laubes04: calls $6
*** SHOW DOWN ***
Junsku: shows [Ad 8d] (a flush, Ace high)
laubes04: mucks hand
Junsku collected $59.50 from pot
*** SUMMARY ***
Total pot $60 | Rake $0.50
Board [6d 2d 9d 4c As]
Seat 3: Junsku (big blind) showed [Ad 8d] and won ($59.50) with a flush, Ace high
Seat 5: laubes04 (button) (small blind) mucked


PokerStars Hand #163301240060:  Hold'em Limit ($3/$6 USD) - 2016/12/21 13:38:00 ET
Table 'Castafiore' 6-max Seat #5 is the button
Seat 3: Junsku ($376.19 in chips)
Seat 5: laubes04 ($137.59 in chips)
laubes04: posts small blind $1
Junsku: posts big blind $3
*** HOLE CARDS ***
laubes04: raises $3 to $6
Junsku: calls $3
*** FLOP *** [Ad Kh As]
Junsku: bets $3
laubes04: calls $3
*** TURN *** [Ad Kh As] [Tc]
Junsku: bets $6
laubes04: calls $6
*** RIVER *** [Ad Kh As Tc] [3s]
Junsku: bets $6
laubes04: calls $6
*** SHOW DOWN ***
Junsku: shows [Kc 6c] (two pair, Aces and Kings)
laubes04: mucks hand
Junsku collected $41.50 from pot
*** SUMMARY ***
Total pot $42 | Rake $0.50
Board [Ad Kh As Tc 3s]
Seat 3: Junsku (big blind) showed [Kc 6c] and won ($41.50) with two pair, Aces and Kings
Seat 5: laubes04 (button) (small blind) mucked


PokerStars Hand #163301265321:  Hold'em Limit ($3/$6 USD) - 2016/12/21 13:38:28 ET
Table 'Castafiore' 6-max Seat #3 is the button
Seat 3: Junsku ($396.69 in chips)
Seat 5: laubes04 ($116.59 in chips)
Junsku: posts small blind $1
laubes04: posts big blind $3
*** HOLE CARDS ***
Junsku: folds
Uncalled bet ($2) returned to laubes04
laubes04 collected $2 from pot
laubes04: doesn't show hand
*** SUMMARY ***
Total pot $2 | Rake $0
Seat 3: Junsku (button) (small blind) folded before Flop
Seat 5: laubes04 (big blind) collected ($2)


