PokerStars Hand #158682252249:  Hold'em Limit ($3/$6 USD) - 2016/09/16 12:46:41 ET
Table 'Castafiore II' 6-max Seat #1 is the button
Seat 1: sugarmama888 ($93.76 in chips)
Seat 6: Pandakey ($78.20 in chips)
sugarmama888: posts small blind $1
Pandakey: posts big blind $3
*** HOLE CARDS ***
sugarmama888: raises $3 to $6
Pandakey: calls $3
*** FLOP *** [4h 4c 3d]
Pandakey: checks
sugarmama888: bets $3
Pandakey: calls $3
*** TURN *** [4h 4c 3d] [6d]
Pandakey: bets $6
sugarmama888: folds
Uncalled bet ($6) returned to Pandakey
Pandakey collected $17.64 from pot
Pandakey: doesn't show hand
*** SUMMARY ***
Total pot $18 | Rake $0.36
Board [4h 4c 3d 6d]
Seat 1: sugarmama888 (button) (small blind) folded on the Turn
Seat 6: Pandakey (big blind) collected ($17.64)


PokerStars Hand #158682246951:  Hold'em Limit ($3/$6 USD) - 2016/09/16 12:46:33 ET
Table 'Castafiore II' 6-max Seat #6 is the button
Seat 1: sugarmama888 ($92.76 in chips)
Seat 6: Pandakey ($79.20 in chips)
Pandakey: posts small blind $1
sugarmama888: posts big blind $3
*** HOLE CARDS ***
Pandakey: folds
Uncalled bet ($2) returned to sugarmama888
sugarmama888 collected $2 from pot
sugarmama888: doesn't show hand
*** SUMMARY ***
Total pot $2 | Rake $0
Seat 1: sugarmama888 (big blind) collected ($2)
Seat 6: Pandakey (button) (small blind) folded before Flop


PokerStars Hand #158682240842:  Hold'em Limit ($3/$6 USD) - 2016/09/16 12:46:24 ET
Table 'Castafiore II' 6-max Seat #1 is the button
Seat 1: sugarmama888 ($87 in chips)
Seat 6: Pandakey ($85.20 in chips)
sugarmama888: posts small blind $1
Pandakey: posts big blind $3
*** HOLE CARDS ***
sugarmama888: raises $3 to $6
Pandakey: calls $3
*** FLOP *** [7s Qc Ac]
Pandakey: checks
sugarmama888: bets $3
Pandakey: folds
Uncalled bet ($3) returned to sugarmama888
sugarmama888 collected $11.76 from pot
sugarmama888: doesn't show hand
*** SUMMARY ***
Total pot $12 | Rake $0.24
Board [7s Qc Ac]
Seat 1: sugarmama888 (button) (small blind) collected ($11.76)
Seat 6: Pandakey (big blind) folded on the Flop


PokerStars Hand #158682222213:  Hold'em Limit ($3/$6 USD) - 2016/09/16 12:45:55 ET
Table 'Castafiore II' 6-max Seat #6 is the button
Seat 1: sugarmama888 ($120 in chips)
Seat 6: Pandakey ($52.70 in chips)
Pandakey: posts small blind $1
sugarmama888: posts big blind $3
*** HOLE CARDS ***
Pandakey: raises $3 to $6
sugarmama888: calls $3
*** FLOP *** [Ts 7s Js]
sugarmama888: checks
Pandakey: bets $3
sugarmama888: calls $3
*** TURN *** [Ts 7s Js] [6d]
sugarmama888: checks
Pandakey: bets $6
sugarmama888: raises $6 to $12
Pandakey: raises $6 to $18
sugarmama888: calls $6
*** RIVER *** [Ts 7s Js 6d] [Tc]
sugarmama888: checks
Pandakey: bets $6
sugarmama888: calls $6
*** SHOW DOWN ***
Pandakey: shows [As Ah] (two pair, Aces and Tens)
sugarmama888: mucks hand
Pandakey collected $65.50 from pot
*** SUMMARY ***
Total pot $66 | Rake $0.50
Board [Ts 7s Js 6d Tc]
Seat 1: sugarmama888 (big blind) mucked
Seat 6: Pandakey (button) (small blind) showed [As Ah] and won ($65.50) with two pair, Aces and Tens


PokerStars Hand #158682291665:  Hold'em Limit ($3/$6 USD) - 2016/09/16 12:47:39 ET
Table 'Castafiore II' 6-max Seat #6 is the button
Seat 1: sugarmama888 ($53.76 in chips)
Seat 6: Pandakey ($117.34 in chips)
Pandakey: posts small blind $1
sugarmama888: posts big blind $3
*** HOLE CARDS ***
Pandakey: raises $3 to $6
sugarmama888: raises $3 to $9
Pandakey: calls $3
*** FLOP *** [Ks Qs Qh]
sugarmama888: bets $3
Pandakey: folds
Uncalled bet ($3) returned to sugarmama888
sugarmama888 collected $17.64 from pot
sugarmama888: doesn't show hand
*** SUMMARY ***
Total pot $18 | Rake $0.36
Board [Ks Qs Qh]
Seat 1: sugarmama888 (big blind) collected ($17.64)
Seat 6: Pandakey (button) (small blind) folded on the Flop


PokerStars Hand #158682286148:  Hold'em Limit ($3/$6 USD) - 2016/09/16 12:47:31 ET
Table 'Castafiore II' 6-max Seat #1 is the button
Seat 1: sugarmama888 ($54.76 in chips)
Seat 6: Pandakey ($116.34 in chips)
sugarmama888: posts small blind $1
Pandakey: posts big blind $3
*** HOLE CARDS ***
sugarmama888 said, "ffs"
sugarmama888: folds
Uncalled bet ($2) returned to Pandakey
Pandakey collected $2 from pot
Pandakey: doesn't show hand
*** SUMMARY ***
Total pot $2 | Rake $0
Seat 1: sugarmama888 (button) (small blind) folded before Flop
Seat 6: Pandakey (big blind) collected ($2)


PokerStars Hand #158682264408:  Hold'em Limit ($3/$6 USD) - 2016/09/16 12:47:00 ET
Table 'Castafiore II' 6-max Seat #6 is the button
Seat 1: sugarmama888 ($84.76 in chips)
Seat 6: Pandakey ($86.84 in chips)
Pandakey: posts small blind $1
sugarmama888: posts big blind $3
*** HOLE CARDS ***
Pandakey: raises $3 to $6
sugarmama888: raises $3 to $9
Pandakey: calls $3
*** FLOP *** [2c 5s Kc]
sugarmama888: bets $3
Pandakey: calls $3
*** TURN *** [2c 5s Kc] [Ts]
sugarmama888: bets $6
Pandakey: calls $6
*** RIVER *** [2c 5s Kc Ts] [3d]
sugarmama888: bets $6
Pandakey: raises $6 to $12
sugarmama888: calls $6
*** SHOW DOWN ***
Pandakey: shows [6h 4c] (a straight, Deuce to Six)
sugarmama888: mucks hand
Pandakey collected $59.50 from pot
*** SUMMARY ***
Total pot $60 | Rake $0.50
Board [2c 5s Kc Ts 3d]
Seat 1: sugarmama888 (big blind) mucked
Seat 6: Pandakey (button) (small blind) showed [6h 4c] and won ($59.50) with a straight, Deuce to Six


PokerStars Hand #158682311415:  Hold'em Limit ($3/$6 USD) - 2016/09/16 12:48:07 ET
Table 'Castafiore II' 6-max Seat #6 is the button
Seat 1: sugarmama888 ($76.90 in chips)
Seat 6: Pandakey ($93.34 in chips)
Pandakey: posts small blind $1
sugarmama888: posts big blind $3
*** HOLE CARDS ***
Pandakey: raises $3 to $6
sugarmama888: raises $3 to $9
Pandakey: calls $3
*** FLOP *** [Ac 6d 2s]
sugarmama888: bets $3
Pandakey: folds
Uncalled bet ($3) returned to sugarmama888
sugarmama888 collected $17.64 from pot
sugarmama888: doesn't show hand
*** SUMMARY ***
Total pot $18 | Rake $0.36
Board [Ac 6d 2s]
Seat 1: sugarmama888 (big blind) collected ($17.64)
Seat 6: Pandakey (button) (small blind) folded on the Flop


PokerStars Hand #158682301089:  Hold'em Limit ($3/$6 USD) - 2016/09/16 12:47:52 ET
Table 'Castafiore II' 6-max Seat #1 is the button
Seat 1: sugarmama888 ($62.40 in chips)
Seat 6: Pandakey ($108.34 in chips)
sugarmama888: posts small blind $1
Pandakey: posts big blind $3
*** HOLE CARDS ***
sugarmama888: raises $3 to $6
Pandakey: calls $3
*** FLOP *** [9s Jc 8d]
B_loJkl joins the table at seat #2
Pandakey: checks
sugarmama888: bets $3
Pandakey: calls $3
*** TURN *** [9s Jc 8d] [8c]
Pandakey: checks
sugarmama888: checks
*** RIVER *** [9s Jc 8d 8c] [6h]
Pandakey: bets $6
sugarmama888: calls $6
*** SHOW DOWN ***
Pandakey: shows [4s Qc] (a pair of Eights)
sugarmama888: shows [6d 7c] (two pair, Eights and Sixes)
sugarmama888 collected $29.50 from pot
*** SUMMARY ***
Total pot $30 | Rake $0.50
Board [9s Jc 8d 8c 6h]
Seat 1: sugarmama888 (button) (small blind) showed [6d 7c] and won ($29.50) with two pair, Eights and Sixes
Seat 6: Pandakey (big blind) showed [4s Qc] and lost with a pair of Eights


PokerStars Hand #158687405759:  Hold'em Limit ($3/$6 USD) - 2016/09/16 14:48:27 ET
Table 'Castafiore II' 6-max Seat #3 is the button
Seat 3: krytalex ($147.71 in chips)
Seat 5: BraunerBär ($175.75 in chips)
fishbla will be allowed to play after the button
krytalex: posts small blind $1
Apanage: is sitting out
BraunerBär: posts big blind $3
*** HOLE CARDS ***
Apanage leaves the table
krytalex: raises $3 to $6
BraunerBär: calls $3
*** FLOP *** [8s Qs Qd]
BraunerBär: checks
krytalex: bets $3
BraunerBär: folds
Uncalled bet ($3) returned to krytalex
krytalex collected $11.76 from pot
*** SUMMARY ***
Total pot $12 | Rake $0.24
Board [8s Qs Qd]
Seat 3: krytalex (button) (small blind) collected ($11.76)
Seat 5: BraunerBär (big blind) folded on the Flop


PokerStars Hand #158687468060:  Hold'em Limit ($3/$6 USD) - 2016/09/16 14:49:48 ET
Table 'Castafiore II' 6-max Seat #2 is the button
Seat 2: Kieren16 ($134.43 in chips)
Seat 3: krytalex ($153.47 in chips)
Kieren16: posts small blind $1
krytalex: posts big blind $3
*** HOLE CARDS ***
Kieren16: raises $3 to $6
krytalex: folds
Uncalled bet ($3) returned to Kieren16
Kieren16 collected $6 from pot
*** SUMMARY ***
Total pot $6 | Rake $0
Seat 2: Kieren16 (button) (small blind) collected ($6)
Seat 3: krytalex (big blind) folded before Flop


PokerStars Hand #158687477632:  Hold'em Limit ($3/$6 USD) - 2016/09/16 14:50:01 ET
Table 'Castafiore II' 6-max Seat #3 is the button
Seat 2: Kieren16 ($137.43 in chips)
Seat 3: krytalex ($150.47 in chips)
krytalex: posts small blind $1
Kieren16: posts big blind $3
*** HOLE CARDS ***
krytalex: raises $3 to $6
BraunerBär leaves the table
Kieren16: calls $3
*** FLOP *** [2d Ac 9c]
Kieren16: checks
krytalex: bets $3
zolii77 joins the table at seat #4
Kieren16: folds
Uncalled bet ($3) returned to krytalex
krytalex collected $11.76 from pot
*** SUMMARY ***
Total pot $12 | Rake $0.24
Board [2d Ac 9c]
Seat 2: Kieren16 (big blind) folded on the Flop
Seat 3: krytalex (button) (small blind) collected ($11.76)


PokerStars Hand #158687488577:  Hold'em Limit ($3/$6 USD) - 2016/09/16 14:50:15 ET
Table 'Castafiore II' 6-max Seat #2 is the button
Seat 2: Kieren16 ($131.43 in chips)
Seat 3: krytalex ($156.23 in chips)
Kieren16: posts small blind $1
krytalex: posts big blind $3
fishbla is disconnected
*** HOLE CARDS ***
Kieren16: raises $3 to $6
RockKillerTY joins the table at seat #5
krytalex: folds
Uncalled bet ($3) returned to Kieren16
Kieren16 collected $6 from pot
*** SUMMARY ***
Total pot $6 | Rake $0
Seat 2: Kieren16 (button) (small blind) collected ($6)
Seat 3: krytalex (big blind) folded before Flop


PokerStars Hand #158697104682:  Hold'em Limit ($3/$6 USD) - 2016/09/16 18:17:17 ET
Table 'Castafiore II' 6-max Seat #6 is the button
Seat 5: ToDaFelt ($454.49 in chips)
Seat 6: Wurst2000 ($111.59 in chips)
Wurst2000: posts small blind $1
ToDaFelt: posts big blind $3
*** HOLE CARDS ***
Wurst2000: folds
Uncalled bet ($2) returned to ToDaFelt
ToDaFelt collected $2 from pot
ToDaFelt: doesn't show hand
*** SUMMARY ***
Total pot $2 | Rake $0
Seat 5: ToDaFelt (big blind) collected ($2)
Seat 6: Wurst2000 (button) (small blind) folded before Flop


