PokerStars Hand #145749782174:  Hold'em Limit ($3/$6 USD) - 2015/12/22 13:34:51 ET
Table 'Castor II' 2-max Seat #1 is the button
Seat 1: REZOLUTION84 ($60 in chips)
Seat 2: yirkape ($75.56 in chips)
REZOLUTION84: posts small blind $1
yirkape: posts big blind $3
*** HOLE CARDS ***
REZOLUTION84: raises $3 to $6
yirkape: folds
Uncalled bet ($3) returned to REZOLUTION84
REZOLUTION84 collected $6 from pot
REZOLUTION84: doesn't show hand
*** SUMMARY ***
Total pot $6 | Rake $0
Seat 1: REZOLUTION84 (button) (small blind) collected ($6)
Seat 2: yirkape (big blind) folded before Flop


PokerStars Hand #145749787737:  Hold'em Limit ($3/$6 USD) - 2015/12/22 13:34:57 ET
Table 'Castor II' 2-max Seat #2 is the button
Seat 1: REZOLUTION84 ($63 in chips)
Seat 2: yirkape ($72.56 in chips)
yirkape: posts small blind $1
REZOLUTION84: posts big blind $3
*** HOLE CARDS ***
yirkape: calls $2
REZOLUTION84: checks
*** FLOP *** [Qc Ah 7s]
REZOLUTION84: checks
yirkape: checks
*** TURN *** [Qc Ah 7s] [2s]
REZOLUTION84: checks
yirkape: checks
*** RIVER *** [Qc Ah 7s 2s] [Ad]
REZOLUTION84: checks
yirkape: checks
*** SHOW DOWN ***
REZOLUTION84: shows [7d 4s] (two pair, Aces and Sevens)
yirkape: mucks hand
REZOLUTION84 collected $5.88 from pot
*** SUMMARY ***
Total pot $6 | Rake $0.12
Board [Qc Ah 7s 2s Ad]
Seat 1: REZOLUTION84 (big blind) showed [7d 4s] and won ($5.88) with two pair, Aces and Sevens
Seat 2: yirkape (button) (small blind) mucked


PokerStars Hand #145749803092:  Hold'em Limit ($3/$6 USD) - 2015/12/22 13:35:13 ET
Table 'Castor II' 2-max Seat #2 is the button
Seat 1: REZOLUTION84 ($68.88 in chips)
Seat 2: yirkape ($66.56 in chips)
yirkape: posts small blind $1
REZOLUTION84: posts big blind $3
*** HOLE CARDS ***
yirkape: raises $3 to $6
REZOLUTION84: calls $3
*** FLOP *** [Kd 8d Ad]
REZOLUTION84: checks
yirkape: bets $3
REZOLUTION84: calls $3
*** TURN *** [Kd 8d Ad] [Qc]
REZOLUTION84: checks
yirkape: bets $6
REZOLUTION84: calls $6
*** RIVER *** [Kd 8d Ad Qc] [4c]
REZOLUTION84: checks
yirkape: bets $6
REZOLUTION84: folds
Uncalled bet ($6) returned to yirkape
yirkape collected $29.50 from pot
yirkape: doesn't show hand
*** SUMMARY ***
Total pot $30 | Rake $0.50
Board [Kd 8d Ad Qc 4c]
Seat 1: REZOLUTION84 (big blind) folded on the River
Seat 2: yirkape (button) (small blind) collected ($29.50)


PokerStars Hand #145749815777:  Hold'em Limit ($3/$6 USD) - 2015/12/22 13:35:27 ET
Table 'Castor II' 2-max Seat #1 is the button
Seat 1: REZOLUTION84 ($60 in chips)
Seat 2: yirkape ($81.06 in chips)
REZOLUTION84: posts small blind $1
yirkape: posts big blind $3
*** HOLE CARDS ***
REZOLUTION84: raises $3 to $6
yirkape: calls $3
*** FLOP *** [7c 4s 8d]
yirkape: checks
REZOLUTION84: checks
*** TURN *** [7c 4s 8d] [As]
yirkape: checks
REZOLUTION84: bets $6
yirkape: folds
Uncalled bet ($6) returned to REZOLUTION84
REZOLUTION84 collected $11.76 from pot
REZOLUTION84: doesn't show hand
*** SUMMARY ***
Total pot $12 | Rake $0.24
Board [7c 4s 8d As]
Seat 1: REZOLUTION84 (button) (small blind) collected ($11.76)
Seat 2: yirkape (big blind) folded on the Turn


PokerStars Hand #145749824480:  Hold'em Limit ($3/$6 USD) - 2015/12/22 13:35:36 ET
Table 'Castor II' 2-max Seat #2 is the button
Seat 1: REZOLUTION84 ($65.76 in chips)
Seat 2: yirkape ($75.06 in chips)
yirkape: posts small blind $1
REZOLUTION84: posts big blind $3
*** HOLE CARDS ***
yirkape: calls $2
REZOLUTION84: raises $3 to $6
yirkape: calls $3
*** FLOP *** [Ad 8c 6s]
REZOLUTION84: bets $3
yirkape: raises $3 to $6
REZOLUTION84: folds
Uncalled bet ($3) returned to yirkape
yirkape collected $17.64 from pot
yirkape: doesn't show hand
*** SUMMARY ***
Total pot $18 | Rake $0.36
Board [Ad 8c 6s]
Seat 1: REZOLUTION84 (big blind) folded on the Flop
Seat 2: yirkape (button) (small blind) collected ($17.64)


PokerStars Hand #145749798436:  Hold'em Limit ($3/$6 USD) - 2015/12/22 13:35:08 ET
Table 'Castor II' 2-max Seat #1 is the button
Seat 1: REZOLUTION84 ($65.88 in chips)
Seat 2: yirkape ($69.56 in chips)
REZOLUTION84: posts small blind $1
yirkape: posts big blind $3
*** HOLE CARDS ***
REZOLUTION84: raises $3 to $6
yirkape: folds
Uncalled bet ($3) returned to REZOLUTION84
REZOLUTION84 collected $6 from pot
REZOLUTION84: doesn't show hand
*** SUMMARY ***
Total pot $6 | Rake $0
Seat 1: REZOLUTION84 (button) (small blind) collected ($6)
Seat 2: yirkape (big blind) folded before Flop


