PokerStars Hand #153040364274:  Hold'em Limit ($3/$6 USD) - 2016/05/08 17:00:38 ET
Table 'Catriona' 10-max Seat #1 is the button
Seat 1: Zubasa07 ($500 in chips)
Seat 5: Maluf007 ($50.81 in chips)
vestimokrec joins the table at seat #6
Zubasa07: posts small blind $1
Maluf007: posts big blind $3
*** HOLE CARDS ***
Zubasa07: raises $3 to $6
Maluf007: calls $3
*** FLOP *** [Kd 7c 9c]
Maluf007: checks
Zubasa07: bets $3
Maluf007: folds
Uncalled bet ($3) returned to Zubasa07
Zubasa07 collected $11.76 from pot
Zubasa07: doesn't show hand
*** SUMMARY ***
Total pot $12 | Rake $0.24
Board [Kd 7c 9c]
Seat 1: Zubasa07 (button) (small blind) collected ($11.76)
Seat 5: Maluf007 (big blind) folded on the Flop


PokerStars Hand #153040418333:  Hold'em Limit ($3/$6 USD) - 2016/05/08 17:01:47 ET
Table 'Catriona' 10-max Seat #5 is the button
Seat 1: Zubasa07 ($516.28 in chips)
Seat 5: Maluf007 ($33.81 in chips)
Maluf007: posts small blind $1
Zubasa07: posts big blind $3
*** HOLE CARDS ***
Maluf007: raises $3 to $6
Zubasa07: folds
Uncalled bet ($3) returned to Maluf007
Maluf007 collected $6 from pot
Maluf007: doesn't show hand
*** SUMMARY ***
Total pot $6 | Rake $0
Seat 1: Zubasa07 (big blind) folded before Flop
Seat 5: Maluf007 (button) (small blind) collected ($6)


PokerStars Hand #153040412506:  Hold'em Limit ($3/$6 USD) - 2016/05/08 17:01:40 ET
Table 'Catriona' 10-max Seat #1 is the button
Seat 1: Zubasa07 ($517.28 in chips)
Seat 5: Maluf007 ($32.81 in chips)
Zubasa07: posts small blind $1
Maluf007: posts big blind $3
*** HOLE CARDS ***
Zubasa07: folds
Uncalled bet ($2) returned to Maluf007
Maluf007 collected $2 from pot
Maluf007: doesn't show hand
*** SUMMARY ***
Total pot $2 | Rake $0
Seat 1: Zubasa07 (button) (small blind) folded before Flop
Seat 5: Maluf007 (big blind) collected ($2)


PokerStars Hand #153040386790:  Hold'em Limit ($3/$6 USD) - 2016/05/08 17:01:09 ET
Table 'Catriona' 10-max Seat #5 is the button
Seat 1: Zubasa07 ($505.76 in chips)
Seat 5: Maluf007 ($44.81 in chips)
Maluf007: posts small blind $1
Zubasa07: posts big blind $3
*** HOLE CARDS ***
Maluf007: raises $3 to $6
Zubasa07: raises $3 to $9
Maluf007: calls $3
*** FLOP *** [Jc 5h 6c]
Zubasa07: bets $3
Maluf007: calls $3
*** TURN *** [Jc 5h 6c] [6s]
Zubasa07: bets $6
Maluf007: folds
Uncalled bet ($6) returned to Zubasa07
Zubasa07 collected $23.52 from pot
Zubasa07: doesn't show hand
*** SUMMARY ***
Total pot $24 | Rake $0.48
Board [Jc 5h 6c 6s]
Seat 1: Zubasa07 (big blind) collected ($23.52)
Seat 5: Maluf007 (button) (small blind) folded on the Turn


PokerStars Hand #153040489235:  Hold'em Limit ($3/$6 USD) - 2016/05/08 17:03:06 ET
Table 'Catriona' 10-max Seat #1 is the button
Seat 1: Zubasa07 ($513.04 in chips)
Seat 5: Maluf007 ($36.57 in chips)
Zubasa07: posts small blind $1
Maluf007: posts big blind $3
*** HOLE CARDS ***
Zubasa07: folds
Uncalled bet ($2) returned to Maluf007
Maluf007 collected $2 from pot
Maluf007: doesn't show hand
*** SUMMARY ***
Total pot $2 | Rake $0
Seat 1: Zubasa07 (button) (small blind) folded before Flop
Seat 5: Maluf007 (big blind) collected ($2)


PokerStars Hand #153040445086:  Hold'em Limit ($3/$6 USD) - 2016/05/08 17:02:18 ET
Table 'Catriona' 10-max Seat #5 is the button
Seat 1: Zubasa07 ($519.04 in chips)
Seat 5: Maluf007 ($30.81 in chips)
Maluf007: posts small blind $1
Zubasa07: posts big blind $3
*** HOLE CARDS ***
Maluf007: raises $3 to $6
Zubasa07: calls $3
*** FLOP *** [Ad Js 8d]
Zubasa07: checks
Maluf007: bets $3
Zubasa07: folds
Uncalled bet ($3) returned to Maluf007
Maluf007 collected $11.76 from pot
Maluf007: doesn't show hand
*** SUMMARY ***
Total pot $12 | Rake $0.24
Board [Ad Js 8d]
Seat 1: Zubasa07 (big blind) folded on the Flop
Seat 5: Maluf007 (button) (small blind) collected ($11.76)


PokerStars Hand #153040426927:  Hold'em Limit ($3/$6 USD) - 2016/05/08 17:01:57 ET
Table 'Catriona' 10-max Seat #1 is the button
Seat 1: Zubasa07 ($513.28 in chips)
Seat 5: Maluf007 ($36.81 in chips)
Zubasa07: posts small blind $1
Maluf007: posts big blind $3
*** HOLE CARDS ***
Zubasa07: raises $3 to $6
Maluf007: calls $3
*** FLOP *** [Ad Kd 8c]
Maluf007: checks
Zubasa07: bets $3
Maluf007: folds
Uncalled bet ($3) returned to Zubasa07
Zubasa07 collected $11.76 from pot
Zubasa07: doesn't show hand
*** SUMMARY ***
Total pot $12 | Rake $0.24
Board [Ad Kd 8c]
Seat 1: Zubasa07 (button) (small blind) collected ($11.76)
Seat 5: Maluf007 (big blind) folded on the Flop


PokerStars Hand #153040495090:  Hold'em Limit ($3/$6 USD) - 2016/05/08 17:03:13 ET
Table 'Catriona' 10-max Seat #5 is the button
Seat 1: Zubasa07 ($512.04 in chips)
Seat 5: Maluf007 ($37.57 in chips)
Maluf007: posts small blind $1
Zubasa07: posts big blind $3
*** HOLE CARDS ***
Maluf007: raises $3 to $6
Zubasa07: calls $3
*** FLOP *** [Qc Kh 8h]
Zubasa07: checks
rifffmaster joins the table at seat #4
Maluf007: checks
*** TURN *** [Qc Kh 8h] [Ts]
Zubasa07: bets $6
Maluf007: calls $6
*** RIVER *** [Qc Kh 8h Ts] [8d]
Zubasa07: checks
Maluf007: checks
*** SHOW DOWN ***
Zubasa07: shows [3d Tc] (two pair, Tens and Eights)
Maluf007: shows [Th 7s] (two pair, Tens and Eights)
Zubasa07 collected $11.76 from pot
Maluf007 collected $11.76 from pot
*** SUMMARY ***
Total pot $24 | Rake $0.48
Board [Qc Kh 8h Ts 8d]
Seat 1: Zubasa07 (big blind) showed [3d Tc] and won ($11.76) with two pair, Tens and Eights
Seat 5: Maluf007 (button) (small blind) showed [Th 7s] and won ($11.76) with two pair, Tens and Eights


PokerStars Hand #153042002893:  Hold'em Limit ($3/$6 USD) - 2016/05/08 17:28:49 ET
Table 'Catriona' 10-max Seat #7 is the button
Seat 7: Owsik4 ($50.52 in chips)
Seat 8: DECAlpha ($45.93 in chips)
Owsik4: posts small blind $1
DECAlpha: posts big blind $3
*** HOLE CARDS ***
vestimokrec leaves the table
Owsik4: calls $2
DECAlpha: raises $3 to $6
Owsik4: calls $3
*** FLOP *** [2s 5d 9c]
DECAlpha: bets $3
Owsik4: folds
Uncalled bet ($3) returned to DECAlpha
DECAlpha collected $11.76 from pot
DECAlpha: doesn't show hand
*** SUMMARY ***
Total pot $12 | Rake $0.24
Board [2s 5d 9c]
Seat 7: Owsik4 (button) (small blind) folded on the Flop
Seat 8: DECAlpha (big blind) collected ($11.76)


PokerStars Hand #153041987008:  Hold'em Limit ($3/$6 USD) - 2016/05/08 17:28:35 ET
Table 'Catriona' 10-max Seat #8 is the button
Seat 7: Owsik4 ($41.88 in chips)
Seat 8: DECAlpha ($54.93 in chips)
DECAlpha: posts small blind $1
GRAILKO: is sitting out
vestimokrec: is sitting out
Owsik4: posts big blind $3
*** HOLE CARDS ***
DECAlpha: raises $3 to $6
Owsik4: calls $3
*** FLOP *** [5c 5h 9h]
Owsik4: checks
DECAlpha: bets $3
Owsik4: raises $3 to $6
GRAILKO leaves the table
DECAlpha: folds
Uncalled bet ($3) returned to Owsik4
Owsik4 collected $17.64 from pot
Owsik4: doesn't show hand
*** SUMMARY ***
Total pot $18 | Rake $0.36
Board [5c 5h 9h]
Seat 7: Owsik4 (big blind) collected ($17.64)
Seat 8: DECAlpha (button) (small blind) folded on the Flop


