PokerStars Hand #169309384094:  Hold'em Limit ($3/$6 USD) - 2017/04/20 12:08:09 ET
Table 'Catriona' 10-max Seat #1 is the button
Seat 1: LifeisagameX ($84 in chips)
Seat 8: 7ardis ($116 in chips)
LifeisagameX: posts small blind $1
vestimokrec: is sitting out
B_loJkl: is sitting out
7ardis: posts big blind $3
*** HOLE CARDS ***
LifeisagameX: raises $3 to $6
vestimokrec leaves the table
7ardis: raises $3 to $9
LifeisagameX: calls $3
*** FLOP *** [Js Th Jc]
7ardis: bets $3
LifeisagameX: calls $3
*** TURN *** [Js Th Jc] [9d]
7ardis: bets $6
LifeisagameX: raises $6 to $12
7ardis: calls $6
*** RIVER *** [Js Th Jc 9d] [Td]
7ardis: checks
LifeisagameX: checks
*** SHOW DOWN ***
7ardis: shows [As Qd] (two pair, Jacks and Tens)
LifeisagameX: shows [8d Qh] (a straight, Eight to Queen)
LifeisagameX collected $47.50 from pot
*** SUMMARY ***
Total pot $48 | Rake $0.50
Board [Js Th Jc 9d Td]
Seat 1: LifeisagameX (button) (small blind) showed [8d Qh] and won ($47.50) with a straight, Eight to Queen
Seat 8: 7ardis (big blind) showed [As Qd] and lost with two pair, Jacks and Tens


PokerStars Hand #169309490854:  Hold'em Limit ($3/$6 USD) - 2017/04/20 12:10:39 ET
Table 'Catriona' 10-max Seat #4 is the button
Seat 4: frgt\10river ($71.68 in chips)
Seat 8: 7ardis ($88 in chips)
frgt\10river: posts small blind $1
7ardis: posts big blind $3
*** HOLE CARDS ***
frgt\10river: raises $3 to $6
7ardis: folds
Uncalled bet ($3) returned to frgt\10river
frgt\10river collected $6 from pot
frgt\10river: doesn't show hand
*** SUMMARY ***
Total pot $6 | Rake $0
Seat 4: frgt\10river (button) (small blind) collected ($6)
Seat 8: 7ardis (big blind) folded before Flop


PokerStars Hand #169309483318:  Hold'em Limit ($3/$6 USD) - 2017/04/20 12:10:29 ET
Table 'Catriona' 10-max Seat #8 is the button
Seat 4: frgt\10river ($74.68 in chips)
Seat 8: 7ardis ($85 in chips)
7ardis: posts small blind $1
frgt\10river: posts big blind $3
*** HOLE CARDS ***
7ardis: raises $3 to $6
frgt\10river: folds
Uncalled bet ($3) returned to 7ardis
7ardis collected $6 from pot
7ardis: doesn't show hand
*** SUMMARY ***
Total pot $6 | Rake $0
Seat 4: frgt\10river (big blind) folded before Flop
Seat 8: 7ardis (button) (small blind) collected ($6)


PokerStars Hand #169309479623:  Hold'em Limit ($3/$6 USD) - 2017/04/20 12:10:24 ET
Table 'Catriona' 10-max Seat #4 is the button
Seat 4: frgt\10river ($75.68 in chips)
Seat 8: 7ardis ($84 in chips)
frgt\10river: posts small blind $1
7ardis: posts big blind $3
*** HOLE CARDS ***
frgt\10river: folds
Uncalled bet ($2) returned to 7ardis
7ardis collected $2 from pot
7ardis: doesn't show hand
*** SUMMARY ***
Total pot $2 | Rake $0
Seat 4: frgt\10river (button) (small blind) folded before Flop
Seat 8: 7ardis (big blind) collected ($2)


PokerStars Hand #169309425842:  Hold'em Limit ($3/$6 USD) - 2017/04/20 12:09:08 ET
Table 'Catriona' 10-max Seat #8 is the button
Seat 1: LifeisagameX ($107.50 in chips)
Seat 8: 7ardis ($92 in chips)
7ardis: posts small blind $1
LifeisagameX: posts big blind $3
*** HOLE CARDS ***
frgt\10river joins the table at seat #4
7ardis said, "omfg"
vestimokrec joins the table at seat #5
7ardis: raises $3 to $6
LifeisagameX: calls $3
*** FLOP *** [6s 3s Kd]
LifeisagameX: checks
7ardis: bets $3
LifeisagameX: raises $3 to $6
7ardis: calls $3
*** TURN *** [6s 3s Kd] [3h]
7ardis said, "wow"
LifeisagameX: bets $6
7ardis: folds
Uncalled bet ($6) returned to LifeisagameX
LifeisagameX collected $23.52 from pot
LifeisagameX: doesn't show hand
*** SUMMARY ***
Total pot $24 | Rake $0.48
Board [6s 3s Kd 3h]
Seat 1: LifeisagameX (big blind) collected ($23.52)
Seat 8: 7ardis (button) (small blind) folded on the Turn


PokerStars Hand #169309503388:  Hold'em Limit ($3/$6 USD) - 2017/04/20 12:10:57 ET
Table 'Catriona' 10-max Seat #8 is the button
Seat 4: frgt\10river ($83.68 in chips)
Seat 8: 7ardis ($76 in chips)
7ardis: posts small blind $1
frgt\10river: posts big blind $3
*** HOLE CARDS ***
7ardis: raises $3 to $6
frgt\10river: raises $3 to $9
7ardis: calls $3
*** FLOP *** [7c 8h Th]
frgt\10river: bets $3
7ardis: calls $3
*** TURN *** [7c 8h Th] [Jd]
frgt\10river: checks
7ardis: bets $6
frgt\10river: raises $6 to $12
7ardis: calls $6
*** RIVER *** [7c 8h Th Jd] [6h]
frgt\10river: bets $6
7ardis: calls $6
*** SHOW DOWN ***
frgt\10river: shows [Ac 5d] (high card Ace)
7ardis: shows [Jh 2d] (a pair of Jacks)
7ardis collected $59.50 from pot
*** SUMMARY ***
Total pot $60 | Rake $0.50
Board [7c 8h Th Jd 6h]
Seat 4: frgt\10river (big blind) showed [Ac 5d] and lost with high card Ace
Seat 8: 7ardis (button) (small blind) showed [Jh 2d] and won ($59.50) with a pair of Jacks


PokerStars Hand #169309499682:  Hold'em Limit ($3/$6 USD) - 2017/04/20 12:10:52 ET
Table 'Catriona' 10-max Seat #4 is the button
Seat 4: frgt\10river ($80.68 in chips)
Seat 8: 7ardis ($79 in chips)
frgt\10river: posts small blind $1
7ardis: posts big blind $3
*** HOLE CARDS ***
frgt\10river: raises $3 to $6
7ardis: folds
Uncalled bet ($3) returned to frgt\10river
frgt\10river collected $6 from pot
frgt\10river: doesn't show hand
*** SUMMARY ***
Total pot $6 | Rake $0
Seat 4: frgt\10river (button) (small blind) collected ($6)
Seat 8: 7ardis (big blind) folded before Flop


PokerStars Hand #169309494993:  Hold'em Limit ($3/$6 USD) - 2017/04/20 12:10:45 ET
Table 'Catriona' 10-max Seat #8 is the button
Seat 4: frgt\10river ($74.68 in chips)
Seat 8: 7ardis ($85 in chips)
7ardis: posts small blind $1
frgt\10river: posts big blind $3
*** HOLE CARDS ***
7ardis: raises $3 to $6
frgt\10river: raises $3 to $9
7ardis: folds
Uncalled bet ($3) returned to frgt\10river
frgt\10river collected $12 from pot
frgt\10river: doesn't show hand
*** SUMMARY ***
Total pot $12 | Rake $0
Seat 4: frgt\10river (big blind) collected ($12)
Seat 8: 7ardis (button) (small blind) folded before Flop


PokerStars Hand #169309663990:  Hold'em Limit ($3/$6 USD) - 2017/04/20 12:14:42 ET
Table 'Catriona' 10-max Seat #4 is the button
Seat 4: frgt\10river ($124.44 in chips)
Seat 8: 7ardis ($124.39 in chips)
frgt\10river: posts small blind $1
7ardis: posts big blind $3
*** HOLE CARDS ***
frgt\10river: folds
Uncalled bet ($2) returned to 7ardis
7ardis collected $2 from pot
7ardis: doesn't show hand
*** SUMMARY ***
Total pot $2 | Rake $0
Seat 4: frgt\10river (button) (small blind) folded before Flop
Seat 8: 7ardis (big blind) collected ($2)


PokerStars Hand #169309660291:  Hold'em Limit ($3/$6 USD) - 2017/04/20 12:14:37 ET
Table 'Catriona' 10-max Seat #8 is the button
Seat 4: frgt\10river ($123.44 in chips)
Seat 8: 7ardis ($125.39 in chips)
7ardis: posts small blind $1
frgt\10river: posts big blind $3
*** HOLE CARDS ***
7ardis: folds
Uncalled bet ($2) returned to frgt\10river
frgt\10river collected $2 from pot
frgt\10river: doesn't show hand
*** SUMMARY ***
Total pot $2 | Rake $0
Seat 4: frgt\10river (big blind) collected ($2)
Seat 8: 7ardis (button) (small blind) folded before Flop


PokerStars Hand #169309656554:  Hold'em Limit ($3/$6 USD) - 2017/04/20 12:14:31 ET
Table 'Catriona' 10-max Seat #4 is the button
Seat 4: frgt\10river ($120.44 in chips)
Seat 8: 7ardis ($128.39 in chips)
frgt\10river: posts small blind $1
7ardis: posts big blind $3
*** HOLE CARDS ***
frgt\10river: raises $3 to $6
7ardis: folds
Uncalled bet ($3) returned to frgt\10river
frgt\10river collected $6 from pot
frgt\10river: doesn't show hand
*** SUMMARY ***
Total pot $6 | Rake $0
Seat 4: frgt\10river (button) (small blind) collected ($6)
Seat 8: 7ardis (big blind) folded before Flop


PokerStars Hand #169309641885:  Hold'em Limit ($3/$6 USD) - 2017/04/20 12:14:11 ET
Table 'Catriona' 10-max Seat #8 is the button
Seat 4: frgt\10river ($138.44 in chips)
Seat 8: 7ardis ($110.89 in chips)
7ardis: posts small blind $1
frgt\10river: posts big blind $3
*** HOLE CARDS ***
7ardis: raises $3 to $6
frgt\10river: calls $3
*** FLOP *** [Ts Ks 3c]
frgt\10river: checks
7ardis: bets $3
frgt\10river: raises $3 to $6
7ardis: calls $3
*** TURN *** [Ts Ks 3c] [Js]
frgt\10river: checks
7ardis: checks
*** RIVER *** [Ts Ks 3c Js] [8h]
frgt\10river: bets $6
7ardis: calls $6
*** SHOW DOWN ***
frgt\10river: shows [4d 6h] (high card King)
7ardis: shows [Kd Qc] (a pair of Kings)
7ardis collected $35.50 from pot
*** SUMMARY ***
Total pot $36 | Rake $0.50
Board [Ts Ks 3c Js 8h]
Seat 4: frgt\10river (big blind) showed [4d 6h] and lost with high card King
Seat 8: 7ardis (button) (small blind) showed [Kd Qc] and won ($35.50) with a pair of Kings


PokerStars Hand #169309636873:  Hold'em Limit ($3/$6 USD) - 2017/04/20 12:14:04 ET
Table 'Catriona' 10-max Seat #4 is the button
Seat 4: frgt\10river ($135.44 in chips)
Seat 8: 7ardis ($113.89 in chips)
frgt\10river: posts small blind $1
7ardis: posts big blind $3
*** HOLE CARDS ***
frgt\10river: raises $3 to $6
7ardis: folds
Uncalled bet ($3) returned to frgt\10river
sokol-max-PS leaves the table
frgt\10river collected $6 from pot
frgt\10river: doesn't show hand
*** SUMMARY ***
Total pot $6 | Rake $0
Seat 4: frgt\10river (button) (small blind) collected ($6)
Seat 8: 7ardis (big blind) folded before Flop


PokerStars Hand #169309706208:  Hold'em Limit ($3/$6 USD) - 2017/04/20 12:15:41 ET
Table 'Catriona' 10-max Seat #8 is the button
Seat 4: frgt\10river ($123.20 in chips)
Seat 8: 7ardis ($125.15 in chips)
7ardis: posts small blind $1
frgt\10river: posts big blind $3
*** HOLE CARDS ***
7ardis: folds
Uncalled bet ($2) returned to frgt\10river
frgt\10river collected $2 from pot
frgt\10river: doesn't show hand
*** SUMMARY ***
Total pot $2 | Rake $0
Seat 4: frgt\10river (big blind) collected ($2)
Seat 8: 7ardis (button) (small blind) folded before Flop


PokerStars Hand #169309699882:  Hold'em Limit ($3/$6 USD) - 2017/04/20 12:15:32 ET
Table 'Catriona' 10-max Seat #4 is the button
Seat 4: frgt\10river ($117.44 in chips)
Seat 8: 7ardis ($131.15 in chips)
frgt\10river: posts small blind $1
7ardis: posts big blind $3
*** HOLE CARDS ***
frgt\10river: raises $3 to $6
7ardis: calls $3
*** FLOP *** [2s 3h Ad]
7ardis: checks
frgt\10river: bets $3
7ardis: folds
Uncalled bet ($3) returned to frgt\10river
frgt\10river collected $11.76 from pot
frgt\10river: doesn't show hand
*** SUMMARY ***
Total pot $12 | Rake $0.24
Board [2s 3h Ad]
Seat 4: frgt\10river (button) (small blind) collected ($11.76)
Seat 8: 7ardis (big blind) folded on the Flop


PokerStars Hand #169309696645:  Hold'em Limit ($3/$6 USD) - 2017/04/20 12:15:27 ET
Table 'Catriona' 10-max Seat #8 is the button
Seat 4: frgt\10river ($116.44 in chips)
Seat 8: 7ardis ($132.15 in chips)
7ardis: posts small blind $1
frgt\10river: posts big blind $3
*** HOLE CARDS ***
7ardis: folds
Uncalled bet ($2) returned to frgt\10river
frgt\10river collected $2 from pot
frgt\10river: doesn't show hand
*** SUMMARY ***
Total pot $2 | Rake $0
Seat 4: frgt\10river (big blind) collected ($2)
Seat 8: 7ardis (button) (small blind) folded before Flop


PokerStars Hand #169309693007:  Hold'em Limit ($3/$6 USD) - 2017/04/20 12:15:22 ET
Table 'Catriona' 10-max Seat #4 is the button
Seat 4: frgt\10river ($117.44 in chips)
Seat 8: 7ardis ($131.15 in chips)
frgt\10river: posts small blind $1
7ardis: posts big blind $3
*** HOLE CARDS ***
frgt\10river: folds
Uncalled bet ($2) returned to 7ardis
7ardis collected $2 from pot
7ardis: doesn't show hand
*** SUMMARY ***
Total pot $2 | Rake $0
Seat 4: frgt\10river (button) (small blind) folded before Flop
Seat 8: 7ardis (big blind) collected ($2)


PokerStars Hand #169309690017:  Hold'em Limit ($3/$6 USD) - 2017/04/20 12:15:18 ET
Table 'Catriona' 10-max Seat #8 is the button
Seat 4: frgt\10river ($116.44 in chips)
Seat 8: 7ardis ($132.15 in chips)
7ardis: posts small blind $1
frgt\10river: posts big blind $3
*** HOLE CARDS ***
7ardis: folds
Uncalled bet ($2) returned to frgt\10river
frgt\10river collected $2 from pot
frgt\10river: doesn't show hand
*** SUMMARY ***
Total pot $2 | Rake $0
Seat 4: frgt\10river (big blind) collected ($2)
Seat 8: 7ardis (button) (small blind) folded before Flop


PokerStars Hand #169309686931:  Hold'em Limit ($3/$6 USD) - 2017/04/20 12:15:14 ET
Table 'Catriona' 10-max Seat #4 is the button
Seat 4: frgt\10river ($117.44 in chips)
Seat 8: 7ardis ($131.15 in chips)
frgt\10river: posts small blind $1
7ardis: posts big blind $3
*** HOLE CARDS ***
frgt\10river: folds
Uncalled bet ($2) returned to 7ardis
7ardis collected $2 from pot
7ardis: doesn't show hand
*** SUMMARY ***
Total pot $2 | Rake $0
Seat 4: frgt\10river (button) (small blind) folded before Flop
Seat 8: 7ardis (big blind) collected ($2)


PokerStars Hand #169309680206:  Hold'em Limit ($3/$6 USD) - 2017/04/20 12:15:04 ET
Table 'Catriona' 10-max Seat #8 is the button
Seat 4: frgt\10river ($123.44 in chips)
Seat 8: 7ardis ($125.39 in chips)
7ardis: posts small blind $1
frgt\10river: posts big blind $3
*** HOLE CARDS ***
7ardis: raises $3 to $6
frgt\10river: calls $3
*** FLOP *** [7d 8d 8s]
frgt\10river: checks
7ardis: bets $3
frgt\10river: folds
Uncalled bet ($3) returned to 7ardis
7ardis collected $11.76 from pot
7ardis: doesn't show hand
*** SUMMARY ***
Total pot $12 | Rake $0.24
Board [7d 8d 8s]
Seat 4: frgt\10river (big blind) folded on the Flop
Seat 8: 7ardis (button) (small blind) collected ($11.76)


PokerStars Hand #169309677153:  Hold'em Limit ($3/$6 USD) - 2017/04/20 12:15:00 ET
Table 'Catriona' 10-max Seat #4 is the button
Seat 4: frgt\10river ($124.44 in chips)
Seat 8: 7ardis ($124.39 in chips)
frgt\10river: posts small blind $1
7ardis: posts big blind $3
*** HOLE CARDS ***
frgt\10river: folds
Uncalled bet ($2) returned to 7ardis
7ardis collected $2 from pot
7ardis: doesn't show hand
*** SUMMARY ***
Total pot $2 | Rake $0
Seat 4: frgt\10river (button) (small blind) folded before Flop
Seat 8: 7ardis (big blind) collected ($2)


PokerStars Hand #169309673502:  Hold'em Limit ($3/$6 USD) - 2017/04/20 12:14:55 ET
Table 'Catriona' 10-max Seat #8 is the button
Seat 4: frgt\10river ($123.44 in chips)
Seat 8: 7ardis ($125.39 in chips)
7ardis: posts small blind $1
frgt\10river: posts big blind $3
*** HOLE CARDS ***
7ardis: folds
Uncalled bet ($2) returned to frgt\10river
frgt\10river collected $2 from pot
frgt\10river: doesn't show hand
*** SUMMARY ***
Total pot $2 | Rake $0
Seat 4: frgt\10river (big blind) collected ($2)
Seat 8: 7ardis (button) (small blind) folded before Flop


PokerStars Hand #169309670451:  Hold'em Limit ($3/$6 USD) - 2017/04/20 12:14:51 ET
Table 'Catriona' 10-max Seat #4 is the button
Seat 4: frgt\10river ($124.44 in chips)
Seat 8: 7ardis ($124.39 in chips)
frgt\10river: posts small blind $1
7ardis: posts big blind $3
*** HOLE CARDS ***
frgt\10river: folds
Uncalled bet ($2) returned to 7ardis
7ardis collected $2 from pot
7ardis: doesn't show hand
*** SUMMARY ***
Total pot $2 | Rake $0
Seat 4: frgt\10river (button) (small blind) folded before Flop
Seat 8: 7ardis (big blind) collected ($2)


PokerStars Hand #169309667264:  Hold'em Limit ($3/$6 USD) - 2017/04/20 12:14:46 ET
Table 'Catriona' 10-max Seat #8 is the button
Seat 4: frgt\10river ($123.44 in chips)
Seat 8: 7ardis ($125.39 in chips)
7ardis: posts small blind $1
frgt\10river: posts big blind $3
*** HOLE CARDS ***
7ardis: folds
Uncalled bet ($2) returned to frgt\10river
frgt\10river collected $2 from pot
frgt\10river: doesn't show hand
*** SUMMARY ***
Total pot $2 | Rake $0
Seat 4: frgt\10river (big blind) collected ($2)
Seat 8: 7ardis (button) (small blind) folded before Flop


PokerStars Hand #169309744695:  Hold'em Limit ($3/$6 USD) - 2017/04/20 12:16:34 ET
Table 'Catriona' 10-max Seat #8 is the button
Seat 4: frgt\10river ($140.70 in chips)
Seat 8: 7ardis ($107.15 in chips)
7ardis: posts small blind $1
frgt\10river: posts big blind $3
*** HOLE CARDS ***
7ardis: calls $2
frgt\10river: checks
*** FLOP *** [Jh Qc Ac]
frgt\10river: checks
7ardis: bets $3
frgt\10river: calls $3
*** TURN *** [Jh Qc Ac] [Jc]
frgt\10river: checks
7ardis: checks
*** RIVER *** [Jh Qc Ac Jc] [Qh]
frgt\10river: bets $6
7ardis: raises $6 to $12
frgt\10river: calls $6
*** SHOW DOWN ***
7ardis: shows [8d Qd] (a full house, Queens full of Jacks)
frgt\10river: mucks hand
7ardis collected $35.50 from pot
*** SUMMARY ***
Total pot $36 | Rake $0.50
Board [Jh Qc Ac Jc Qh]
Seat 4: frgt\10river (big blind) mucked
Seat 8: 7ardis (button) (small blind) showed [8d Qd] and won ($35.50) with a full house, Queens full of Jacks


PokerStars Hand #169309741737:  Hold'em Limit ($3/$6 USD) - 2017/04/20 12:16:30 ET
Table 'Catriona' 10-max Seat #4 is the button
Seat 4: frgt\10river ($141.70 in chips)
Seat 8: 7ardis ($106.15 in chips)
frgt\10river: posts small blind $1
7ardis: posts big blind $3
*** HOLE CARDS ***
frgt\10river: folds
Uncalled bet ($2) returned to 7ardis
7ardis collected $2 from pot
7ardis: doesn't show hand
*** SUMMARY ***
Total pot $2 | Rake $0
Seat 4: frgt\10river (button) (small blind) folded before Flop
Seat 8: 7ardis (big blind) collected ($2)


PokerStars Hand #169309738518:  Hold'em Limit ($3/$6 USD) - 2017/04/20 12:16:26 ET
Table 'Catriona' 10-max Seat #8 is the button
Seat 4: frgt\10river ($144.70 in chips)
Seat 8: 7ardis ($103.15 in chips)
7ardis: posts small blind $1
frgt\10river: posts big blind $3
*** HOLE CARDS ***
7ardis: raises $3 to $6
frgt\10river: folds
Uncalled bet ($3) returned to 7ardis
7ardis collected $6 from pot
7ardis: doesn't show hand
*** SUMMARY ***
Total pot $6 | Rake $0
Seat 4: frgt\10river (big blind) folded before Flop
Seat 8: 7ardis (button) (small blind) collected ($6)


PokerStars Hand #169309735409:  Hold'em Limit ($3/$6 USD) - 2017/04/20 12:16:21 ET
Table 'Catriona' 10-max Seat #4 is the button
Seat 4: frgt\10river ($145.70 in chips)
Seat 8: 7ardis ($102.15 in chips)
frgt\10river: posts small blind $1
7ardis: posts big blind $3
*** HOLE CARDS ***
frgt\10river: folds
Uncalled bet ($2) returned to 7ardis
7ardis collected $2 from pot
7ardis: doesn't show hand
*** SUMMARY ***
Total pot $2 | Rake $0
Seat 4: frgt\10river (button) (small blind) folded before Flop
Seat 8: 7ardis (big blind) collected ($2)


PokerStars Hand #169309731395:  Hold'em Limit ($3/$6 USD) - 2017/04/20 12:16:16 ET
Table 'Catriona' 10-max Seat #8 is the button
Seat 4: frgt\10river ($148.70 in chips)
Seat 8: 7ardis ($99.15 in chips)
7ardis: posts small blind $1
frgt\10river: posts big blind $3
*** HOLE CARDS ***
7ardis: raises $3 to $6
frgt\10river: folds
Uncalled bet ($3) returned to 7ardis
7ardis collected $6 from pot
7ardis: doesn't show hand
*** SUMMARY ***
Total pot $6 | Rake $0
Seat 4: frgt\10river (big blind) folded before Flop
Seat 8: 7ardis (button) (small blind) collected ($6)


PokerStars Hand #169309727282:  Hold'em Limit ($3/$6 USD) - 2017/04/20 12:16:10 ET
Table 'Catriona' 10-max Seat #4 is the button
Seat 4: frgt\10river ($145.70 in chips)
Seat 8: 7ardis ($102.15 in chips)
frgt\10river: posts small blind $1
7ardis: posts big blind $3
*** HOLE CARDS ***
frgt\10river: raises $3 to $6
7ardis: folds
Uncalled bet ($3) returned to frgt\10river
frgt\10river collected $6 from pot
frgt\10river: doesn't show hand
*** SUMMARY ***
Total pot $6 | Rake $0
Seat 4: frgt\10river (button) (small blind) collected ($6)
Seat 8: 7ardis (big blind) folded before Flop


PokerStars Hand #169309724188:  Hold'em Limit ($3/$6 USD) - 2017/04/20 12:16:06 ET
Table 'Catriona' 10-max Seat #8 is the button
Seat 4: frgt\10river ($144.70 in chips)
Seat 8: 7ardis ($103.15 in chips)
7ardis: posts small blind $1
frgt\10river: posts big blind $3
*** HOLE CARDS ***
7ardis: folds
Uncalled bet ($2) returned to frgt\10river
frgt\10river collected $2 from pot
frgt\10river: doesn't show hand
*** SUMMARY ***
Total pot $2 | Rake $0
Seat 4: frgt\10river (big blind) collected ($2)
Seat 8: 7ardis (button) (small blind) folded before Flop


PokerStars Hand #169309716407:  Hold'em Limit ($3/$6 USD) - 2017/04/20 12:15:55 ET
Table 'Catriona' 10-max Seat #4 is the button
Seat 4: frgt\10river ($124.20 in chips)
Seat 8: 7ardis ($124.15 in chips)
frgt\10river: posts small blind $1
7ardis: posts big blind $3
*** HOLE CARDS ***
frgt\10river: raises $3 to $6
7ardis: calls $3
*** FLOP *** [6s 8c Ts]
7ardis: bets $3
frgt\10river: calls $3
*** TURN *** [6s 8c Ts] [6h]
7ardis: bets $6
frgt\10river: calls $6
*** RIVER *** [6s 8c Ts 6h] [5h]
7ardis: bets $6
frgt\10river: calls $6
*** SHOW DOWN ***
7ardis: shows [Ad 2s] (a pair of Sixes)
frgt\10river: shows [4h Th] (two pair, Tens and Sixes)
frgt\10river collected $41.50 from pot
*** SUMMARY ***
Total pot $42 | Rake $0.50
Board [6s 8c Ts 6h 5h]
Seat 4: frgt\10river (button) (small blind) showed [4h Th] and won ($41.50) with two pair, Tens and Sixes
Seat 8: 7ardis (big blind) showed [Ad 2s] and lost with a pair of Sixes


PokerStars Hand #169309713085:  Hold'em Limit ($3/$6 USD) - 2017/04/20 12:15:50 ET
Table 'Catriona' 10-max Seat #8 is the button
Seat 4: frgt\10river ($127.20 in chips)
Seat 8: 7ardis ($121.15 in chips)
7ardis: posts small blind $1
frgt\10river: posts big blind $3
*** HOLE CARDS ***
7ardis: raises $3 to $6
frgt\10river: folds
Uncalled bet ($3) returned to 7ardis
7ardis collected $6 from pot
7ardis: doesn't show hand
*** SUMMARY ***
Total pot $6 | Rake $0
Seat 4: frgt\10river (big blind) folded before Flop
Seat 8: 7ardis (button) (small blind) collected ($6)


PokerStars Hand #169309709341:  Hold'em Limit ($3/$6 USD) - 2017/04/20 12:15:45 ET
Table 'Catriona' 10-max Seat #4 is the button
Seat 4: frgt\10river ($124.20 in chips)
Seat 8: 7ardis ($124.15 in chips)
frgt\10river: posts small blind $1
7ardis: posts big blind $3
*** HOLE CARDS ***
frgt\10river: raises $3 to $6
7ardis: folds
Uncalled bet ($3) returned to frgt\10river
frgt\10river collected $6 from pot
frgt\10river: doesn't show hand
*** SUMMARY ***
Total pot $6 | Rake $0
Seat 4: frgt\10river (button) (small blind) collected ($6)
Seat 8: 7ardis (big blind) folded before Flop


PokerStars Hand #169309785597:  Hold'em Limit ($3/$6 USD) - 2017/04/20 12:17:31 ET
Table 'Catriona' 10-max Seat #4 is the button
Seat 4: frgt\10river ($118.70 in chips)
Seat 8: 7ardis ($128.65 in chips)
frgt\10river: posts small blind $1
7ardis: posts big blind $3
*** HOLE CARDS ***
frgt\10river: raises $3 to $6
7ardis: raises $3 to $9
frgt\10river: calls $3
*** FLOP *** [Ks Jc 6c]
7ardis: bets $3
frgt\10river: calls $3
*** TURN *** [Ks Jc 6c] [3c]
7ardis: bets $6
frgt\10river: calls $6
*** RIVER *** [Ks Jc 6c 3c] [8c]
7ardis: bets $6
frgt\10river: calls $6
*** SHOW DOWN ***
7ardis: shows [Td Tc] (a flush, Jack high)
frgt\10river: mucks hand
7ardis collected $47.50 from pot
*** SUMMARY ***
Total pot $48 | Rake $0.50
Board [Ks Jc 6c 3c 8c]
Seat 4: frgt\10river (button) (small blind) mucked
Seat 8: 7ardis (big blind) showed [Td Tc] and won ($47.50) with a flush, Jack high


PokerStars Hand #169309780704:  Hold'em Limit ($3/$6 USD) - 2017/04/20 12:17:24 ET
Table 'Catriona' 10-max Seat #8 is the button
Seat 4: frgt\10river ($117.70 in chips)
Seat 8: 7ardis ($129.65 in chips)
7ardis: posts small blind $1
frgt\10river: posts big blind $3
*** HOLE CARDS ***
7ardis: folds
Uncalled bet ($2) returned to frgt\10river
frgt\10river collected $2 from pot
frgt\10river: doesn't show hand
*** SUMMARY ***
Total pot $2 | Rake $0
Seat 4: frgt\10river (big blind) collected ($2)
Seat 8: 7ardis (button) (small blind) folded before Flop


PokerStars Hand #169309771791:  Hold'em Limit ($3/$6 USD) - 2017/04/20 12:17:12 ET
Table 'Catriona' 10-max Seat #4 is the button
Seat 4: frgt\10river ($118.70 in chips)
Seat 8: 7ardis ($128.65 in chips)
frgt\10river: posts small blind $1
7ardis: posts big blind $3
*** HOLE CARDS ***
frgt\10river: folds
Uncalled bet ($2) returned to 7ardis
7ardis collected $2 from pot
7ardis: doesn't show hand
*** SUMMARY ***
Total pot $2 | Rake $0
Seat 4: frgt\10river (button) (small blind) folded before Flop
Seat 8: 7ardis (big blind) collected ($2)


PokerStars Hand #169309767896:  Hold'em Limit ($3/$6 USD) - 2017/04/20 12:17:06 ET
Table 'Catriona' 10-max Seat #8 is the button
Seat 4: frgt\10river ($121.70 in chips)
Seat 8: 7ardis ($125.65 in chips)
7ardis: posts small blind $1
frgt\10river: posts big blind $3
*** HOLE CARDS ***
7ardis: raises $3 to $6
frgt\10river: folds
Uncalled bet ($3) returned to 7ardis
7ardis collected $6 from pot
7ardis: doesn't show hand
*** SUMMARY ***
Total pot $6 | Rake $0
Seat 4: frgt\10river (big blind) folded before Flop
Seat 8: 7ardis (button) (small blind) collected ($6)


PokerStars Hand #169309764406:  Hold'em Limit ($3/$6 USD) - 2017/04/20 12:17:01 ET
Table 'Catriona' 10-max Seat #4 is the button
Seat 4: frgt\10river ($122.70 in chips)
Seat 8: 7ardis ($124.65 in chips)
frgt\10river: posts small blind $1
7ardis: posts big blind $3
*** HOLE CARDS ***
frgt\10river: folds
Uncalled bet ($2) returned to 7ardis
7ardis collected $2 from pot
7ardis: doesn't show hand
*** SUMMARY ***
Total pot $2 | Rake $0
Seat 4: frgt\10river (button) (small blind) folded before Flop
Seat 8: 7ardis (big blind) collected ($2)


PokerStars Hand #169309760454:  Hold'em Limit ($3/$6 USD) - 2017/04/20 12:16:56 ET
Table 'Catriona' 10-max Seat #8 is the button
Seat 4: frgt\10river ($125.70 in chips)
Seat 8: 7ardis ($121.65 in chips)
7ardis: posts small blind $1
frgt\10river: posts big blind $3
*** HOLE CARDS ***
7ardis: raises $3 to $6
frgt\10river: folds
Uncalled bet ($3) returned to 7ardis
7ardis collected $6 from pot
7ardis: doesn't show hand
*** SUMMARY ***
Total pot $6 | Rake $0
Seat 4: frgt\10river (big blind) folded before Flop
Seat 8: 7ardis (button) (small blind) collected ($6)


PokerStars Hand #169309755590:  Hold'em Limit ($3/$6 USD) - 2017/04/20 12:16:49 ET
Table 'Catriona' 10-max Seat #4 is the button
Seat 4: frgt\10river ($122.70 in chips)
Seat 8: 7ardis ($124.65 in chips)
frgt\10river: posts small blind $1
7ardis: posts big blind $3
*** HOLE CARDS ***
frgt\10river: raises $3 to $6
7ardis: folds
Uncalled bet ($3) returned to frgt\10river
frgt\10river collected $6 from pot
frgt\10river: doesn't show hand
*** SUMMARY ***
Total pot $6 | Rake $0
Seat 4: frgt\10river (button) (small blind) collected ($6)
Seat 8: 7ardis (big blind) folded before Flop


PokerStars Hand #169309838493:  Hold'em Limit ($3/$6 USD) - 2017/04/20 12:18:44 ET
Table 'Catriona' 10-max Seat #8 is the button
Seat 4: frgt\10river ($100.34 in chips)
Seat 8: 7ardis ($145.79 in chips)
7ardis: posts small blind $1
frgt\10river: posts big blind $3
*** HOLE CARDS ***
7ardis: folds
Uncalled bet ($2) returned to frgt\10river
frgt\10river collected $2 from pot
frgt\10river: doesn't show hand
*** SUMMARY ***
Total pot $2 | Rake $0
Seat 4: frgt\10river (big blind) collected ($2)
Seat 8: 7ardis (button) (small blind) folded before Flop


PokerStars Hand #169309835448:  Hold'em Limit ($3/$6 USD) - 2017/04/20 12:18:40 ET
Table 'Catriona' 10-max Seat #4 is the button
Seat 4: frgt\10river ($101.34 in chips)
Seat 8: 7ardis ($144.79 in chips)
frgt\10river: posts small blind $1
7ardis: posts big blind $3
*** HOLE CARDS ***
frgt\10river: folds
Uncalled bet ($2) returned to 7ardis
7ardis collected $2 from pot
7ardis: doesn't show hand
*** SUMMARY ***
Total pot $2 | Rake $0
Seat 4: frgt\10river (button) (small blind) folded before Flop
Seat 8: 7ardis (big blind) collected ($2)


PokerStars Hand #169309829067:  Hold'em Limit ($3/$6 USD) - 2017/04/20 12:18:31 ET
Table 'Catriona' 10-max Seat #8 is the button
Seat 4: frgt\10river ($92.70 in chips)
Seat 8: 7ardis ($153.79 in chips)
7ardis: posts small blind $1
frgt\10river: posts big blind $3
*** HOLE CARDS ***
7ardis: raises $3 to $6
frgt\10river: raises $3 to $9
7ardis: calls $3
*** FLOP *** [7d 3s Td]
frgt\10river: bets $3
7ardis: folds
Uncalled bet ($3) returned to frgt\10river
frgt\10river collected $17.64 from pot
frgt\10river: doesn't show hand
*** SUMMARY ***
Total pot $18 | Rake $0.36
Board [7d 3s Td]
Seat 4: frgt\10river (big blind) collected ($17.64)
Seat 8: 7ardis (button) (small blind) folded on the Flop


PokerStars Hand #169309825118:  Hold'em Limit ($3/$6 USD) - 2017/04/20 12:18:25 ET
Table 'Catriona' 10-max Seat #4 is the button
Seat 4: frgt\10river ($89.70 in chips)
Seat 8: 7ardis ($156.79 in chips)
frgt\10river: posts small blind $1
7ardis: posts big blind $3
*** HOLE CARDS ***
frgt\10river: raises $3 to $6
7ardis: folds
Uncalled bet ($3) returned to frgt\10river
frgt\10river collected $6 from pot
frgt\10river: doesn't show hand
*** SUMMARY ***
Total pot $6 | Rake $0
Seat 4: frgt\10river (button) (small blind) collected ($6)
Seat 8: 7ardis (big blind) folded before Flop


PokerStars Hand #169309821928:  Hold'em Limit ($3/$6 USD) - 2017/04/20 12:18:21 ET
Table 'Catriona' 10-max Seat #8 is the button
Seat 4: frgt\10river ($88.70 in chips)
Seat 8: 7ardis ($157.79 in chips)
7ardis: posts small blind $1
frgt\10river: posts big blind $3
*** HOLE CARDS ***
7ardis: folds
Uncalled bet ($2) returned to frgt\10river
frgt\10river collected $2 from pot
frgt\10river: doesn't show hand
*** SUMMARY ***
Total pot $2 | Rake $0
Seat 4: frgt\10river (big blind) collected ($2)
Seat 8: 7ardis (button) (small blind) folded before Flop


PokerStars Hand #169309818826:  Hold'em Limit ($3/$6 USD) - 2017/04/20 12:18:17 ET
Table 'Catriona' 10-max Seat #4 is the button
Seat 4: frgt\10river ($89.70 in chips)
Seat 8: 7ardis ($156.79 in chips)
frgt\10river: posts small blind $1
7ardis: posts big blind $3
*** HOLE CARDS ***
frgt\10river: folds
Uncalled bet ($2) returned to 7ardis
7ardis collected $2 from pot
7ardis: doesn't show hand
*** SUMMARY ***
Total pot $2 | Rake $0
Seat 4: frgt\10river (button) (small blind) folded before Flop
Seat 8: 7ardis (big blind) collected ($2)


PokerStars Hand #169309810286:  Hold'em Limit ($3/$6 USD) - 2017/04/20 12:18:05 ET
Table 'Catriona' 10-max Seat #8 is the button
Seat 4: frgt\10river ($98.70 in chips)
Seat 8: 7ardis ($148.15 in chips)
7ardis: posts small blind $1
frgt\10river: posts big blind $3
*** HOLE CARDS ***
7ardis: raises $3 to $6
frgt\10river: calls $3
*** FLOP *** [3c Ac 7s]
frgt\10river: checks
7ardis: bets $3
frgt\10river: calls $3
*** TURN *** [3c Ac 7s] [Th]
frgt\10river: checks
7ardis: checks
*** RIVER *** [3c Ac 7s Th] [Td]
frgt\10river: checks
7ardis: checks
*** SHOW DOWN ***
frgt\10river: shows [5h 4c] (a pair of Tens)
7ardis: shows [Ks Qd] (a pair of Tens - Ace+King kicker)
7ardis collected $17.64 from pot
*** SUMMARY ***
Total pot $18 | Rake $0.36
Board [3c Ac 7s Th Td]
Seat 4: frgt\10river (big blind) showed [5h 4c] and lost with a pair of Tens
Seat 8: 7ardis (button) (small blind) showed [Ks Qd] and won ($17.64) with a pair of Tens


PokerStars Hand #169309800602:  Hold'em Limit ($3/$6 USD) - 2017/04/20 12:17:51 ET
Table 'Catriona' 10-max Seat #4 is the button
Seat 4: frgt\10river ($95.70 in chips)
Seat 8: 7ardis ($151.15 in chips)
frgt\10river: posts small blind $1
7ardis: posts big blind $3
*** HOLE CARDS ***
frgt\10river: raises $3 to $6
7ardis: folds
Uncalled bet ($3) returned to frgt\10river
frgt\10river collected $6 from pot
frgt\10river: doesn't show hand
*** SUMMARY ***
Total pot $6 | Rake $0
Seat 4: frgt\10river (button) (small blind) collected ($6)
Seat 8: 7ardis (big blind) folded before Flop


PokerStars Hand #169309794867:  Hold'em Limit ($3/$6 USD) - 2017/04/20 12:17:44 ET
Table 'Catriona' 10-max Seat #8 is the button
Seat 4: frgt\10river ($94.70 in chips)
Seat 8: 7ardis ($152.15 in chips)
7ardis: posts small blind $1
frgt\10river: posts big blind $3
*** HOLE CARDS ***
7ardis: folds
Uncalled bet ($2) returned to frgt\10river
frgt\10river collected $2 from pot
frgt\10river: doesn't show hand
*** SUMMARY ***
Total pot $2 | Rake $0
Seat 4: frgt\10river (big blind) collected ($2)
Seat 8: 7ardis (button) (small blind) folded before Flop


PokerStars Hand #169309807374:  Hold'em Limit ($3/$6 USD) - 2017/04/20 12:18:01 ET
Table 'Catriona' 10-max Seat #4 is the button
Seat 4: frgt\10river ($99.70 in chips)
Seat 8: 7ardis ($147.15 in chips)
frgt\10river: posts small blind $1
7ardis: posts big blind $3
*** HOLE CARDS ***
frgt\10river: folds
Uncalled bet ($2) returned to 7ardis
7ardis collected $2 from pot
7ardis: doesn't show hand
*** SUMMARY ***
Total pot $2 | Rake $0
Seat 4: frgt\10river (button) (small blind) folded before Flop
Seat 8: 7ardis (big blind) collected ($2)


PokerStars Hand #169309804207:  Hold'em Limit ($3/$6 USD) - 2017/04/20 12:17:57 ET
Table 'Catriona' 10-max Seat #8 is the button
Seat 4: frgt\10river ($98.70 in chips)
Seat 8: 7ardis ($148.15 in chips)
7ardis: posts small blind $1
frgt\10river: posts big blind $3
*** HOLE CARDS ***
7ardis: folds
Uncalled bet ($2) returned to frgt\10river
frgt\10river collected $2 from pot
frgt\10river: doesn't show hand
*** SUMMARY ***
Total pot $2 | Rake $0
Seat 4: frgt\10river (big blind) collected ($2)
Seat 8: 7ardis (button) (small blind) folded before Flop


PokerStars Hand #169309845223:  Hold'em Limit ($3/$6 USD) - 2017/04/20 12:18:53 ET
Table 'Catriona' 10-max Seat #8 is the button
Seat 4: frgt\10river ($100.34 in chips)
Seat 8: 7ardis ($145.79 in chips)
7ardis: posts small blind $1
frgt\10river: posts big blind $3
*** HOLE CARDS ***
7ardis: folds
Uncalled bet ($2) returned to frgt\10river
frgt\10river collected $2 from pot
frgt\10river: doesn't show hand
*** SUMMARY ***
Total pot $2 | Rake $0
Seat 4: frgt\10river (big blind) collected ($2)
Seat 8: 7ardis (button) (small blind) folded before Flop


PokerStars Hand #169309842077:  Hold'em Limit ($3/$6 USD) - 2017/04/20 12:18:49 ET
Table 'Catriona' 10-max Seat #4 is the button
Seat 4: frgt\10river ($101.34 in chips)
Seat 8: 7ardis ($144.79 in chips)
frgt\10river: posts small blind $1
7ardis: posts big blind $3
*** HOLE CARDS ***
frgt\10river: folds
Uncalled bet ($2) returned to 7ardis
7ardis collected $2 from pot
7ardis: doesn't show hand
*** SUMMARY ***
Total pot $2 | Rake $0
Seat 4: frgt\10river (button) (small blind) folded before Flop
Seat 8: 7ardis (big blind) collected ($2)


PokerStars Hand #169309848482:  Hold'em Limit ($3/$6 USD) - 2017/04/20 12:18:58 ET
Table 'Catriona' 10-max Seat #4 is the button
Seat 4: frgt\10river ($101.34 in chips)
Seat 8: 7ardis ($144.79 in chips)
frgt\10river: posts small blind $1
7ardis: posts big blind $3
*** HOLE CARDS ***
frgt\10river: raises $3 to $6
7ardis: folds
Uncalled bet ($3) returned to frgt\10river
frgt\10river collected $6 from pot
frgt\10river: doesn't show hand
*** SUMMARY ***
Total pot $6 | Rake $0
Seat 4: frgt\10river (button) (small blind) collected ($6)
Seat 8: 7ardis (big blind) folded before Flop


PokerStars Hand #169309852823:  Hold'em Limit ($3/$6 USD) - 2017/04/20 12:19:04 ET
Table 'Catriona' 10-max Seat #8 is the button
Seat 4: frgt\10river ($104.34 in chips)
Seat 8: 7ardis ($141.79 in chips)
7ardis: posts small blind $1
frgt\10river: posts big blind $3
*** HOLE CARDS ***
7ardis: raises $3 to $6
frgt\10river: calls $3
*** FLOP *** [Jc 2d 3d]
frgt\10river: bets $3
7ardis: calls $3
*** TURN *** [Jc 2d 3d] [4c]
frgt\10river: bets $6
7ardis: raises $6 to $12
frgt\10river: calls $6
*** RIVER *** [Jc 2d 3d 4c] [Qd]
frgt\10river: checks
7ardis: checks
*** SHOW DOWN ***
frgt\10river: shows [4h Ad] (a pair of Fours)
7ardis: shows [Js 3c] (two pair, Jacks and Threes)
7ardis collected $41.50 from pot
*** SUMMARY ***
Total pot $42 | Rake $0.50
Board [Jc 2d 3d 4c Qd]
Seat 4: frgt\10river (big blind) showed [4h Ad] and lost with a pair of Fours
Seat 8: 7ardis (button) (small blind) showed [Js 3c] and won ($41.50) with two pair, Jacks and Threes


PokerStars Hand #169309863707:  Hold'em Limit ($3/$6 USD) - 2017/04/20 12:19:19 ET
Table 'Catriona' 10-max Seat #4 is the button
Seat 4: frgt\10river ($83.34 in chips)
Seat 8: 7ardis ($162.29 in chips)
frgt\10river: posts small blind $1
7ardis: posts big blind $3
*** HOLE CARDS ***
frgt\10river: folds
Uncalled bet ($2) returned to 7ardis
7ardis collected $2 from pot
7ardis: doesn't show hand
*** SUMMARY ***
Total pot $2 | Rake $0
Seat 4: frgt\10river (button) (small blind) folded before Flop
Seat 8: 7ardis (big blind) collected ($2)


PokerStars Hand #169309866765:  Hold'em Limit ($3/$6 USD) - 2017/04/20 12:19:23 ET
Table 'Catriona' 10-max Seat #8 is the button
Seat 4: frgt\10river ($82.34 in chips)
Seat 8: 7ardis ($163.29 in chips)
7ardis: posts small blind $1
frgt\10river: posts big blind $3
*** HOLE CARDS ***
7ardis: raises $3 to $6
frgt\10river: raises $3 to $9
7ardis: calls $3
*** FLOP *** [4h Qc 3h]
frgt\10river: bets $3
7ardis: calls $3
*** TURN *** [4h Qc 3h] [8c]
frgt\10river: bets $6
7ardis: calls $6
*** RIVER *** [4h Qc 3h 8c] [7h]
frgt\10river: checks
7ardis: bets $6
frgt\10river: calls $6
*** SHOW DOWN ***
7ardis: shows [8d Kc] (a pair of Eights)
frgt\10river: mucks hand
7ardis collected $47.50 from pot
*** SUMMARY ***
Total pot $48 | Rake $0.50
Board [4h Qc 3h 8c 7h]
Seat 4: frgt\10river (big blind) mucked
Seat 8: 7ardis (button) (small blind) showed [8d Kc] and won ($47.50) with a pair of Eights


