PokerStars Hand #171340172062:  Hold'em Limit ($3/$6 USD) - 2017/06/04 14:22:57 ET
Table 'Catriona' 6-max Seat #1 is the button
Seat 1: EVBET ($320.50 in chips)
Seat 6: afghan_321 ($99 in chips)
EVBET: posts small blind $1
afghan_321: posts big blind $3
*** HOLE CARDS ***
EVBET: folds
Uncalled bet ($2) returned to afghan_321
afghan_321 collected $2 from pot
*** SUMMARY ***
Total pot $2 | Rake $0
Seat 1: EVBET (button) (small blind) folded before Flop
Seat 6: afghan_321 (big blind) collected ($2)


PokerStars Hand #171340126285:  Hold'em Limit ($3/$6 USD) - 2017/06/04 14:22:02 ET
Table 'Catriona' 6-max Seat #6 is the button
Seat 1: EVBET ($300 in chips)
Seat 6: afghan_321 ($120 in chips)
afghan_321: posts small blind $1
EVBET: posts big blind $3
*** HOLE CARDS ***
afghan_321: raises $3 to $6
EVBET: raises $3 to $9
afghan_321: calls $3
*** FLOP *** [Jd 8c 8s]
EVBET: bets $3
afghan_321: raises $3 to $6
EVBET: calls $3
*** TURN *** [Jd 8c 8s] [2c]
EVBET: checks
afghan_321: bets $6
EVBET: calls $6
*** RIVER *** [Jd 8c 8s 2c] [2h]
EVBET: checks
afghan_321: checks
*** SHOW DOWN ***
EVBET: shows [3d 3c] (two pair, Eights and Threes)
afghan_321: mucks hand
EVBET collected $41.50 from pot
*** SUMMARY ***
Total pot $42 | Rake $0.50
Board [Jd 8c 8s 2c 2h]
Seat 1: EVBET (big blind) showed [3d 3c] and won ($41.50) with two pair, Eights and Threes
Seat 6: afghan_321 (button) (small blind) mucked


PokerStars Hand #171340268367:  Hold'em Limit ($3/$6 USD) - 2017/06/04 14:24:46 ET
Table 'Catriona' 6-max Seat #6 is the button
Seat 1: EVBET ($319.50 in chips)
Seat 6: afghan_321 ($100 in chips)
afghan_321: posts small blind $1
EVBET: posts big blind $3
*** HOLE CARDS ***
afghan_321 has timed out
afghan_321: folds
Uncalled bet ($2) returned to EVBET
EVBET collected $2 from pot
EVBET: doesn't show hand
*** SUMMARY ***
Total pot $2 | Rake $0
Seat 1: EVBET (big blind) collected ($2)
Seat 6: afghan_321 (button) (small blind) folded before Flop


PokerStars Hand #171340920270:  Hold'em Limit ($3/$6 USD) - 2017/06/04 14:36:54 ET
Table 'Catriona' 6-max Seat #3 is the button
Seat 2: HooD989 ($38.65 in chips)
Seat 3: kolaz03 ($72 in chips)
kolaz03: posts small blind $1
sydd7 joins the table at seat #5
MTails has timed out
MTails: is sitting out
HooD989: posts big blind $3
*** HOLE CARDS ***
kolaz03: folds
Uncalled bet ($2) returned to HooD989
HooD989 collected $2 from pot
HooD989: doesn't show hand
*** SUMMARY ***
Total pot $2 | Rake $0
Seat 2: HooD989 (big blind) collected ($2)
Seat 3: kolaz03 (button) (small blind) folded before Flop


PokerStars Hand #171340940479:  Hold'em Limit ($3/$6 USD) - 2017/06/04 14:37:17 ET
Table 'Catriona' 6-max Seat #2 is the button
Seat 2: HooD989 ($39.65 in chips)
Seat 3: kolaz03 ($72 in chips)
HooD989: posts small blind $1
kolaz03: posts big blind $3
*** HOLE CARDS ***
HooD989: raises $3 to $6
kolaz03: calls $3
*** FLOP *** [Td Js Ah]
EazyFresh joins the table at seat #1
kolaz03: checks
HooD989: bets $3
kolaz03: folds
Uncalled bet ($3) returned to HooD989
HooD989 collected $11.76 from pot
HooD989: doesn't show hand
*** SUMMARY ***
Total pot $12 | Rake $0.24
Board [Td Js Ah]
Seat 2: HooD989 (button) (small blind) collected ($11.76)
Seat 3: kolaz03 (big blind) folded on the Flop


PokerStars Hand #171346417594:  Hold'em Limit ($3/$6 USD) - 2017/06/04 16:19:28 ET
Table 'Catriona' 6-max Seat #3 is the button
Seat 3: belik555 ($441.16 in chips)
Seat 6: zqwsx ($133.23 in chips)
belik555: posts small blind $1
zqwsx: posts big blind $3
*** HOLE CARDS ***
belik555: raises $3 to $6
Chessnok leaves the table
zqwsx: calls $3
*** FLOP *** [6c 4c 4h]
zqwsx: checks
belik555: checks
*** TURN *** [6c 4c 4h] [9h]
zqwsx: bets $6
belik555: calls $6
*** RIVER *** [6c 4c 4h 9h] [7s]
zqwsx: bets $6
belik555: calls $6
*** SHOW DOWN ***
zqwsx: shows [4s Qd] (three of a kind, Fours)
belik555: mucks hand
zqwsx collected $35.50 from pot
*** SUMMARY ***
Total pot $36 | Rake $0.50
Board [6c 4c 4h 9h 7s]
Seat 3: belik555 (button) (small blind) mucked
Seat 6: zqwsx (big blind) showed [4s Qd] and won ($35.50) with three of a kind, Fours


PokerStars Hand #171346398011:  Hold'em Limit ($3/$6 USD) - 2017/06/04 16:19:07 ET
Table 'Catriona' 6-max Seat #6 is the button
Seat 3: belik555 ($432.52 in chips)
Seat 6: zqwsx ($142.23 in chips)
zqwsx: posts small blind $1
Chessnok: is sitting out
belik555: posts big blind $3
*** HOLE CARDS ***
zqwsx: raises $3 to $6
belik555: calls $3
*** FLOP *** [Th Ks 6h]
belik555: checks
zqwsx: bets $3
belik555: calls $3
*** TURN *** [Th Ks 6h] [Kh]
belik555: checks
zqwsx: checks
*** RIVER *** [Th Ks 6h Kh] [8s]
belik555: bets $6
zqwsx: folds
Uncalled bet ($6) returned to belik555
belik555 collected $17.64 from pot
belik555: doesn't show hand
*** SUMMARY ***
Total pot $18 | Rake $0.36
Board [Th Ks 6h Kh 8s]
Seat 3: belik555 (big blind) collected ($17.64)
Seat 6: zqwsx (button) (small blind) folded on the River


