PokerStars Hand #147114253154:  Hold'em Limit ($3/$6 USD) - 2016/01/15 21:52:12 ET
Table 'Caubeta' 10-max Seat #1 is the button
Seat 1: Masqb ($130 in chips)
Seat 2: degal76 ($116 in chips)
Masqb: posts small blind $1
degal76: posts big blind $3
*** HOLE CARDS ***
Masqb: raises $3 to $6
degal76: raises $3 to $9
Masqb: calls $3
*** FLOP *** [9c 3c Qs]
degal76: bets $3
Masqb: folds
Uncalled bet ($3) returned to degal76
degal76 collected $17.64 from pot
degal76: doesn't show hand
*** SUMMARY ***
Total pot $18 | Rake $0.36
Board [9c 3c Qs]
Seat 1: Masqb (button) (small blind) folded on the Flop
Seat 2: degal76 (big blind) collected ($17.64)


PokerStars Hand #147114249579:  Hold'em Limit ($3/$6 USD) - 2016/01/15 21:52:04 ET
Table 'Caubeta' 10-max Seat #2 is the button
Seat 1: Masqb ($133 in chips)
Seat 2: degal76 ($113 in chips)
degal76: posts small blind $1
Masqb: posts big blind $3
*** HOLE CARDS ***
degal76: raises $3 to $6
Masqb: folds
Uncalled bet ($3) returned to degal76
degal76 collected $6 from pot
degal76: doesn't show hand
*** SUMMARY ***
Total pot $6 | Rake $0
Seat 1: Masqb (big blind) folded before Flop
Seat 2: degal76 (button) (small blind) collected ($6)


PokerStars Hand #147114246146:  Hold'em Limit ($3/$6 USD) - 2016/01/15 21:51:57 ET
Table 'Caubeta' 10-max Seat #1 is the button
Seat 1: Masqb ($130 in chips)
Seat 2: degal76 ($116 in chips)
Masqb: posts small blind $1
degal76: posts big blind $3
*** HOLE CARDS ***
Masqb: raises $3 to $6
degal76: folds
Uncalled bet ($3) returned to Masqb
Masqb collected $6 from pot
Masqb: doesn't show hand
*** SUMMARY ***
Total pot $6 | Rake $0
Seat 1: Masqb (button) (small blind) collected ($6)
Seat 2: degal76 (big blind) folded before Flop


PokerStars Hand #147114243712:  Hold'em Limit ($3/$6 USD) - 2016/01/15 21:51:52 ET
Table 'Caubeta' 10-max Seat #2 is the button
Seat 1: Masqb ($129 in chips)
Seat 2: degal76 ($117 in chips)
degal76: posts small blind $1
Masqb: posts big blind $3
*** HOLE CARDS ***
degal76: folds
Uncalled bet ($2) returned to Masqb
Masqb collected $2 from pot
Masqb: doesn't show hand
*** SUMMARY ***
Total pot $2 | Rake $0
Seat 1: Masqb (big blind) collected ($2)
Seat 2: degal76 (button) (small blind) folded before Flop


PokerStars Hand #147114233928:  Hold'em Limit ($3/$6 USD) - 2016/01/15 21:51:32 ET
Table 'Caubeta' 10-max Seat #1 is the button
Seat 1: Masqb ($126 in chips)
Seat 2: degal76 ($120 in chips)
Masqb: posts small blind $1
degal76: posts big blind $3
*** HOLE CARDS ***
Masqb: raises $3 to $6
degal76: folds
Uncalled bet ($3) returned to Masqb
Masqb collected $6 from pot
Masqb: doesn't show hand
*** SUMMARY ***
Total pot $6 | Rake $0
Seat 1: Masqb (button) (small blind) collected ($6)
Seat 2: degal76 (big blind) folded before Flop


PokerStars Hand #147114290838:  Hold'em Limit ($3/$6 USD) - 2016/01/15 21:53:32 ET
Table 'Caubeta' 10-max Seat #1 is the button
Seat 1: Masqb ($133.50 in chips)
Seat 2: degal76 ($111.14 in chips)
Masqb: posts small blind $1
degal76: posts big blind $3
*** HOLE CARDS ***
Masqb: raises $3 to $6
degal76: folds
Uncalled bet ($3) returned to Masqb
Masqb collected $6 from pot
Masqb: doesn't show hand
*** SUMMARY ***
Total pot $6 | Rake $0
Seat 1: Masqb (button) (small blind) collected ($6)
Seat 2: degal76 (big blind) folded before Flop


PokerStars Hand #147114288527:  Hold'em Limit ($3/$6 USD) - 2016/01/15 21:53:27 ET
Table 'Caubeta' 10-max Seat #2 is the button
Seat 1: Masqb ($132.50 in chips)
Seat 2: degal76 ($112.14 in chips)
degal76: posts small blind $1
Masqb: posts big blind $3
*** HOLE CARDS ***
degal76: folds
Uncalled bet ($2) returned to Masqb
Masqb collected $2 from pot
Masqb: doesn't show hand
*** SUMMARY ***
Total pot $2 | Rake $0
Seat 1: Masqb (big blind) collected ($2)
Seat 2: degal76 (button) (small blind) folded before Flop


PokerStars Hand #147114276239:  Hold'em Limit ($3/$6 USD) - 2016/01/15 21:53:01 ET
Table 'Caubeta' 10-max Seat #1 is the button
Seat 1: Masqb ($153.50 in chips)
Seat 2: degal76 ($91.64 in chips)
Masqb: posts small blind $1
degal76: posts big blind $3
*** HOLE CARDS ***
Masqb: raises $3 to $6
degal76: calls $3
*** FLOP *** [As Kh 8s]
degal76: checks
Masqb: bets $3
degal76: calls $3
*** TURN *** [As Kh 8s] [3s]
degal76: checks
Masqb: bets $6
degal76: calls $6
*** RIVER *** [As Kh 8s 3s] [Ah]
degal76: checks
Masqb: bets $6
degal76: calls $6
*** SHOW DOWN ***
Masqb: shows [Td 7s] (a pair of Aces)
degal76: shows [6c 8h] (two pair, Aces and Eights)
degal76 collected $41.50 from pot
*** SUMMARY ***
Total pot $42 | Rake $0.50
Board [As Kh 8s 3s Ah]
Seat 1: Masqb (button) (small blind) showed [Td 7s] and lost with a pair of Aces
Seat 2: degal76 (big blind) showed [6c 8h] and won ($41.50) with two pair, Aces and Eights


PokerStars Hand #147114259886:  Hold'em Limit ($3/$6 USD) - 2016/01/15 21:52:26 ET
Table 'Caubeta' 10-max Seat #2 is the button
Seat 1: Masqb ($121 in chips)
Seat 2: degal76 ($124.64 in chips)
degal76: posts small blind $1
Masqb: posts big blind $3
*** HOLE CARDS ***
degal76: raises $3 to $6
Masqb: raises $3 to $9
degal76: calls $3
*** FLOP *** [5h 6s 9h]
Masqb: bets $3
degal76: raises $3 to $6
Masqb: calls $3
*** TURN *** [5h 6s 9h] [2s]
Masqb: checks
degal76: bets $6
Masqb: raises $6 to $12
degal76: raises $6 to $18
Masqb: calls $6
*** RIVER *** [5h 6s 9h 2s] [Ah]
Masqb: checks
degal76: checks
*** SHOW DOWN ***
Masqb: shows [Ks Kc] (a pair of Kings)
degal76: mucks hand
Masqb collected $65.50 from pot
*** SUMMARY ***
Total pot $66 | Rake $0.50
Board [5h 6s 9h 2s Ah]
Seat 1: Masqb (big blind) showed [Ks Kc] and won ($65.50) with a pair of Kings
Seat 2: degal76 (button) (small blind) mucked


PokerStars Hand #147114310160:  Hold'em Limit ($3/$6 USD) - 2016/01/15 21:54:14 ET
Table 'Caubeta' 10-max Seat #2 is the button
Seat 1: Masqb ($112.50 in chips)
Seat 2: degal76 ($131.40 in chips)
degal76: posts small blind $1
Masqb: posts big blind $3
*** HOLE CARDS ***
degal76: raises $3 to $6
Masqb: calls $3
*** FLOP *** [2c 4s 8h]
Masqb: checks
degal76: bets $3
Masqb: calls $3
*** TURN *** [2c 4s 8h] [2h]
Masqb: checks
degal76: bets $6
Masqb: folds
Uncalled bet ($6) returned to degal76
degal76 collected $17.64 from pot
degal76: doesn't show hand
*** SUMMARY ***
Total pot $18 | Rake $0.36
Board [2c 4s 8h 2h]
Seat 1: Masqb (big blind) folded on the Turn
Seat 2: degal76 (button) (small blind) collected ($17.64)


PokerStars Hand #147114299248:  Hold'em Limit ($3/$6 USD) - 2016/01/15 21:53:50 ET
Table 'Caubeta' 10-max Seat #1 is the button
Seat 1: Masqb ($130.50 in chips)
Seat 2: degal76 ($113.90 in chips)
Masqb: posts small blind $1
degal76: posts big blind $3
*** HOLE CARDS ***
Masqb: raises $3 to $6
degal76: raises $3 to $9
Masqb: calls $3
*** FLOP *** [2d 9c 7h]
degal76: bets $3
Masqb: calls $3
*** TURN *** [2d 9c 7h] [Jh]
degal76: bets $6
Masqb: calls $6
*** RIVER *** [2d 9c 7h Jh] [Jd]
degal76: bets $6
Masqb: folds
Uncalled bet ($6) returned to degal76
degal76 collected $35.50 from pot
*** SUMMARY ***
Total pot $36 | Rake $0.50
Board [2d 9c 7h Jh Jd]
Seat 1: Masqb (button) (small blind) folded on the River
Seat 2: degal76 (big blind) collected ($35.50)


PokerStars Hand #147114334915:  Hold'em Limit ($3/$6 USD) - 2016/01/15 21:55:06 ET
Table 'Caubeta' 10-max Seat #1 is the button
Seat 1: Masqb ($139 in chips)
Seat 2: degal76 ($104.04 in chips)
Masqb: posts small blind $1
degal76: posts big blind $3
*** HOLE CARDS ***
Masqb: raises $3 to $6
degal76: raises $3 to $9
Masqb: calls $3
*** FLOP *** [9h 8h 6s]
degal76: bets $3
Masqb: calls $3
*** TURN *** [9h 8h 6s] [Ad]
degal76: bets $6
Masqb: calls $6
*** RIVER *** [9h 8h 6s Ad] [7h]
degal76: bets $6
Masqb: calls $6
*** SHOW DOWN ***
degal76: shows [As Qs] (a pair of Aces)
Masqb: mucks hand
degal76 collected $47.50 from pot
*** SUMMARY ***
Total pot $48 | Rake $0.50
Board [9h 8h 6s Ad 7h]
Seat 1: Masqb (button) (small blind) mucked
Seat 2: degal76 (big blind) showed [As Qs] and won ($47.50) with a pair of Aces


PokerStars Hand #147114321692:  Hold'em Limit ($3/$6 USD) - 2016/01/15 21:54:38 ET
Table 'Caubeta' 10-max Seat #2 is the button
Seat 1: Masqb ($106.50 in chips)
Seat 2: degal76 ($137.04 in chips)
degal76: posts small blind $1
Masqb: posts big blind $3
*** HOLE CARDS ***
degal76: raises $3 to $6
Masqb: raises $3 to $9
degal76: calls $3
*** FLOP *** [Kc 9h 5d]
Masqb: bets $3
degal76: raises $3 to $6
Masqb: calls $3
*** TURN *** [Kc 9h 5d] [Kh]
Masqb: checks
degal76: bets $6
Masqb: calls $6
*** RIVER *** [Kc 9h 5d Kh] [9d]
Masqb: checks
degal76: bets $6
Masqb: raises $6 to $12
degal76: calls $6
*** SHOW DOWN ***
Masqb: shows [6c 9c] (a full house, Nines full of Kings)
degal76: mucks hand
Masqb collected $65.50 from pot
*** SUMMARY ***
Total pot $66 | Rake $0.50
Board [Kc 9h 5d Kh 9d]
Seat 1: Masqb (big blind) showed [6c 9c] and won ($65.50) with a full house, Nines full of Kings
Seat 2: degal76 (button) (small blind) mucked


PokerStars Hand #147114318704:  Hold'em Limit ($3/$6 USD) - 2016/01/15 21:54:32 ET
Table 'Caubeta' 10-max Seat #1 is the button
Seat 1: Masqb ($103.50 in chips)
Seat 2: degal76 ($140.04 in chips)
Masqb: posts small blind $1
degal76: posts big blind $3
*** HOLE CARDS ***
Masqb: raises $3 to $6
degal76: folds
Uncalled bet ($3) returned to Masqb
Masqb collected $6 from pot
Masqb: doesn't show hand
*** SUMMARY ***
Total pot $6 | Rake $0
Seat 1: Masqb (button) (small blind) collected ($6)
Seat 2: degal76 (big blind) folded before Flop


PokerStars Hand #147114293895:  Hold'em Limit ($3/$6 USD) - 2016/01/15 21:53:39 ET
Table 'Caubeta' 10-max Seat #2 is the button
Seat 1: Masqb ($136.50 in chips)
Seat 2: degal76 ($108.14 in chips)
degal76: posts small blind $1
Masqb: posts big blind $3
*** HOLE CARDS ***
degal76: raises $3 to $6
Masqb: calls $3
*** FLOP *** [3s Kd 5h]
Masqb: checks
degal76: bets $3
Masqb: folds
Uncalled bet ($3) returned to degal76
degal76 collected $11.76 from pot
degal76: doesn't show hand
*** SUMMARY ***
Total pot $12 | Rake $0.24
Board [3s Kd 5h]
Seat 1: Masqb (big blind) folded on the Flop
Seat 2: degal76 (button) (small blind) collected ($11.76)


PokerStars Hand #147114366847:  Hold'em Limit ($3/$6 USD) - 2016/01/15 21:56:28 ET
Table 'Caubeta' 10-max Seat #1 is the button
Seat 1: Masqb ($104.76 in chips)
Seat 2: degal76 ($137.04 in chips)
Masqb: posts small blind $1
degal76: posts big blind $3
*** HOLE CARDS ***
Masqb: folds
Uncalled bet ($2) returned to degal76
degal76 collected $2 from pot
degal76: doesn't show hand
*** SUMMARY ***
Total pot $2 | Rake $0
Seat 1: Masqb (button) (small blind) folded before Flop
Seat 2: degal76 (big blind) collected ($2)


PokerStars Hand #147114364927:  Hold'em Limit ($3/$6 USD) - 2016/01/15 21:56:23 ET
Table 'Caubeta' 10-max Seat #2 is the button
Seat 1: Masqb ($103.76 in chips)
Seat 2: degal76 ($138.04 in chips)
degal76: posts small blind $1
Masqb: posts big blind $3
*** HOLE CARDS ***
degal76: folds
Uncalled bet ($2) returned to Masqb
Masqb collected $2 from pot
Masqb: doesn't show hand
*** SUMMARY ***
Total pot $2 | Rake $0
Seat 1: Masqb (big blind) collected ($2)
Seat 2: degal76 (button) (small blind) folded before Flop


PokerStars Hand #147114359637:  Hold'em Limit ($3/$6 USD) - 2016/01/15 21:56:09 ET
Table 'Caubeta' 10-max Seat #1 is the button
Seat 1: Masqb ($98 in chips)
Seat 2: degal76 ($144.04 in chips)
Masqb: posts small blind $1
degal76: posts big blind $3
*** HOLE CARDS ***
Masqb: raises $3 to $6
degal76: calls $3
*** FLOP *** [2d 8s Js]
degal76: checks
Masqb: bets $3
degal76: folds
Uncalled bet ($3) returned to Masqb
Masqb collected $11.76 from pot
Masqb: doesn't show hand
*** SUMMARY ***
Total pot $12 | Rake $0.24
Board [2d 8s Js]
Seat 1: Masqb (button) (small blind) collected ($11.76)
Seat 2: degal76 (big blind) folded on the Flop


PokerStars Hand #147114357743:  Hold'em Limit ($3/$6 USD) - 2016/01/15 21:56:04 ET
Table 'Caubeta' 10-max Seat #2 is the button
Seat 1: Masqb ($97 in chips)
Seat 2: degal76 ($145.04 in chips)
degal76: posts small blind $1
Masqb: posts big blind $3
*** HOLE CARDS ***
degal76: folds
Uncalled bet ($2) returned to Masqb
Masqb collected $2 from pot
Masqb: doesn't show hand
*** SUMMARY ***
Total pot $2 | Rake $0
Seat 1: Masqb (big blind) collected ($2)
Seat 2: degal76 (button) (small blind) folded before Flop


PokerStars Hand #147114355041:  Hold'em Limit ($3/$6 USD) - 2016/01/15 21:55:57 ET
Table 'Caubeta' 10-max Seat #1 is the button
Seat 1: Masqb ($94 in chips)
Seat 2: degal76 ($148.04 in chips)
Masqb: posts small blind $1
degal76: posts big blind $3
*** HOLE CARDS ***
Masqb: raises $3 to $6
degal76: folds
Uncalled bet ($3) returned to Masqb
Masqb collected $6 from pot
Masqb: doesn't show hand
*** SUMMARY ***
Total pot $6 | Rake $0
Seat 1: Masqb (button) (small blind) collected ($6)
Seat 2: degal76 (big blind) folded before Flop


PokerStars Hand #147114344219:  Hold'em Limit ($3/$6 USD) - 2016/01/15 21:55:29 ET
Table 'Caubeta' 10-max Seat #2 is the button
Seat 1: Masqb ($115 in chips)
Seat 2: degal76 ($127.54 in chips)
degal76: posts small blind $1
Masqb: posts big blind $3
*** HOLE CARDS ***
degal76: raises $3 to $6
Masqb: calls $3
*** FLOP *** [7c 5s As]
Masqb: checks
degal76: bets $3
Masqb: calls $3
*** TURN *** [7c 5s As] [Qs]
Masqb: checks
degal76: bets $6
Masqb: calls $6
*** RIVER *** [7c 5s As Qs] [9d]
Masqb: checks
degal76: bets $6
Masqb: calls $6
*** SHOW DOWN ***
degal76: shows [7d 9c] (two pair, Nines and Sevens)
Masqb: mucks hand
degal76 collected $41.50 from pot
*** SUMMARY ***
Total pot $42 | Rake $0.50
Board [7c 5s As Qs 9d]
Seat 1: Masqb (big blind) mucked
Seat 2: degal76 (button) (small blind) showed [7d 9c] and won ($41.50) with two pair, Nines and Sevens


PokerStars Hand #147114386937:  Hold'em Limit ($3/$6 USD) - 2016/01/15 21:57:19 ET
Table 'Caubeta' 10-max Seat #2 is the button
Seat 1: Masqb ($88.76 in chips)
Seat 2: degal76 ($152.44 in chips)
degal76: posts small blind $1
Masqb: posts big blind $3
*** HOLE CARDS ***
degal76: folds
Uncalled bet ($2) returned to Masqb
Masqb collected $2 from pot
Masqb: doesn't show hand
*** SUMMARY ***
Total pot $2 | Rake $0
Seat 1: Masqb (big blind) collected ($2)
Seat 2: degal76 (button) (small blind) folded before Flop


PokerStars Hand #147114382427:  Hold'em Limit ($3/$6 USD) - 2016/01/15 21:57:08 ET
Table 'Caubeta' 10-max Seat #1 is the button
Seat 1: Masqb ($89.76 in chips)
Seat 2: degal76 ($151.44 in chips)
Masqb: posts small blind $1
degal76: posts big blind $3
*** HOLE CARDS ***
Masqb: folds
Uncalled bet ($2) returned to degal76
degal76 collected $2 from pot
degal76: doesn't show hand
*** SUMMARY ***
Total pot $2 | Rake $0
Seat 1: Masqb (button) (small blind) folded before Flop
Seat 2: degal76 (big blind) collected ($2)


PokerStars Hand #147114376375:  Hold'em Limit ($3/$6 USD) - 2016/01/15 21:56:52 ET
Table 'Caubeta' 10-max Seat #2 is the button
Seat 1: Masqb ($95.76 in chips)
Seat 2: degal76 ($145.68 in chips)
degal76: posts small blind $1
Masqb: posts big blind $3
*** HOLE CARDS ***
degal76: raises $3 to $6
Masqb: calls $3
*** FLOP *** [Qd Qs Qh]
Masqb: checks
degal76: bets $3
Masqb: folds
Uncalled bet ($3) returned to degal76
degal76 collected $11.76 from pot
degal76: doesn't show hand
*** SUMMARY ***
Total pot $12 | Rake $0.24
Board [Qd Qs Qh]
Seat 1: Masqb (big blind) folded on the Flop
Seat 2: degal76 (button) (small blind) collected ($11.76)


PokerStars Hand #147114371996:  Hold'em Limit ($3/$6 USD) - 2016/01/15 21:56:41 ET
Table 'Caubeta' 10-max Seat #1 is the button
Seat 1: Masqb ($104.76 in chips)
Seat 2: degal76 ($137.04 in chips)
Masqb: posts small blind $1
degal76: posts big blind $3
*** HOLE CARDS ***
Masqb: raises $3 to $6
degal76: raises $3 to $9
Masqb: calls $3
*** FLOP *** [Qh Kc Th]
degal76: bets $3
Masqb: folds
Uncalled bet ($3) returned to degal76
degal76 collected $17.64 from pot
degal76: doesn't show hand
*** SUMMARY ***
Total pot $18 | Rake $0.36
Board [Qh Kc Th]
Seat 1: Masqb (button) (small blind) folded on the Flop
Seat 2: degal76 (big blind) collected ($17.64)


PokerStars Hand #147114369235:  Hold'em Limit ($3/$6 USD) - 2016/01/15 21:56:34 ET
Table 'Caubeta' 10-max Seat #2 is the button
Seat 1: Masqb ($103.76 in chips)
Seat 2: degal76 ($138.04 in chips)
degal76: posts small blind $1
Masqb: posts big blind $3
*** HOLE CARDS ***
degal76: folds
Uncalled bet ($2) returned to Masqb
Masqb collected $2 from pot
Masqb: doesn't show hand
*** SUMMARY ***
Total pot $2 | Rake $0
Seat 1: Masqb (big blind) collected ($2)
Seat 2: degal76 (button) (small blind) folded before Flop


PokerStars Hand #147114407734:  Hold'em Limit ($3/$6 USD) - 2016/01/15 21:58:05 ET
Table 'Caubeta' 10-max Seat #2 is the button
Seat 1: Masqb ($87.52 in chips)
Seat 2: degal76 ($153.08 in chips)
degal76: posts small blind $1
Masqb: posts big blind $3
*** HOLE CARDS ***
degal76: folds
Uncalled bet ($2) returned to Masqb
Masqb collected $2 from pot
Masqb: doesn't show hand
*** SUMMARY ***
Total pot $2 | Rake $0
Seat 1: Masqb (big blind) collected ($2)
Seat 2: degal76 (button) (small blind) folded before Flop


PokerStars Hand #147114395768:  Hold'em Limit ($3/$6 USD) - 2016/01/15 21:57:42 ET
Table 'Caubeta' 10-max Seat #1 is the button
Seat 1: Masqb ($96.52 in chips)
Seat 2: degal76 ($144.44 in chips)
Masqb: posts small blind $1
degal76: posts big blind $3
*** HOLE CARDS ***
Masqb: raises $3 to $6
degal76: calls $3
*** FLOP *** [4s As Tc]
degal76: checks
Masqb: bets $3
degal76: raises $3 to $6
Masqb: folds
Uncalled bet ($3) returned to degal76
degal76 collected $17.64 from pot
degal76: doesn't show hand
*** SUMMARY ***
Total pot $18 | Rake $0.36
Board [4s As Tc]
Seat 1: Masqb (button) (small blind) folded on the Flop
Seat 2: degal76 (big blind) collected ($17.64)


PokerStars Hand #147114393658:  Hold'em Limit ($3/$6 USD) - 2016/01/15 21:57:37 ET
Table 'Caubeta' 10-max Seat #2 is the button
Seat 1: Masqb ($95.52 in chips)
Seat 2: degal76 ($145.44 in chips)
degal76: posts small blind $1
Masqb: posts big blind $3
*** HOLE CARDS ***
degal76: folds
Uncalled bet ($2) returned to Masqb
Masqb collected $2 from pot
Masqb: doesn't show hand
*** SUMMARY ***
Total pot $2 | Rake $0
Seat 1: Masqb (big blind) collected ($2)
Seat 2: degal76 (button) (small blind) folded before Flop


PokerStars Hand #147114388825:  Hold'em Limit ($3/$6 USD) - 2016/01/15 21:57:24 ET
Table 'Caubeta' 10-max Seat #1 is the button
Seat 1: Masqb ($89.76 in chips)
Seat 2: degal76 ($151.44 in chips)
Masqb: posts small blind $1
degal76: posts big blind $3
*** HOLE CARDS ***
Masqb: raises $3 to $6
degal76: calls $3
*** FLOP *** [Ah Th Qh]
degal76: checks
Masqb: bets $3
degal76: folds
Uncalled bet ($3) returned to Masqb
Masqb collected $11.76 from pot
Masqb: doesn't show hand
*** SUMMARY ***
Total pot $12 | Rake $0.24
Board [Ah Th Qh]
Seat 1: Masqb (button) (small blind) collected ($11.76)
Seat 2: degal76 (big blind) folded on the Flop


PokerStars Hand #147114439127:  Hold'em Limit ($3/$6 USD) - 2016/01/15 21:59:18 ET
Table 'Caubeta' 10-max Seat #2 is the button
Seat 1: Masqb ($132.52 in chips)
Seat 2: degal76 ($107.08 in chips)
degal76: posts small blind $1
Masqb: posts big blind $3
*** HOLE CARDS ***
degal76: folds
Uncalled bet ($2) returned to Masqb
Masqb collected $2 from pot
Masqb: doesn't show hand
*** SUMMARY ***
Total pot $2 | Rake $0
Seat 1: Masqb (big blind) collected ($2)
Seat 2: degal76 (button) (small blind) folded before Flop


PokerStars Hand #147114437021:  Hold'em Limit ($3/$6 USD) - 2016/01/15 21:59:12 ET
Table 'Caubeta' 10-max Seat #1 is the button
Seat 1: Masqb ($133.52 in chips)
Seat 2: degal76 ($106.08 in chips)
Masqb: posts small blind $1
degal76: posts big blind $3
*** HOLE CARDS ***
Masqb: folds
Uncalled bet ($2) returned to degal76
degal76 collected $2 from pot
degal76: doesn't show hand
*** SUMMARY ***
Total pot $2 | Rake $0
Seat 1: Masqb (button) (small blind) folded before Flop
Seat 2: degal76 (big blind) collected ($2)


PokerStars Hand #147114434272:  Hold'em Limit ($3/$6 USD) - 2016/01/15 21:59:05 ET
Table 'Caubeta' 10-max Seat #2 is the button
Seat 1: Masqb ($136.52 in chips)
Seat 2: degal76 ($103.08 in chips)
degal76: posts small blind $1
Masqb: posts big blind $3
*** HOLE CARDS ***
degal76: raises $3 to $6
Masqb: folds
Uncalled bet ($3) returned to degal76
degal76 collected $6 from pot
degal76: doesn't show hand
*** SUMMARY ***
Total pot $6 | Rake $0
Seat 1: Masqb (big blind) folded before Flop
Seat 2: degal76 (button) (small blind) collected ($6)


PokerStars Hand #147114425794:  Hold'em Limit ($3/$6 USD) - 2016/01/15 21:58:44 ET
Table 'Caubeta' 10-max Seat #1 is the button
Seat 1: Masqb ($113.02 in chips)
Seat 2: degal76 ($127.08 in chips)
Masqb: posts small blind $1
degal76: posts big blind $3
*** HOLE CARDS ***
Masqb: raises $3 to $6
degal76: calls $3
*** FLOP *** [Th Qh 5c]
degal76: checks
Masqb: bets $3
degal76: raises $3 to $6
Masqb: calls $3
*** TURN *** [Th Qh 5c] [4d]
degal76: bets $6
Masqb: calls $6
*** RIVER *** [Th Qh 5c 4d] [2s]
degal76: bets $6
Masqb: raises $6 to $12
degal76: folds
Uncalled bet ($6) returned to Masqb
Masqb collected $47.50 from pot
Masqb: doesn't show hand
*** SUMMARY ***
Total pot $48 | Rake $0.50
Board [Th Qh 5c 4d 2s]
Seat 1: Masqb (button) (small blind) collected ($47.50)
Seat 2: degal76 (big blind) folded on the River


PokerStars Hand #147114423682:  Hold'em Limit ($3/$6 USD) - 2016/01/15 21:58:39 ET
Table 'Caubeta' 10-max Seat #2 is the button
Seat 1: Masqb ($112.02 in chips)
Seat 2: degal76 ($128.08 in chips)
degal76: posts small blind $1
Masqb: posts big blind $3
*** HOLE CARDS ***
degal76: folds
Uncalled bet ($2) returned to Masqb
Masqb collected $2 from pot
Masqb: doesn't show hand
*** SUMMARY ***
Total pot $2 | Rake $0
Seat 1: Masqb (big blind) collected ($2)
Seat 2: degal76 (button) (small blind) folded before Flop


PokerStars Hand #147114409647:  Hold'em Limit ($3/$6 USD) - 2016/01/15 21:58:10 ET
Table 'Caubeta' 10-max Seat #1 is the button
Seat 1: Masqb ($88.52 in chips)
Seat 2: degal76 ($152.08 in chips)
Masqb: posts small blind $1
degal76: posts big blind $3
*** HOLE CARDS ***
Masqb: raises $3 to $6
degal76: calls $3
*** FLOP *** [Kd Qs 5d]
degal76: checks
Masqb: bets $3
degal76: raises $3 to $6
Masqb: calls $3
*** TURN *** [Kd Qs 5d] [Ks]
degal76: bets $6
Masqb: calls $6
*** RIVER *** [Kd Qs 5d Ks] [7c]
degal76: bets $6
Masqb: calls $6
*** SHOW DOWN ***
degal76: shows [5h Th] (two pair, Kings and Fives)
Masqb: shows [5c Ad] (two pair, Kings and Fives - Ace kicker)
Masqb collected $47.50 from pot
*** SUMMARY ***
Total pot $48 | Rake $0.50
Board [Kd Qs 5d Ks 7c]
Seat 1: Masqb (button) (small blind) showed [5c Ad] and won ($47.50) with two pair, Kings and Fives
Seat 2: degal76 (big blind) showed [5h Th] and lost with two pair, Kings and Fives


PokerStars Hand #147114441098:  Hold'em Limit ($3/$6 USD) - 2016/01/15 21:59:23 ET
Table 'Caubeta' 10-max Seat #1 is the button
Seat 1: Masqb ($133.52 in chips)
Seat 2: degal76 ($106.08 in chips)
Masqb: posts small blind $1
degal76: posts big blind $3
*** HOLE CARDS ***
Masqb: raises $3 to $6
degal76: raises $3 to $9
carine74 joins the table at seat #10
Masqb: calls $3
*** FLOP *** [9c As 5d]
degal76: bets $3
Masqb: calls $3
*** TURN *** [9c As 5d] [Ad]
degal76: bets $6
Masqb: calls $6
*** RIVER *** [9c As 5d Ad] [5h]
degal76: bets $6
Masqb: calls $6
*** SHOW DOWN ***
degal76: shows [6s Ah] (a full house, Aces full of Fives)
Masqb: mucks hand
degal76 collected $47.50 from pot
*** SUMMARY ***
Total pot $48 | Rake $0.50
Board [9c As 5d Ad 5h]
Seat 1: Masqb (button) (small blind) mucked
Seat 2: degal76 (big blind) showed [6s Ah] and won ($47.50) with a full house, Aces full of Fives


PokerStars Hand #147115352397:  Hold'em Limit ($3/$6 USD) - 2016/01/15 22:34:44 ET
Table 'Caubeta' 10-max Seat #3 is the button
Seat 3: degal76 ($199.20 in chips)
Seat 10: Masqb ($100.08 in chips)
degal76: posts small blind $1
Masqb: posts big blind $3
*** HOLE CARDS ***
degal76: folds
Uncalled bet ($2) returned to Masqb
Masqb collected $2 from pot
Masqb: doesn't show hand
*** SUMMARY ***
Total pot $2 | Rake $0
Seat 3: degal76 (button) (small blind) folded before Flop
Seat 10: Masqb (big blind) collected ($2)


PokerStars Hand #147115357032:  Hold'em Limit ($3/$6 USD) - 2016/01/15 22:34:56 ET
Table 'Caubeta' 10-max Seat #10 is the button
Seat 3: degal76 ($198.20 in chips)
Seat 10: Masqb ($101.08 in chips)
Masqb: posts small blind $1
degal76: posts big blind $3
*** HOLE CARDS ***
Masqb: raises $3 to $6
degal76: folds
Uncalled bet ($3) returned to Masqb
Masqb collected $6 from pot
Masqb: doesn't show hand
*** SUMMARY ***
Total pot $6 | Rake $0
Seat 3: degal76 (big blind) folded before Flop
Seat 10: Masqb (button) (small blind) collected ($6)


PokerStars Hand #147115363835:  Hold'em Limit ($3/$6 USD) - 2016/01/15 22:35:13 ET
Table 'Caubeta' 10-max Seat #3 is the button
Seat 3: degal76 ($195.20 in chips)
Seat 10: Masqb ($104.08 in chips)
degal76: posts small blind $1
Masqb: posts big blind $3
*** HOLE CARDS ***
degal76: folds
Uncalled bet ($2) returned to Masqb
Masqb collected $2 from pot
Masqb: doesn't show hand
*** SUMMARY ***
Total pot $2 | Rake $0
Seat 3: degal76 (button) (small blind) folded before Flop
Seat 10: Masqb (big blind) collected ($2)


PokerStars Hand #147115366015:  Hold'em Limit ($3/$6 USD) - 2016/01/15 22:35:18 ET
Table 'Caubeta' 10-max Seat #10 is the button
Seat 3: degal76 ($194.20 in chips)
Seat 10: Masqb ($105.08 in chips)
Masqb: posts small blind $1
degal76: posts big blind $3
*** HOLE CARDS ***
Masqb: raises $3 to $6
degal76: calls $3
*** FLOP *** [4d 7h Kh]
degal76: checks
Masqb: bets $3
degal76: folds
Uncalled bet ($3) returned to Masqb
Masqb collected $11.76 from pot
Masqb: doesn't show hand
*** SUMMARY ***
Total pot $12 | Rake $0.24
Board [4d 7h Kh]
Seat 3: degal76 (big blind) folded on the Flop
Seat 10: Masqb (button) (small blind) collected ($11.76)


PokerStars Hand #147115372132:  Hold'em Limit ($3/$6 USD) - 2016/01/15 22:35:33 ET
Table 'Caubeta' 10-max Seat #3 is the button
Seat 3: degal76 ($188.20 in chips)
Seat 10: Masqb ($110.84 in chips)
degal76: posts small blind $1
Masqb: posts big blind $3
*** HOLE CARDS ***
degal76: raises $3 to $6
Masqb: raises $3 to $9
degal76: calls $3
*** FLOP *** [2d 5s 7s]
Masqb: bets $3
degal76: calls $3
*** TURN *** [2d 5s 7s] [3h]
Masqb: bets $6
luckylady555 leaves the table
degal76: folds
Uncalled bet ($6) returned to Masqb
Masqb collected $23.52 from pot
Masqb: doesn't show hand
*** SUMMARY ***
Total pot $24 | Rake $0.48
Board [2d 5s 7s 3h]
Seat 3: degal76 (button) (small blind) folded on the Turn
Seat 10: Masqb (big blind) collected ($23.52)


PokerStars Hand #147115379234:  Hold'em Limit ($3/$6 USD) - 2016/01/15 22:35:51 ET
Table 'Caubeta' 10-max Seat #10 is the button
Seat 3: degal76 ($176.20 in chips)
Seat 10: Masqb ($122.36 in chips)
Masqb: posts small blind $1
degal76: posts big blind $3
*** HOLE CARDS ***
Masqb: raises $3 to $6
degal76: raises $3 to $9
Masqb: calls $3
*** FLOP *** [6c 3d 8c]
degal76: bets $3
Masqb: folds
Uncalled bet ($3) returned to degal76
degal76 collected $17.64 from pot
degal76: doesn't show hand
*** SUMMARY ***
Total pot $18 | Rake $0.36
Board [6c 3d 8c]
Seat 3: degal76 (big blind) collected ($17.64)
Seat 10: Masqb (button) (small blind) folded on the Flop


PokerStars Hand #147115385152:  Hold'em Limit ($3/$6 USD) - 2016/01/15 22:36:05 ET
Table 'Caubeta' 10-max Seat #3 is the button
Seat 3: degal76 ($184.84 in chips)
Seat 10: Masqb ($113.36 in chips)
degal76: posts small blind $1
Masqb: posts big blind $3
*** HOLE CARDS ***
degal76: folds
Uncalled bet ($2) returned to Masqb
Masqb collected $2 from pot
Masqb: doesn't show hand
*** SUMMARY ***
Total pot $2 | Rake $0
Seat 3: degal76 (button) (small blind) folded before Flop
Seat 10: Masqb (big blind) collected ($2)


PokerStars Hand #147115387340:  Hold'em Limit ($3/$6 USD) - 2016/01/15 22:36:10 ET
Table 'Caubeta' 10-max Seat #10 is the button
Seat 3: degal76 ($183.84 in chips)
Seat 10: Masqb ($114.36 in chips)
Masqb: posts small blind $1
degal76: posts big blind $3
*** HOLE CARDS ***
Masqb: folds
Uncalled bet ($2) returned to degal76
degal76 collected $2 from pot
degal76: doesn't show hand
luckylady555 joins the table at seat #4
*** SUMMARY ***
Total pot $2 | Rake $0
Seat 3: degal76 (big blind) collected ($2)
Seat 10: Masqb (button) (small blind) folded before Flop


PokerStars Hand #147115409915:  Hold'em Limit ($3/$6 USD) - 2016/01/15 22:37:06 ET
Table 'Caubeta' 10-max Seat #10 is the button
Seat 3: degal76 ($187.84 in chips)
Seat 10: Masqb ($101.36 in chips)
Masqb: posts small blind $1
degal76: posts big blind $3
*** HOLE CARDS ***
Masqb: raises $3 to $6
degal76: calls $3
*** FLOP *** [2d 6d 6s]
degal76: checks
Masqb: bets $3
degal76: folds
Uncalled bet ($3) returned to Masqb
Masqb collected $11.76 from pot
Masqb: doesn't show hand
*** SUMMARY ***
Total pot $12 | Rake $0.24
Board [2d 6d 6s]
Seat 3: degal76 (big blind) folded on the Flop
Seat 10: Masqb (button) (small blind) collected ($11.76)


PokerStars Hand #147115430857:  Hold'em Limit ($3/$6 USD) - 2016/01/15 22:37:58 ET
Table 'Caubeta' 10-max Seat #10 is the button
Seat 3: degal76 ($157.84 in chips)
Seat 10: Masqb ($130.62 in chips)
Masqb: posts small blind $1
degal76: posts big blind $3
*** HOLE CARDS ***
Masqb: raises $3 to $6
degal76: calls $3
*** FLOP *** [7h Ah Ac]
degal76: checks
Masqb: bets $3
degal76: folds
Uncalled bet ($3) returned to Masqb
Masqb collected $11.76 from pot
Masqb: doesn't show hand
*** SUMMARY ***
Total pot $12 | Rake $0.24
Board [7h Ah Ac]
Seat 3: degal76 (big blind) folded on the Flop
Seat 10: Masqb (button) (small blind) collected ($11.76)


PokerStars Hand #147115415930:  Hold'em Limit ($3/$6 USD) - 2016/01/15 22:37:21 ET
Table 'Caubeta' 10-max Seat #3 is the button
Seat 3: degal76 ($181.84 in chips)
Seat 10: Masqb ($107.12 in chips)
degal76: posts small blind $1
Masqb: posts big blind $3
*** HOLE CARDS ***
degal76: raises $3 to $6
Masqb: raises $3 to $9
degal76: calls $3
*** FLOP *** [8s 3d 7d]
Masqb: bets $3
degal76: calls $3
*** TURN *** [8s 3d 7d] [4h]
Masqb: bets $6
degal76: raises $6 to $12
Masqb: calls $6
*** RIVER *** [8s 3d 7d 4h] [9h]
Masqb: checks
degal76: checks
*** SHOW DOWN ***
Masqb: shows [Ad As] (a pair of Aces)
degal76: mucks hand
Masqb collected $47.50 from pot
*** SUMMARY ***
Total pot $48 | Rake $0.50
Board [8s 3d 7d 4h 9h]
Seat 3: degal76 (button) (small blind) mucked
Seat 10: Masqb (big blind) showed [Ad As] and won ($47.50) with a pair of Aces


