PokerStars Hand #156524265028:  Hold'em Limit ($3/$6 USD) - 2016/07/27 16:45:32 ET
Table 'Caubeta' 6-max Seat #4 is the button
Seat 4: BuzovaPro ($72 in chips)
Seat 5: asino222 ($60 in chips)
BuzovaPro: posts small blind $1
asino222: posts big blind $3
*** HOLE CARDS ***
Chessnok joins the table at seat #6
BuzovaPro: raises $3 to $6
asino222: raises $3 to $9
BuzovaPro: calls $3
*** FLOP *** [9h Kh 4h]
pjootor joins the table at seat #3
asino222: bets $3
BuzovaPro: calls $3
*** TURN *** [9h Kh 4h] [Qh]
asino222: bets $6
BuzovaPro: calls $6
*** RIVER *** [9h Kh 4h Qh] [7d]
asino222: checks
BuzovaPro: checks
*** SHOW DOWN ***
asino222: shows [5h As] (a flush, King high)
BuzovaPro: mucks hand
asino222 collected $35.50 from pot
*** SUMMARY ***
Total pot $36 | Rake $0.50
Board [9h Kh 4h Qh 7d]
Seat 4: BuzovaPro (button) (small blind) mucked
Seat 5: asino222 (big blind) showed [5h As] and won ($35.50) with a flush, King high


PokerStars Hand #156531731694:  Hold'em Limit ($3/$6 USD) - 2016/07/27 19:53:12 ET
Table 'Caubeta' 6-max Seat #4 is the button
Seat 2: LillThore ($149.26 in chips)
Seat 4: jackRizzar ($579.84 in chips)
jackRizzar: posts small blind $1
Great_Kang: is sitting out
LillThore: posts big blind $3
*** HOLE CARDS ***
Great_Kang leaves the table
jackRizzar: raises $3 to $6
LillThore: calls $3
*** FLOP *** [8c 6d Kc]
LillThore: checks
jackRizzar: bets $3
LillThore: calls $3
*** TURN *** [8c 6d Kc] [9h]
LillThore: checks
jackRizzar: bets $6
LillThore: raises $6 to $12
jackRizzar: calls $6
*** RIVER *** [8c 6d Kc 9h] [6h]
LillThore: bets $6
jackRizzar: folds
Uncalled bet ($6) returned to LillThore
LillThore collected $41.50 from pot
plummgg joins the table at seat #3
LillThore: doesn't show hand
*** SUMMARY ***
Total pot $42 | Rake $0.50
Board [8c 6d Kc 9h 6h]
Seat 2: LillThore (big blind) collected ($41.50)
Seat 4: jackRizzar (button) (small blind) folded on the River


PokerStars Hand #156531750201:  Hold'em Limit ($3/$6 USD) - 2016/07/27 19:53:50 ET
Table 'Caubeta' 6-max Seat #2 is the button
Seat 2: LillThore ($169.76 in chips)
Seat 3: plummgg ($30 in chips)
LillThore: posts small blind $1
plummgg: posts big blind $3
*** HOLE CARDS ***
MissEKAmouse joins the table at seat #5
LillThore: raises $3 to $6
plummgg: calls $3
*** FLOP *** [2d 2s 6h]
plummgg: bets $3
LillThore: raises $3 to $6
plummgg: calls $3
*** TURN *** [2d 2s 6h] [Js]
plummgg: checks
LillThore: bets $6
plummgg: folds
Uncalled bet ($6) returned to LillThore
LillThore collected $23.52 from pot
LillThore: doesn't show hand
*** SUMMARY ***
Total pot $24 | Rake $0.48
Board [2d 2s 6h Js]
Seat 2: LillThore (button) (small blind) collected ($23.52)
Seat 3: plummgg (big blind) folded on the Turn


