PokerStars Hand #167997691934:  Hold'em Limit ($3/$6 USD) - 2017/03/23 12:52:24 ET
Table 'Caubeta' 6-max Seat #4 is the button
Seat 1: ChaseMeIfUC ($39 in chips)
Seat 4: Great_Kang ($140.50 in chips)
Great_Kang: posts small blind $1
ChaseMeIfUC: posts big blind $3
*** HOLE CARDS ***
Great_Kang: raises $3 to $6
ChaseMeIfUC: calls $3
*** FLOP *** [Ad 9h Qc]
ChaseMeIfUC: checks
Great_Kang: bets $3
ChaseMeIfUC: raises $3 to $6
Great_Kang: calls $3
*** TURN *** [Ad 9h Qc] [2c]
ChaseMeIfUC: bets $6
Great_Kang: calls $6
*** RIVER *** [Ad 9h Qc 2c] [7s]
ChaseMeIfUC: bets $6
Great_Kang: calls $6
*** SHOW DOWN ***
ChaseMeIfUC: shows [9s Qd] (two pair, Queens and Nines)
Great_Kang: mucks hand
ChaseMeIfUC collected $47.50 from pot
*** SUMMARY ***
Total pot $48 | Rake $0.50
Board [Ad 9h Qc 2c 7s]
Seat 1: ChaseMeIfUC (big blind) showed [9s Qd] and won ($47.50) with two pair, Queens and Nines
Seat 4: Great_Kang (button) (small blind) mucked


PokerStars Hand #167997632321:  Hold'em Limit ($3/$6 USD) - 2017/03/23 12:51:03 ET
Table 'Caubeta' 6-max Seat #1 is the button
Seat 1: ChaseMeIfUC ($60 in chips)
Seat 4: Great_Kang ($120 in chips)
ChaseMeIfUC: posts small blind $1
Great_Kang: posts big blind $3
*** HOLE CARDS ***
ChaseMeIfUC: raises $3 to $6
Great_Kang: calls $3
*** FLOP *** [Jc Jd 2d]
Great_Kang: checks
ChaseMeIfUC: bets $3
Great_Kang: calls $3
*** TURN *** [Jc Jd 2d] [Ah]
Great_Kang: checks
ChaseMeIfUC: bets $6
B_loJkl joins the table at seat #2
Great_Kang: calls $6
*** RIVER *** [Jc Jd 2d Ah] [3h]
Great_Kang: checks
ChaseMeIfUC: bets $6
Great_Kang: calls $6
*** SHOW DOWN ***
ChaseMeIfUC: shows [Qd Tc] (a pair of Jacks)
Great_Kang: shows [8c Kd] (a pair of Jacks - Ace+King kicker)
Great_Kang collected $41.50 from pot
*** SUMMARY ***
Total pot $42 | Rake $0.50
Board [Jc Jd 2d Ah 3h]
Seat 1: ChaseMeIfUC (button) (small blind) showed [Qd Tc] and lost with a pair of Jacks
Seat 4: Great_Kang (big blind) showed [8c Kd] and won ($41.50) with a pair of Jacks


PokerStars Hand #167997885111:  Hold'em Limit ($3/$6 USD) - 2017/03/23 12:57:02 ET
Table 'Caubeta' 6-max Seat #1 is the button
Seat 1: ChaseMeIfUC ($91.57 in chips)
Seat 2: B_loJkl ($156.78 in chips)
ChaseMeIfUC: posts small blind $1
B_loJkl: posts big blind $3
*** HOLE CARDS ***
ChaseMeIfUC: raises $3 to $6
B_loJkl: folds
Uncalled bet ($3) returned to ChaseMeIfUC
ChaseMeIfUC collected $6 from pot
ChaseMeIfUC: doesn't show hand
*** SUMMARY ***
Total pot $6 | Rake $0
Seat 1: ChaseMeIfUC (button) (small blind) collected ($6)
Seat 2: B_loJkl (big blind) folded before Flop


PokerStars Hand #167997865829:  Hold'em Limit ($3/$6 USD) - 2017/03/23 12:56:31 ET
Table 'Caubeta' 6-max Seat #2 is the button
Seat 1: ChaseMeIfUC ($77.07 in chips)
Seat 2: B_loJkl ($171.78 in chips)
B_loJkl: posts small blind $1
Great_Kang: is sitting out
ChaseMeIfUC: posts big blind $3
*** HOLE CARDS ***
B_loJkl: raises $3 to $6
Great_Kang leaves the table
ChaseMeIfUC: calls $3
*** FLOP *** [Ac 7s Jc]
ChaseMeIfUC: checks
B_loJkl: bets $3
ChaseMeIfUC: calls $3
*** TURN *** [Ac 7s Jc] [3h]
ChaseMeIfUC: checks
B_loJkl: bets $6
ChaseMeIfUC: calls $6
*** RIVER *** [Ac 7s Jc 3h] [3s]
ChaseMeIfUC: checks
B_loJkl: checks
*** SHOW DOWN ***
ChaseMeIfUC: shows [9s 7c] (two pair, Sevens and Threes)
B_loJkl: mucks hand
ChaseMeIfUC collected $29.50 from pot
*** SUMMARY ***
Total pot $30 | Rake $0.50
Board [Ac 7s Jc 3h 3s]
Seat 1: ChaseMeIfUC (big blind) showed [9s 7c] and won ($29.50) with two pair, Sevens and Threes
Seat 2: B_loJkl (button) (small blind) mucked


PokerStars Hand #167997889952:  Hold'em Limit ($3/$6 USD) - 2017/03/23 12:57:10 ET
Table 'Caubeta' 6-max Seat #2 is the button
Seat 1: ChaseMeIfUC ($94.57 in chips)
Seat 2: B_loJkl ($153.78 in chips)
B_loJkl: posts small blind $1
ChaseMeIfUC: posts big blind $3
*** HOLE CARDS ***
B_loJkl: raises $3 to $6
ChaseMeIfUC: calls $3
*** FLOP *** [4s Ks Ad]
ChaseMeIfUC: checks
B_loJkl: bets $3
ChaseMeIfUC: folds
Uncalled bet ($3) returned to B_loJkl
B_loJkl collected $11.76 from pot
B_loJkl: doesn't show hand
*** SUMMARY ***
Total pot $12 | Rake $0.24
Board [4s Ks Ad]
Seat 1: ChaseMeIfUC (big blind) folded on the Flop
Seat 2: B_loJkl (button) (small blind) collected ($11.76)


PokerStars Hand #167997896768:  Hold'em Limit ($3/$6 USD) - 2017/03/23 12:57:21 ET
Table 'Caubeta' 6-max Seat #1 is the button
Seat 1: ChaseMeIfUC ($88.57 in chips)
Seat 2: B_loJkl ($159.54 in chips)
ChaseMeIfUC: posts small blind $1
B_loJkl: posts big blind $3
*** HOLE CARDS ***
ChaseMeIfUC: raises $3 to $6
B_loJkl: calls $3
*** FLOP *** [Ks Ac 3s]
B_loJkl: checks
ChaseMeIfUC: bets $3
B_loJkl: raises $3 to $6
ChaseMeIfUC: raises $3 to $9
B_loJkl: raises $3 to $12
Betting is capped
ChaseMeIfUC: calls $3
*** TURN *** [Ks Ac 3s] [Jh]
B_loJkl: checks
ChaseMeIfUC: bets $6
B_loJkl: calls $6
*** RIVER *** [Ks Ac 3s Jh] [2c]
B_loJkl: checks
ChaseMeIfUC: checks
*** SHOW DOWN ***
B_loJkl: shows [2h As] (two pair, Aces and Deuces)
ChaseMeIfUC: mucks hand
B_loJkl collected $47.50 from pot
*** SUMMARY ***
Total pot $48 | Rake $0.50
Board [Ks Ac 3s Jh 2c]
Seat 1: ChaseMeIfUC (button) (small blind) mucked
Seat 2: B_loJkl (big blind) showed [2h As] and won ($47.50) with two pair, Aces and Deuces


PokerStars Hand #167997913005:  Hold'em Limit ($3/$6 USD) - 2017/03/23 12:57:47 ET
Table 'Caubeta' 6-max Seat #2 is the button
Seat 1: ChaseMeIfUC ($64.57 in chips)
Seat 2: B_loJkl ($183.04 in chips)
B_loJkl: posts small blind $1
ChaseMeIfUC: posts big blind $3
*** HOLE CARDS ***
B_loJkl: raises $3 to $6
ChaseMeIfUC: raises $3 to $9
B_loJkl: calls $3
*** FLOP *** [Qs 8c 6s]
ChaseMeIfUC: bets $3
B_loJkl: calls $3
*** TURN *** [Qs 8c 6s] [3d]
ChaseMeIfUC: bets $6
B_loJkl: calls $6
*** RIVER *** [Qs 8c 6s 3d] [8h]
ChaseMeIfUC: checks
B_loJkl: checks
*** SHOW DOWN ***
ChaseMeIfUC: shows [Jh Ah] (a pair of Eights)
B_loJkl: mucks hand
ChaseMeIfUC collected $35.50 from pot
*** SUMMARY ***
Total pot $36 | Rake $0.50
Board [Qs 8c 6s 3d 8h]
Seat 1: ChaseMeIfUC (big blind) showed [Jh Ah] and won ($35.50) with a pair of Eights
Seat 2: B_loJkl (button) (small blind) mucked


PokerStars Hand #167997930755:  Hold'em Limit ($3/$6 USD) - 2017/03/23 12:58:14 ET
Table 'Caubeta' 6-max Seat #1 is the button
Seat 1: ChaseMeIfUC ($82.07 in chips)
Seat 2: B_loJkl ($165.04 in chips)
ChaseMeIfUC: posts small blind $1
B_loJkl: posts big blind $3
*** HOLE CARDS ***
ChaseMeIfUC: raises $3 to $6
B_loJkl: calls $3
*** FLOP *** [9s Jd Ad]
B_loJkl: checks
ChaseMeIfUC: bets $3
B_loJkl: folds
Uncalled bet ($3) returned to ChaseMeIfUC
ChaseMeIfUC collected $11.76 from pot
ChaseMeIfUC: doesn't show hand
*** SUMMARY ***
Total pot $12 | Rake $0.24
Board [9s Jd Ad]
Seat 1: ChaseMeIfUC (button) (small blind) collected ($11.76)
Seat 2: B_loJkl (big blind) folded on the Flop


PokerStars Hand #167997940258:  Hold'em Limit ($3/$6 USD) - 2017/03/23 12:58:29 ET
Table 'Caubeta' 6-max Seat #2 is the button
Seat 1: ChaseMeIfUC ($87.83 in chips)
Seat 2: B_loJkl ($159.04 in chips)
B_loJkl: posts small blind $1
ChaseMeIfUC: posts big blind $3
*** HOLE CARDS ***
B_loJkl: folds
Uncalled bet ($2) returned to ChaseMeIfUC
ChaseMeIfUC collected $2 from pot
ChaseMeIfUC: doesn't show hand
*** SUMMARY ***
Total pot $2 | Rake $0
Seat 1: ChaseMeIfUC (big blind) collected ($2)
Seat 2: B_loJkl (button) (small blind) folded before Flop


PokerStars Hand #168003080232:  Hold'em Limit ($3/$6 USD) - 2017/03/23 14:44:34 ET
Table 'Caubeta' 6-max Seat #2 is the button
Seat 2: Chessnok ($261.38 in chips)
Seat 5: krytalex ($118.10 in chips)
Chessnok: posts small blind $1
krytalex: posts big blind $3
*** HOLE CARDS ***
Chessnok: raises $3 to $6
krytalex: folds
Uncalled bet ($3) returned to Chessnok
Chessnok collected $6 from pot
Chessnok: doesn't show hand
*** SUMMARY ***
Total pot $6 | Rake $0
Seat 2: Chessnok (button) (small blind) collected ($6)
Seat 5: krytalex (big blind) folded before Flop


