PokerStars Hand #169384938900:  Hold'em Limit ($3/$6 USD) - 2017/04/22 2:25:54 ET
Table 'Caupolican' 6-max Seat #3 is the button
Seat 3: sim5sim5 ($72 in chips)
Seat 4: NOMOS1984 ($120 in chips)
sim5sim5: posts small blind $1
NOMOS1984: posts big blind $3
*** HOLE CARDS ***
sim5sim5: raises $3 to $6
NOMOS1984: calls $3
*** FLOP *** [6h 4s 7d]
NOMOS1984: checks
mitch4242 joins the table at seat #5
sim5sim5: bets $3
NOMOS1984: calls $3
*** TURN *** [6h 4s 7d] [3d]
NOMOS1984: checks
Agrotait leaves the table
sim5sim5: bets $6
NOMOS1984: folds
Uncalled bet ($6) returned to sim5sim5
sim5sim5 collected $17.64 from pot
sim5sim5: doesn't show hand
*** SUMMARY ***
Total pot $18 | Rake $0.36
Board [6h 4s 7d 3d]
Seat 3: sim5sim5 (button) (small blind) collected ($17.64)
Seat 4: NOMOS1984 (big blind) folded on the Turn


PokerStars Hand #169384953979:  Hold'em Limit ($3/$6 USD) - 2017/04/22 2:26:45 ET
Table 'Caupolican' 6-max Seat #4 is the button
Seat 4: NOMOS1984 ($111 in chips)
Seat 5: mitch4242 ($96 in chips)
sim5sim5 leaves the table
NOMOS1984: posts small blind $1
mitch4242: posts big blind $3
*** HOLE CARDS ***
NOMOS1984: raises $3 to $6
mitch4242: folds
Uncalled bet ($3) returned to NOMOS1984
NOMOS1984 collected $6 from pot
*** SUMMARY ***
Total pot $6 | Rake $0
Seat 4: NOMOS1984 (button) (small blind) collected ($6)
Seat 5: mitch4242 (big blind) folded before Flop


PokerStars Hand #169384952664:  Hold'em Limit ($3/$6 USD) - 2017/04/22 2:26:41 ET
Table 'Caupolican' 6-max Seat #5 is the button
Seat 4: NOMOS1984 ($110 in chips)
Seat 5: mitch4242 ($97 in chips)
mitch4242: posts small blind $1
sim5sim5: is sitting out
NOMOS1984: posts big blind $3
*** HOLE CARDS ***
mitch4242: folds
Uncalled bet ($2) returned to NOMOS1984
NOMOS1984 collected $2 from pot
*** SUMMARY ***
Total pot $2 | Rake $0
Seat 4: NOMOS1984 (big blind) collected ($2)
Seat 5: mitch4242 (button) (small blind) folded before Flop


PokerStars Hand #169384965463:  Hold'em Limit ($3/$6 USD) - 2017/04/22 2:27:24 ET
Table 'Caupolican' 6-max Seat #4 is the button
Seat 4: NOMOS1984 ($140.50 in chips)
Seat 5: mitch4242 ($66 in chips)
NOMOS1984: posts small blind $1
mitch4242: posts big blind $3
*** HOLE CARDS ***
NOMOS1984: raises $3 to $6
mitch4242: raises $3 to $9
NOMOS1984: calls $3
*** FLOP *** [6d Qh 3d]
mitch4242: bets $3
NOMOS1984: calls $3
*** TURN *** [6d Qh 3d] [6s]
mitch4242: bets $6
NOMOS1984: calls $6
*** RIVER *** [6d Qh 3d 6s] [Ah]
mitch4242: bets $6
NOMOS1984: calls $6
*** SHOW DOWN ***
mitch4242: shows [4h Jh] (a pair of Sixes)
NOMOS1984: shows [7d 7h] (two pair, Sevens and Sixes)
NOMOS1984 collected $47.50 from pot
*** SUMMARY ***
Total pot $48 | Rake $0.50
Board [6d Qh 3d 6s Ah]
Seat 4: NOMOS1984 (button) (small blind) showed [7d 7h] and won ($47.50) with two pair, Sevens and Sixes
Seat 5: mitch4242 (big blind) showed [4h Jh] and lost with a pair of Sixes


PokerStars Hand #169384964178:  Hold'em Limit ($3/$6 USD) - 2017/04/22 2:27:20 ET
Table 'Caupolican' 6-max Seat #5 is the button
Seat 4: NOMOS1984 ($139.50 in chips)
Seat 5: mitch4242 ($67 in chips)
mitch4242: posts small blind $1
NOMOS1984: posts big blind $3
*** HOLE CARDS ***
mitch4242: folds
Uncalled bet ($2) returned to NOMOS1984
NOMOS1984 collected $2 from pot
*** SUMMARY ***
Total pot $2 | Rake $0
Seat 4: NOMOS1984 (big blind) collected ($2)
Seat 5: mitch4242 (button) (small blind) folded before Flop


PokerStars Hand #169384962719:  Hold'em Limit ($3/$6 USD) - 2017/04/22 2:27:15 ET
Table 'Caupolican' 6-max Seat #4 is the button
Seat 4: NOMOS1984 ($140.50 in chips)
Seat 5: mitch4242 ($66 in chips)
NOMOS1984: posts small blind $1
mitch4242: posts big blind $3
*** HOLE CARDS ***
NOMOS1984: folds
Uncalled bet ($2) returned to mitch4242
mitch4242 collected $2 from pot
*** SUMMARY ***
Total pot $2 | Rake $0
Seat 4: NOMOS1984 (button) (small blind) folded before Flop
Seat 5: mitch4242 (big blind) collected ($2)


PokerStars Hand #169384956224:  Hold'em Limit ($3/$6 USD) - 2017/04/22 2:26:53 ET
Table 'Caupolican' 6-max Seat #5 is the button
Seat 4: NOMOS1984 ($114 in chips)
Seat 5: mitch4242 ($93 in chips)
mitch4242: posts small blind $1
NOMOS1984: posts big blind $3
*** HOLE CARDS ***
mitch4242: raises $3 to $6
NOMOS1984: calls $3
*** FLOP *** [6s Ac 4h]
NOMOS1984: checks
mitch4242: bets $3
NOMOS1984: calls $3
*** TURN *** [6s Ac 4h] [7d]
NOMOS1984: checks
mitch4242: bets $6
NOMOS1984: raises $6 to $12
mitch4242: calls $6
*** RIVER *** [6s Ac 4h 7d] [Qs]
NOMOS1984: bets $6
mitch4242: calls $6
*** SHOW DOWN ***
NOMOS1984: shows [3c 5h] (a straight, Three to Seven)
mitch4242: mucks hand
NOMOS1984 collected $53.50 from pot
*** SUMMARY ***
Total pot $54 | Rake $0.50
Board [6s Ac 4h 7d Qs]
Seat 4: NOMOS1984 (big blind) showed [3c 5h] and won ($53.50) with a straight, Three to Seven
Seat 5: mitch4242 (button) (small blind) mucked


PokerStars Hand #169384978156:  Hold'em Limit ($3/$6 USD) - 2017/04/22 2:28:07 ET
Table 'Caupolican' 6-max Seat #4 is the button
Seat 4: NOMOS1984 ($161 in chips)
Seat 5: mitch4242 ($45 in chips)
NOMOS1984: posts small blind $1
mitch4242: posts big blind $3
*** HOLE CARDS ***
NOMOS1984: raises $3 to $6
mitch4242: raises $3 to $9
NOMOS1984: calls $3
*** FLOP *** [2s Js 4h]
mitch4242: bets $3
NOMOS1984: calls $3
*** TURN *** [2s Js 4h] [Kc]
mitch4242: checks
NOMOS1984: bets $6
mitch4242: calls $6
*** RIVER *** [2s Js 4h Kc] [3h]
mitch4242: checks
NOMOS1984: bets $6
mitch4242: calls $6
*** SHOW DOWN ***
NOMOS1984: shows [Th Kd] (a pair of Kings)
mitch4242: mucks hand
NOMOS1984 collected $47.50 from pot
*** SUMMARY ***
Total pot $48 | Rake $0.50
Board [2s Js 4h Kc 3h]
Seat 4: NOMOS1984 (button) (small blind) showed [Th Kd] and won ($47.50) with a pair of Kings
Seat 5: mitch4242 (big blind) mucked


PokerStars Hand #169384984625:  Hold'em Limit ($3/$6 USD) - 2017/04/22 2:28:29 ET
Table 'Caupolican' 6-max Seat #5 is the button
Seat 4: NOMOS1984 ($184.50 in chips)
Seat 5: mitch4242 ($21 in chips)
mitch4242: posts small blind $1
NOMOS1984: posts big blind $3
*** HOLE CARDS ***
mitch4242: raises $3 to $6
NOMOS1984: calls $3
*** FLOP *** [3s 8d Td]
NOMOS1984: checks
mitch4242: bets $3
NOMOS1984: calls $3
*** TURN *** [3s 8d Td] [5c]
NOMOS1984: checks
mitch4242: bets $6
NOMOS1984: calls $6
*** RIVER *** [3s 8d Td 5c] [6c]
NOMOS1984: checks
mitch4242: bets $6 and is all-in
NOMOS1984: calls $6
*** SHOW DOWN ***
mitch4242: shows [6d 6s] (three of a kind, Sixes)
NOMOS1984: shows [7c Kd] (high card King)
mitch4242 collected $41.50 from pot
*** SUMMARY ***
Total pot $42 | Rake $0.50
Board [3s 8d Td 5c 6c]
Seat 4: NOMOS1984 (big blind) showed [7c Kd] and lost with high card King
Seat 5: mitch4242 (button) (small blind) showed [6d 6s] and won ($41.50) with three of a kind, Sixes


PokerStars Hand #169384974913:  Hold'em Limit ($3/$6 USD) - 2017/04/22 2:27:56 ET
Table 'Caupolican' 6-max Seat #5 is the button
Seat 4: NOMOS1984 ($164 in chips)
Seat 5: mitch4242 ($42 in chips)
mitch4242: posts small blind $1
NOMOS1984: posts big blind $3
*** HOLE CARDS ***
mitch4242: raises $3 to $6
NOMOS1984: folds
Uncalled bet ($3) returned to mitch4242
mitch4242 collected $6 from pot
*** SUMMARY ***
Total pot $6 | Rake $0
Seat 4: NOMOS1984 (big blind) folded before Flop
Seat 5: mitch4242 (button) (small blind) collected ($6)


PokerStars Hand #169384996648:  Hold'em Limit ($3/$6 USD) - 2017/04/22 2:29:10 ET
Table 'Caupolican' 6-max Seat #5 is the button
Seat 4: NOMOS1984 ($133.50 in chips)
Seat 5: mitch4242 ($71 in chips)
mitch4242: posts small blind $1
NOMOS1984: posts big blind $3
*** HOLE CARDS ***
mitch4242: raises $3 to $6
NOMOS1984: calls $3
*** FLOP *** [5c 6c 7d]
NOMOS1984: checks
mitch4242: bets $3
NOMOS1984: calls $3
*** TURN *** [5c 6c 7d] [Ad]
NOMOS1984: checks
mitch4242: bets $6
NOMOS1984: calls $6
*** RIVER *** [5c 6c 7d Ad] [2s]
NOMOS1984: checks
mitch4242: bets $6
NOMOS1984: calls $6
*** SHOW DOWN ***
mitch4242: shows [7h Jh] (a pair of Sevens)
NOMOS1984: mucks hand
mitch4242 collected $41.50 from pot
*** SUMMARY ***
Total pot $42 | Rake $0.50
Board [5c 6c 7d Ad 2s]
Seat 4: NOMOS1984 (big blind) mucked
Seat 5: mitch4242 (button) (small blind) showed [7h Jh] and won ($41.50) with a pair of Sevens


PokerStars Hand #169385005742:  Hold'em Limit ($3/$6 USD) - 2017/04/22 2:29:40 ET
Table 'Caupolican' 6-max Seat #5 is the button
Seat 4: NOMOS1984 ($118.26 in chips)
Seat 5: mitch4242 ($85.50 in chips)
mitch4242: posts small blind $1
NOMOS1984: posts big blind $3
*** HOLE CARDS ***
mitch4242: raises $3 to $6
NOMOS1984: raises $3 to $9
mitch4242: calls $3
*** FLOP *** [7s Kd Qd]
NOMOS1984: bets $3
mitch4242: folds
Uncalled bet ($3) returned to NOMOS1984
NOMOS1984 collected $17.64 from pot
*** SUMMARY ***
Total pot $18 | Rake $0.36
Board [7s Kd Qd]
Seat 4: NOMOS1984 (big blind) collected ($17.64)
Seat 5: mitch4242 (button) (small blind) folded on the Flop


PokerStars Hand #169385001948:  Hold'em Limit ($3/$6 USD) - 2017/04/22 2:29:27 ET
Table 'Caupolican' 6-max Seat #4 is the button
Seat 4: NOMOS1984 ($112.50 in chips)
Seat 5: mitch4242 ($91.50 in chips)
NOMOS1984: posts small blind $1
mitch4242: posts big blind $3
*** HOLE CARDS ***
NOMOS1984: raises $3 to $6
mitch4242: calls $3
*** FLOP *** [Jh 3h Ks]
mitch4242: checks
NOMOS1984: bets $3
mitch4242: folds
Uncalled bet ($3) returned to NOMOS1984
NOMOS1984 collected $11.76 from pot
*** SUMMARY ***
Total pot $12 | Rake $0.24
Board [Jh 3h Ks]
Seat 4: NOMOS1984 (button) (small blind) collected ($11.76)
Seat 5: mitch4242 (big blind) folded on the Flop


PokerStars Hand #169384990412:  Hold'em Limit ($3/$6 USD) - 2017/04/22 2:28:48 ET
Table 'Caupolican' 6-max Seat #4 is the button
Seat 4: NOMOS1984 ($163.50 in chips)
Seat 5: mitch4242 ($41.50 in chips)
NOMOS1984: posts small blind $1
mitch4242: posts big blind $3
*** HOLE CARDS ***
NOMOS1984: raises $3 to $6
mitch4242: raises $3 to $9
NOMOS1984: calls $3
*** FLOP *** [5h Qs 8d]
mitch4242: bets $3
NOMOS1984: raises $3 to $6
mitch4242: raises $3 to $9
NOMOS1984: calls $3
*** TURN *** [5h Qs 8d] [8h]
mitch4242: bets $6
NOMOS1984: calls $6
*** RIVER *** [5h Qs 8d 8h] [6s]
mitch4242: bets $6
NOMOS1984: calls $6
*** SHOW DOWN ***
mitch4242: shows [Ks Kc] (two pair, Kings and Eights)
NOMOS1984: mucks hand
mitch4242 collected $59.50 from pot
*** SUMMARY ***
Total pot $60 | Rake $0.50
Board [5h Qs 8d 8h 6s]
Seat 4: NOMOS1984 (button) (small blind) mucked
Seat 5: mitch4242 (big blind) showed [Ks Kc] and won ($59.50) with two pair, Kings and Eights


PokerStars Hand #169385010017:  Hold'em Limit ($3/$6 USD) - 2017/04/22 2:29:55 ET
Table 'Caupolican' 6-max Seat #4 is the button
Seat 4: NOMOS1984 ($126.90 in chips)
Seat 5: mitch4242 ($76.50 in chips)
NOMOS1984: posts small blind $1
mitch4242: posts big blind $3
*** HOLE CARDS ***
NOMOS1984: raises $3 to $6
mitch4242: raises $3 to $9
NOMOS1984: calls $3
*** FLOP *** [Js 6c 5s]
mitch4242: bets $3
NOMOS1984: raises $3 to $6
mitch4242: raises $3 to $9
NOMOS1984: calls $3
*** TURN *** [Js 6c 5s] [8d]
mitch4242: bets $6
NOMOS1984: calls $6
*** RIVER *** [Js 6c 5s 8d] [7c]
mitch4242: checks
NOMOS1984: bets $6
mitch4242: folds
Uncalled bet ($6) returned to NOMOS1984
NOMOS1984 collected $47.50 from pot
*** SUMMARY ***
Total pot $48 | Rake $0.50
Board [Js 6c 5s 8d 7c]
Seat 4: NOMOS1984 (button) (small blind) collected ($47.50)
Seat 5: mitch4242 (big blind) folded on the River


PokerStars Hand #169385023194:  Hold'em Limit ($3/$6 USD) - 2017/04/22 2:30:40 ET
Table 'Caupolican' 6-max Seat #4 is the button
Seat 4: NOMOS1984 ($144.40 in chips)
Seat 5: mitch4242 ($58.26 in chips)
NOMOS1984: posts small blind $1
mitch4242: posts big blind $3
*** HOLE CARDS ***
NOMOS1984: folds
Uncalled bet ($2) returned to mitch4242
mitch4242 collected $2 from pot
*** SUMMARY ***
Total pot $2 | Rake $0
Seat 4: NOMOS1984 (button) (small blind) folded before Flop
Seat 5: mitch4242 (big blind) collected ($2)


PokerStars Hand #169385021851:  Hold'em Limit ($3/$6 USD) - 2017/04/22 2:30:36 ET
Table 'Caupolican' 6-max Seat #5 is the button
Seat 4: NOMOS1984 ($143.40 in chips)
Seat 5: mitch4242 ($59.26 in chips)
mitch4242: posts small blind $1
NOMOS1984: posts big blind $3
*** HOLE CARDS ***
mitch4242: folds
Uncalled bet ($2) returned to NOMOS1984
NOMOS1984 collected $2 from pot
*** SUMMARY ***
Total pot $2 | Rake $0
Seat 4: NOMOS1984 (big blind) collected ($2)
Seat 5: mitch4242 (button) (small blind) folded before Flop


PokerStars Hand #169385020349:  Hold'em Limit ($3/$6 USD) - 2017/04/22 2:30:30 ET
Table 'Caupolican' 6-max Seat #4 is the button
Seat 4: NOMOS1984 ($144.40 in chips)
Seat 5: mitch4242 ($58.26 in chips)
NOMOS1984: posts small blind $1
mitch4242: posts big blind $3
*** HOLE CARDS ***
NOMOS1984: folds
Uncalled bet ($2) returned to mitch4242
mitch4242 collected $2 from pot
*** SUMMARY ***
Total pot $2 | Rake $0
Seat 4: NOMOS1984 (button) (small blind) folded before Flop
Seat 5: mitch4242 (big blind) collected ($2)


PokerStars Hand #169385018031:  Hold'em Limit ($3/$6 USD) - 2017/04/22 2:30:22 ET
Table 'Caupolican' 6-max Seat #5 is the button
Seat 4: NOMOS1984 ($150.40 in chips)
Seat 5: mitch4242 ($52.50 in chips)
mitch4242: posts small blind $1
NOMOS1984: posts big blind $3
*** HOLE CARDS ***
mitch4242: raises $3 to $6
NOMOS1984: calls $3
*** FLOP *** [8s 8c Qs]
NOMOS1984: checks
mitch4242: bets $3
NOMOS1984: folds
Uncalled bet ($3) returned to mitch4242
mitch4242 collected $11.76 from pot
*** SUMMARY ***
Total pot $12 | Rake $0.24
Board [8s 8c Qs]
Seat 4: NOMOS1984 (big blind) folded on the Flop
Seat 5: mitch4242 (button) (small blind) collected ($11.76)


PokerStars Hand #169385024876:  Hold'em Limit ($3/$6 USD) - 2017/04/22 2:30:46 ET
Table 'Caupolican' 6-max Seat #5 is the button
Seat 4: NOMOS1984 ($143.40 in chips)
Seat 5: mitch4242 ($59.26 in chips)
mitch4242: posts small blind $1
NOMOS1984: posts big blind $3
*** HOLE CARDS ***
mitch4242: raises $3 to $6
NOMOS1984: raises $3 to $9
mitch4242: calls $3
*** FLOP *** [Qh Qs 9d]
NOMOS1984: bets $3
mitch4242: folds
Uncalled bet ($3) returned to NOMOS1984
NOMOS1984 collected $17.64 from pot
*** SUMMARY ***
Total pot $18 | Rake $0.36
Board [Qh Qs 9d]
Seat 4: NOMOS1984 (big blind) collected ($17.64)
Seat 5: mitch4242 (button) (small blind) folded on the Flop


PokerStars Hand #169385033032:  Hold'em Limit ($3/$6 USD) - 2017/04/22 2:31:13 ET
Table 'Caupolican' 6-max Seat #5 is the button
Seat 4: NOMOS1984 ($143.04 in chips)
Seat 5: mitch4242 ($58.90 in chips)
mitch4242: posts small blind $1
NOMOS1984: posts big blind $3
*** HOLE CARDS ***
mitch4242: raises $3 to $6
NOMOS1984: calls $3
*** FLOP *** [3s 6s 5d]
NOMOS1984: checks
mitch4242: bets $3
NOMOS1984: calls $3
*** TURN *** [3s 6s 5d] [4d]
NOMOS1984: checks
mitch4242: bets $6
NOMOS1984: calls $6
*** RIVER *** [3s 6s 5d 4d] [Kh]
NOMOS1984: checks
mitch4242: bets $6
NOMOS1984: folds
Uncalled bet ($6) returned to mitch4242
mitch4242 collected $29.50 from pot
*** SUMMARY ***
Total pot $30 | Rake $0.50
Board [3s 6s 5d 4d Kh]
Seat 4: NOMOS1984 (big blind) folded on the River
Seat 5: mitch4242 (button) (small blind) collected ($29.50)


PokerStars Hand #169385029312:  Hold'em Limit ($3/$6 USD) - 2017/04/22 2:31:01 ET
Table 'Caupolican' 6-max Seat #4 is the button
Seat 4: NOMOS1984 ($152.04 in chips)
Seat 5: mitch4242 ($50.26 in chips)
NOMOS1984: posts small blind $1
mitch4242: posts big blind $3
*** HOLE CARDS ***
NOMOS1984: raises $3 to $6
mitch4242: raises $3 to $9
NOMOS1984: calls $3
*** FLOP *** [7s Kd 6s]
mitch4242: bets $3
NOMOS1984: folds
Uncalled bet ($3) returned to mitch4242
mitch4242 collected $17.64 from pot
*** SUMMARY ***
Total pot $18 | Rake $0.36
Board [7s Kd 6s]
Seat 4: NOMOS1984 (button) (small blind) folded on the Flop
Seat 5: mitch4242 (big blind) collected ($17.64)


PokerStars Hand #169385040115:  Hold'em Limit ($3/$6 USD) - 2017/04/22 2:31:38 ET
Table 'Caupolican' 6-max Seat #4 is the button
Seat 4: NOMOS1984 ($128.04 in chips)
Seat 5: mitch4242 ($73.40 in chips)
NOMOS1984: posts small blind $1
mitch4242: posts big blind $3
*** HOLE CARDS ***
NOMOS1984: raises $3 to $6
mitch4242: calls $3
*** FLOP *** [Qc 5c 5d]
mitch4242: checks
NOMOS1984: bets $3
mitch4242: calls $3
*** TURN *** [Qc 5c 5d] [9c]
mitch4242: checks
NOMOS1984: checks
*** RIVER *** [Qc 5c 5d 9c] [9d]
mitch4242: bets $6
NOMOS1984: calls $6
*** SHOW DOWN ***
mitch4242: shows [9h 5h] (a full house, Nines full of Fives)
NOMOS1984: mucks hand
mitch4242 collected $29.50 from pot
*** SUMMARY ***
Total pot $30 | Rake $0.50
Board [Qc 5c 5d 9c 9d]
Seat 4: NOMOS1984 (button) (small blind) mucked
Seat 5: mitch4242 (big blind) showed [9h 5h] and won ($29.50) with a full house, Nines full of Fives


PokerStars Hand #169385053739:  Hold'em Limit ($3/$6 USD) - 2017/04/22 2:32:24 ET
Table 'Caupolican' 6-max Seat #5 is the button
Seat 4: NOMOS1984 ($120.68 in chips)
Seat 5: mitch4242 ($79.90 in chips)
mitch4242: posts small blind $1
NOMOS1984: posts big blind $3
*** HOLE CARDS ***
mitch4242: raises $3 to $6
NOMOS1984: calls $3
*** FLOP *** [9h Qd 3d]
NOMOS1984: checks
mitch4242: bets $3
NOMOS1984: calls $3
*** TURN *** [9h Qd 3d] [Qh]
NOMOS1984: checks
mitch4242: bets $6
NOMOS1984: raises $6 to $12
mitch4242: calls $6
*** RIVER *** [9h Qd 3d Qh] [8c]
NOMOS1984: checks
mitch4242: checks
*** SHOW DOWN ***
NOMOS1984: shows [Jd 8d] (two pair, Queens and Eights)
mitch4242: mucks hand
NOMOS1984 collected $41.50 from pot
*** SUMMARY ***
Total pot $42 | Rake $0.50
Board [9h Qd 3d Qh 8c]
Seat 4: NOMOS1984 (big blind) showed [Jd 8d] and won ($41.50) with two pair, Queens and Eights
Seat 5: mitch4242 (button) (small blind) mucked


PokerStars Hand #169385052217:  Hold'em Limit ($3/$6 USD) - 2017/04/22 2:32:19 ET
Table 'Caupolican' 6-max Seat #4 is the button
Seat 4: NOMOS1984 ($121.68 in chips)
Seat 5: mitch4242 ($78.90 in chips)
NOMOS1984: posts small blind $1
mitch4242: posts big blind $3
*** HOLE CARDS ***
NOMOS1984: folds
Uncalled bet ($2) returned to mitch4242
mitch4242 collected $2 from pot
*** SUMMARY ***
Total pot $2 | Rake $0
Seat 4: NOMOS1984 (button) (small blind) folded before Flop
Seat 5: mitch4242 (big blind) collected ($2)


PokerStars Hand #169385047806:  Hold'em Limit ($3/$6 USD) - 2017/04/22 2:32:04 ET
Table 'Caupolican' 6-max Seat #5 is the button
Seat 4: NOMOS1984 ($113.04 in chips)
Seat 5: mitch4242 ($87.90 in chips)
mitch4242: posts small blind $1
NOMOS1984: posts big blind $3
*** HOLE CARDS ***
mitch4242: raises $3 to $6
NOMOS1984: raises $3 to $9
mitch4242: calls $3
*** FLOP *** [Qs 4d 3c]
NOMOS1984: bets $3
mitch4242: folds
Uncalled bet ($3) returned to NOMOS1984
NOMOS1984 collected $17.64 from pot
*** SUMMARY ***
Total pot $18 | Rake $0.36
Board [Qs 4d 3c]
Seat 4: NOMOS1984 (big blind) collected ($17.64)
Seat 5: mitch4242 (button) (small blind) folded on the Flop


PokerStars Hand #169385062527:  Hold'em Limit ($3/$6 USD) - 2017/04/22 2:32:53 ET
Table 'Caupolican' 6-max Seat #4 is the button
Seat 4: NOMOS1984 ($141.18 in chips)
Seat 5: mitch4242 ($58.90 in chips)
NOMOS1984: posts small blind $1
mitch4242: posts big blind $3
*** HOLE CARDS ***
NOMOS1984: raises $3 to $6
mitch4242: calls $3
*** FLOP *** [9s 7c Jc]
mitch4242: bets $3
NOMOS1984: calls $3
*** TURN *** [9s 7c Jc] [Ah]
mitch4242: bets $6
NOMOS1984: raises $6 to $12
mitch4242: raises $6 to $18
NOMOS1984: calls $6
*** RIVER *** [9s 7c Jc Ah] [Ad]
mitch4242: bets $6
NOMOS1984: folds
Uncalled bet ($6) returned to mitch4242
mitch4242 collected $53.50 from pot
*** SUMMARY ***
Total pot $54 | Rake $0.50
Board [9s 7c Jc Ah Ad]
Seat 4: NOMOS1984 (button) (small blind) folded on the River
Seat 5: mitch4242 (big blind) collected ($53.50)


PokerStars Hand #169385080980:  Hold'em Limit ($3/$6 USD) - 2017/04/22 2:33:56 ET
Table 'Caupolican' 6-max Seat #5 is the button
Seat 4: NOMOS1984 ($90.18 in chips)
Seat 5: mitch4242 ($108.90 in chips)
mitch4242: posts small blind $1
NOMOS1984: posts big blind $3
*** HOLE CARDS ***
mitch4242: folds
Uncalled bet ($2) returned to NOMOS1984
NOMOS1984 collected $2 from pot
*** SUMMARY ***
Total pot $2 | Rake $0
Seat 4: NOMOS1984 (big blind) collected ($2)
Seat 5: mitch4242 (button) (small blind) folded before Flop


PokerStars Hand #169385073619:  Hold'em Limit ($3/$6 USD) - 2017/04/22 2:33:31 ET
Table 'Caupolican' 6-max Seat #4 is the button
Seat 4: NOMOS1984 ($111.18 in chips)
Seat 5: mitch4242 ($88.40 in chips)
NOMOS1984: posts small blind $1
mitch4242: posts big blind $3
*** HOLE CARDS ***
NOMOS1984: raises $3 to $6
mitch4242: calls $3
*** FLOP *** [3c 3d 6c]
mitch4242: checks
NOMOS1984: bets $3
mitch4242: calls $3
*** TURN *** [3c 3d 6c] [Tc]
mitch4242: checks
NOMOS1984: bets $6
mitch4242: calls $6
*** RIVER *** [3c 3d 6c Tc] [Ac]
mitch4242: bets $6
NOMOS1984: calls $6
*** SHOW DOWN ***
mitch4242: shows [Qc 5h] (a flush, Ace high)
NOMOS1984: mucks hand
mitch4242 collected $41.50 from pot
*** SUMMARY ***
Total pot $42 | Rake $0.50
Board [3c 3d 6c Tc Ac]
Seat 4: NOMOS1984 (button) (small blind) mucked
Seat 5: mitch4242 (big blind) showed [Qc 5h] and won ($41.50) with a flush, Ace high


PokerStars Hand #169385071401:  Hold'em Limit ($3/$6 USD) - 2017/04/22 2:33:23 ET
Table 'Caupolican' 6-max Seat #5 is the button
Seat 4: NOMOS1984 ($114.18 in chips)
Seat 5: mitch4242 ($85.40 in chips)
mitch4242: posts small blind $1
NOMOS1984: posts big blind $3
*** HOLE CARDS ***
mitch4242: raises $3 to $6
NOMOS1984: folds
Uncalled bet ($3) returned to mitch4242
mitch4242 collected $6 from pot
*** SUMMARY ***
Total pot $6 | Rake $0
Seat 4: NOMOS1984 (big blind) folded before Flop
Seat 5: mitch4242 (button) (small blind) collected ($6)


PokerStars Hand #169385087842:  Hold'em Limit ($3/$6 USD) - 2017/04/22 2:34:19 ET
Table 'Caupolican' 6-max Seat #5 is the button
Seat 4: NOMOS1984 ($70.18 in chips)
Seat 5: mitch4242 ($128.40 in chips)
mitch4242: posts small blind $1
NOMOS1984: posts big blind $3
*** HOLE CARDS ***
mitch4242: raises $3 to $6
NOMOS1984: calls $3
*** FLOP *** [5c 8c 8s]
NOMOS1984: checks
mitch4242: bets $3
NOMOS1984: calls $3
*** TURN *** [5c 8c 8s] [Ts]
NOMOS1984: checks
mitch4242: bets $6
NOMOS1984: calls $6
*** RIVER *** [5c 8c 8s Ts] [3s]
NOMOS1984: checks
mitch4242: checks
*** SHOW DOWN ***
NOMOS1984: shows [6h Ac] (a pair of Eights)
mitch4242: shows [As Kc] (a pair of Eights - Ace+King kicker)
mitch4242 collected $29.50 from pot
*** SUMMARY ***
Total pot $30 | Rake $0.50
Board [5c 8c 8s Ts 3s]
Seat 4: NOMOS1984 (big blind) showed [6h Ac] and lost with a pair of Eights
Seat 5: mitch4242 (button) (small blind) showed [As Kc] and won ($29.50) with a pair of Eights


PokerStars Hand #169385092592:  Hold'em Limit ($3/$6 USD) - 2017/04/22 2:34:35 ET
Table 'Caupolican' 6-max Seat #4 is the button
Seat 4: NOMOS1984 ($55.18 in chips)
Seat 5: mitch4242 ($142.90 in chips)
NOMOS1984: posts small blind $1
mitch4242: posts big blind $3
*** HOLE CARDS ***
NOMOS1984: raises $3 to $6
mitch4242: calls $3
*** FLOP *** [Jc Qd Kc]
mitch4242: bets $3
NOMOS1984: folds
Uncalled bet ($3) returned to mitch4242
mitch4242 collected $11.76 from pot
*** SUMMARY ***
Total pot $12 | Rake $0.24
Board [Jc Qd Kc]
Seat 4: NOMOS1984 (button) (small blind) folded on the Flop
Seat 5: mitch4242 (big blind) collected ($11.76)


PokerStars Hand #169385082260:  Hold'em Limit ($3/$6 USD) - 2017/04/22 2:34:00 ET
Table 'Caupolican' 6-max Seat #4 is the button
Seat 4: NOMOS1984 ($91.18 in chips)
Seat 5: mitch4242 ($107.90 in chips)
NOMOS1984: posts small blind $1
mitch4242: posts big blind $3
*** HOLE CARDS ***
NOMOS1984: raises $3 to $6
mitch4242: calls $3
*** FLOP *** [8h 6h Qc]
mitch4242: checks
NOMOS1984: bets $3
mitch4242: calls $3
*** TURN *** [8h 6h Qc] [Tc]
mitch4242: bets $6
NOMOS1984: calls $6
*** RIVER *** [8h 6h Qc Tc] [4d]
mitch4242: bets $6
NOMOS1984: calls $6
*** SHOW DOWN ***
mitch4242: shows [7c Td] (a pair of Tens)
NOMOS1984: mucks hand
mitch4242 collected $41.50 from pot
*** SUMMARY ***
Total pot $42 | Rake $0.50
Board [8h 6h Qc Tc 4d]
Seat 4: NOMOS1984 (button) (small blind) mucked
Seat 5: mitch4242 (big blind) showed [7c Td] and won ($41.50) with a pair of Tens


