PokerStars Hand #155570379052:  Hold'em Limit ($3/$6 USD) - 2016/07/04 18:22:31 ET
Table 'Cebalrai' 10-max Seat #1 is the button
Seat 1: LifeisagameX ($47.76 in chips)
Seat 5: beekka ($71.50 in chips)
LifeisagameX: posts small blind $1
beekka: posts big blind $3
*** HOLE CARDS ***
LifeisagameX: raises $3 to $6
beekka: calls $3
*** FLOP *** [2c Ks 3d]
beekka: checks
LifeisagameX: checks
*** TURN *** [2c Ks 3d] [7c]
beekka: bets $6
LifeisagameX: calls $6
*** RIVER *** [2c Ks 3d 7c] [Jh]
beekka: bets $6
LifeisagameX: calls $6
*** SHOW DOWN ***
beekka: shows [4c 4h] (a pair of Fours)
LifeisagameX: mucks hand
beekka collected $35.50 from pot
*** SUMMARY ***
Total pot $36 | Rake $0.50
Board [2c Ks 3d 7c Jh]
Seat 1: LifeisagameX (button) (small blind) mucked
Seat 5: beekka (big blind) showed [4c 4h] and won ($35.50) with a pair of Fours


PokerStars Hand #155570474475:  Hold'em Limit ($3/$6 USD) - 2016/07/04 18:24:41 ET
Table 'Cebalrai' 10-max Seat #6 is the button
Seat 5: beekka ($70.74 in chips)
Seat 6: anetkaapro ($111 in chips)
anetkaapro: posts small blind $1
beekka: posts big blind $3
*** HOLE CARDS ***
anetkaapro: raises $3 to $6
beekka: calls $3
*** FLOP *** [3h Jh Kh]
beekka: checks
anetkaapro: checks
*** TURN *** [3h Jh Kh] [9h]
beekka: bets $6
anetkaapro: folds
Uncalled bet ($6) returned to beekka
beekka collected $11.76 from pot
beekka: doesn't show hand
*** SUMMARY ***
Total pot $12 | Rake $0.24
Board [3h Jh Kh 9h]
Seat 5: beekka (big blind) collected ($11.76)
Seat 6: anetkaapro (button) (small blind) folded on the Turn


PokerStars Hand #155570471413:  Hold'em Limit ($3/$6 USD) - 2016/07/04 18:24:36 ET
Table 'Cebalrai' 10-max Seat #5 is the button
Seat 5: beekka ($71.74 in chips)
Seat 6: anetkaapro ($110 in chips)
beekka: posts small blind $1
anetkaapro: posts big blind $3
*** HOLE CARDS ***
LifeisagameX leaves the table
beekka: folds
Uncalled bet ($2) returned to anetkaapro
anetkaapro collected $2 from pot
anetkaapro: doesn't show hand
*** SUMMARY ***
Total pot $2 | Rake $0
Seat 5: beekka (button) (small blind) folded before Flop
Seat 6: anetkaapro (big blind) collected ($2)


PokerStars Hand #155570506234:  Hold'em Limit ($3/$6 USD) - 2016/07/04 18:25:28 ET
Table 'Cebalrai' 10-max Seat #6 is the button
Seat 5: beekka ($64.50 in chips)
Seat 6: anetkaapro ($116.52 in chips)
anetkaapro: posts small blind $1
beekka: posts big blind $3
*** HOLE CARDS ***
anetkaapro: raises $3 to $6
beekka: calls $3
*** FLOP *** [8s Tc 7d]
beekka: checks
anetkaapro: bets $3
beekka: calls $3
*** TURN *** [8s Tc 7d] [Ts]
beekka: checks
anetkaapro: bets $6
beekka: calls $6
*** RIVER *** [8s Tc 7d Ts] [6c]
beekka: checks
anetkaapro: bets $6
beekka: raises $6 to $12
anetkaapro: raises $6 to $18
beekka: calls $6
*** SHOW DOWN ***
anetkaapro: shows [9d Jd] (a straight, Seven to Jack)
beekka: mucks hand
anetkaapro collected $65.50 from pot
*** SUMMARY ***
Total pot $66 | Rake $0.50
Board [8s Tc 7d Ts 6c]
Seat 5: beekka (big blind) mucked
Seat 6: anetkaapro (button) (small blind) showed [9d Jd] and won ($65.50) with a straight, Seven to Jack


PokerStars Hand #155570487686:  Hold'em Limit ($3/$6 USD) - 2016/07/04 18:25:00 ET
Table 'Cebalrai' 10-max Seat #5 is the button
Seat 5: beekka ($76.50 in chips)
Seat 6: anetkaapro ($105 in chips)
beekka: posts small blind $1
anetkaapro: posts big blind $3
*** HOLE CARDS ***
beekka: raises $3 to $6
anetkaapro: raises $3 to $9
beekka: calls $3
*** FLOP *** [Ac Ah 4c]
anetkaapro: bets $3
beekka: calls $3
*** TURN *** [Ac Ah 4c] [Kh]
anetkaapro: bets $6
beekka: folds
Uncalled bet ($6) returned to anetkaapro
anetkaapro collected $23.52 from pot
anetkaapro: doesn't show hand
*** SUMMARY ***
Total pot $24 | Rake $0.48
Board [Ac Ah 4c Kh]
Seat 5: beekka (button) (small blind) folded on the Turn
Seat 6: anetkaapro (big blind) collected ($23.52)


PokerStars Hand #155570554040:  Hold'em Limit ($3/$6 USD) - 2016/07/04 18:26:39 ET
Table 'Cebalrai' 10-max Seat #5 is the button
Seat 5: beekka ($7.25 in chips)
Seat 6: anetkaapro ($172.27 in chips)
beekka: posts small blind $1
anetkaapro: posts big blind $3
*** HOLE CARDS ***
beekka: raises $3 to $6
anetkaapro: raises $3 to $9
beekka: calls $1.25 and is all-in
Uncalled bet ($1.75) returned to anetkaapro
*** FLOP *** [Ah 3h 8c]
*** TURN *** [Ah 3h 8c] [2s]
*** RIVER *** [Ah 3h 8c 2s] [4h]
*** SHOW DOWN ***
anetkaapro: shows [Qh 9h] (a flush, Ace high)
beekka: shows [Jh 9s] (high card Ace)
anetkaapro collected $14.21 from pot
*** SUMMARY ***
Total pot $14.50 | Rake $0.29
Board [Ah 3h 8c 2s 4h]
Seat 5: beekka (button) (small blind) showed [Jh 9s] and lost with high card Ace
Seat 6: anetkaapro (big blind) showed [Qh 9h] and won ($14.21) with a flush, Ace high


PokerStars Hand #155570543800:  Hold'em Limit ($3/$6 USD) - 2016/07/04 18:26:24 ET
Table 'Cebalrai' 10-max Seat #6 is the button
Seat 5: beekka ($31.25 in chips)
Seat 6: anetkaapro ($148.77 in chips)
anetkaapro: posts small blind $1
beekka: posts big blind $3
*** HOLE CARDS ***
anetkaapro: raises $3 to $6
beekka: raises $3 to $9
anetkaapro: calls $3
*** FLOP *** [Qs 5d 8h]
beekka: bets $3
anetkaapro: calls $3
*** TURN *** [Qs 5d 8h] [6s]
beekka: bets $6
anetkaapro: calls $6
*** RIVER *** [Qs 5d 8h 6s] [9d]
beekka: bets $6
anetkaapro: raises $6 to $12
beekka: folds
Uncalled bet ($6) returned to anetkaapro
anetkaapro collected $47.50 from pot
anetkaapro: doesn't show hand
*** SUMMARY ***
Total pot $48 | Rake $0.50
Board [Qs 5d 8h 6s 9d]
Seat 5: beekka (big blind) folded on the River
Seat 6: anetkaapro (button) (small blind) collected ($47.50)


PokerStars Hand #155570525151:  Hold'em Limit ($3/$6 USD) - 2016/07/04 18:25:56 ET
Table 'Cebalrai' 10-max Seat #5 is the button
Seat 5: beekka ($31.50 in chips)
Seat 6: anetkaapro ($149.02 in chips)
beekka: posts small blind $1
anetkaapro: posts big blind $3
*** HOLE CARDS ***
beekka: raises $3 to $6
anetkaapro: calls $3
*** FLOP *** [4c 7h Kc]
anetkaapro: checks
beekka: bets $3
anetkaapro: raises $3 to $6
beekka: calls $3
*** TURN *** [4c 7h Kc] [2c]
anetkaapro: bets $6
beekka: raises $6 to $12
anetkaapro: raises $6 to $18
beekka: raises $1.50 to $19.50 and is all-in
Betting is capped
anetkaapro: calls $1.50
*** RIVER *** [4c 7h Kc 2c] [5s]
*** SHOW DOWN ***
anetkaapro: shows [Kd 7c] (two pair, Kings and Sevens)
beekka: shows [7s Ks] (two pair, Kings and Sevens)
anetkaapro collected $31.25 from pot
beekka collected $31.25 from pot
*** SUMMARY ***
Total pot $63 | Rake $0.50
Board [4c 7h Kc 2c 5s]
Seat 5: beekka (button) (small blind) showed [7s Ks] and won ($31.25) with two pair, Kings and Sevens
Seat 6: anetkaapro (big blind) showed [Kd 7c] and won ($31.25) with two pair, Kings and Sevens


PokerStars Hand #155570573485:  Hold'em Limit ($3/$6 USD) - 2016/07/04 18:27:09 ET
Table 'Cebalrai' 10-max Seat #6 is the button
Seat 5: beekka ($60 in chips)
Seat 6: anetkaapro ($179.23 in chips)
anetkaapro: posts small blind $1
beekka: posts big blind $3
*** HOLE CARDS ***
anetkaapro: raises $3 to $6
beekka: calls $3
*** FLOP *** [7h 2c 3h]
beekka: checks
anetkaapro: bets $3
beekka: calls $3
*** TURN *** [7h 2c 3h] [6c]
beekka: checks
anetkaapro: bets $6
beekka: calls $6
*** RIVER *** [7h 2c 3h 6c] [4s]
beekka: checks
anetkaapro: bets $6
beekka: calls $6
*** SHOW DOWN ***
anetkaapro: shows [5d 9c] (a straight, Three to Seven)
beekka: mucks hand
anetkaapro collected $41.50 from pot
*** SUMMARY ***
Total pot $42 | Rake $0.50
Board [7h 2c 3h 6c 4s]
Seat 5: beekka (big blind) mucked
Seat 6: anetkaapro (button) (small blind) showed [5d 9c] and won ($41.50) with a straight, Three to Seven


PokerStars Hand #155570597614:  Hold'em Limit ($3/$6 USD) - 2016/07/04 18:27:45 ET
Table 'Cebalrai' 10-max Seat #5 is the button
Seat 5: beekka ($39 in chips)
Seat 6: anetkaapro ($199.73 in chips)
beekka: posts small blind $1
anetkaapro: posts big blind $3
*** HOLE CARDS ***
beekka: folds
Uncalled bet ($2) returned to anetkaapro
anetkaapro collected $2 from pot
anetkaapro: doesn't show hand
*** SUMMARY ***
Total pot $2 | Rake $0
Seat 5: beekka (button) (small blind) folded before Flop
Seat 6: anetkaapro (big blind) collected ($2)


PokerStars Hand #155570600383:  Hold'em Limit ($3/$6 USD) - 2016/07/04 18:27:49 ET
Table 'Cebalrai' 10-max Seat #6 is the button
Seat 5: beekka ($38 in chips)
Seat 6: anetkaapro ($200.73 in chips)
anetkaapro: posts small blind $1
beekka: posts big blind $3
*** HOLE CARDS ***
anetkaapro: raises $3 to $6
beekka: calls $3
*** FLOP *** [3d Qd 3s]
beekka: checks
anetkaapro: bets $3
beekka: calls $3
*** TURN *** [3d Qd 3s] [Ks]
beekka: checks
anetkaapro: bets $6
beekka: raises $6 to $12
anetkaapro: calls $6
*** RIVER *** [3d Qd 3s Ks] [5h]
beekka: bets $6
anetkaapro: calls $6
*** SHOW DOWN ***
beekka: shows [7d Qs] (two pair, Queens and Threes)
anetkaapro: shows [Kd Jd] (two pair, Kings and Threes)
anetkaapro collected $53.50 from pot
*** SUMMARY ***
Total pot $54 | Rake $0.50
Board [3d Qd 3s Ks 5h]
Seat 5: beekka (big blind) showed [7d Qs] and lost with two pair, Queens and Threes
Seat 6: anetkaapro (button) (small blind) showed [Kd Jd] and won ($53.50) with two pair, Kings and Threes


PokerStars Hand #155570612564:  Hold'em Limit ($3/$6 USD) - 2016/07/04 18:28:07 ET
Table 'Cebalrai' 10-max Seat #5 is the button
Seat 5: beekka ($11 in chips)
Seat 6: anetkaapro ($227.23 in chips)
beekka: posts small blind $1
anetkaapro: posts big blind $3
*** HOLE CARDS ***
beekka: raises $3 to $6
anetkaapro: raises $3 to $9
beekka: calls $3
*** FLOP *** [Ah Qs 6c]
anetkaapro: bets $3
beekka: calls $2 and is all-in
Uncalled bet ($1) returned to anetkaapro
*** TURN *** [Ah Qs 6c] [6h]
*** RIVER *** [Ah Qs 6c 6h] [7c]
*** SHOW DOWN ***
anetkaapro: shows [4h As] (two pair, Aces and Sixes)
beekka: shows [7h 9c] (two pair, Sevens and Sixes)
anetkaapro collected $21.56 from pot
*** SUMMARY ***
Total pot $22 | Rake $0.44
Board [Ah Qs 6c 6h 7c]
Seat 5: beekka (button) (small blind) showed [7h 9c] and lost with two pair, Sevens and Sixes
Seat 6: anetkaapro (big blind) showed [4h As] and won ($21.56) with two pair, Aces and Sixes


PokerStars Hand #155570632389:  Hold'em Limit ($3/$6 USD) - 2016/07/04 18:28:37 ET
Table 'Cebalrai' 10-max Seat #6 is the button
Seat 5: beekka ($60 in chips)
Seat 6: anetkaapro ($237.79 in chips)
anetkaapro: posts small blind $1
beekka: posts big blind $3
*** HOLE CARDS ***
anetkaapro: raises $3 to $6
beekka: folds
Uncalled bet ($3) returned to anetkaapro
anetkaapro collected $6 from pot
anetkaapro: doesn't show hand
*** SUMMARY ***
Total pot $6 | Rake $0
Seat 5: beekka (big blind) folded before Flop
Seat 6: anetkaapro (button) (small blind) collected ($6)


PokerStars Hand #155570636592:  Hold'em Limit ($3/$6 USD) - 2016/07/04 18:28:44 ET
Table 'Cebalrai' 10-max Seat #5 is the button
Seat 5: beekka ($57 in chips)
Seat 6: anetkaapro ($240.79 in chips)
beekka: posts small blind $1
anetkaapro: posts big blind $3
*** HOLE CARDS ***
beekka: raises $3 to $6
anetkaapro: calls $3
*** FLOP *** [6c 3c 5d]
anetkaapro: checks
beekka: bets $3
anetkaapro: calls $3
*** TURN *** [6c 3c 5d] [Tc]
anetkaapro: checks
beekka: bets $6
anetkaapro: calls $6
*** RIVER *** [6c 3c 5d Tc] [4s]
anetkaapro: checks
beekka: bets $6
Zubasa07 joins the table at seat #7
anetkaapro: folds
Uncalled bet ($6) returned to beekka
beekka collected $29.50 from pot
beekka: doesn't show hand
*** SUMMARY ***
Total pot $30 | Rake $0.50
Board [6c 3c 5d Tc 4s]
Seat 5: beekka (button) (small blind) collected ($29.50)
Seat 6: anetkaapro (big blind) folded on the River


PokerStars Hand #155570761512:  Hold'em Limit ($3/$6 USD) - 2016/07/04 18:31:55 ET
Table 'Cebalrai' 10-max Seat #6 is the button
Seat 5: beekka ($25.96 in chips)
Seat 6: anetkaapro ($276.79 in chips)
anetkaapro: posts small blind $1
Zubasa07: is sitting out
beekka: posts big blind $3
*** HOLE CARDS ***
anetkaapro: raises $3 to $6
beekka: calls $3
*** FLOP *** [Ks 8c Jh]
beekka: checks
anetkaapro: bets $3
beekka: folds
Uncalled bet ($3) returned to anetkaapro
anetkaapro collected $11.76 from pot
anetkaapro: doesn't show hand
Zubasa07 leaves the table
*** SUMMARY ***
Total pot $12 | Rake $0.24
Board [Ks 8c Jh]
Seat 5: beekka (big blind) folded on the Flop
Seat 6: anetkaapro (button) (small blind) collected ($11.76)


PokerStars Hand #155570767455:  Hold'em Limit ($3/$6 USD) - 2016/07/04 18:32:04 ET
Table 'Cebalrai' 10-max Seat #5 is the button
Seat 5: beekka ($19.96 in chips)
Seat 6: anetkaapro ($282.55 in chips)
beekka: posts small blind $1
anetkaapro: posts big blind $3
*** HOLE CARDS ***
beekka: raises $3 to $6
anetkaapro: calls $3
*** FLOP *** [Tc 5s 6s]
anetkaapro: checks
beekka: bets $3
anetkaapro: folds
Uncalled bet ($3) returned to beekka
beekka collected $11.76 from pot
beekka: doesn't show hand
*** SUMMARY ***
Total pot $12 | Rake $0.24
Board [Tc 5s 6s]
Seat 5: beekka (button) (small blind) collected ($11.76)
Seat 6: anetkaapro (big blind) folded on the Flop


PokerStars Hand #155570773132:  Hold'em Limit ($3/$6 USD) - 2016/07/04 18:32:13 ET
Table 'Cebalrai' 10-max Seat #6 is the button
Seat 5: beekka ($25.72 in chips)
Seat 6: anetkaapro ($276.55 in chips)
anetkaapro: posts small blind $1
beekka: posts big blind $3
*** HOLE CARDS ***
anetkaapro: raises $3 to $6
beekka: raises $3 to $9
anetkaapro: calls $3
*** FLOP *** [Jh Ac Qh]
beekka: bets $3
anetkaapro: folds
Uncalled bet ($3) returned to beekka
beekka collected $17.64 from pot
beekka: doesn't show hand
*** SUMMARY ***
Total pot $18 | Rake $0.36
Board [Jh Ac Qh]
Seat 5: beekka (big blind) collected ($17.64)
Seat 6: anetkaapro (button) (small blind) folded on the Flop


PokerStars Hand #155570780193:  Hold'em Limit ($3/$6 USD) - 2016/07/04 18:32:23 ET
Table 'Cebalrai' 10-max Seat #5 is the button
Seat 5: beekka ($34.36 in chips)
Seat 6: anetkaapro ($267.55 in chips)
beekka: posts small blind $1
anetkaapro: posts big blind $3
*** HOLE CARDS ***
beekka: raises $3 to $6
anetkaapro: raises $3 to $9
beekka: calls $3
*** FLOP *** [6h 8s 7h]
anetkaapro: bets $3
beekka: raises $3 to $6
anetkaapro: calls $3
*** TURN *** [6h 8s 7h] [Ts]
anetkaapro: checks
beekka: bets $6
anetkaapro: calls $6
*** RIVER *** [6h 8s 7h Ts] [4s]
anetkaapro: checks
beekka: bets $6
anetkaapro: raises $6 to $12
beekka: raises $1.36 to $13.36 and is all-in
anetkaapro: calls $1.36
*** SHOW DOWN ***
beekka: shows [Qh 9d] (a straight, Six to Ten)
anetkaapro: shows [6s Ks] (a flush, King high)
anetkaapro collected $68.22 from pot
*** SUMMARY ***
Total pot $68.72 | Rake $0.50
Board [6h 8s 7h Ts 4s]
Seat 5: beekka (button) (small blind) showed [Qh 9d] and lost with a straight, Six to Ten
Seat 6: anetkaapro (big blind) showed [6s Ks] and won ($68.22) with a flush, King high


