PokerStars Hand #161045969701:  Hold'em Limit ($3/$6 USD) - 2016/11/07 12:00:56 ET
Table 'Cebriones II' 6-max Seat #4 is the button
Seat 3: KingYang2008 ($119.82 in chips)
Seat 4: assitoni ($72 in chips)
assitoni: posts small blind $1
KingYang2008: posts big blind $3
*** HOLE CARDS ***
assitoni: folds
Uncalled bet ($2) returned to KingYang2008
KingYang2008 collected $2 from pot
KingYang2008: doesn't show hand
*** SUMMARY ***
Total pot $2 | Rake $0
Seat 3: KingYang2008 (big blind) collected ($2)
Seat 4: assitoni (button) (small blind) folded before Flop


PokerStars Hand #161045949949:  Hold'em Limit ($3/$6 USD) - 2016/11/07 12:00:28 ET
Table 'Cebriones II' 6-max Seat #3 is the button
Seat 3: KingYang2008 ($120 in chips)
Seat 4: assitoni ($72 in chips)
KingYang2008: posts small blind $1
assitoni: posts big blind $3
*** HOLE CARDS ***
KingYang2008: raises $3 to $6
assitoni: calls $3
*** FLOP *** [4d 6h 5h]
assitoni: checks
KingYang2008: bets $3
assitoni: calls $3
*** TURN *** [4d 6h 5h] [7s]
assitoni: checks
KingYang2008: checks
*** RIVER *** [4d 6h 5h 7s] [8s]
assitoni: checks
KingYang2008: checks
*** SHOW DOWN ***
assitoni: shows [2c Ad] (a straight, Four to Eight)
KingYang2008: shows [6s 4s] (a straight, Four to Eight)
assitoni collected $8.82 from pot
KingYang2008 collected $8.82 from pot
*** SUMMARY ***
Total pot $18 | Rake $0.36
Board [4d 6h 5h 7s 8s]
Seat 3: KingYang2008 (button) (small blind) showed [6s 4s] and won ($8.82) with a straight, Four to Eight
Seat 4: assitoni (big blind) showed [2c Ad] and won ($8.82) with a straight, Four to Eight


PokerStars Hand #161046014282:  Hold'em Limit ($3/$6 USD) - 2016/11/07 12:01:54 ET
Table 'Cebriones II' 6-max Seat #4 is the button
Seat 3: KingYang2008 ($135.32 in chips)
Seat 4: assitoni ($72 in chips)
assitoni: posts small blind $1
KingYang2008: posts big blind $3
*** HOLE CARDS ***
assitoni: raises $3 to $6
KingYang2008: folds
Uncalled bet ($3) returned to assitoni
assitoni collected $6 from pot
assitoni: doesn't show hand
*** SUMMARY ***
Total pot $6 | Rake $0
Seat 3: KingYang2008 (big blind) folded before Flop
Seat 4: assitoni (button) (small blind) collected ($6)


PokerStars Hand #161045974992:  Hold'em Limit ($3/$6 USD) - 2016/11/07 12:01:03 ET
Table 'Cebriones II' 6-max Seat #3 is the button
Seat 3: KingYang2008 ($120.82 in chips)
Seat 4: assitoni ($72 in chips)
KingYang2008: posts small blind $1
assitoni: posts big blind $3
*** HOLE CARDS ***
KingYang2008: raises $3 to $6
assitoni: calls $3
*** FLOP *** [Jd 3s 5s]
assitoni: checks
KingYang2008: bets $3
assitoni: calls $3
*** TURN *** [Jd 3s 5s] [Js]
assitoni: checks
KingYang2008: bets $6
assitoni: calls $6
*** RIVER *** [Jd 3s 5s Js] [4c]
assitoni: checks
KingYang2008: bets $6
assitoni: folds
Uncalled bet ($6) returned to KingYang2008
KingYang2008 collected $29.50 from pot
KingYang2008: doesn't show hand
*** SUMMARY ***
Total pot $30 | Rake $0.50
Board [Jd 3s 5s Js 4c]
Seat 3: KingYang2008 (button) (small blind) collected ($29.50)
Seat 4: assitoni (big blind) folded on the River


PokerStars Hand #161046074801:  Hold'em Limit ($3/$6 USD) - 2016/11/07 12:03:10 ET
Table 'Cebriones II' 6-max Seat #4 is the button
Seat 3: KingYang2008 ($106.32 in chips)
Seat 4: assitoni ($100.50 in chips)
assitoni: posts small blind $1
KingYang2008: posts big blind $3
*** HOLE CARDS ***
assitoni: raises $3 to $6
KingYang2008: calls $3
*** FLOP *** [Td Ac 9d]
KingYang2008: checks
assitoni: bets $3
KingYang2008: folds
Uncalled bet ($3) returned to assitoni
assitoni collected $11.76 from pot
assitoni: doesn't show hand
*** SUMMARY ***
Total pot $12 | Rake $0.24
Board [Td Ac 9d]
Seat 3: KingYang2008 (big blind) folded on the Flop
Seat 4: assitoni (button) (small blind) collected ($11.76)


PokerStars Hand #161046065155:  Hold'em Limit ($3/$6 USD) - 2016/11/07 12:02:58 ET
Table 'Cebriones II' 6-max Seat #3 is the button
Seat 3: KingYang2008 ($103.32 in chips)
Seat 4: assitoni ($103.50 in chips)
KingYang2008: posts small blind $1
assitoni: posts big blind $3
*** HOLE CARDS ***
KingYang2008: raises $3 to $6
assitoni: folds
Uncalled bet ($3) returned to KingYang2008
KingYang2008 collected $6 from pot
KingYang2008: doesn't show hand
*** SUMMARY ***
Total pot $6 | Rake $0
Seat 3: KingYang2008 (button) (small blind) collected ($6)
Seat 4: assitoni (big blind) folded before Flop


PokerStars Hand #161046061091:  Hold'em Limit ($3/$6 USD) - 2016/11/07 12:02:53 ET
Table 'Cebriones II' 6-max Seat #4 is the button
Seat 3: KingYang2008 ($102.32 in chips)
Seat 4: assitoni ($104.50 in chips)
assitoni: posts small blind $1
KingYang2008: posts big blind $3
*** HOLE CARDS ***
assitoni: folds
Uncalled bet ($2) returned to KingYang2008
KingYang2008 collected $2 from pot
KingYang2008: doesn't show hand
*** SUMMARY ***
Total pot $2 | Rake $0
Seat 3: KingYang2008 (big blind) collected ($2)
Seat 4: assitoni (button) (small blind) folded before Flop


PokerStars Hand #161046019649:  Hold'em Limit ($3/$6 USD) - 2016/11/07 12:02:01 ET
Table 'Cebriones II' 6-max Seat #3 is the button
Seat 3: KingYang2008 ($132.32 in chips)
Seat 4: assitoni ($75 in chips)
KingYang2008: posts small blind $1
assitoni: posts big blind $3
*** HOLE CARDS ***
KingYang2008: raises $3 to $6
assitoni: calls $3
*** FLOP *** [Tc 2c Kc]
assitoni: checks
KingYang2008: bets $3
assitoni: raises $3 to $6
KingYang2008: raises $3 to $9
assitoni: raises $3 to $12
Betting is capped
KingYang2008: calls $3
*** TURN *** [Tc 2c Kc] [9d]
assitoni: bets $6
KingYang2008: calls $6
*** RIVER *** [Tc 2c Kc 9d] [8s]
assitoni: bets $6
KingYang2008: calls $6
*** SHOW DOWN ***
assitoni: shows [Jc 7c] (a flush, King high)
KingYang2008: mucks hand
assitoni collected $59.50 from pot
*** SUMMARY ***
Total pot $60 | Rake $0.50
Board [Tc 2c Kc 9d 8s]
Seat 3: KingYang2008 (button) (small blind) mucked
Seat 4: assitoni (big blind) showed [Jc 7c] and won ($59.50) with a flush, King high


PokerStars Hand #161046096884:  Hold'em Limit ($3/$6 USD) - 2016/11/07 12:03:38 ET
Table 'Cebriones II' 6-max Seat #4 is the button
Seat 3: KingYang2008 ($106.08 in chips)
Seat 4: assitoni ($100.26 in chips)
assitoni: posts small blind $1
KingYang2008: posts big blind $3
*** HOLE CARDS ***
assitoni: folds
Uncalled bet ($2) returned to KingYang2008
KingYang2008 collected $2 from pot
KingYang2008: doesn't show hand
*** SUMMARY ***
Total pot $2 | Rake $0
Seat 3: KingYang2008 (big blind) collected ($2)
Seat 4: assitoni (button) (small blind) folded before Flop


PokerStars Hand #161046085135:  Hold'em Limit ($3/$6 USD) - 2016/11/07 12:03:23 ET
Table 'Cebriones II' 6-max Seat #3 is the button
Seat 3: KingYang2008 ($100.32 in chips)
Seat 4: assitoni ($106.26 in chips)
KingYang2008: posts small blind $1
assitoni: posts big blind $3
*** HOLE CARDS ***
KingYang2008: raises $3 to $6
assitoni: calls $3
*** FLOP *** [3h 8s 2s]
assitoni: checks
KingYang2008: bets $3
assitoni: folds
Uncalled bet ($3) returned to KingYang2008
KingYang2008 collected $11.76 from pot
KingYang2008: doesn't show hand
*** SUMMARY ***
Total pot $12 | Rake $0.24
Board [3h 8s 2s]
Seat 3: KingYang2008 (button) (small blind) collected ($11.76)
Seat 4: assitoni (big blind) folded on the Flop


PokerStars Hand #161046145008:  Hold'em Limit ($3/$6 USD) - 2016/11/07 12:04:38 ET
Table 'Cebriones II' 6-max Seat #4 is the button
Seat 3: KingYang2008 ($112.84 in chips)
Seat 4: assitoni ($93.26 in chips)
assitoni: posts small blind $1
KingYang2008: posts big blind $3
*** HOLE CARDS ***
assitoni: raises $3 to $6
KingYang2008: folds
Uncalled bet ($3) returned to assitoni
assitoni collected $6 from pot
assitoni: doesn't show hand
*** SUMMARY ***
Total pot $6 | Rake $0
Seat 3: KingYang2008 (big blind) folded before Flop
Seat 4: assitoni (button) (small blind) collected ($6)


PokerStars Hand #161046109928:  Hold'em Limit ($3/$6 USD) - 2016/11/07 12:03:54 ET
Table 'Cebriones II' 6-max Seat #3 is the button
Seat 3: KingYang2008 ($107.08 in chips)
Seat 4: assitoni ($99.26 in chips)
KingYang2008: posts small blind $1
assitoni: posts big blind $3
*** HOLE CARDS ***
KingYang2008: raises $3 to $6
assitoni: calls $3
*** FLOP *** [Jc Js 9c]
assitoni: checks
KingYang2008: bets $3
assitoni: folds
Uncalled bet ($3) returned to KingYang2008
KingYang2008 collected $11.76 from pot
KingYang2008: doesn't show hand
*** SUMMARY ***
Total pot $12 | Rake $0.24
Board [Jc Js 9c]
Seat 3: KingYang2008 (button) (small blind) collected ($11.76)
Seat 4: assitoni (big blind) folded on the Flop


PokerStars Hand #161046260921:  Hold'em Limit ($3/$6 USD) - 2016/11/07 12:07:01 ET
Table 'Cebriones II' 6-max Seat #3 is the button
Seat 2: SLK500 ($50.43 in chips)
Seat 3: KingYang2008 ($100.19 in chips)
KingYang2008: posts small blind $1
assitoni: is sitting out
SLK500: posts big blind $3
*** HOLE CARDS ***
KingYang2008: raises $3 to $6
SLK500: folds
Uncalled bet ($3) returned to KingYang2008
KingYang2008 collected $6 from pot
KingYang2008: doesn't show hand
*** SUMMARY ***
Total pot $6 | Rake $0
Seat 2: SLK500 (big blind) folded before Flop
Seat 3: KingYang2008 (button) (small blind) collected ($6)


PokerStars Hand #161046274446:  Hold'em Limit ($3/$6 USD) - 2016/11/07 12:07:18 ET
Table 'Cebriones II' 6-max Seat #2 is the button
Seat 2: SLK500 ($47.43 in chips)
Seat 3: KingYang2008 ($103.19 in chips)
SLK500: posts small blind $1
KingYang2008: posts big blind $3
*** HOLE CARDS ***
SLK500: raises $3 to $6
KingYang2008: calls $3
*** FLOP *** [9d Kh 3s]
KingYang2008: checks
SLK500: bets $3
KingYang2008: folds
Uncalled bet ($3) returned to SLK500
SLK500 collected $11.76 from pot
SLK500: doesn't show hand
*** SUMMARY ***
Total pot $12 | Rake $0.24
Board [9d Kh 3s]
Seat 2: SLK500 (button) (small blind) collected ($11.76)
Seat 3: KingYang2008 (big blind) folded on the Flop


PokerStars Hand #161046298741:  Hold'em Limit ($3/$6 USD) - 2016/11/07 12:07:48 ET
Table 'Cebriones II' 6-max Seat #2 is the button
Seat 2: SLK500 ($61.83 in chips)
Seat 3: KingYang2008 ($88.19 in chips)
SLK500: posts small blind $1
KingYang2008: posts big blind $3
*** HOLE CARDS ***
SLK500: folds
Uncalled bet ($2) returned to KingYang2008
KingYang2008 collected $2 from pot
KingYang2008: doesn't show hand
*** SUMMARY ***
Total pot $2 | Rake $0
Seat 2: SLK500 (button) (small blind) folded before Flop
Seat 3: KingYang2008 (big blind) collected ($2)


PokerStars Hand #161046286582:  Hold'em Limit ($3/$6 USD) - 2016/11/07 12:07:33 ET
Table 'Cebriones II' 6-max Seat #3 is the button
Seat 2: SLK500 ($53.19 in chips)
Seat 3: KingYang2008 ($97.19 in chips)
KingYang2008: posts small blind $1
SLK500: posts big blind $3
*** HOLE CARDS ***
KingYang2008: raises $3 to $6
SLK500: raises $3 to $9
KingYang2008: calls $3
*** FLOP *** [Tc Jh Jd]
SLK500: bets $3
KingYang2008: folds
Uncalled bet ($3) returned to SLK500
SLK500 collected $17.64 from pot
SLK500: doesn't show hand
*** SUMMARY ***
Total pot $18 | Rake $0.36
Board [Tc Jh Jd]
Seat 2: SLK500 (big blind) collected ($17.64)
Seat 3: KingYang2008 (button) (small blind) folded on the Flop


PokerStars Hand #161046302965:  Hold'em Limit ($3/$6 USD) - 2016/11/07 12:07:53 ET
Table 'Cebriones II' 6-max Seat #3 is the button
Seat 2: SLK500 ($60.83 in chips)
Seat 3: KingYang2008 ($89.19 in chips)
KingYang2008: posts small blind $1
SLK500: posts big blind $3
*** HOLE CARDS ***
KingYang2008: raises $3 to $6
SLK500: raises $3 to $9
liza3008 joins the table at seat #5
KingYang2008: calls $3
*** FLOP *** [Ad Jc 8h]
SLK500: bets $3
KingYang2008: calls $3
*** TURN *** [Ad Jc 8h] [8c]
Psynto joins the table at seat #6
SLK500: checks
KingYang2008: bets $6
SLK500: folds
Uncalled bet ($6) returned to KingYang2008
KingYang2008 collected $23.52 from pot
KingYang2008: doesn't show hand
*** SUMMARY ***
Total pot $24 | Rake $0.48
Board [Ad Jc 8h 8c]
Seat 2: SLK500 (big blind) folded on the Turn
Seat 3: KingYang2008 (button) (small blind) collected ($23.52)


PokerStars Hand #161046325053:  Hold'em Limit ($3/$6 USD) - 2016/11/07 12:08:20 ET
Table 'Cebriones II' 6-max Seat #2 is the button
Seat 2: SLK500 ($48.83 in chips)
Seat 3: KingYang2008 ($100.71 in chips)
SLK500: posts small blind $1
KingYang2008: posts big blind $3
*** HOLE CARDS ***
SLK500: folds
Uncalled bet ($2) returned to KingYang2008
KingYang2008 collected $2 from pot
KingYang2008: doesn't show hand
*** SUMMARY ***
Total pot $2 | Rake $0
Seat 2: SLK500 (button) (small blind) folded before Flop
Seat 3: KingYang2008 (big blind) collected ($2)


PokerStars Hand #161046563992:  Hold'em Limit ($3/$6 USD) - 2016/11/07 12:13:16 ET
Table 'Cebriones II' 6-max Seat #6 is the button
Seat 2: SLK500 ($57.97 in chips)
Seat 6: Psynto ($73 in chips)
Psynto: posts small blind $1
SLK500: posts big blind $3
*** HOLE CARDS ***
Psynto: raises $3 to $6
SLK500: raises $3 to $9
Psynto: calls $3
*** FLOP *** [9h 9d Ad]
SLK500: bets $3
Psynto: calls $3
*** TURN *** [9h 9d Ad] [5c]
SLK500: checks
Psynto: checks
*** RIVER *** [9h 9d Ad 5c] [7h]
liza3008 joins the table at seat #5
SLK500: bets $6
Psynto: folds
Uncalled bet ($6) returned to SLK500
SLK500 collected $23.52 from pot
SLK500: doesn't show hand
*** SUMMARY ***
Total pot $24 | Rake $0.48
Board [9h 9d Ad 5c 7h]
Seat 2: SLK500 (big blind) collected ($23.52)
Seat 6: Psynto (button) (small blind) folded on the River


