PokerStars Hand #158338194659:  Hold'em Limit ($3/$6 USD) - 2016/09/08 14:59:38 ET
Table 'Cebriones' 6-max Seat #6 is the button
Seat 3: CatPuppy1999 ($48 in chips)
Seat 6: minigus575 ($67.47 in chips)
minigus575: posts small blind $1
CatPuppy1999: posts big blind $3
*** HOLE CARDS ***
minigus575: raises $3 to $6
CatPuppy1999: calls $3
*** FLOP *** [8c Td 5d]
CatPuppy1999: checks
minigus575: bets $3
CatPuppy1999: calls $3
*** TURN *** [8c Td 5d] [4d]
CatPuppy1999: checks
minigus575: bets $6
CatPuppy1999: calls $6
*** RIVER *** [8c Td 5d 4d] [Jc]
CatPuppy1999: checks
minigus575: bets $6
CatPuppy1999: folds
Uncalled bet ($6) returned to minigus575
Chessnok joins the table at seat #1
minigus575 collected $29.50 from pot
minigus575: doesn't show hand
*** SUMMARY ***
Total pot $30 | Rake $0.50
Board [8c Td 5d 4d Jc]
Seat 3: CatPuppy1999 (big blind) folded on the River
Seat 6: minigus575 (button) (small blind) collected ($29.50)


PokerStars Hand #158338213266:  Hold'em Limit ($3/$6 USD) - 2016/09/08 15:00:05 ET
Table 'Cebriones' 6-max Seat #3 is the button
Seat 3: CatPuppy1999 ($72 in chips)
Seat 6: minigus575 ($81.97 in chips)
CatPuppy1999: posts small blind $1
minigus575: posts big blind $3
*** HOLE CARDS ***
CatPuppy1999: raises $3 to $6
Wurst2000 joins the table at seat #5
minigus575: calls $3
*** FLOP *** [8d 3h Kd]
minigus575: checks
CatPuppy1999: bets $3
minigus575: calls $3
*** TURN *** [8d 3h Kd] [Kc]
minigus575: checks
CatPuppy1999: checks
*** RIVER *** [8d 3h Kd Kc] [3c]
minigus575: checks
CatPuppy1999: bets $6
minigus575: folds
Uncalled bet ($6) returned to CatPuppy1999
CatPuppy1999 collected $17.64 from pot
CatPuppy1999: doesn't show hand
*** SUMMARY ***
Total pot $18 | Rake $0.36
Board [8d 3h Kd Kc 3c]
Seat 3: CatPuppy1999 (button) (small blind) collected ($17.64)
Seat 6: minigus575 (big blind) folded on the River


PokerStars Hand #158338832902:  Hold'em Limit ($3/$6 USD) - 2016/09/08 15:12:08 ET
Table 'Cebriones' 6-max Seat #1 is the button
Seat 1: Chessnok ($160.32 in chips)
Seat 3: CatPuppy1999 ($72 in chips)
Chessnok: posts small blind $1
wobetting: is sitting out
CatPuppy1999: posts big blind $3
*** HOLE CARDS ***
Chessnok: raises $3 to $6
CatPuppy1999: raises $3 to $9
Chessnok: calls $3
*** FLOP *** [6d Kh Ad]
CatPuppy1999: bets $3
Chessnok: folds
Uncalled bet ($3) returned to CatPuppy1999
CatPuppy1999 collected $17.64 from pot
CatPuppy1999: doesn't show hand
*** SUMMARY ***
Total pot $18 | Rake $0.36
Board [6d Kh Ad]
Seat 1: Chessnok (button) (small blind) folded on the Flop
Seat 3: CatPuppy1999 (big blind) collected ($17.64)


PokerStars Hand #158338844323:  Hold'em Limit ($3/$6 USD) - 2016/09/08 15:12:20 ET
Table 'Cebriones' 6-max Seat #3 is the button
Seat 1: Chessnok ($151.32 in chips)
Seat 3: CatPuppy1999 ($80.64 in chips)
CatPuppy1999: posts small blind $1
Chessnok: posts big blind $3
*** HOLE CARDS ***
CatPuppy1999: raises $3 to $6
Chessnok: calls $3
*** FLOP *** [Ks 7h 2s]
Chessnok: checks
CatPuppy1999: checks
*** TURN *** [Ks 7h 2s] [4c]
Chessnok: checks
CatPuppy1999: bets $6
Chessnok: calls $6
*** RIVER *** [Ks 7h 2s 4c] [2c]
Chessnok: checks
CatPuppy1999: bets $6
Chessnok: folds
Uncalled bet ($6) returned to CatPuppy1999
CatPuppy1999 collected $23.52 from pot
CatPuppy1999: doesn't show hand
*** SUMMARY ***
Total pot $24 | Rake $0.48
Board [Ks 7h 2s 4c 2c]
Seat 1: Chessnok (big blind) folded on the River
Seat 3: CatPuppy1999 (button) (small blind) collected ($23.52)


