PokerStars Hand #152688693112:  Hold'em Limit ($3/$6 USD) - 2016/04/30 23:51:42 ET
Table 'Cebriones' 6-max Seat #2 is the button
Seat 2: tangxueke ($108.80 in chips)
Seat 6: RaisemyNut$ ($253.21 in chips)
tangxueke: posts small blind $1
love_mmm: is sitting out
RaisemyNut$: posts big blind $3
*** HOLE CARDS ***
tangxueke: raises $3 to $6
RaisemyNut$: folds
Uncalled bet ($3) returned to tangxueke
tangxueke collected $6 from pot
tangxueke: doesn't show hand
*** SUMMARY ***
Total pot $6 | Rake $0
Seat 2: tangxueke (button) (small blind) collected ($6)
Seat 6: RaisemyNut$ (big blind) folded before Flop


PokerStars Hand #152689830393:  Hold'em Limit ($3/$6 USD) - 2016/05/01 1:04:33 ET
Table 'Cebriones' 6-max Seat #1 is the button
Seat 1: hairy1961 ($60 in chips)
Seat 5: LifeisagameX ($60 in chips)
hairy1961: posts small blind $1
LifeisagameX: posts big blind $3
*** HOLE CARDS ***
hairy1961: folds
Uncalled bet ($2) returned to LifeisagameX
LifeisagameX collected $2 from pot
LifeisagameX: doesn't show hand
*** SUMMARY ***
Total pot $2 | Rake $0
Seat 1: hairy1961 (button) (small blind) folded before Flop
Seat 5: LifeisagameX (big blind) collected ($2)


PokerStars Hand #152689831839:  Hold'em Limit ($3/$6 USD) - 2016/05/01 1:04:39 ET
Table 'Cebriones' 6-max Seat #5 is the button
Seat 1: hairy1961 ($59 in chips)
Seat 5: LifeisagameX ($61 in chips)
LifeisagameX: posts small blind $1
hairy1961: posts big blind $3
*** HOLE CARDS ***
LifeisagameX: raises $3 to $6
hairy1961: calls $3
*** FLOP *** [Qd Jh 3h]
hairy1961: checks
LifeisagameX: bets $3
hairy1961: raises $3 to $6
LifeisagameX: calls $3
*** TURN *** [Qd Jh 3h] [7d]
hairy1961: bets $6
LifeisagameX: calls $6
*** RIVER *** [Qd Jh 3h 7d] [4h]
hairy1961: bets $6
iraqi4iraqi joins the table at seat #3
LifeisagameX: raises $6 to $12
hairy1961: raises $6 to $18
kismespit joins the table at seat #4
LifeisagameX: calls $6
*** SHOW DOWN ***
hairy1961: shows [9h 8h] (a flush, Jack high)
LifeisagameX: mucks hand
hairy1961 collected $71.50 from pot
*** SUMMARY ***
Total pot $72 | Rake $0.50
Board [Qd Jh 3h 7d 4h]
Seat 1: hairy1961 (big blind) showed [9h 8h] and won ($71.50) with a flush, Jack high
Seat 5: LifeisagameX (button) (small blind) mucked


PokerStars Hand #152689870066:  Hold'em Limit ($3/$6 USD) - 2016/05/01 1:07:12 ET
Table 'Cebriones' 6-max Seat #5 is the button
Seat 1: hairy1961 ($69.50 in chips)
Seat 5: LifeisagameX ($51.41 in chips)
kismespit will be allowed to play after the button
LifeisagameX: posts small blind $1
hairy1961: posts big blind $3
*** HOLE CARDS ***
LifeisagameX: raises $3 to $6
hairy1961: calls $3
*** FLOP *** [9h As 9c]
hairy1961: checks
LifeisagameX: bets $3
hairy1961: calls $3
*** TURN *** [9h As 9c] [5h]
hairy1961: checks
LifeisagameX: bets $6
hairy1961: raises $6 to $12
LifeisagameX: raises $6 to $18
hairy1961: raises $6 to $24
Betting is capped
LifeisagameX: calls $6
*** RIVER *** [9h As 9c 5h] [8s]
hairy1961: bets $6
LifeisagameX: raises $6 to $12
hairy1961: calls $6
*** SHOW DOWN ***
LifeisagameX: shows [9s Qs] (three of a kind, Nines)
hairy1961: shows [Ts 9d] (three of a kind, Nines - lower kicker)
LifeisagameX collected $89.50 from pot
*** SUMMARY ***
Total pot $90 | Rake $0.50
Board [9h As 9c 5h 8s]
Seat 1: hairy1961 (big blind) showed [Ts 9d] and lost with three of a kind, Nines
Seat 5: LifeisagameX (button) (small blind) showed [9s Qs] and won ($89.50) with three of a kind, Nines


PokerStars Hand #152689907189:  Hold'em Limit ($3/$6 USD) - 2016/05/01 1:09:40 ET
Table 'Cebriones' 6-max Seat #4 is the button
Seat 1: hairy1961 ($49.97 in chips)
Seat 4: kismespit ($117 in chips)
kismespit: posts small blind $1
hairy1961: posts big blind $3
*** HOLE CARDS ***
kismespit: raises $3 to $6
hairy1961: calls $3
*** FLOP *** [4c 5s 5c]
hairy1961: checks
kismespit: checks
*** TURN *** [4c 5s 5c] [8h]
hairy1961: checks
kismespit: checks
*** RIVER *** [4c 5s 5c 8h] [As]
hairy1961: checks
kismespit: bets $6
hairy1961: raises $6 to $12
kismespit: folds
Uncalled bet ($6) returned to hairy1961
hairy1961 collected $23.52 from pot
hairy1961: doesn't show hand
*** SUMMARY ***
Total pot $24 | Rake $0.48
Board [4c 5s 5c 8h As]
Seat 1: hairy1961 (big blind) collected ($23.52)
Seat 4: kismespit (button) (small blind) folded on the River


PokerStars Hand #152689905901:  Hold'em Limit ($3/$6 USD) - 2016/05/01 1:09:35 ET
Table 'Cebriones' 6-max Seat #1 is the button
Seat 1: hairy1961 ($50.97 in chips)
Seat 4: kismespit ($116 in chips)
hairy1961: posts small blind $1
kismespit: posts big blind $3
*** HOLE CARDS ***
hairy1961: folds
Uncalled bet ($2) returned to kismespit
kismespit collected $2 from pot
kismespit: doesn't show hand
*** SUMMARY ***
Total pot $2 | Rake $0
Seat 1: hairy1961 (button) (small blind) folded before Flop
Seat 4: kismespit (big blind) collected ($2)


PokerStars Hand #152689913597:  Hold'em Limit ($3/$6 USD) - 2016/05/01 1:10:06 ET
Table 'Cebriones' 6-max Seat #4 is the button
Seat 1: hairy1961 ($60.49 in chips)
Seat 4: kismespit ($106 in chips)
kismespit: posts small blind $1
hairy1961: posts big blind $3
*** HOLE CARDS ***
kismespit: folds
Uncalled bet ($2) returned to hairy1961
hairy1961 collected $2 from pot
hairy1961: doesn't show hand
*** SUMMARY ***
Total pot $2 | Rake $0
Seat 1: hairy1961 (big blind) collected ($2)
Seat 4: kismespit (button) (small blind) folded before Flop


PokerStars Hand #152689912356:  Hold'em Limit ($3/$6 USD) - 2016/05/01 1:10:01 ET
Table 'Cebriones' 6-max Seat #1 is the button
Seat 1: hairy1961 ($61.49 in chips)
Seat 4: kismespit ($105 in chips)
hairy1961: posts small blind $1
kismespit: posts big blind $3
*** HOLE CARDS ***
hairy1961: folds
Uncalled bet ($2) returned to kismespit
kismespit collected $2 from pot
*** SUMMARY ***
Total pot $2 | Rake $0
Seat 1: hairy1961 (button) (small blind) folded before Flop
Seat 4: kismespit (big blind) collected ($2)


PokerStars Hand #152689914924:  Hold'em Limit ($3/$6 USD) - 2016/05/01 1:10:11 ET
Table 'Cebriones' 6-max Seat #1 is the button
Seat 1: hairy1961 ($61.49 in chips)
Seat 4: kismespit ($105 in chips)
hairy1961: posts small blind $1
kismespit: posts big blind $3
*** HOLE CARDS ***
hairy1961: folds
Uncalled bet ($2) returned to kismespit
kismespit collected $2 from pot
*** SUMMARY ***
Total pot $2 | Rake $0
Seat 1: hairy1961 (button) (small blind) folded before Flop
Seat 4: kismespit (big blind) collected ($2)


PokerStars Hand #152689928218:  Hold'em Limit ($3/$6 USD) - 2016/05/01 1:11:04 ET
Table 'Cebriones' 6-max Seat #1 is the button
Seat 1: hairy1961 ($105.63 in chips)
Seat 4: kismespit ($60 in chips)
hairy1961: posts small blind $1
kismespit: posts big blind $3
*** HOLE CARDS ***
hairy1961: calls $2
kismespit: checks
*** FLOP *** [Jh 9s 5s]
kismespit: checks
hairy1961: bets $3
kismespit: folds
Uncalled bet ($3) returned to hairy1961
hairy1961 collected $5.88 from pot
hairy1961: doesn't show hand
*** SUMMARY ***
Total pot $6 | Rake $0.12
Board [Jh 9s 5s]
Seat 1: hairy1961 (button) (small blind) collected ($5.88)
Seat 4: kismespit (big blind) folded on the Flop


PokerStars Hand #152689927043:  Hold'em Limit ($3/$6 USD) - 2016/05/01 1:10:59 ET
Table 'Cebriones' 6-max Seat #4 is the button
Seat 1: hairy1961 ($104.63 in chips)
Seat 4: kismespit ($61 in chips)
kismespit: posts small blind $1
hairy1961: posts big blind $3
*** HOLE CARDS ***
kismespit: folds
Uncalled bet ($2) returned to hairy1961
hairy1961 collected $2 from pot
hairy1961: doesn't show hand
*** SUMMARY ***
Total pot $2 | Rake $0
Seat 1: hairy1961 (big blind) collected ($2)
Seat 4: kismespit (button) (small blind) folded before Flop


PokerStars Hand #152689916246:  Hold'em Limit ($3/$6 USD) - 2016/05/01 1:10:16 ET
Table 'Cebriones' 6-max Seat #4 is the button
Seat 1: hairy1961 ($60.49 in chips)
Seat 4: kismespit ($106 in chips)
kismespit: posts small blind $1
hairy1961: posts big blind $3
*** HOLE CARDS ***
kismespit: raises $3 to $6
hairy1961: raises $3 to $9
kismespit: calls $3
*** FLOP *** [9h Qs 3s]
hairy1961: bets $3
kismespit: calls $3
*** TURN *** [9h Qs 3s] [4h]
hairy1961: bets $6
kismespit: raises $6 to $12
hairy1961: raises $6 to $18
kismespit: calls $6
*** RIVER *** [9h Qs 3s 4h] [8d]
hairy1961: bets $6
kismespit: calls $6
*** SHOW DOWN ***
hairy1961: shows [9s 9d] (three of a kind, Nines)
kismespit: mucks hand
hairy1961 collected $71.50 from pot
*** SUMMARY ***
Total pot $72 | Rake $0.50
Board [9h Qs 3s 4h 8d]
Seat 1: hairy1961 (big blind) showed [9s 9d] and won ($71.50) with three of a kind, Nines
Seat 4: kismespit (button) (small blind) mucked


PokerStars Hand #152689923131:  Hold'em Limit ($3/$6 USD) - 2016/05/01 1:10:44 ET
Table 'Cebriones' 6-max Seat #1 is the button
Seat 1: hairy1961 ($95.99 in chips)
Seat 4: kismespit ($70 in chips)
hairy1961: posts small blind $1
kismespit: posts big blind $3
*** HOLE CARDS ***
hairy1961: raises $3 to $6
kismespit: calls $3
*** FLOP *** [4d 9s Qs]
kismespit: checks
hairy1961: bets $3
kismespit: calls $3
*** TURN *** [4d 9s Qs] [6h]
kismespit: checks
hairy1961: bets $6
kismespit: folds
Uncalled bet ($6) returned to hairy1961
hairy1961 collected $17.64 from pot
*** SUMMARY ***
Total pot $18 | Rake $0.36
Board [4d 9s Qs 6h]
Seat 1: hairy1961 (button) (small blind) collected ($17.64)
Seat 4: kismespit (big blind) folded on the Turn


PokerStars Hand #152689930889:  Hold'em Limit ($3/$6 USD) - 2016/05/01 1:11:15 ET
Table 'Cebriones' 6-max Seat #4 is the button
Seat 1: hairy1961 ($108.51 in chips)
Seat 4: kismespit ($57 in chips)
kismespit: posts small blind $1
hairy1961: posts big blind $3
*** HOLE CARDS ***
kismespit: raises $3 to $6
hairy1961: calls $3
*** FLOP *** [Kd Th 9d]
hairy1961: checks
kismespit: bets $3
hairy1961: calls $3
*** TURN *** [Kd Th 9d] [8c]
hairy1961: checks
kismespit: bets $6
hairy1961: calls $6
*** RIVER *** [Kd Th 9d 8c] [4d]
hairy1961: checks
kismespit: bets $6
hairy1961: calls $6
*** SHOW DOWN ***
kismespit: shows [Tc 9c] (two pair, Tens and Nines)
hairy1961: mucks hand
kismespit collected $41.50 from pot
*** SUMMARY ***
Total pot $42 | Rake $0.50
Board [Kd Th 9d 8c 4d]
Seat 1: hairy1961 (big blind) mucked
Seat 4: kismespit (button) (small blind) showed [Tc 9c] and won ($41.50) with two pair, Tens and Nines


PokerStars Hand #152689936942:  Hold'em Limit ($3/$6 USD) - 2016/05/01 1:11:39 ET
Table 'Cebriones' 6-max Seat #1 is the button
Seat 1: hairy1961 ($87.51 in chips)
Seat 4: kismespit ($77.50 in chips)
hairy1961: posts small blind $1
kismespit: posts big blind $3
*** HOLE CARDS ***
hairy1961: raises $3 to $6
kismespit: calls $3
*** FLOP *** [Td 6s 2c]
kismespit: checks
hairy1961: bets $3
kismespit: calls $3
*** TURN *** [Td 6s 2c] [4s]
kismespit: checks
hairy1961: bets $6
kismespit: calls $6
*** RIVER *** [Td 6s 2c 4s] [Qc]
kismespit: checks
hairy1961: bets $6
kismespit: calls $6
*** SHOW DOWN ***
hairy1961: shows [2h 2d] (three of a kind, Deuces)
kismespit: mucks hand
hairy1961 collected $41.50 from pot
*** SUMMARY ***
Total pot $42 | Rake $0.50
Board [Td 6s 2c 4s Qc]
Seat 1: hairy1961 (button) (small blind) showed [2h 2d] and won ($41.50) with three of a kind, Deuces
Seat 4: kismespit (big blind) mucked


PokerStars Hand #152689941701:  Hold'em Limit ($3/$6 USD) - 2016/05/01 1:11:57 ET
Table 'Cebriones' 6-max Seat #4 is the button
Seat 1: hairy1961 ($108.01 in chips)
Seat 4: kismespit ($56.50 in chips)
kismespit: posts small blind $1
hairy1961: posts big blind $3
*** HOLE CARDS ***
kismespit: folds
Uncalled bet ($2) returned to hairy1961
hairy1961 collected $2 from pot
hairy1961: doesn't show hand
*** SUMMARY ***
Total pot $2 | Rake $0
Seat 1: hairy1961 (big blind) collected ($2)
Seat 4: kismespit (button) (small blind) folded before Flop


PokerStars Hand #152689947986:  Hold'em Limit ($3/$6 USD) - 2016/05/01 1:12:23 ET
Table 'Cebriones' 6-max Seat #4 is the button
Seat 1: hairy1961 ($129.51 in chips)
Seat 4: kismespit ($34.50 in chips)
kismespit: posts small blind $1
hairy1961: posts big blind $3
*** HOLE CARDS ***
kismespit: folds
Uncalled bet ($2) returned to hairy1961
hairy1961 collected $2 from pot
hairy1961: doesn't show hand
*** SUMMARY ***
Total pot $2 | Rake $0
Seat 1: hairy1961 (big blind) collected ($2)
Seat 4: kismespit (button) (small blind) folded before Flop


PokerStars Hand #152689942967:  Hold'em Limit ($3/$6 USD) - 2016/05/01 1:12:02 ET
Table 'Cebriones' 6-max Seat #1 is the button
Seat 1: hairy1961 ($109.01 in chips)
Seat 4: kismespit ($55.50 in chips)
hairy1961: posts small blind $1
kismespit: posts big blind $3
*** HOLE CARDS ***
hairy1961: raises $3 to $6
kismespit: calls $3
*** FLOP *** [Qh Ac Jc]
kismespit: checks
hairy1961: bets $3
kismespit: calls $3
*** TURN *** [Qh Ac Jc] [Jh]
kismespit: checks
hairy1961: bets $6
kismespit: calls $6
*** RIVER *** [Qh Ac Jc Jh] [Js]
kismespit: checks
hairy1961: bets $6
kismespit: calls $6
*** SHOW DOWN ***
hairy1961: shows [Jd Tc] (four of a kind, Jacks)
kismespit: mucks hand
hairy1961 collected $41.50 from pot
*** SUMMARY ***
Total pot $42 | Rake $0.50
Board [Qh Ac Jc Jh Js]
Seat 1: hairy1961 (button) (small blind) showed [Jd Tc] and won ($41.50) with four of a kind, Jacks
Seat 4: kismespit (big blind) mucked


PokerStars Hand #152689949163:  Hold'em Limit ($3/$6 USD) - 2016/05/01 1:12:27 ET
Table 'Cebriones' 6-max Seat #1 is the button
Seat 1: hairy1961 ($130.51 in chips)
Seat 4: kismespit ($33.50 in chips)
hairy1961: posts small blind $1
kismespit: posts big blind $3
*** HOLE CARDS ***
hairy1961: raises $3 to $6
kismespit: calls $3
*** FLOP *** [2h Kh Ad]
kismespit: checks
hairy1961: bets $3
kismespit: raises $3 to $6
hairy1961: calls $3
*** TURN *** [2h Kh Ad] [Kd]
kismespit: bets $6
hairy1961: raises $6 to $12
kismespit: raises $6 to $18
hairy1961: raises $6 to $24
Betting is capped
kismespit: calls $3.50 and is all-in
Uncalled bet ($2.50) returned to hairy1961
*** RIVER *** [2h Kh Ad Kd] [Td]
*** SHOW DOWN ***
kismespit: shows [7h Kc] (three of a kind, Kings)
hairy1961: shows [2d 2s] (a full house, Deuces full of Kings)
hairy1961 collected $66.50 from pot
*** SUMMARY ***
Total pot $67 | Rake $0.50
Board [2h Kh Ad Kd Td]
Seat 1: hairy1961 (button) (small blind) showed [2d 2s] and won ($66.50) with a full house, Deuces full of Kings
Seat 4: kismespit (big blind) showed [7h Kc] and lost with three of a kind, Kings


