PokerStars Hand #172910912828:  Hold'em Limit ($3/$6 USD) - 2017/07/11 17:33:15 ET
Table 'Celaeno' 6-max Seat #6 is the button
Seat 5: kusznak ($74.20 in chips)
Seat 6: ManuelSikora ($57 in chips)
ManuelSikora: posts small blind $1
Spriysugen: is sitting out
B_loJkl: is sitting out
kusznak: posts big blind $3
*** HOLE CARDS ***
ManuelSikora: raises $3 to $6
Spriysugen leaves the table
kusznak: calls $3
*** FLOP *** [5s 6d 4d]
kusznak: checks
ManuelSikora: bets $3
kusznak: folds
Uncalled bet ($3) returned to ManuelSikora
ManuelSikora collected $11.76 from pot
ManuelSikora: doesn't show hand
*** SUMMARY ***
Total pot $12 | Rake $0.24
Board [5s 6d 4d]
Seat 5: kusznak (big blind) folded on the Flop
Seat 6: ManuelSikora (button) (small blind) collected ($11.76)


PokerStars Hand #172910928720:  Hold'em Limit ($3/$6 USD) - 2017/07/11 17:33:35 ET
Table 'Celaeno' 6-max Seat #5 is the button
Seat 5: kusznak ($68.20 in chips)
Seat 6: ManuelSikora ($62.76 in chips)
kusznak: posts small blind $1
ManuelSikora: posts big blind $3
*** HOLE CARDS ***
kusznak: raises $3 to $6
ManuelSikora: calls $3
*** FLOP *** [7s 3s 8d]
ManuelSikora: bets $3
kusznak: calls $3
*** TURN *** [7s 3s 8d] [3h]
ManuelSikora: bets $6
kusznak: calls $6
*** RIVER *** [7s 3s 8d 3h] [6h]
ManuelSikora: bets $6
kusznak: calls $6
*** SHOW DOWN ***
ManuelSikora: shows [5c 4d] (a straight, Four to Eight)
kusznak: mucks hand
ManuelSikora collected $41.50 from pot
*** SUMMARY ***
Total pot $42 | Rake $0.50
Board [7s 3s 8d 3h 6h]
Seat 5: kusznak (button) (small blind) mucked
Seat 6: ManuelSikora (big blind) showed [5c 4d] and won ($41.50) with a straight, Four to Eight


PokerStars Hand #172910939727:  Hold'em Limit ($3/$6 USD) - 2017/07/11 17:33:49 ET
Table 'Celaeno' 6-max Seat #6 is the button
Seat 5: kusznak ($47.20 in chips)
Seat 6: ManuelSikora ($83.26 in chips)
ManuelSikora: posts small blind $1
kusznak: posts big blind $3
*** HOLE CARDS ***
ManuelSikora: calls $2
kusznak: checks
*** FLOP *** [Jc 9d Ac]
kusznak: checks
ManuelSikora: bets $3
kusznak: folds
Uncalled bet ($3) returned to ManuelSikora
ManuelSikora collected $5.88 from pot
ManuelSikora: doesn't show hand
*** SUMMARY ***
Total pot $6 | Rake $0.12
Board [Jc 9d Ac]
Seat 5: kusznak (big blind) folded on the Flop
Seat 6: ManuelSikora (button) (small blind) collected ($5.88)


PokerStars Hand #172910947547:  Hold'em Limit ($3/$6 USD) - 2017/07/11 17:33:59 ET
Table 'Celaeno' 6-max Seat #5 is the button
Seat 5: kusznak ($44.20 in chips)
Seat 6: ManuelSikora ($86.14 in chips)
kusznak: posts small blind $1
ManuelSikora: posts big blind $3
*** HOLE CARDS ***
kusznak: folds
Uncalled bet ($2) returned to ManuelSikora
ManuelSikora collected $2 from pot
ManuelSikora: doesn't show hand
*** SUMMARY ***
Total pot $2 | Rake $0
Seat 5: kusznak (button) (small blind) folded before Flop
Seat 6: ManuelSikora (big blind) collected ($2)


PokerStars Hand #172910961277:  Hold'em Limit ($3/$6 USD) - 2017/07/11 17:34:17 ET
Table 'Celaeno' 6-max Seat #5 is the button
Seat 5: kusznak ($48.96 in chips)
Seat 6: ManuelSikora ($81.14 in chips)
kusznak: posts small blind $1
ManuelSikora: posts big blind $3
*** HOLE CARDS ***
kusznak: folds
Uncalled bet ($2) returned to ManuelSikora
ManuelSikora collected $2 from pot
ManuelSikora: doesn't show hand
*** SUMMARY ***
Total pot $2 | Rake $0
Seat 5: kusznak (button) (small blind) folded before Flop
Seat 6: ManuelSikora (big blind) collected ($2)


PokerStars Hand #172910950860:  Hold'em Limit ($3/$6 USD) - 2017/07/11 17:34:03 ET
Table 'Celaeno' 6-max Seat #6 is the button
Seat 5: kusznak ($43.20 in chips)
Seat 6: ManuelSikora ($87.14 in chips)
ManuelSikora: posts small blind $1
kusznak: posts big blind $3
*** HOLE CARDS ***
ManuelSikora: raises $3 to $6
kusznak: calls $3
*** FLOP *** [3s 5h Tc]
kusznak: checks
ManuelSikora: checks
*** TURN *** [3s 5h Tc] [5d]
kusznak: bets $6
happyyak joins the table at seat #1
ManuelSikora: folds
Uncalled bet ($6) returned to kusznak
kusznak collected $11.76 from pot
kusznak: doesn't show hand
*** SUMMARY ***
Total pot $12 | Rake $0.24
Board [3s 5h Tc 5d]
Seat 5: kusznak (big blind) collected ($11.76)
Seat 6: ManuelSikora (button) (small blind) folded on the Turn


PokerStars Hand #172911485755:  Hold'em Limit ($3/$6 USD) - 2017/07/11 17:45:36 ET
Table 'Celaeno' 6-max Seat #2 is the button
Seat 2: Pfuenph ($108.84 in chips)
Seat 5: kusznak ($92.39 in chips)
dmonr will be allowed to play after the button
Pfuenph: posts small blind $1
kusznak: posts big blind $3
*** HOLE CARDS ***
Pfuenph: raises $3 to $6
kusznak: calls $3
*** FLOP *** [Th Qh 9h]
kusznak: checks
Pfuenph: bets $3
kusznak: raises $3 to $6
Pfuenph: folds
Uncalled bet ($3) returned to kusznak
kusznak collected $17.64 from pot
kusznak: doesn't show hand
*** SUMMARY ***
Total pot $18 | Rake $0.36
Board [Th Qh 9h]
Seat 2: Pfuenph (button) (small blind) folded on the Flop
Seat 5: kusznak (big blind) collected ($17.64)


PokerStars Hand #172911533798:  Hold'em Limit ($3/$6 USD) - 2017/07/11 17:46:39 ET
Table 'Celaeno' 6-max Seat #5 is the button
Seat 2: Pfuenph ($65.84 in chips)
Seat 5: kusznak ($161.86 in chips)
kusznak: posts small blind $1
Pfuenph: posts big blind $3
*** HOLE CARDS ***
kusznak: raises $3 to $6
dmonr leaves the table
Pfuenph: calls $3
*** FLOP *** [Ks Jd 8s]
Pfuenph: checks
kusznak: bets $3
Pfuenph: calls $3
*** TURN *** [Ks Jd 8s] [Ah]
Pfuenph: checks
kusznak: bets $6
Pfuenph: folds
Uncalled bet ($6) returned to kusznak
kusznak collected $17.64 from pot
kusznak: doesn't show hand
*** SUMMARY ***
Total pot $18 | Rake $0.36
Board [Ks Jd 8s Ah]
Seat 2: Pfuenph (big blind) folded on the Turn
Seat 5: kusznak (button) (small blind) collected ($17.64)


PokerStars Hand #172911530118:  Hold'em Limit ($3/$6 USD) - 2017/07/11 17:46:34 ET
Table 'Celaeno' 6-max Seat #2 is the button
Seat 2: Pfuenph ($66.84 in chips)
Seat 5: kusznak ($160.86 in chips)
Pfuenph: posts small blind $1
kusznak: posts big blind $3
*** HOLE CARDS ***
Pfuenph: folds
Uncalled bet ($2) returned to kusznak
kusznak collected $2 from pot
kusznak: doesn't show hand
*** SUMMARY ***
Total pot $2 | Rake $0
Seat 2: Pfuenph (button) (small blind) folded before Flop
Seat 5: kusznak (big blind) collected ($2)


PokerStars Hand #172911575672:  Hold'em Limit ($3/$6 USD) - 2017/07/11 17:47:34 ET
Table 'Celaeno' 6-max Seat #2 is the button
Seat 2: Pfuenph ($23.84 in chips)
Seat 5: kusznak ($202.52 in chips)
Pfuenph: posts small blind $1
kusznak: posts big blind $3
*** HOLE CARDS ***
Pfuenph: raises $3 to $6
kusznak: raises $3 to $9
Pfuenph: calls $3
*** FLOP *** [Th 4d 6s]
kusznak: bets $3
Pfuenph: raises $3 to $6
kusznak: raises $3 to $9
Pfuenph: raises $3 to $12
Betting is capped
kusznak: calls $3
*** TURN *** [Th 4d 6s] [Jc]
kusznak: bets $6
Pfuenph: calls $2.84 and is all-in
Uncalled bet ($3.16) returned to kusznak
*** RIVER *** [Th 4d 6s Jc] [3d]
*** SHOW DOWN ***
kusznak: shows [Ts Td] (three of a kind, Tens)
Pfuenph: shows [7h Jh] (a pair of Jacks)
kusznak collected $47.18 from pot
*** SUMMARY ***
Total pot $47.68 | Rake $0.50
Board [Th 4d 6s Jc 3d]
Seat 2: Pfuenph (button) (small blind) showed [7h Jh] and lost with a pair of Jacks
Seat 5: kusznak (big blind) showed [Ts Td] and won ($47.18) with three of a kind, Tens


PokerStars Hand #172911563094:  Hold'em Limit ($3/$6 USD) - 2017/07/11 17:47:18 ET
Table 'Celaeno' 6-max Seat #5 is the button
Seat 2: Pfuenph ($44.84 in chips)
Seat 5: kusznak ($182.02 in chips)
kusznak: posts small blind $1
Pfuenph: posts big blind $3
*** HOLE CARDS ***
kusznak: raises $3 to $6
Pfuenph: calls $3
*** FLOP *** [3s Ad 5s]
Pfuenph: checks
kusznak: bets $3
Pfuenph: calls $3
*** TURN *** [3s Ad 5s] [2d]
Pfuenph: checks
kusznak: bets $6
Pfuenph: calls $6
*** RIVER *** [3s Ad 5s 2d] [Qc]
Pfuenph: checks
kusznak: bets $6
Pfuenph: calls $6
*** SHOW DOWN ***
kusznak: shows [6d 4d] (a straight, Deuce to Six)
Pfuenph: mucks hand
kusznak collected $41.50 from pot
*** SUMMARY ***
Total pot $42 | Rake $0.50
Board [3s Ad 5s 2d Qc]
Seat 2: Pfuenph (big blind) mucked
Seat 5: kusznak (button) (small blind) showed [6d 4d] and won ($41.50) with a straight, Deuce to Six


PokerStars Hand #172911544704:  Hold'em Limit ($3/$6 USD) - 2017/07/11 17:46:53 ET
Table 'Celaeno' 6-max Seat #2 is the button
Seat 2: Pfuenph ($56.84 in chips)
Seat 5: kusznak ($170.50 in chips)
Pfuenph: posts small blind $1
kusznak: posts big blind $3
*** HOLE CARDS ***
Pfuenph: raises $3 to $6
kusznak: raises $3 to $9
Pfuenph: calls $3
*** FLOP *** [6d 6c 3s]
kusznak: bets $3
Pfuenph: calls $3
*** TURN *** [6d 6c 3s] [Ac]
kusznak: checks
Pfuenph: checks
*** RIVER *** [6d 6c 3s Ac] [Ks]
kusznak: bets $6
Pfuenph: folds
Uncalled bet ($6) returned to kusznak
kusznak collected $23.52 from pot
kusznak: doesn't show hand
*** SUMMARY ***
Total pot $24 | Rake $0.48
Board [6d 6c 3s Ac Ks]
Seat 2: Pfuenph (button) (small blind) folded on the River
Seat 5: kusznak (big blind) collected ($23.52)


