PokerStars Hand #169882285560:  Hold'em Limit ($3/$6 USD) - 2017/05/02 23:01:14 ET
Table 'Celaeno' 6-max Seat #2 is the button
Seat 1: LifeisagameX ($107.50 in chips)
Seat 2: bhai187 ($6 in chips)
bhai187: posts small blind $1
LifeisagameX: posts big blind $3
*** HOLE CARDS ***
bhai187: raises $3 to $6 and is all-in
LifeisagameX: calls $3
*** FLOP *** [Jd 3s Ts]
*** TURN *** [Jd 3s Ts] [9c]
*** RIVER *** [Jd 3s Ts 9c] [7h]
*** SHOW DOWN ***
LifeisagameX: shows [Qd 2s] (high card Queen)
bhai187: shows [7d 6s] (a pair of Sevens)
bhai187 collected $11.76 from pot
*** SUMMARY ***
Total pot $12 | Rake $0.24
Board [Jd 3s Ts 9c 7h]
Seat 1: LifeisagameX (big blind) showed [Qd 2s] and lost with high card Queen
Seat 2: bhai187 (button) (small blind) showed [7d 6s] and won ($11.76) with a pair of Sevens


PokerStars Hand #169882291411:  Hold'em Limit ($3/$6 USD) - 2017/05/02 23:01:33 ET
Table 'Celaeno' 6-max Seat #1 is the button
Seat 1: LifeisagameX ($101.50 in chips)
Seat 2: bhai187 ($71.76 in chips)
LifeisagameX: posts small blind $1
bhai187: posts big blind $3
*** HOLE CARDS ***
LifeisagameX: raises $3 to $6
bhai187: calls $3
*** FLOP *** [8c 5d 5s]
bhai187: checks
LifeisagameX: bets $3
bhai187: calls $3
*** TURN *** [8c 5d 5s] [4h]
bhai187: checks
LifeisagameX: bets $6
bhai187: raises $6 to $12
LifeisagameX: calls $6
*** RIVER *** [8c 5d 5s 4h] [6c]
bhai187: bets $6
LifeisagameX: raises $6 to $12
bhai187: calls $6
*** SHOW DOWN ***
LifeisagameX: shows [9h 7c] (a straight, Five to Nine)
bhai187: mucks hand
LifeisagameX collected $65.50 from pot
*** SUMMARY ***
Total pot $66 | Rake $0.50
Board [8c 5d 5s 4h 6c]
Seat 1: LifeisagameX (button) (small blind) showed [9h 7c] and won ($65.50) with a straight, Five to Nine
Seat 2: bhai187 (big blind) mucked


PokerStars Hand #169882308156:  Hold'em Limit ($3/$6 USD) - 2017/05/02 23:02:25 ET
Table 'Celaeno' 6-max Seat #2 is the button
Seat 1: LifeisagameX ($134 in chips)
Seat 2: bhai187 ($38.76 in chips)
bhai187: posts small blind $1
LifeisagameX: posts big blind $3
*** HOLE CARDS ***
bhai187 said, "fckin fisjh"
bhai187: raises $3 to $6
LifeisagameX: calls $3
*** FLOP *** [4c 5c Kc]
LifeisagameX: checks
bhai187: bets $3
LifeisagameX: raises $3 to $6
bhai187: calls $3
*** TURN *** [4c 5c Kc] [3s]
LifeisagameX: bets $6
bhai187: calls $6
*** RIVER *** [4c 5c Kc 3s] [Ac]
LifeisagameX: checks
bhai187: bets $6
LifeisagameX: raises $6 to $12
bhai187: folds
Uncalled bet ($6) returned to LifeisagameX
LifeisagameX collected $47.50 from pot
LifeisagameX: doesn't show hand
*** SUMMARY ***
Total pot $48 | Rake $0.50
Board [4c 5c Kc 3s Ac]
Seat 1: LifeisagameX (big blind) collected ($47.50)
Seat 2: bhai187 (button) (small blind) folded on the River


