PokerStars Hand #146506506549:  Hold'em Limit ($3/$6 USD) - 2016/01/05 9:30:51 ET
Table 'Celaeno II' 2-max Seat #2 is the button
Seat 1: bebooo87 ($42.53 in chips)
Seat 2: Pandakey ($124 in chips)
Pandakey: posts small blind $1
bebooo87: posts big blind $3
*** HOLE CARDS ***
Pandakey: raises $3 to $6
bebooo87: calls $3
*** FLOP *** [9s Qs 8c]
bebooo87: checks
Pandakey: bets $3
bebooo87: calls $3
*** TURN *** [9s Qs 8c] [Ah]
bebooo87: checks
Pandakey: bets $6
bebooo87: calls $6
*** RIVER *** [9s Qs 8c Ah] [Ks]
bebooo87: checks
Pandakey: bets $6
bebooo87: calls $6
*** SHOW DOWN ***
Pandakey: shows [Ac Qc] (two pair, Aces and Queens)
bebooo87: mucks hand
Pandakey collected $41.50 from pot
*** SUMMARY ***
Total pot $42 | Rake $0.50
Board [9s Qs 8c Ah Ks]
Seat 1: bebooo87 (big blind) mucked
Seat 2: Pandakey (button) (small blind) showed [Ac Qc] and won ($41.50) with two pair, Aces and Queens


PokerStars Hand #146506550568:  Hold'em Limit ($3/$6 USD) - 2016/01/05 9:31:47 ET
Table 'Celaeno II' 2-max Seat #2 is the button
Seat 1: bebooo87 ($42.56 in chips)
Seat 2: Pandakey ($122.97 in chips)
Pandakey: posts small blind $1
bebooo87: posts big blind $3
*** HOLE CARDS ***
Pandakey: raises $3 to $6
bebooo87: folds
Uncalled bet ($3) returned to Pandakey
Pandakey collected $6 from pot
Pandakey: doesn't show hand
*** SUMMARY ***
Total pot $6 | Rake $0
Seat 1: bebooo87 (big blind) folded before Flop
Seat 2: Pandakey (button) (small blind) collected ($6)


PokerStars Hand #146506522063:  Hold'em Limit ($3/$6 USD) - 2016/01/05 9:31:10 ET
Table 'Celaeno II' 2-max Seat #1 is the button
Seat 1: bebooo87 ($21.53 in chips)
Seat 2: Pandakey ($144.50 in chips)
bebooo87: posts small blind $1
Pandakey: posts big blind $3
*** HOLE CARDS ***
bebooo87: raises $3 to $6
Pandakey: calls $3
*** FLOP *** [Ts Jc 3c]
Pandakey: checks
bebooo87: bets $3
Pandakey: raises $3 to $6
bebooo87: raises $3 to $9
Pandakey: calls $3
*** TURN *** [Ts Jc 3c] [2s]
Pandakey: bets $6
bebooo87: raises $0.53 to $6.53 and is all-in
Pandakey: calls $0.53
*** RIVER *** [Ts Jc 3c 2s] [6s]
*** SHOW DOWN ***
Pandakey: shows [Td 5d] (a pair of Tens)
bebooo87: shows [Js Ad] (a pair of Jacks)
bebooo87 collected $42.56 from pot
*** SUMMARY ***
Total pot $43.06 | Rake $0.50
Board [Ts Jc 3c 2s 6s]
Seat 1: bebooo87 (button) (small blind) showed [Js Ad] and won ($42.56) with a pair of Jacks
Seat 2: Pandakey (big blind) showed [Td 5d] and lost with a pair of Tens


PokerStars Hand #146506597772:  Hold'em Limit ($3/$6 USD) - 2016/01/05 9:32:48 ET
Table 'Celaeno II' 2-max Seat #1 is the button
Seat 1: bebooo87 ($60.06 in chips)
Seat 2: Pandakey ($104.97 in chips)
bebooo87: posts small blind $1
Pandakey: posts big blind $3
*** HOLE CARDS ***
bebooo87: raises $3 to $6
Pandakey: calls $3
*** FLOP *** [2s 6c Qs]
Pandakey: checks
bebooo87: bets $3
Pandakey: calls $3
*** TURN *** [2s 6c Qs] [3h]
Pandakey: checks
bebooo87: checks
*** RIVER *** [2s 6c Qs 3h] [Qh]
Pandakey: bets $6
bebooo87: calls $6
*** SHOW DOWN ***
Pandakey: shows [2h 4h] (two pair, Queens and Deuces)
bebooo87: mucks hand
Pandakey collected $29.50 from pot
*** SUMMARY ***
Total pot $30 | Rake $0.50
Board [2s 6c Qs 3h Qh]
Seat 1: bebooo87 (button) (small blind) mucked
Seat 2: Pandakey (big blind) showed [2h 4h] and won ($29.50) with two pair, Queens and Deuces


PokerStars Hand #146506592975:  Hold'em Limit ($3/$6 USD) - 2016/01/05 9:32:41 ET
Table 'Celaeno II' 2-max Seat #2 is the button
Seat 1: bebooo87 ($63.06 in chips)
Seat 2: Pandakey ($101.97 in chips)
Pandakey: posts small blind $1
bebooo87: posts big blind $3
*** HOLE CARDS ***
Pandakey: raises $3 to $6
bebooo87: folds
Uncalled bet ($3) returned to Pandakey
Pandakey collected $6 from pot
Pandakey: doesn't show hand
*** SUMMARY ***
Total pot $6 | Rake $0
Seat 1: bebooo87 (big blind) folded before Flop
Seat 2: Pandakey (button) (small blind) collected ($6)


PokerStars Hand #146506589117:  Hold'em Limit ($3/$6 USD) - 2016/01/05 9:32:37 ET
Table 'Celaeno II' 2-max Seat #1 is the button
Seat 1: bebooo87 ($64.06 in chips)
Seat 2: Pandakey ($100.97 in chips)
bebooo87: posts small blind $1
Pandakey: posts big blind $3
*** HOLE CARDS ***
bebooo87: folds
Uncalled bet ($2) returned to Pandakey
Pandakey collected $2 from pot
Pandakey: doesn't show hand
*** SUMMARY ***
Total pot $2 | Rake $0
Seat 1: bebooo87 (button) (small blind) folded before Flop
Seat 2: Pandakey (big blind) collected ($2)


PokerStars Hand #146506585779:  Hold'em Limit ($3/$6 USD) - 2016/01/05 9:32:32 ET
Table 'Celaeno II' 2-max Seat #2 is the button
Seat 1: bebooo87 ($63.06 in chips)
Seat 2: Pandakey ($101.97 in chips)
Pandakey: posts small blind $1
bebooo87: posts big blind $3
*** HOLE CARDS ***
Pandakey: folds
Uncalled bet ($2) returned to bebooo87
bebooo87 collected $2 from pot
bebooo87: doesn't show hand
*** SUMMARY ***
Total pot $2 | Rake $0
Seat 1: bebooo87 (big blind) collected ($2)
Seat 2: Pandakey (button) (small blind) folded before Flop


PokerStars Hand #146506565976:  Hold'em Limit ($3/$6 USD) - 2016/01/05 9:32:07 ET
Table 'Celaeno II' 2-max Seat #1 is the button
Seat 1: bebooo87 ($39.56 in chips)
Seat 2: Pandakey ($125.97 in chips)
bebooo87: posts small blind $1
Pandakey: posts big blind $3
*** HOLE CARDS ***
bebooo87: raises $3 to $6
Pandakey: calls $3
*** FLOP *** [4s As 3d]
Pandakey: checks
bebooo87: bets $3
Pandakey: raises $3 to $6
bebooo87: calls $3
*** TURN *** [4s As 3d] [Qs]
Pandakey: bets $6
bebooo87: raises $6 to $12
Pandakey: calls $6
*** RIVER *** [4s As 3d Qs] [3c]
Pandakey: checks
bebooo87: bets $6
Pandakey: folds
Uncalled bet ($6) returned to bebooo87
bebooo87 collected $47.50 from pot
bebooo87: doesn't show hand
*** SUMMARY ***
Total pot $48 | Rake $0.50
Board [4s As 3d Qs 3c]
Seat 1: bebooo87 (button) (small blind) collected ($47.50)
Seat 2: Pandakey (big blind) folded on the River


PokerStars Hand #146506654665:  Hold'em Limit ($3/$6 USD) - 2016/01/05 9:34:01 ET
Table 'Celaeno II' 2-max Seat #1 is the button
Seat 1: bebooo87 ($29.82 in chips)
Seat 2: Pandakey ($133.73 in chips)
bebooo87: posts small blind $1
Pandakey: posts big blind $3
*** HOLE CARDS ***
bebooo87: folds
Uncalled bet ($2) returned to Pandakey
Pandakey collected $2 from pot
Pandakey: doesn't show hand
*** SUMMARY ***
Total pot $2 | Rake $0
Seat 1: bebooo87 (button) (small blind) folded before Flop
Seat 2: Pandakey (big blind) collected ($2)


PokerStars Hand #146506646531:  Hold'em Limit ($3/$6 USD) - 2016/01/05 9:33:50 ET
Table 'Celaeno II' 2-max Seat #2 is the button
Seat 1: bebooo87 ($35.82 in chips)
Seat 2: Pandakey ($127.97 in chips)
Pandakey: posts small blind $1
bebooo87: posts big blind $3
*** HOLE CARDS ***
Pandakey: raises $3 to $6
bebooo87: calls $3
*** FLOP *** [8d Ks 3c]
bebooo87: checks
Pandakey: bets $3
bebooo87: folds
Uncalled bet ($3) returned to Pandakey
Pandakey collected $11.76 from pot
Pandakey: doesn't show hand
*** SUMMARY ***
Total pot $12 | Rake $0.24
Board [8d Ks 3c]
Seat 1: bebooo87 (big blind) folded on the Flop
Seat 2: Pandakey (button) (small blind) collected ($11.76)


PokerStars Hand #146506638374:  Hold'em Limit ($3/$6 USD) - 2016/01/05 9:33:40 ET
Table 'Celaeno II' 2-max Seat #1 is the button
Seat 1: bebooo87 ($30.06 in chips)
Seat 2: Pandakey ($133.97 in chips)
bebooo87: posts small blind $1
Pandakey: posts big blind $3
*** HOLE CARDS ***
bebooo87: raises $3 to $6
Pandakey: calls $3
*** FLOP *** [3c 6s 8s]
Pandakey: checks
bebooo87: bets $3
Pandakey: folds
Uncalled bet ($3) returned to bebooo87
bebooo87 collected $11.76 from pot
bebooo87: doesn't show hand
*** SUMMARY ***
Total pot $12 | Rake $0.24
Board [3c 6s 8s]
Seat 1: bebooo87 (button) (small blind) collected ($11.76)
Seat 2: Pandakey (big blind) folded on the Flop


PokerStars Hand #146506614971:  Hold'em Limit ($3/$6 USD) - 2016/01/05 9:33:09 ET
Table 'Celaeno II' 2-max Seat #2 is the button
Seat 1: bebooo87 ($45.06 in chips)
Seat 2: Pandakey ($119.47 in chips)
Pandakey: posts small blind $1
bebooo87: posts big blind $3
*** HOLE CARDS ***
Pandakey: raises $3 to $6
bebooo87: calls $3
*** FLOP *** [As 9s 6s]
bebooo87: checks
Pandakey: bets $3
bebooo87: calls $3
*** TURN *** [As 9s 6s] [8d]
bebooo87: checks
Pandakey: bets $6
bebooo87: calls $6
*** RIVER *** [As 9s 6s 8d] [3d]
bebooo87: checks
Pandakey: checks
*** SHOW DOWN ***
bebooo87: shows [2h 2s] (a pair of Deuces)
Pandakey: shows [7c 3c] (a pair of Threes)
Pandakey collected $29.50 from pot
*** SUMMARY ***
Total pot $30 | Rake $0.50
Board [As 9s 6s 8d 3d]
Seat 1: bebooo87 (big blind) showed [2h 2s] and lost with a pair of Deuces
Seat 2: Pandakey (button) (small blind) showed [7c 3c] and won ($29.50) with a pair of Threes


PokerStars Hand #146506658503:  Hold'em Limit ($3/$6 USD) - 2016/01/05 9:34:05 ET
Table 'Celaeno II' 2-max Seat #2 is the button
Seat 1: bebooo87 ($28.82 in chips)
Seat 2: Pandakey ($134.73 in chips)
Pandakey: posts small blind $1
bebooo87: posts big blind $3
*** HOLE CARDS ***
Pandakey: raises $3 to $6
bebooo87: calls $3
*** FLOP *** [8s 7h Jd]
bebooo87: checks
Pandakey: bets $3
bebooo87: calls $3
*** TURN *** [8s 7h Jd] [Qc]
bebooo87: checks
Pandakey: bets $6
bebooo87: raises $6 to $12
Pandakey: raises $6 to $18
bebooo87: raises $1.82 to $19.82 and is all-in
Betting is capped
Pandakey: calls $1.82
*** RIVER *** [8s 7h Jd Qc] [Qh]
*** SHOW DOWN ***
bebooo87: shows [Jh 8h] (two pair, Queens and Jacks)
Pandakey: shows [8d 8c] (a full house, Eights full of Queens)
Pandakey collected $57.14 from pot
*** SUMMARY ***
Total pot $57.64 | Rake $0.50
Board [8s 7h Jd Qc Qh]
Seat 1: bebooo87 (big blind) showed [Jh 8h] and lost with two pair, Queens and Jacks
Seat 2: Pandakey (button) (small blind) showed [8d 8c] and won ($57.14) with a full house, Eights full of Queens


PokerStars Hand #146509210889:  Hold'em Limit ($3/$6 USD) - 2016/01/05 10:27:01 ET
Table 'Celaeno II' 2-max Seat #2 is the button
Seat 1: Ultrafranke ($132.84 in chips)
Seat 2: Pandakey ($141.67 in chips)
Pandakey: posts small blind $1
Ultrafranke: posts big blind $3
*** HOLE CARDS ***
Pandakey: raises $3 to $6
Ultrafranke: folds
Uncalled bet ($3) returned to Pandakey
Pandakey collected $6 from pot
Pandakey: doesn't show hand
*** SUMMARY ***
Total pot $6 | Rake $0
Seat 1: Ultrafranke (big blind) folded before Flop
Seat 2: Pandakey (button) (small blind) collected ($6)


PokerStars Hand #146509197992:  Hold'em Limit ($3/$6 USD) - 2016/01/05 10:26:45 ET
Table 'Celaeno II' 2-max Seat #1 is the button
Seat 1: Ultrafranke ($133.02 in chips)
Seat 2: Pandakey ($141.85 in chips)
Ultrafranke: posts small blind $1
Pandakey: posts big blind $3
*** HOLE CARDS ***
Ultrafranke: raises $3 to $6
Pandakey: calls $3
*** FLOP *** [Kd 4d Kh]
Pandakey: checks
Ultrafranke: bets $3
Pandakey: calls $3
*** TURN *** [Kd 4d Kh] [Ks]
Pandakey: checks
Ultrafranke: checks
*** RIVER *** [Kd 4d Kh Ks] [Ah]
Pandakey: checks
Ultrafranke: checks
*** SHOW DOWN ***
Pandakey: shows [7c Qh] (three of a kind, Kings)
Ultrafranke: shows [6h Qc] (three of a kind, Kings)
Pandakey collected $8.82 from pot
Ultrafranke collected $8.82 from pot
*** SUMMARY ***
Total pot $18 | Rake $0.36
Board [Kd 4d Kh Ks Ah]
Seat 1: Ultrafranke (button) (small blind) showed [6h Qc] and won ($8.82) with three of a kind, Kings
Seat 2: Pandakey (big blind) showed [7c Qh] and won ($8.82) with three of a kind, Kings


PokerStars Hand #146522832557:  Hold'em Limit ($3/$6 USD) - 2016/01/05 14:28:45 ET
Table 'Celaeno II' 2-max Seat #1 is the button
Seat 1: nedo1414 ($116.54 in chips)
Seat 2: Pandakey ($145.69 in chips)
nedo1414: posts small blind $1
Pandakey: posts big blind $3
*** HOLE CARDS ***
nedo1414: raises $3 to $6
Pandakey: calls $3
*** FLOP *** [8h Ts Kc]
Pandakey: checks
nedo1414: bets $3
Pandakey: raises $3 to $6
nedo1414: calls $3
*** TURN *** [8h Ts Kc] [3c]
Pandakey: bets $6
nedo1414: calls $6
*** RIVER *** [8h Ts Kc 3c] [Qh]
Pandakey: checks
nedo1414: checks
*** SHOW DOWN ***
Pandakey: shows [7s 6c] (high card King)
nedo1414: shows [3d Ac] (a pair of Threes)
nedo1414 collected $35.50 from pot
*** SUMMARY ***
Total pot $36 | Rake $0.50
Board [8h Ts Kc 3c Qh]
Seat 1: nedo1414 (button) (small blind) showed [3d Ac] and won ($35.50) with a pair of Threes
Seat 2: Pandakey (big blind) showed [7s 6c] and lost with high card King


PokerStars Hand #146522822321:  Hold'em Limit ($3/$6 USD) - 2016/01/05 14:28:35 ET
Table 'Celaeno II' 2-max Seat #2 is the button
Seat 1: nedo1414 ($122.54 in chips)
Seat 2: Pandakey ($139.93 in chips)
Pandakey: posts small blind $1
nedo1414: posts big blind $3
*** HOLE CARDS ***
Pandakey: raises $3 to $6
nedo1414: calls $3
*** FLOP *** [9c Ah Jh]
nedo1414: checks
Pandakey: checks
*** TURN *** [9c Ah Jh] [As]
nedo1414: checks
Pandakey: bets $6
nedo1414: folds
Uncalled bet ($6) returned to Pandakey
Pandakey collected $11.76 from pot
Pandakey: doesn't show hand
*** SUMMARY ***
Total pot $12 | Rake $0.24
Board [9c Ah Jh As]
Seat 1: nedo1414 (big blind) folded on the Turn
Seat 2: Pandakey (button) (small blind) collected ($11.76)


PokerStars Hand #146522817560:  Hold'em Limit ($3/$6 USD) - 2016/01/05 14:28:31 ET
Table 'Celaeno II' 2-max Seat #1 is the button
Seat 1: nedo1414 ($119.54 in chips)
Seat 2: Pandakey ($142.93 in chips)
nedo1414: posts small blind $1
Pandakey: posts big blind $3
*** HOLE CARDS ***
nedo1414: raises $3 to $6
Pandakey: folds
Uncalled bet ($3) returned to nedo1414
nedo1414 collected $6 from pot
nedo1414: doesn't show hand
*** SUMMARY ***
Total pot $6 | Rake $0
Seat 1: nedo1414 (button) (small blind) collected ($6)
Seat 2: Pandakey (big blind) folded before Flop


PokerStars Hand #146522813005:  Hold'em Limit ($3/$6 USD) - 2016/01/05 14:28:26 ET
Table 'Celaeno II' 2-max Seat #2 is the button
Seat 1: nedo1414 ($118.54 in chips)
Seat 2: Pandakey ($143.93 in chips)
Pandakey: posts small blind $1
nedo1414: posts big blind $3
*** HOLE CARDS ***
Pandakey: folds
Uncalled bet ($2) returned to nedo1414
nedo1414 collected $2 from pot
nedo1414: doesn't show hand
*** SUMMARY ***
Total pot $2 | Rake $0
Seat 1: nedo1414 (big blind) collected ($2)
Seat 2: Pandakey (button) (small blind) folded before Flop


PokerStars Hand #146522798820:  Hold'em Limit ($3/$6 USD) - 2016/01/05 14:28:13 ET
Table 'Celaeno II' 2-max Seat #1 is the button
Seat 1: nedo1414 ($104.04 in chips)
Seat 2: Pandakey ($158.93 in chips)
nedo1414: posts small blind $1
Pandakey: posts big blind $3
*** HOLE CARDS ***
nedo1414: raises $3 to $6
Pandakey: calls $3
*** FLOP *** [3s 4s Qd]
Pandakey: checks
nedo1414: bets $3
Pandakey: calls $3
*** TURN *** [3s 4s Qd] [Th]
Pandakey: checks
nedo1414: checks
*** RIVER *** [3s 4s Qd Th] [9h]
Pandakey: bets $6
nedo1414: calls $6
*** SHOW DOWN ***
Pandakey: shows [5c Ad] (high card Ace)
nedo1414: shows [Kc 9d] (a pair of Nines)
nedo1414 collected $29.50 from pot
*** SUMMARY ***
Total pot $30 | Rake $0.50
Board [3s 4s Qd Th 9h]
Seat 1: nedo1414 (button) (small blind) showed [Kc 9d] and won ($29.50) with a pair of Nines
Seat 2: Pandakey (big blind) showed [5c Ad] and lost with high card Ace


PokerStars Hand #146522870685:  Hold'em Limit ($3/$6 USD) - 2016/01/05 14:29:23 ET
Table 'Celaeno II' 2-max Seat #2 is the button
Seat 1: nedo1414 ($154.54 in chips)
Seat 2: Pandakey ($106.69 in chips)
Pandakey: posts small blind $1
nedo1414: posts big blind $3
*** HOLE CARDS ***
Pandakey: raises $3 to $6
nedo1414: raises $3 to $9
Pandakey: calls $3
*** FLOP *** [Qd Td 8s]
nedo1414: bets $3
Pandakey: folds
Uncalled bet ($3) returned to nedo1414
nedo1414 collected $17.64 from pot
nedo1414: doesn't show hand
*** SUMMARY ***
Total pot $18 | Rake $0.36
Board [Qd Td 8s]
Seat 1: nedo1414 (big blind) collected ($17.64)
Seat 2: Pandakey (button) (small blind) folded on the Flop


PokerStars Hand #146522851863:  Hold'em Limit ($3/$6 USD) - 2016/01/05 14:29:04 ET
Table 'Celaeno II' 2-max Seat #1 is the button
Seat 1: nedo1414 ($131.04 in chips)
Seat 2: Pandakey ($130.69 in chips)
nedo1414: posts small blind $1
Pandakey: posts big blind $3
*** HOLE CARDS ***
nedo1414: raises $3 to $6
Pandakey: raises $3 to $9
nedo1414: raises $3 to $12
Betting is capped
Pandakey: calls $3
*** FLOP *** [Td Qh Tc]
Pandakey: checks
nedo1414: checks
*** TURN *** [Td Qh Tc] [9s]
Pandakey: bets $6
nedo1414: raises $6 to $12
Pandakey: calls $6
*** RIVER *** [Td Qh Tc 9s] [8h]
Pandakey: checks
nedo1414: bets $6
Pandakey: folds
Uncalled bet ($6) returned to nedo1414
nedo1414 collected $47.50 from pot
nedo1414: doesn't show hand
*** SUMMARY ***
Total pot $48 | Rake $0.50
Board [Td Qh Tc 9s 8h]
Seat 1: nedo1414 (button) (small blind) collected ($47.50)
Seat 2: Pandakey (big blind) folded on the River


PokerStars Hand #146522847016:  Hold'em Limit ($3/$6 USD) - 2016/01/05 14:29:00 ET
Table 'Celaeno II' 2-max Seat #2 is the button
Seat 1: nedo1414 ($134.04 in chips)
Seat 2: Pandakey ($127.69 in chips)
Pandakey: posts small blind $1
nedo1414: posts big blind $3
*** HOLE CARDS ***
Pandakey: raises $3 to $6
nedo1414: folds
Uncalled bet ($3) returned to Pandakey
Pandakey collected $6 from pot
Pandakey: doesn't show hand
*** SUMMARY ***
Total pot $6 | Rake $0
Seat 1: nedo1414 (big blind) folded before Flop
Seat 2: Pandakey (button) (small blind) collected ($6)


