PokerStars Hand #166751069601:  Hold'em Limit ($3/$6 USD) - 2017/02/25 10:48:03 ET
Table 'Celbalrai' 6-max Seat #6 is the button
Seat 1: TbIP-TbIP 88 ($74.26 in chips)
Seat 6: HAOYUN88888 ($146.34 in chips)
HAOYUN88888: posts small blind $1
TbIP-TbIP 88: posts big blind $3
*** HOLE CARDS ***
HAOYUN88888: raises $3 to $6
TbIP-TbIP 88: calls $3
*** FLOP *** [6c 6d 4h]
TbIP-TbIP 88: checks
HAOYUN88888: bets $3
TbIP-TbIP 88: calls $3
*** TURN *** [6c 6d 4h] [Td]
TbIP-TbIP 88: checks
HAOYUN88888: bets $6
TbIP-TbIP 88: calls $6
*** RIVER *** [6c 6d 4h Td] [8d]
TbIP-TbIP 88: checks
HAOYUN88888: bets $6
TbIP-TbIP 88: folds
Uncalled bet ($6) returned to HAOYUN88888
HAOYUN88888 collected $29.50 from pot
HAOYUN88888: doesn't show hand
*** SUMMARY ***
Total pot $30 | Rake $0.50
Board [6c 6d 4h Td 8d]
Seat 1: TbIP-TbIP 88 (big blind) folded on the River
Seat 6: HAOYUN88888 (button) (small blind) collected ($29.50)


PokerStars Hand #166751110761:  Hold'em Limit ($3/$6 USD) - 2017/02/25 10:48:59 ET
Table 'Celbalrai' 6-max Seat #1 is the button
Seat 1: TbIP-TbIP 88 ($115.50 in chips)
Seat 6: HAOYUN88888 ($116.84 in chips)
TbIP-TbIP 88: posts small blind $1
HAOYUN88888: posts big blind $3
*** HOLE CARDS ***
TbIP-TbIP 88: raises $3 to $6
HAOYUN88888: folds
Uncalled bet ($3) returned to TbIP-TbIP 88
TbIP-TbIP 88 collected $6 from pot
TbIP-TbIP 88: doesn't show hand
*** SUMMARY ***
Total pot $6 | Rake $0
Seat 1: TbIP-TbIP 88 (button) (small blind) collected ($6)
Seat 6: HAOYUN88888 (big blind) folded before Flop


PokerStars Hand #166751084575:  Hold'em Limit ($3/$6 USD) - 2017/02/25 10:48:24 ET
Table 'Celbalrai' 6-max Seat #6 is the button
Seat 1: TbIP-TbIP 88 ($75 in chips)
Seat 6: HAOYUN88888 ($157.84 in chips)
HAOYUN88888: posts small blind $1
TbIP-TbIP 88: posts big blind $3
*** HOLE CARDS ***
HAOYUN88888: folds
Uncalled bet ($2) returned to TbIP-TbIP 88
TbIP-TbIP 88 collected $2 from pot
TbIP-TbIP 88: doesn't show hand
*** SUMMARY ***
Total pot $2 | Rake $0
Seat 1: TbIP-TbIP 88 (big blind) collected ($2)
Seat 6: HAOYUN88888 (button) (small blind) folded before Flop


PokerStars Hand #166751081014:  Hold'em Limit ($3/$6 USD) - 2017/02/25 10:48:19 ET
Table 'Celbalrai' 6-max Seat #1 is the button
Seat 1: TbIP-TbIP 88 ($72 in chips)
Seat 6: HAOYUN88888 ($160.84 in chips)
TbIP-TbIP 88: posts small blind $1
HAOYUN88888: posts big blind $3
*** HOLE CARDS ***
TbIP-TbIP 88: raises $3 to $6
HAOYUN88888: folds
Uncalled bet ($3) returned to TbIP-TbIP 88
TbIP-TbIP 88 collected $6 from pot
TbIP-TbIP 88: doesn't show hand
*** SUMMARY ***
Total pot $6 | Rake $0
Seat 1: TbIP-TbIP 88 (button) (small blind) collected ($6)
Seat 6: HAOYUN88888 (big blind) folded before Flop


PokerStars Hand #166751107253:  Hold'em Limit ($3/$6 USD) - 2017/02/25 10:48:54 ET
Table 'Celbalrai' 6-max Seat #6 is the button
Seat 1: TbIP-TbIP 88 ($114.50 in chips)
Seat 6: HAOYUN88888 ($117.84 in chips)
HAOYUN88888: posts small blind $1
TbIP-TbIP 88: posts big blind $3
*** HOLE CARDS ***
HAOYUN88888: folds
Uncalled bet ($2) returned to TbIP-TbIP 88
TbIP-TbIP 88 collected $2 from pot
TbIP-TbIP 88: doesn't show hand
*** SUMMARY ***
Total pot $2 | Rake $0
Seat 1: TbIP-TbIP 88 (big blind) collected ($2)
Seat 6: HAOYUN88888 (button) (small blind) folded before Flop


PokerStars Hand #166751088014:  Hold'em Limit ($3/$6 USD) - 2017/02/25 10:48:28 ET
Table 'Celbalrai' 6-max Seat #1 is the button
Seat 1: TbIP-TbIP 88 ($76 in chips)
Seat 6: HAOYUN88888 ($156.84 in chips)
TbIP-TbIP 88: posts small blind $1
HAOYUN88888: posts big blind $3
*** HOLE CARDS ***
TbIP-TbIP 88: raises $3 to $6
HAOYUN88888: calls $3
*** FLOP *** [Ts Th 9d]
HAOYUN88888: checks
TbIP-TbIP 88: bets $3
HAOYUN88888: raises $3 to $6
TbIP-TbIP 88: raises $3 to $9
HAOYUN88888: calls $3
*** TURN *** [Ts Th 9d] [9h]
HAOYUN88888: checks
TbIP-TbIP 88: bets $6
HAOYUN88888: raises $6 to $12
TbIP-TbIP 88: raises $6 to $18
HAOYUN88888: calls $6
*** RIVER *** [Ts Th 9d 9h] [4s]
HAOYUN88888: checks
TbIP-TbIP 88: bets $6
HAOYUN88888: calls $6
*** SHOW DOWN ***
TbIP-TbIP 88: shows [Tc Js] (a full house, Tens full of Nines)
HAOYUN88888: mucks hand
TbIP-TbIP 88 collected $77.50 from pot
*** SUMMARY ***
Total pot $78 | Rake $0.50
Board [Ts Th 9d 9h 4s]
Seat 1: TbIP-TbIP 88 (button) (small blind) showed [Tc Js] and won ($77.50) with a full house, Tens full of Nines
Seat 6: HAOYUN88888 (big blind) mucked


PokerStars Hand #166751115335:  Hold'em Limit ($3/$6 USD) - 2017/02/25 10:49:05 ET
Table 'Celbalrai' 6-max Seat #6 is the button
Seat 1: TbIP-TbIP 88 ($118.50 in chips)
Seat 6: HAOYUN88888 ($113.84 in chips)
HAOYUN88888: posts small blind $1
TbIP-TbIP 88: posts big blind $3
*** HOLE CARDS ***
HAOYUN88888: raises $3 to $6
Fabulous108 joins the table at seat #2
TbIP-TbIP 88: raises $3 to $9
HAOYUN88888: raises $3 to $12
Betting is capped
TbIP-TbIP 88: calls $3
*** FLOP *** [Ts Qh 9h]
TbIP-TbIP 88: bets $3
HAOYUN88888: raises $3 to $6
TbIP-TbIP 88: calls $3
*** TURN *** [Ts Qh 9h] [6s]
TbIP-TbIP 88: bets $6
HAOYUN88888: raises $6 to $12
TbIP-TbIP 88: calls $6
*** RIVER *** [Ts Qh 9h 6s] [Qs]
TbIP-TbIP 88: checks
HAOYUN88888: checks
*** SHOW DOWN ***
TbIP-TbIP 88: shows [Kd Ks] (two pair, Kings and Queens)
HAOYUN88888: mucks hand
TbIP-TbIP 88 collected $59.50 from pot
*** SUMMARY ***
Total pot $60 | Rake $0.50
Board [Ts Qh 9h 6s Qs]
Seat 1: TbIP-TbIP 88 (big blind) showed [Kd Ks] and won ($59.50) with two pair, Kings and Queens
Seat 6: HAOYUN88888 (button) (small blind) mucked


PokerStars Hand #166751523666:  Hold'em Limit ($3/$6 USD) - 2017/02/25 10:58:52 ET
Table 'Celbalrai' 6-max Seat #2 is the button
Seat 2: Fabulous108 ($96 in chips)
Seat 4: Kartll11 ($219.98 in chips)
Fabulous108: posts small blind $1
Kartll11: posts big blind $3
*** HOLE CARDS ***
Fabulous108: folds
Uncalled bet ($2) returned to Kartll11
Kartll11 collected $2 from pot
Kartll11: doesn't show hand
*** SUMMARY ***
Total pot $2 | Rake $0
Seat 2: Fabulous108 (button) (small blind) folded before Flop
Seat 4: Kartll11 (big blind) collected ($2)


PokerStars Hand #166751519508:  Hold'em Limit ($3/$6 USD) - 2017/02/25 10:58:46 ET
Table 'Celbalrai' 6-max Seat #4 is the button
Seat 2: Fabulous108 ($99 in chips)
Seat 4: Kartll11 ($216.98 in chips)
Kartll11: posts small blind $1
Fabulous108: posts big blind $3
*** HOLE CARDS ***
Kartll11: raises $3 to $6
Fabulous108: folds
Uncalled bet ($3) returned to Kartll11
Kartll11 collected $6 from pot
Kartll11: doesn't show hand
*** SUMMARY ***
Total pot $6 | Rake $0
Seat 2: Fabulous108 (big blind) folded before Flop
Seat 4: Kartll11 (button) (small blind) collected ($6)


PokerStars Hand #166751564375:  Hold'em Limit ($3/$6 USD) - 2017/02/25 10:59:56 ET
Table 'Celbalrai' 6-max Seat #4 is the button
Seat 2: Fabulous108 ($79 in chips)
Seat 4: Kartll11 ($236.48 in chips)
Kartll11: posts small blind $1
Fabulous108: posts big blind $3
*** HOLE CARDS ***
Kartll11: folds
Uncalled bet ($2) returned to Fabulous108
Fabulous108 collected $2 from pot
Fabulous108: doesn't show hand
*** SUMMARY ***
Total pot $2 | Rake $0
Seat 2: Fabulous108 (big blind) collected ($2)
Seat 4: Kartll11 (button) (small blind) folded before Flop


PokerStars Hand #166751561195:  Hold'em Limit ($3/$6 USD) - 2017/02/25 10:59:51 ET
Table 'Celbalrai' 6-max Seat #2 is the button
Seat 2: Fabulous108 ($80 in chips)
Seat 4: Kartll11 ($235.48 in chips)
Fabulous108: posts small blind $1
Kartll11: posts big blind $3
*** HOLE CARDS ***
Fabulous108: folds
Uncalled bet ($2) returned to Kartll11
Kartll11 collected $2 from pot
Kartll11: doesn't show hand
*** SUMMARY ***
Total pot $2 | Rake $0
Seat 2: Fabulous108 (button) (small blind) folded before Flop
Seat 4: Kartll11 (big blind) collected ($2)


PokerStars Hand #166751537717:  Hold'em Limit ($3/$6 USD) - 2017/02/25 10:59:14 ET
Table 'Celbalrai' 6-max Seat #4 is the button
Seat 2: Fabulous108 ($95 in chips)
Seat 4: Kartll11 ($220.98 in chips)
Kartll11: posts small blind $1
Fabulous108: posts big blind $3
*** HOLE CARDS ***
Kartll11: raises $3 to $6
TbIP-TbIP 88 leaves the table
Fabulous108: calls $3
*** FLOP *** [Ah 2s 8s]
Fabulous108: checks
Kartll11: bets $3
Fabulous108: calls $3
*** TURN *** [Ah 2s 8s] [4h]
Fabulous108: checks
Kartll11: checks
*** RIVER *** [Ah 2s 8s 4h] [7h]
Fabulous108: checks
Kartll11: bets $6
Fabulous108: calls $6
*** SHOW DOWN ***
Kartll11: shows [Qc 7s] (a pair of Sevens)
Fabulous108: mucks hand
Kartll11 collected $29.50 from pot
*** SUMMARY ***
Total pot $30 | Rake $0.50
Board [Ah 2s 8s 4h 7h]
Seat 2: Fabulous108 (big blind) mucked
Seat 4: Kartll11 (button) (small blind) showed [Qc 7s] and won ($29.50) with a pair of Sevens


PokerStars Hand #166751616945:  Hold'em Limit ($3/$6 USD) - 2017/02/25 11:01:13 ET
Table 'Celbalrai' 6-max Seat #4 is the button
Seat 2: Fabulous108 ($395.82 in chips)
Seat 4: Kartll11 ($230.98 in chips)
Kartll11: posts small blind $1
Fabulous108: posts big blind $3
*** HOLE CARDS ***
Kartll11: folds
Uncalled bet ($2) returned to Fabulous108
Fabulous108 collected $2 from pot
Fabulous108: doesn't show hand
*** SUMMARY ***
Total pot $2 | Rake $0
Seat 2: Fabulous108 (big blind) collected ($2)
Seat 4: Kartll11 (button) (small blind) folded before Flop


PokerStars Hand #166751612184:  Hold'em Limit ($3/$6 USD) - 2017/02/25 11:01:06 ET
Table 'Celbalrai' 6-max Seat #2 is the button
Seat 2: Fabulous108 ($80.50 in chips)
Seat 4: Kartll11 ($233.98 in chips)
Fabulous108: posts small blind $1
Kartll11: posts big blind $3
*** HOLE CARDS ***
Fabulous108: raises $3 to $6
Kartll11: folds
Uncalled bet ($3) returned to Fabulous108
Fabulous108 collected $6 from pot
Fabulous108: doesn't show hand
*** SUMMARY ***
Total pot $6 | Rake $0
Seat 2: Fabulous108 (button) (small blind) collected ($6)
Seat 4: Kartll11 (big blind) folded before Flop


PokerStars Hand #166751598461:  Hold'em Limit ($3/$6 USD) - 2017/02/25 11:00:47 ET
Table 'Celbalrai' 6-max Seat #4 is the button
Seat 2: Fabulous108 ($98.50 in chips)
Seat 4: Kartll11 ($216.48 in chips)
Kartll11: posts small blind $1
Fabulous108: posts big blind $3
*** HOLE CARDS ***
Kartll11: raises $3 to $6
Fabulous108: calls $3
*** FLOP *** [2d 8s 3s]
Fabulous108: checks
Kartll11: checks
*** TURN *** [2d 8s 3s] [9s]
Fabulous108: bets $6
Kartll11: raises $6 to $12
Fabulous108: calls $6
*** RIVER *** [2d 8s 3s 9s] [Qs]
Fabulous108: checks
Kartll11: checks
*** SHOW DOWN ***
Fabulous108: shows [5d 9h] (a pair of Nines)
Kartll11: shows [Td 9c] (a pair of Nines - Queen+Ten kicker)
Kartll11 collected $35.50 from pot
*** SUMMARY ***
Total pot $36 | Rake $0.50
Board [2d 8s 3s 9s Qs]
Seat 2: Fabulous108 (big blind) showed [5d 9h] and lost with a pair of Nines
Seat 4: Kartll11 (button) (small blind) showed [Td 9c] and won ($35.50) with a pair of Nines


PokerStars Hand #166751569155:  Hold'em Limit ($3/$6 USD) - 2017/02/25 11:00:03 ET
Table 'Celbalrai' 6-max Seat #2 is the button
Seat 2: Fabulous108 ($80 in chips)
Seat 4: Kartll11 ($235.48 in chips)
Fabulous108: posts small blind $1
Kartll11: posts big blind $3
*** HOLE CARDS ***
Fabulous108: raises $3 to $6
Kartll11: raises $3 to $9
Fabulous108: raises $3 to $12
Betting is capped
Kartll11: calls $3
*** FLOP *** [8d Ks 4d]
Kartll11: checks
Fabulous108: bets $3
Kartll11: calls $3
*** TURN *** [8d Ks 4d] [Jc]
Kartll11: checks
Fabulous108: bets $6
Kartll11: folds
Uncalled bet ($6) returned to Fabulous108
Fabulous108 collected $29.50 from pot
Fabulous108: doesn't show hand
*** SUMMARY ***
Total pot $30 | Rake $0.50
Board [8d Ks 4d Jc]
Seat 2: Fabulous108 (button) (small blind) collected ($29.50)
Seat 4: Kartll11 (big blind) folded on the Turn


PokerStars Hand #166751592597:  Hold'em Limit ($3/$6 USD) - 2017/02/25 11:00:38 ET
Table 'Celbalrai' 6-max Seat #2 is the button
Seat 2: Fabulous108 ($95.50 in chips)
Seat 4: Kartll11 ($219.48 in chips)
Fabulous108: posts small blind $1
Kartll11: posts big blind $3
*** HOLE CARDS ***
Fabulous108: raises $3 to $6
Kartll11: folds
Uncalled bet ($3) returned to Fabulous108
Fabulous108 collected $6 from pot
Fabulous108: doesn't show hand
*** SUMMARY ***
Total pot $6 | Rake $0
Seat 2: Fabulous108 (button) (small blind) collected ($6)
Seat 4: Kartll11 (big blind) folded before Flop


PokerStars Hand #166751588613:  Hold'em Limit ($3/$6 USD) - 2017/02/25 11:00:32 ET
Table 'Celbalrai' 6-max Seat #4 is the button
Seat 2: Fabulous108 ($94.50 in chips)
Seat 4: Kartll11 ($220.48 in chips)
Kartll11: posts small blind $1
Fabulous108: posts big blind $3
*** HOLE CARDS ***
Kartll11: folds
Uncalled bet ($2) returned to Fabulous108
Fabulous108 collected $2 from pot
Fabulous108: doesn't show hand
*** SUMMARY ***
Total pot $2 | Rake $0
Seat 2: Fabulous108 (big blind) collected ($2)
Seat 4: Kartll11 (button) (small blind) folded before Flop


PokerStars Hand #166751658714:  Hold'em Limit ($3/$6 USD) - 2017/02/25 11:02:10 ET
Table 'Celbalrai' 6-max Seat #2 is the button
Seat 2: Fabulous108 ($347.82 in chips)
Seat 4: Kartll11 ($277.98 in chips)
Fabulous108: posts small blind $1
Kartll11: posts big blind $3
*** HOLE CARDS ***
Fabulous108: raises $3 to $6
Kartll11: folds
Uncalled bet ($3) returned to Fabulous108
Fabulous108 collected $6 from pot
Fabulous108: doesn't show hand
*** SUMMARY ***
Total pot $6 | Rake $0
Seat 2: Fabulous108 (button) (small blind) collected ($6)
Seat 4: Kartll11 (big blind) folded before Flop


PokerStars Hand #166751642716:  Hold'em Limit ($3/$6 USD) - 2017/02/25 11:01:49 ET
Table 'Celbalrai' 6-max Seat #4 is the button
Seat 2: Fabulous108 ($365.82 in chips)
Seat 4: Kartll11 ($260.48 in chips)
Kartll11: posts small blind $1
Fabulous108: posts big blind $3
*** HOLE CARDS ***
Kartll11: raises $3 to $6
Fabulous108: raises $3 to $9
Kartll11: calls $3
*** FLOP *** [2s 6c Tc]
Fabulous108: bets $3
Kartll11: calls $3
*** TURN *** [2s 6c Tc] [8h]
Fabulous108: checks
Kartll11: checks
*** RIVER *** [2s 6c Tc 8h] [9h]
Fabulous108: checks
Kartll11: bets $6
Fabulous108: calls $6
*** SHOW DOWN ***
Kartll11: shows [9s Jh] (a pair of Nines)
Fabulous108: mucks hand
Kartll11 collected $35.50 from pot
*** SUMMARY ***
Total pot $36 | Rake $0.50
Board [2s 6c Tc 8h 9h]
Seat 2: Fabulous108 (big blind) mucked
Seat 4: Kartll11 (button) (small blind) showed [9s Jh] and won ($35.50) with a pair of Nines


PokerStars Hand #166751638722:  Hold'em Limit ($3/$6 USD) - 2017/02/25 11:01:43 ET
Table 'Celbalrai' 6-max Seat #2 is the button
Seat 2: Fabulous108 ($366.82 in chips)
Seat 4: Kartll11 ($259.48 in chips)
Fabulous108: posts small blind $1
Kartll11: posts big blind $3
*** HOLE CARDS ***
Fabulous108: folds
Uncalled bet ($2) returned to Kartll11
Kartll11 collected $2 from pot
Kartll11: doesn't show hand
*** SUMMARY ***
Total pot $2 | Rake $0
Seat 2: Fabulous108 (button) (small blind) folded before Flop
Seat 4: Kartll11 (big blind) collected ($2)


PokerStars Hand #166751634593:  Hold'em Limit ($3/$6 USD) - 2017/02/25 11:01:38 ET
Table 'Celbalrai' 6-max Seat #4 is the button
Seat 2: Fabulous108 ($369.82 in chips)
Seat 4: Kartll11 ($256.48 in chips)
Kartll11: posts small blind $1
Fabulous108: posts big blind $3
*** HOLE CARDS ***
Kartll11: raises $3 to $6
Fabulous108: folds
Uncalled bet ($3) returned to Kartll11
Kartll11 collected $6 from pot
Kartll11: doesn't show hand
*** SUMMARY ***
Total pot $6 | Rake $0
Seat 2: Fabulous108 (big blind) folded before Flop
Seat 4: Kartll11 (button) (small blind) collected ($6)


PokerStars Hand #166751620494:  Hold'em Limit ($3/$6 USD) - 2017/02/25 11:01:18 ET
Table 'Celbalrai' 6-max Seat #2 is the button
Seat 2: Fabulous108 ($396.82 in chips)
Seat 4: Kartll11 ($229.98 in chips)
Fabulous108: posts small blind $1
Kartll11: posts big blind $3
*** HOLE CARDS ***
Fabulous108: raises $3 to $6
Kartll11: calls $3
*** FLOP *** [Th 7h 3c]
Kartll11: checks
Fabulous108: bets $3
Kartll11: calls $3
*** TURN *** [Th 7h 3c] [7c]
Kartll11: checks
Fabulous108: bets $6
Kartll11: raises $6 to $12
Fabulous108: calls $6
*** RIVER *** [Th 7h 3c 7c] [6s]
Kartll11: bets $6
Fabulous108: calls $6
*** SHOW DOWN ***
Kartll11: shows [8s 7d] (three of a kind, Sevens)
Fabulous108: mucks hand
Kartll11 collected $53.50 from pot
*** SUMMARY ***
Total pot $54 | Rake $0.50
Board [Th 7h 3c 7c 6s]
Seat 2: Fabulous108 (button) (small blind) mucked
Seat 4: Kartll11 (big blind) showed [8s 7d] and won ($53.50) with three of a kind, Sevens


PokerStars Hand #166751672038:  Hold'em Limit ($3/$6 USD) - 2017/02/25 11:02:29 ET
Table 'Celbalrai' 6-max Seat #2 is the button
Seat 2: Fabulous108 ($359.46 in chips)
Seat 4: Kartll11 ($265.98 in chips)
Fabulous108: posts small blind $1
Kartll11: posts big blind $3
*** HOLE CARDS ***
Fabulous108: raises $3 to $6
Kartll11: calls $3
*** FLOP *** [6h Ah 6s]
Kartll11: checks
Fabulous108: checks
*** TURN *** [6h Ah 6s] [9s]
Kartll11: checks
Fabulous108: bets $6
Kartll11: calls $6
*** RIVER *** [6h Ah 6s 9s] [4c]
Kartll11: checks
Fabulous108: bets $6
Kartll11: calls $6
*** SHOW DOWN ***
Fabulous108: shows [9c As] (two pair, Aces and Nines)
Kartll11: mucks hand
Fabulous108 collected $35.50 from pot
*** SUMMARY ***
Total pot $36 | Rake $0.50
Board [6h Ah 6s 9s 4c]
Seat 2: Fabulous108 (button) (small blind) showed [9c As] and won ($35.50) with two pair, Aces and Nines
Seat 4: Kartll11 (big blind) mucked


PokerStars Hand #166751663849:  Hold'em Limit ($3/$6 USD) - 2017/02/25 11:02:17 ET
Table 'Celbalrai' 6-max Seat #4 is the button
Seat 2: Fabulous108 ($350.82 in chips)
Seat 4: Kartll11 ($274.98 in chips)
Kartll11: posts small blind $1
Fabulous108: posts big blind $3
*** HOLE CARDS ***
Kartll11: raises $3 to $6
Fabulous108: raises $3 to $9
Kartll11: calls $3
*** FLOP *** [5d Jd Qs]
Fabulous108: bets $3
Kartll11: folds
Uncalled bet ($3) returned to Fabulous108
Fabulous108 collected $17.64 from pot
Fabulous108: doesn't show hand
*** SUMMARY ***
Total pot $18 | Rake $0.36
Board [5d Jd Qs]
Seat 2: Fabulous108 (big blind) collected ($17.64)
Seat 4: Kartll11 (button) (small blind) folded on the Flop


PokerStars Hand #166751689329:  Hold'em Limit ($3/$6 USD) - 2017/02/25 11:02:52 ET
Table 'Celbalrai' 6-max Seat #4 is the button
Seat 2: Fabulous108 ($376.96 in chips)
Seat 4: Kartll11 ($247.98 in chips)
Kartll11: posts small blind $1
Fabulous108: posts big blind $3
*** HOLE CARDS ***
Kartll11: raises $3 to $6
Fabulous108: raises $3 to $9
Kartll11: calls $3
*** FLOP *** [Ad 9s Jh]
Fabulous108: bets $3
Kartll11: calls $3
*** TURN *** [Ad 9s Jh] [7h]
Fabulous108: bets $6
Kartll11: calls $6
*** RIVER *** [Ad 9s Jh 7h] [2h]
Fabulous108: bets $6
Kartll11: calls $6
*** SHOW DOWN ***
Fabulous108: shows [As 5s] (a pair of Aces)
Kartll11: mucks hand
Fabulous108 collected $47.50 from pot
*** SUMMARY ***
Total pot $48 | Rake $0.50
Board [Ad 9s Jh 7h 2h]
Seat 2: Fabulous108 (big blind) showed [As 5s] and won ($47.50) with a pair of Aces
Seat 4: Kartll11 (button) (small blind) mucked


PokerStars Hand #166751707087:  Hold'em Limit ($3/$6 USD) - 2017/02/25 11:03:15 ET
Table 'Celbalrai' 6-max Seat #4 is the button
Seat 2: Fabulous108 ($399.46 in chips)
Seat 4: Kartll11 ($224.98 in chips)
Kartll11: posts small blind $1
Fabulous108: posts big blind $3
*** HOLE CARDS ***
Kartll11: folds
Uncalled bet ($2) returned to Fabulous108
Fabulous108 collected $2 from pot
Fabulous108: doesn't show hand
*** SUMMARY ***
Total pot $2 | Rake $0
Seat 2: Fabulous108 (big blind) collected ($2)
Seat 4: Kartll11 (button) (small blind) folded before Flop


PokerStars Hand #166751703659:  Hold'em Limit ($3/$6 USD) - 2017/02/25 11:03:11 ET
Table 'Celbalrai' 6-max Seat #2 is the button
Seat 2: Fabulous108 ($400.46 in chips)
Seat 4: Kartll11 ($223.98 in chips)
Fabulous108: posts small blind $1
Kartll11: posts big blind $3
*** HOLE CARDS ***
Fabulous108: folds
Uncalled bet ($2) returned to Kartll11
Kartll11 collected $2 from pot
Kartll11: doesn't show hand
*** SUMMARY ***
Total pot $2 | Rake $0
Seat 2: Fabulous108 (button) (small blind) folded before Flop
Seat 4: Kartll11 (big blind) collected ($2)


PokerStars Hand #166751730123:  Hold'em Limit ($3/$6 USD) - 2017/02/25 11:03:46 ET
Table 'Celbalrai' 6-max Seat #2 is the button
Seat 2: Fabulous108 ($413.96 in chips)
Seat 4: Kartll11 ($209.98 in chips)
Fabulous108: posts small blind $1
Kartll11: posts big blind $3
*** HOLE CARDS ***
Fabulous108: raises $3 to $6
Kartll11: folds
Uncalled bet ($3) returned to Fabulous108
Fabulous108 collected $6 from pot
Fabulous108: doesn't show hand
*** SUMMARY ***
Total pot $6 | Rake $0
Seat 2: Fabulous108 (button) (small blind) collected ($6)
Seat 4: Kartll11 (big blind) folded before Flop


PokerStars Hand #166751715026:  Hold'em Limit ($3/$6 USD) - 2017/02/25 11:03:26 ET
Table 'Celbalrai' 6-max Seat #4 is the button
Seat 2: Fabulous108 ($399.46 in chips)
Seat 4: Kartll11 ($224.98 in chips)
Kartll11: posts small blind $1
Fabulous108: posts big blind $3
*** HOLE CARDS ***
Kartll11: raises $3 to $6
Fabulous108: calls $3
*** FLOP *** [Tc Ad 8d]
Fabulous108: checks
Kartll11: bets $3
Fabulous108: calls $3
*** TURN *** [Tc Ad 8d] [Qc]
Fabulous108: checks
Kartll11: bets $6
Fabulous108: calls $6
*** RIVER *** [Tc Ad 8d Qc] [Js]
Fabulous108: checks
Kartll11: checks
*** SHOW DOWN ***
Fabulous108: shows [Kd 7c] (a straight, Ten to Ace)
Kartll11: mucks hand
Fabulous108 collected $29.50 from pot
*** SUMMARY ***
Total pot $30 | Rake $0.50
Board [Tc Ad 8d Qc Js]
Seat 2: Fabulous108 (big blind) showed [Kd 7c] and won ($29.50) with a straight, Ten to Ace
Seat 4: Kartll11 (button) (small blind) mucked


PokerStars Hand #166751711836:  Hold'em Limit ($3/$6 USD) - 2017/02/25 11:03:22 ET
Table 'Celbalrai' 6-max Seat #2 is the button
Seat 2: Fabulous108 ($400.46 in chips)
Seat 4: Kartll11 ($223.98 in chips)
Fabulous108: posts small blind $1
Kartll11: posts big blind $3
*** HOLE CARDS ***
Fabulous108: folds
Uncalled bet ($2) returned to Kartll11
Kartll11 collected $2 from pot
Kartll11: doesn't show hand
*** SUMMARY ***
Total pot $2 | Rake $0
Seat 2: Fabulous108 (button) (small blind) folded before Flop
Seat 4: Kartll11 (big blind) collected ($2)


PokerStars Hand #166751735204:  Hold'em Limit ($3/$6 USD) - 2017/02/25 11:03:53 ET
Table 'Celbalrai' 6-max Seat #4 is the button
Seat 2: Fabulous108 ($416.96 in chips)
Seat 4: Kartll11 ($206.98 in chips)
Kartll11: posts small blind $1
Fabulous108: posts big blind $3
*** HOLE CARDS ***
Kartll11: folds
Uncalled bet ($2) returned to Fabulous108
Fabulous108 collected $2 from pot
Fabulous108: doesn't show hand
*** SUMMARY ***
Total pot $2 | Rake $0
Seat 2: Fabulous108 (big blind) collected ($2)
Seat 4: Kartll11 (button) (small blind) folded before Flop


