PokerStars Hand #164467945505:  Hold'em Limit ($3/$6 USD) - 2017/01/12 15:20:58 ET
Table 'Celbalrai II' 6-max Seat #4 is the button
Seat 2: pompier40 ($225.24 in chips)
Seat 4: Krazy90 ($205.55 in chips)
Krazy90: posts small blind $1
ABATAPP: is sitting out
ValeryRon: is sitting out
pompier40: posts big blind $3
*** HOLE CARDS ***
ABATAPP leaves the table
ValeryRon leaves the table
Krazy90: raises $3 to $6
pompier40: calls $3
*** FLOP *** [Ac 4d Jc]
pompier40: checks
TbIP-TbIP 88 joins the table at seat #5
TbIP-TbIP 88 leaves the table
Krazy90: bets $3
pompier40: calls $3
*** TURN *** [Ac 4d Jc] [8c]
pompier40: checks
Krazy90: checks
*** RIVER *** [Ac 4d Jc 8c] [9s]
pompier40: checks
Krazy90: checks
*** SHOW DOWN ***
pompier40: shows [4h 5c] (a pair of Fours)
Krazy90: shows [5h 8h] (a pair of Eights)
Krazy90 collected $17.64 from pot
*** SUMMARY ***
Total pot $18 | Rake $0.36
Board [Ac 4d Jc 8c 9s]
Seat 2: pompier40 (big blind) showed [4h 5c] and lost with a pair of Fours
Seat 4: Krazy90 (button) (small blind) showed [5h 8h] and won ($17.64) with a pair of Eights


