PokerStars Hand #159284043396:  Hold'em Limit ($3/$6 USD) - 2016/09/30 9:25:58 ET
Table 'Celbalrai II' 6-max Seat #1 is the button
Seat 1: chodzewXXL ($120 in chips)
Seat 3: simper11 ($120 in chips)
chodzewXXL: posts small blind $1
simper11: posts big blind $3
*** HOLE CARDS ***
chodzewXXL: raises $3 to $6
AzureCaper joins the table at seat #2
simper11: calls $3
*** FLOP *** [4s 7h 7d]
simper11: checks
chodzewXXL: bets $3
simper11: calls $3
*** TURN *** [4s 7h 7d] [Jc]
simper11: checks
italianhero4 joins the table at seat #4
chodzewXXL: checks
*** RIVER *** [4s 7h 7d Jc] [9s]
simper11: checks
chodzewXXL: checks
*** SHOW DOWN ***
simper11: shows [Qc Th] (a pair of Sevens)
chodzewXXL: shows [Ac Kh] (a pair of Sevens - Ace kicker)
chodzewXXL collected $17.64 from pot
*** SUMMARY ***
Total pot $18 | Rake $0.36
Board [4s 7h 7d Jc 9s]
Seat 1: chodzewXXL (button) (small blind) showed [Ac Kh] and won ($17.64) with a pair of Sevens
Seat 3: simper11 (big blind) showed [Qc Th] and lost with a pair of Sevens


PokerStars Hand #159284228602:  Hold'em Limit ($3/$6 USD) - 2016/09/30 9:31:44 ET
Table 'Celbalrai II' 6-max Seat #3 is the button
Seat 1: chodzewXXL ($179.81 in chips)
Seat 3: simper11 ($139.89 in chips)
simper11: posts small blind $1
chodzewXXL: posts big blind $3
*** HOLE CARDS ***
simper11: raises $3 to $6
italianhero4 said, "Sure why not."
italianhero4 said, "If I hit, he auto hits."
chodzewXXL said, "<3"
chodzewXXL: folds
Uncalled bet ($3) returned to simper11
simper11 collected $6 from pot
simper11: doesn't show hand
*** SUMMARY ***
Total pot $6 | Rake $0
Seat 1: chodzewXXL (big blind) folded before Flop
Seat 3: simper11 (button) (small blind) collected ($6)


PokerStars Hand #159284240103:  Hold'em Limit ($3/$6 USD) - 2016/09/30 9:32:05 ET
Table 'Celbalrai II' 6-max Seat #1 is the button
Seat 1: chodzewXXL ($176.81 in chips)
Seat 3: simper11 ($142.89 in chips)
italianhero4 said, "Ya you're awesome pollack."
chodzewXXL: posts small blind $1
simper11: posts big blind $3
*** HOLE CARDS ***
italianhero4 said, "I'd smash you hu."
chodzewXXL said, "you have more many ?"
chodzewXXL: raises $3 to $6
simper11: calls $3
*** FLOP *** [5h 3d 8s]
simper11: checks
italianhero4 said, "When you can spell "money" we can play."
italianhero4 leaves the table
chodzewXXL: checks
*** TURN *** [5h 3d 8s] [6c]
simper11: bets $6
chodzewXXL: calls $6
*** RIVER *** [5h 3d 8s 6c] [Js]
simper11: bets $6
chodzewXXL: folds
Uncalled bet ($6) returned to simper11
simper11 collected $23.52 from pot
simper11: doesn't show hand
*** SUMMARY ***
Total pot $24 | Rake $0.48
Board [5h 3d 8s 6c Js]
Seat 1: chodzewXXL (button) (small blind) folded on the River
Seat 3: simper11 (big blind) collected ($23.52)


