PokerStars Hand #165406384548:  Hold'em Limit ($3/$6 USD) - 2017/01/30 10:55:45 ET
Table 'Celbalrai' 6-max Seat #2 is the button
Seat 1: hubschi ($82.73 in chips)
Seat 2: vestimokrec ($120 in chips)
vestimokrec: posts small blind $1
GoliafUa: is sitting out
hubschi: posts big blind $3
*** HOLE CARDS ***
vestimokrec: raises $3 to $6
hubschi: calls $3
*** FLOP *** [4h 8h 9s]
hubschi: checks
vestimokrec: checks
*** TURN *** [4h 8h 9s] [9d]
hubschi: bets $6
vestimokrec: calls $6
*** RIVER *** [4h 8h 9s 9d] [6h]
hubschi: bets $6
vestimokrec: folds
Uncalled bet ($6) returned to hubschi
hubschi collected $23.52 from pot
hubschi: doesn't show hand
*** SUMMARY ***
Total pot $24 | Rake $0.48
Board [4h 8h 9s 9d 6h]
Seat 1: hubschi (big blind) collected ($23.52)
Seat 2: vestimokrec (button) (small blind) folded on the River


PokerStars Hand #165406431875:  Hold'em Limit ($3/$6 USD) - 2017/01/30 10:56:59 ET
Table 'Celbalrai' 6-max Seat #1 is the button
Seat 1: hubschi ($83.25 in chips)
Seat 2: vestimokrec ($118.52 in chips)
hubschi: posts small blind $1
vestimokrec: posts big blind $3
*** HOLE CARDS ***
hubschi: folds
Uncalled bet ($2) returned to vestimokrec
vestimokrec collected $2 from pot
vestimokrec: doesn't show hand
*** SUMMARY ***
Total pot $2 | Rake $0
Seat 1: hubschi (button) (small blind) folded before Flop
Seat 2: vestimokrec (big blind) collected ($2)


PokerStars Hand #165406429208:  Hold'em Limit ($3/$6 USD) - 2017/01/30 10:56:55 ET
Table 'Celbalrai' 6-max Seat #2 is the button
Seat 1: hubschi ($82.25 in chips)
Seat 2: vestimokrec ($119.52 in chips)
vestimokrec: posts small blind $1
hubschi: posts big blind $3
*** HOLE CARDS ***
vestimokrec: folds
Uncalled bet ($2) returned to hubschi
hubschi collected $2 from pot
hubschi: doesn't show hand
*** SUMMARY ***
Total pot $2 | Rake $0
Seat 1: hubschi (big blind) collected ($2)
Seat 2: vestimokrec (button) (small blind) folded before Flop


PokerStars Hand #165406410755:  Hold'em Limit ($3/$6 USD) - 2017/01/30 10:56:26 ET
Table 'Celbalrai' 6-max Seat #1 is the button
Seat 1: hubschi ($94.25 in chips)
Seat 2: vestimokrec ($108 in chips)
hubschi: posts small blind $1
vestimokrec: posts big blind $3
*** HOLE CARDS ***
hubschi: raises $3 to $6
vestimokrec: calls $3
*** FLOP *** [7h Qd 3c]
vestimokrec: checks
hubschi: bets $3
vestimokrec: raises $3 to $6
hubschi: calls $3
*** TURN *** [7h Qd 3c] [Ks]
vestimokrec: bets $6
hubschi: folds
Uncalled bet ($6) returned to vestimokrec
vestimokrec collected $23.52 from pot
vestimokrec: doesn't show hand
*** SUMMARY ***
Total pot $24 | Rake $0.48
Board [7h Qd 3c Ks]
Seat 1: hubschi (button) (small blind) folded on the Turn
Seat 2: vestimokrec (big blind) collected ($23.52)


PokerStars Hand #165406464509:  Hold'em Limit ($3/$6 USD) - 2017/01/30 10:57:50 ET
Table 'Celbalrai' 6-max Seat #1 is the button
Seat 1: hubschi ($93.77 in chips)
Seat 2: vestimokrec ($107.52 in chips)
hubschi: posts small blind $1
vestimokrec: posts big blind $3
*** HOLE CARDS ***
hubschi: raises $3 to $6
vestimokrec: calls $3
*** FLOP *** [7h 3c Jd]
vestimokrec: checks
krytalex joins the table at seat #4
hubschi: checks
*** TURN *** [7h 3c Jd] [8h]
vestimokrec: bets $6
hubschi: calls $6
*** RIVER *** [7h 3c Jd 8h] [Jh]
vestimokrec: bets $6
hubschi: folds
Uncalled bet ($6) returned to vestimokrec
vestimokrec collected $23.52 from pot
vestimokrec: doesn't show hand
*** SUMMARY ***
Total pot $24 | Rake $0.48
Board [7h 3c Jd 8h Jh]
Seat 1: hubschi (button) (small blind) folded on the River
Seat 2: vestimokrec (big blind) collected ($23.52)


PokerStars Hand #165406435259:  Hold'em Limit ($3/$6 USD) - 2017/01/30 10:57:05 ET
Table 'Celbalrai' 6-max Seat #2 is the button
Seat 1: hubschi ($82.25 in chips)
Seat 2: vestimokrec ($119.52 in chips)
vestimokrec: posts small blind $1
hubschi: posts big blind $3
*** HOLE CARDS ***
vestimokrec: raises $3 to $6
hubschi: calls $3
*** FLOP *** [Jh Ah Qh]
hubschi: checks
vestimokrec: checks
*** TURN *** [Jh Ah Qh] [2s]
halicpac joins the table at seat #3
hubschi: bets $6
vestimokrec: calls $6
*** RIVER *** [Jh Ah Qh 2s] [Kd]
hubschi: bets $6
vestimokrec: folds
Uncalled bet ($6) returned to hubschi
hubschi collected $23.52 from pot
hubschi: doesn't show hand
*** SUMMARY ***
Total pot $24 | Rake $0.48
Board [Jh Ah Qh 2s Kd]
Seat 1: hubschi (big blind) collected ($23.52)
Seat 2: vestimokrec (button) (small blind) folded on the River


PokerStars Hand #165412555993:  Hold'em Limit ($3/$6 USD) - 2017/01/30 13:03:52 ET
Table 'Celbalrai' 6-max Seat #6 is the button
Seat 3: Great_Kang ($120 in chips)
Seat 6: LuckyScal ($153.08 in chips)
LuckyScal: posts small blind $1
vestimokrec: is sitting out
Great_Kang: posts big blind $3
*** HOLE CARDS ***
LuckyScal: raises $3 to $6
Great_Kang: folds
Uncalled bet ($3) returned to LuckyScal
LuckyScal collected $6 from pot
LuckyScal: doesn't show hand
*** SUMMARY ***
Total pot $6 | Rake $0
Seat 3: Great_Kang (big blind) folded before Flop
Seat 6: LuckyScal (button) (small blind) collected ($6)


