PokerStars Hand #147742841934:  Hold'em Limit ($3/$6 USD) - 2016/01/26 20:51:18 ET
Table 'Celestia II' 10-max Seat #5 is the button
Seat 5: rttattar ($88 in chips)
Seat 10: SmellyToes4u ($113.88 in chips)
rttattar: posts small blind $1
SmellyToes4u: posts big blind $3
*** HOLE CARDS ***
rttattar: folds
Uncalled bet ($2) returned to SmellyToes4u
SmellyToes4u collected $2 from pot
SmellyToes4u: doesn't show hand
*** SUMMARY ***
Total pot $2 | Rake $0
Seat 5: rttattar (button) (small blind) folded before Flop
Seat 10: SmellyToes4u (big blind) collected ($2)


PokerStars Hand #147742831651:  Hold'em Limit ($3/$6 USD) - 2016/01/26 20:50:58 ET
Table 'Celestia II' 10-max Seat #10 is the button
Seat 5: rttattar ($100 in chips)
Seat 10: SmellyToes4u ($102.36 in chips)
SmellyToes4u: posts small blind $1
rttattar: posts big blind $3
*** HOLE CARDS ***
SmellyToes4u: raises $3 to $6
rttattar: raises $3 to $9
SmellyToes4u: calls $3
*** FLOP *** [Qs 4s Jd]
rttattar: checks
SmellyToes4u: bets $3
rttattar: calls $3
*** TURN *** [Qs 4s Jd] [Qd]
rttattar: checks
SmellyToes4u: bets $6
rttattar: folds
Uncalled bet ($6) returned to SmellyToes4u
SmellyToes4u collected $23.52 from pot
SmellyToes4u: doesn't show hand
*** SUMMARY ***
Total pot $24 | Rake $0.48
Board [Qs 4s Jd Qd]
Seat 5: rttattar (big blind) folded on the Turn
Seat 10: SmellyToes4u (button) (small blind) collected ($23.52)


PokerStars Hand #147742866957:  Hold'em Limit ($3/$6 USD) - 2016/01/26 20:52:09 ET
Table 'Celestia II' 10-max Seat #5 is the button
Seat 5: rttattar ($83.50 in chips)
Seat 10: SmellyToes4u ($117.16 in chips)
rttattar: posts small blind $1
SmellyToes4u: posts big blind $3
*** HOLE CARDS ***
rttattar: raises $3 to $6
SmellyToes4u: calls $3
*** FLOP *** [9h Qh 5d]
SmellyToes4u: checks
rttattar: checks
*** TURN *** [9h Qh 5d] [9s]
SmellyToes4u: bets $6
rttattar: calls $6
*** RIVER *** [9h Qh 5d 9s] [Ac]
SmellyToes4u: checks
rttattar: bets $6
SmellyToes4u: calls $6
*** SHOW DOWN ***
rttattar: shows [7s Ah] (two pair, Aces and Nines)
SmellyToes4u: mucks hand
rttattar collected $35.50 from pot
*** SUMMARY ***
Total pot $36 | Rake $0.50
Board [9h Qh 5d 9s Ac]
Seat 5: rttattar (button) (small blind) showed [7s Ah] and won ($35.50) with two pair, Aces and Nines
Seat 10: SmellyToes4u (big blind) mucked


PokerStars Hand #147742859540:  Hold'em Limit ($3/$6 USD) - 2016/01/26 20:51:54 ET
Table 'Celestia II' 10-max Seat #10 is the button
Seat 5: rttattar ($95.50 in chips)
Seat 10: SmellyToes4u ($105.64 in chips)
SmellyToes4u: posts small blind $1
rttattar: posts big blind $3
*** HOLE CARDS ***
SmellyToes4u: raises $3 to $6
rttattar: calls $3
*** FLOP *** [6s Jh 6d]
rttattar: checks
SmellyToes4u: bets $3
rttattar: raises $3 to $6
SmellyToes4u: calls $3
*** TURN *** [6s Jh 6d] [Qs]
rttattar: checks
SmellyToes4u: bets $6
rttattar: folds
Uncalled bet ($6) returned to SmellyToes4u
SmellyToes4u collected $23.52 from pot
SmellyToes4u: doesn't show hand
*** SUMMARY ***
Total pot $24 | Rake $0.48
Board [6s Jh 6d Qs]
Seat 5: rttattar (big blind) folded on the Turn
Seat 10: SmellyToes4u (button) (small blind) collected ($23.52)


PokerStars Hand #147742854196:  Hold'em Limit ($3/$6 USD) - 2016/01/26 20:51:43 ET
Table 'Celestia II' 10-max Seat #5 is the button
Seat 5: rttattar ($101.50 in chips)
Seat 10: SmellyToes4u ($99.88 in chips)
rttattar: posts small blind $1
SmellyToes4u: posts big blind $3
*** HOLE CARDS ***
rttattar: raises $3 to $6
SmellyToes4u: calls $3
*** FLOP *** [Ad 3c 7s]
SmellyToes4u: checks
rttattar: checks
*** TURN *** [Ad 3c 7s] [9h]
SmellyToes4u: bets $6
rttattar: folds
Uncalled bet ($6) returned to SmellyToes4u
SmellyToes4u collected $11.76 from pot
SmellyToes4u: doesn't show hand
*** SUMMARY ***
Total pot $12 | Rake $0.24
Board [Ad 3c 7s 9h]
Seat 5: rttattar (button) (small blind) folded on the Turn
Seat 10: SmellyToes4u (big blind) collected ($11.76)


PokerStars Hand #147742844415:  Hold'em Limit ($3/$6 USD) - 2016/01/26 20:51:23 ET
Table 'Celestia II' 10-max Seat #10 is the button
Seat 5: rttattar ($87 in chips)
Seat 10: SmellyToes4u ($114.88 in chips)
SmellyToes4u: posts small blind $1
rttattar: posts big blind $3
*** HOLE CARDS ***
SmellyToes4u: raises $3 to $6
rttattar: calls $3
*** FLOP *** [Ts 8h 2h]
rttattar: checks
SmellyToes4u: bets $3
rttattar: calls $3
*** TURN *** [Ts 8h 2h] [3d]
rttattar: checks
SmellyToes4u: bets $6
rttattar: calls $6
*** RIVER *** [Ts 8h 2h 3d] [4s]
rttattar: checks
SmellyToes4u: checks
*** SHOW DOWN ***
rttattar: shows [2s Ks] (a pair of Deuces)
SmellyToes4u: mucks hand
rttattar collected $29.50 from pot
*** SUMMARY ***
Total pot $30 | Rake $0.50
Board [Ts 8h 2h 3d 4s]
Seat 5: rttattar (big blind) showed [2s Ks] and won ($29.50) with a pair of Deuces
Seat 10: SmellyToes4u (button) (small blind) mucked


PokerStars Hand #147742894628:  Hold'em Limit ($3/$6 USD) - 2016/01/26 20:53:05 ET
Table 'Celestia II' 10-max Seat #10 is the button
Seat 5: rttattar ($126.26 in chips)
Seat 10: SmellyToes4u ($73.16 in chips)
SmellyToes4u: posts small blind $1
rttattar: posts big blind $3
*** HOLE CARDS ***
SmellyToes4u: folds
Uncalled bet ($2) returned to rttattar
rttattar collected $2 from pot
rttattar: doesn't show hand
*** SUMMARY ***
Total pot $2 | Rake $0
Seat 5: rttattar (big blind) collected ($2)
Seat 10: SmellyToes4u (button) (small blind) folded before Flop


PokerStars Hand #147742889292:  Hold'em Limit ($3/$6 USD) - 2016/01/26 20:52:54 ET
Table 'Celestia II' 10-max Seat #5 is the button
Seat 5: rttattar ($120.50 in chips)
Seat 10: SmellyToes4u ($79.16 in chips)
rttattar: posts small blind $1
SmellyToes4u: posts big blind $3
*** HOLE CARDS ***
rttattar: raises $3 to $6
SmellyToes4u: calls $3
*** FLOP *** [Kh 9h Qs]
SmellyToes4u: checks
rttattar: bets $3
SmellyToes4u: folds
Uncalled bet ($3) returned to rttattar
rttattar collected $11.76 from pot
rttattar: doesn't show hand
*** SUMMARY ***
Total pot $12 | Rake $0.24
Board [Kh 9h Qs]
Seat 5: rttattar (button) (small blind) collected ($11.76)
Seat 10: SmellyToes4u (big blind) folded on the Flop


PokerStars Hand #147742885653:  Hold'em Limit ($3/$6 USD) - 2016/01/26 20:52:47 ET
Table 'Celestia II' 10-max Seat #10 is the button
Seat 5: rttattar ($119.50 in chips)
Seat 10: SmellyToes4u ($80.16 in chips)
SmellyToes4u: posts small blind $1
rttattar: posts big blind $3
*** HOLE CARDS ***
SmellyToes4u: folds
Uncalled bet ($2) returned to rttattar
rttattar collected $2 from pot
rttattar: doesn't show hand
*** SUMMARY ***
Total pot $2 | Rake $0
Seat 5: rttattar (big blind) collected ($2)
Seat 10: SmellyToes4u (button) (small blind) folded before Flop


PokerStars Hand #147742876617:  Hold'em Limit ($3/$6 USD) - 2016/01/26 20:52:29 ET
Table 'Celestia II' 10-max Seat #5 is the button
Seat 5: rttattar ($102 in chips)
Seat 10: SmellyToes4u ($98.16 in chips)
rttattar: posts small blind $1
SmellyToes4u: posts big blind $3
*** HOLE CARDS ***
rttattar: raises $3 to $6
SmellyToes4u: calls $3
*** FLOP *** [6c 4c 8s]
SmellyToes4u: checks
rttattar: bets $3
SmellyToes4u: raises $3 to $6
rttattar: calls $3
*** TURN *** [6c 4c 8s] [Kd]
SmellyToes4u: bets $6
rttattar: calls $6
*** RIVER *** [6c 4c 8s Kd] [2s]
SmellyToes4u: checks
rttattar: checks
*** SHOW DOWN ***
SmellyToes4u: shows [Ac 7c] (high card Ace)
rttattar: shows [Jd 6h] (a pair of Sixes)
rttattar collected $35.50 from pot
*** SUMMARY ***
Total pot $36 | Rake $0.50
Board [6c 4c 8s Kd 2s]
Seat 5: rttattar (button) (small blind) showed [Jd 6h] and won ($35.50) with a pair of Sixes
Seat 10: SmellyToes4u (big blind) showed [Ac 7c] and lost with high card Ace


PokerStars Hand #147742874420:  Hold'em Limit ($3/$6 USD) - 2016/01/26 20:52:24 ET
Table 'Celestia II' 10-max Seat #10 is the button
Seat 5: rttattar ($101 in chips)
Seat 10: SmellyToes4u ($99.16 in chips)
SmellyToes4u: posts small blind $1
rttattar: posts big blind $3
*** HOLE CARDS ***
SmellyToes4u: folds
Uncalled bet ($2) returned to rttattar
rttattar collected $2 from pot
rttattar: doesn't show hand
*** SUMMARY ***
Total pot $2 | Rake $0
Seat 5: rttattar (big blind) collected ($2)
Seat 10: SmellyToes4u (button) (small blind) folded before Flop


PokerStars Hand #147742925612:  Hold'em Limit ($3/$6 USD) - 2016/01/26 20:54:08 ET
Table 'Celestia II' 10-max Seat #10 is the button
Seat 5: rttattar ($174.04 in chips)
Seat 10: SmellyToes4u ($24.16 in chips)
SmellyToes4u: posts small blind $1
rttattar: posts big blind $3
*** HOLE CARDS ***
SmellyToes4u: folds
Uncalled bet ($2) returned to rttattar
rttattar collected $2 from pot
rttattar: doesn't show hand
*** SUMMARY ***
Total pot $2 | Rake $0
Seat 5: rttattar (big blind) collected ($2)
Seat 10: SmellyToes4u (button) (small blind) folded before Flop


PokerStars Hand #147742919548:  Hold'em Limit ($3/$6 USD) - 2016/01/26 20:53:56 ET
Table 'Celestia II' 10-max Seat #5 is the button
Seat 5: rttattar ($168.28 in chips)
Seat 10: SmellyToes4u ($30.16 in chips)
rttattar: posts small blind $1
SmellyToes4u: posts big blind $3
*** HOLE CARDS ***
rttattar: raises $3 to $6
SmellyToes4u: calls $3
*** FLOP *** [8s 4s 2h]
SmellyToes4u: checks
rttattar: bets $3
SmellyToes4u: folds
Uncalled bet ($3) returned to rttattar
rttattar collected $11.76 from pot
rttattar: doesn't show hand
*** SUMMARY ***
Total pot $12 | Rake $0.24
Board [8s 4s 2h]
Seat 5: rttattar (button) (small blind) collected ($11.76)
Seat 10: SmellyToes4u (big blind) folded on the Flop


PokerStars Hand #147742913070:  Hold'em Limit ($3/$6 USD) - 2016/01/26 20:53:43 ET
Table 'Celestia II' 10-max Seat #10 is the button
Seat 5: rttattar ($156.76 in chips)
Seat 10: SmellyToes4u ($42.16 in chips)
SmellyToes4u: posts small blind $1
rttattar: posts big blind $3
*** HOLE CARDS ***
SmellyToes4u: raises $3 to $6
rttattar: raises $3 to $9
SmellyToes4u: calls $3
*** FLOP *** [6c 6h Kh]
rttattar: bets $3
SmellyToes4u: calls $3
*** TURN *** [6c 6h Kh] [2c]
rttattar: bets $6
SmellyToes4u: folds
Uncalled bet ($6) returned to rttattar
rttattar collected $23.52 from pot
rttattar: doesn't show hand
*** SUMMARY ***
Total pot $24 | Rake $0.48
Board [6c 6h Kh 2c]
Seat 5: rttattar (big blind) collected ($23.52)
Seat 10: SmellyToes4u (button) (small blind) folded on the Turn


PokerStars Hand #147742910281:  Hold'em Limit ($3/$6 USD) - 2016/01/26 20:53:37 ET
Table 'Celestia II' 10-max Seat #5 is the button
Seat 5: rttattar ($153.76 in chips)
Seat 10: SmellyToes4u ($45.16 in chips)
rttattar: posts small blind $1
SmellyToes4u: posts big blind $3
*** HOLE CARDS ***
rttattar: raises $3 to $6
SmellyToes4u: folds
Uncalled bet ($3) returned to rttattar
rttattar collected $6 from pot
rttattar: doesn't show hand
*** SUMMARY ***
Total pot $6 | Rake $0
Seat 5: rttattar (button) (small blind) collected ($6)
Seat 10: SmellyToes4u (big blind) folded before Flop


PokerStars Hand #147742907198:  Hold'em Limit ($3/$6 USD) - 2016/01/26 20:53:31 ET
Table 'Celestia II' 10-max Seat #10 is the button
Seat 5: rttattar ($156.76 in chips)
Seat 10: SmellyToes4u ($42.16 in chips)
SmellyToes4u: posts small blind $1
rttattar: posts big blind $3
*** HOLE CARDS ***
SmellyToes4u: raises $3 to $6
rttattar: folds
Uncalled bet ($3) returned to SmellyToes4u
SmellyToes4u collected $6 from pot
SmellyToes4u: doesn't show hand
*** SUMMARY ***
Total pot $6 | Rake $0
Seat 5: rttattar (big blind) folded before Flop
Seat 10: SmellyToes4u (button) (small blind) collected ($6)


PokerStars Hand #147742896990:  Hold'em Limit ($3/$6 USD) - 2016/01/26 20:53:10 ET
Table 'Celestia II' 10-max Seat #5 is the button
Seat 5: rttattar ($127.26 in chips)
Seat 10: SmellyToes4u ($72.16 in chips)
rttattar: posts small blind $1
SmellyToes4u: posts big blind $3
*** HOLE CARDS ***
rttattar: raises $3 to $6
SmellyToes4u: calls $3
*** FLOP *** [8d 6s 8c]
SmellyToes4u: checks
rttattar: bets $3
SmellyToes4u: raises $3 to $6
rttattar: calls $3
*** TURN *** [8d 6s 8c] [3c]
SmellyToes4u: bets $6
rttattar: calls $6
*** RIVER *** [8d 6s 8c 3c] [6c]
SmellyToes4u: bets $6
rttattar: raises $6 to $12
SmellyToes4u: calls $6
*** SHOW DOWN ***
rttattar: shows [Jd 6h] (a full house, Sixes full of Eights)
SmellyToes4u: mucks hand
rttattar collected $59.50 from pot
*** SUMMARY ***
Total pot $60 | Rake $0.50
Board [8d 6s 8c 3c 6c]
Seat 5: rttattar (button) (small blind) showed [Jd 6h] and won ($59.50) with a full house, Sixes full of Eights
Seat 10: SmellyToes4u (big blind) mucked


PokerStars Hand #147742958874:  Hold'em Limit ($3/$6 USD) - 2016/01/26 20:55:19 ET
Table 'Celestia II' 10-max Seat #10 is the button
Seat 5: rttattar ($179.56 in chips)
Seat 10: SmellyToes4u ($17.92 in chips)
SmellyToes4u: posts small blind $1
rttattar: posts big blind $3
*** HOLE CARDS ***
SmellyToes4u: folds
Uncalled bet ($2) returned to rttattar
rttattar collected $2 from pot
rttattar: doesn't show hand
*** SUMMARY ***
Total pot $2 | Rake $0
Seat 5: rttattar (big blind) collected ($2)
Seat 10: SmellyToes4u (button) (small blind) folded before Flop


PokerStars Hand #147742956771:  Hold'em Limit ($3/$6 USD) - 2016/01/26 20:55:13 ET
Table 'Celestia II' 10-max Seat #5 is the button
Seat 5: rttattar ($180.56 in chips)
Seat 10: SmellyToes4u ($16.92 in chips)
rttattar: posts small blind $1
SmellyToes4u: posts big blind $3
*** HOLE CARDS ***
rttattar: folds
Uncalled bet ($2) returned to SmellyToes4u
SmellyToes4u collected $2 from pot
SmellyToes4u: doesn't show hand
*** SUMMARY ***
Total pot $2 | Rake $0
Seat 5: rttattar (button) (small blind) folded before Flop
Seat 10: SmellyToes4u (big blind) collected ($2)


PokerStars Hand #147742953904:  Hold'em Limit ($3/$6 USD) - 2016/01/26 20:55:07 ET
Table 'Celestia II' 10-max Seat #10 is the button
Seat 5: rttattar ($179.56 in chips)
Seat 10: SmellyToes4u ($17.92 in chips)
SmellyToes4u: posts small blind $1
rttattar: posts big blind $3
*** HOLE CARDS ***
SmellyToes4u: folds
Uncalled bet ($2) returned to rttattar
rttattar collected $2 from pot
rttattar: doesn't show hand
*** SUMMARY ***
Total pot $2 | Rake $0
Seat 5: rttattar (big blind) collected ($2)
Seat 10: SmellyToes4u (button) (small blind) folded before Flop


PokerStars Hand #147742951795:  Hold'em Limit ($3/$6 USD) - 2016/01/26 20:55:02 ET
Table 'Celestia II' 10-max Seat #5 is the button
Seat 5: rttattar ($180.56 in chips)
Seat 10: SmellyToes4u ($16.92 in chips)
rttattar: posts small blind $1
SmellyToes4u: posts big blind $3
*** HOLE CARDS ***
rttattar: folds
Uncalled bet ($2) returned to SmellyToes4u
SmellyToes4u collected $2 from pot
SmellyToes4u: doesn't show hand
*** SUMMARY ***
Total pot $2 | Rake $0
Seat 5: rttattar (button) (small blind) folded before Flop
Seat 10: SmellyToes4u (big blind) collected ($2)


PokerStars Hand #147742939017:  Hold'em Limit ($3/$6 USD) - 2016/01/26 20:54:36 ET
Table 'Celestia II' 10-max Seat #10 is the button
Seat 5: rttattar ($169.04 in chips)
Seat 10: SmellyToes4u ($28.92 in chips)
SmellyToes4u: posts small blind $1
rttattar: posts big blind $3
*** HOLE CARDS ***
SmellyToes4u: raises $3 to $6
rttattar: calls $3
*** FLOP *** [3d Kd 2h]
rttattar: checks
SmellyToes4u: bets $3
rttattar: raises $3 to $6
SmellyToes4u: calls $3
*** TURN *** [3d Kd 2h] [4d]
rttattar: bets $6
SmellyToes4u: folds
Uncalled bet ($6) returned to rttattar
rttattar collected $23.52 from pot
rttattar: doesn't show hand
*** SUMMARY ***
Total pot $24 | Rake $0.48
Board [3d Kd 2h 4d]
Seat 5: rttattar (big blind) collected ($23.52)
Seat 10: SmellyToes4u (button) (small blind) folded on the Turn


PokerStars Hand #147742929284:  Hold'em Limit ($3/$6 USD) - 2016/01/26 20:54:16 ET
Table 'Celestia II' 10-max Seat #5 is the button
Seat 5: rttattar ($175.04 in chips)
Seat 10: SmellyToes4u ($23.16 in chips)
rttattar: posts small blind $1
SmellyToes4u: posts big blind $3
*** HOLE CARDS ***
rttattar: raises $3 to $6
SmellyToes4u: calls $3
*** FLOP *** [4c Ah Ac]
SmellyToes4u: checks
rttattar: checks
*** TURN *** [4c Ah Ac] [6s]
SmellyToes4u: bets $6
rttattar: folds
Uncalled bet ($6) returned to SmellyToes4u
SmellyToes4u collected $11.76 from pot
SmellyToes4u: doesn't show hand
*** SUMMARY ***
Total pot $12 | Rake $0.24
Board [4c Ah Ac 6s]
Seat 5: rttattar (button) (small blind) folded on the Turn
Seat 10: SmellyToes4u (big blind) collected ($11.76)


PokerStars Hand #147742976489:  Hold'em Limit ($3/$6 USD) - 2016/01/26 20:56:01 ET
Table 'Celestia II' 10-max Seat #10 is the button
Seat 5: rttattar ($186.08 in chips)
Seat 10: SmellyToes4u ($70.68 in chips)
SmellyToes4u: posts small blind $1
rttattar: posts big blind $3
*** HOLE CARDS ***
SmellyToes4u: raises $3 to $6
rttattar: calls $3
*** FLOP *** [Kc Ts Qd]
rttattar: checks
SmellyToes4u: bets $3
rttattar: calls $3
*** TURN *** [Kc Ts Qd] [4s]
rttattar: checks
SmellyToes4u: checks
*** RIVER *** [Kc Ts Qd 4s] [6d]
rttattar: checks
SmellyToes4u: checks
*** SHOW DOWN ***
rttattar: shows [Qs 3h] (a pair of Queens)
SmellyToes4u: mucks hand
rttattar collected $17.64 from pot
*** SUMMARY ***
Total pot $18 | Rake $0.36
Board [Kc Ts Qd 4s 6d]
Seat 5: rttattar (big blind) showed [Qs 3h] and won ($17.64) with a pair of Queens
Seat 10: SmellyToes4u (button) (small blind) mucked


PokerStars Hand #147742971780:  Hold'em Limit ($3/$6 USD) - 2016/01/26 20:55:50 ET
Table 'Celestia II' 10-max Seat #5 is the button
Seat 5: rttattar ($180.32 in chips)
Seat 10: SmellyToes4u ($16.68 in chips)
rttattar: posts small blind $1
SmellyToes4u: posts big blind $3
*** HOLE CARDS ***
rttattar: raises $3 to $6
SmellyToes4u: calls $3
*** FLOP *** [3c Qd 8s]
SmellyToes4u: checks
rttattar: bets $3
SmellyToes4u: folds
Uncalled bet ($3) returned to rttattar
rttattar collected $11.76 from pot
rttattar: doesn't show hand
*** SUMMARY ***
Total pot $12 | Rake $0.24
Board [3c Qd 8s]
Seat 5: rttattar (button) (small blind) collected ($11.76)
Seat 10: SmellyToes4u (big blind) folded on the Flop


PokerStars Hand #147742965465:  Hold'em Limit ($3/$6 USD) - 2016/01/26 20:55:35 ET
Table 'Celestia II' 10-max Seat #10 is the button
Seat 5: rttattar ($186.32 in chips)
Seat 10: SmellyToes4u ($10.92 in chips)
SmellyToes4u: posts small blind $1
rttattar: posts big blind $3
*** HOLE CARDS ***
SmellyToes4u: raises $3 to $6
rttattar: calls $3
*** FLOP *** [4h Th 8h]
rttattar: checks
SmellyToes4u: bets $3
rttattar: folds
Uncalled bet ($3) returned to SmellyToes4u
SmellyToes4u collected $11.76 from pot
SmellyToes4u: doesn't show hand
*** SUMMARY ***
Total pot $12 | Rake $0.24
Board [4h Th 8h]
Seat 5: rttattar (big blind) folded on the Flop
Seat 10: SmellyToes4u (button) (small blind) collected ($11.76)


PokerStars Hand #147742961228:  Hold'em Limit ($3/$6 USD) - 2016/01/26 20:55:24 ET
Table 'Celestia II' 10-max Seat #5 is the button
Seat 5: rttattar ($180.56 in chips)
Seat 10: SmellyToes4u ($16.92 in chips)
rttattar: posts small blind $1
SmellyToes4u: posts big blind $3
*** HOLE CARDS ***
rttattar: raises $3 to $6
SmellyToes4u: calls $3
*** FLOP *** [Ad 6d 9s]
SmellyToes4u: checks
rttattar: bets $3
SmellyToes4u: folds
Uncalled bet ($3) returned to rttattar
rttattar collected $11.76 from pot
rttattar: doesn't show hand
*** SUMMARY ***
Total pot $12 | Rake $0.24
Board [Ad 6d 9s]
Seat 5: rttattar (button) (small blind) collected ($11.76)
Seat 10: SmellyToes4u (big blind) folded on the Flop


PokerStars Hand #147742995237:  Hold'em Limit ($3/$6 USD) - 2016/01/26 20:56:46 ET
Table 'Celestia II' 10-max Seat #10 is the button
Seat 5: rttattar ($176.72 in chips)
Seat 10: SmellyToes4u ($79.18 in chips)
SmellyToes4u: posts small blind $1
rttattar: posts big blind $3
*** HOLE CARDS ***
SmellyToes4u: raises $3 to $6
rttattar: raises $3 to $9
SmellyToes4u: calls $3
*** FLOP *** [9h Qc Qh]
rttattar: bets $3
SmellyToes4u: calls $3
*** TURN *** [9h Qc Qh] [9s]
rttattar: checks
SmellyToes4u: bets $6
rttattar: calls $6
*** RIVER *** [9h Qc Qh 9s] [5c]
rttattar: checks
SmellyToes4u: bets $6
rttattar: calls $6
*** SHOW DOWN ***
SmellyToes4u: shows [9d Ks] (a full house, Nines full of Queens)
rttattar: mucks hand
SmellyToes4u collected $47.50 from pot
*** SUMMARY ***
Total pot $48 | Rake $0.50
Board [9h Qc Qh 9s 5c]
Seat 5: rttattar (big blind) mucked
Seat 10: SmellyToes4u (button) (small blind) showed [9d Ks] and won ($47.50) with a full house, Nines full of Queens


PokerStars Hand #147742985283:  Hold'em Limit ($3/$6 USD) - 2016/01/26 20:56:22 ET
Table 'Celestia II' 10-max Seat #5 is the button
Seat 5: rttattar ($194.72 in chips)
Seat 10: SmellyToes4u ($61.68 in chips)
rttattar: posts small blind $1
SmellyToes4u: posts big blind $3
*** HOLE CARDS ***
rttattar: raises $3 to $6
SmellyToes4u: calls $3
*** FLOP *** [Js 5s Ts]
SmellyToes4u: checks
rttattar: bets $3
SmellyToes4u: raises $3 to $6
rttattar: calls $3
*** TURN *** [Js 5s Ts] [Kh]
SmellyToes4u: bets $6
rttattar: calls $6
*** RIVER *** [Js 5s Ts Kh] [2d]
SmellyToes4u: bets $6
rttattar: folds
Uncalled bet ($6) returned to SmellyToes4u
SmellyToes4u collected $35.50 from pot
SmellyToes4u: doesn't show hand
*** SUMMARY ***
Total pot $36 | Rake $0.50
Board [Js 5s Ts Kh 2d]
Seat 5: rttattar (button) (small blind) folded on the River
Seat 10: SmellyToes4u (big blind) collected ($35.50)


PokerStars Hand #147743026642:  Hold'em Limit ($3/$6 USD) - 2016/01/26 20:58:02 ET
Table 'Celestia II' 10-max Seat #10 is the button
Seat 5: rttattar ($158.22 in chips)
Seat 10: SmellyToes4u ($96.32 in chips)
SmellyToes4u: posts small blind $1
rttattar: posts big blind $3
*** HOLE CARDS ***
SmellyToes4u: raises $3 to $6
rttattar: raises $3 to $9
SmellyToes4u: calls $3
*** FLOP *** [9d Ts Qd]
rttattar: bets $3
SmellyToes4u: calls $3
*** TURN *** [9d Ts Qd] [2d]
rttattar: bets $6
SmellyToes4u: calls $6
*** RIVER *** [9d Ts Qd 2d] [5d]
rttattar: bets $6
SmellyToes4u: folds
Uncalled bet ($6) returned to rttattar
rttattar collected $35.50 from pot
rttattar: doesn't show hand
*** SUMMARY ***
Total pot $36 | Rake $0.50
Board [9d Ts Qd 2d 5d]
Seat 5: rttattar (big blind) collected ($35.50)
Seat 10: SmellyToes4u (button) (small blind) folded on the River


PokerStars Hand #147743014910:  Hold'em Limit ($3/$6 USD) - 2016/01/26 20:57:33 ET
Table 'Celestia II' 10-max Seat #10 is the button
Seat 5: rttattar ($170.22 in chips)
Seat 10: SmellyToes4u ($84.68 in chips)
SmellyToes4u: posts small blind $1
rttattar: posts big blind $3
*** HOLE CARDS ***
SmellyToes4u: raises $3 to $6
rttattar: folds
Uncalled bet ($3) returned to SmellyToes4u
SmellyToes4u collected $6 from pot
SmellyToes4u: doesn't show hand
*** SUMMARY ***
Total pot $6 | Rake $0
Seat 5: rttattar (big blind) folded before Flop
Seat 10: SmellyToes4u (button) (small blind) collected ($6)


PokerStars Hand #147743058795:  Hold'em Limit ($3/$6 USD) - 2016/01/26 20:59:02 ET
Table 'Celestia II' 10-max Seat #5 is the button
Seat 5: rttattar ($163.22 in chips)
Seat 10: SmellyToes4u ($89.82 in chips)
rttattar: posts small blind $1
SmellyToes4u: posts big blind $3
*** HOLE CARDS ***
rttattar: folds
Uncalled bet ($2) returned to SmellyToes4u
SmellyToes4u collected $2 from pot
SmellyToes4u: doesn't show hand
*** SUMMARY ***
Total pot $2 | Rake $0
Seat 5: rttattar (button) (small blind) folded before Flop
Seat 10: SmellyToes4u (big blind) collected ($2)


PokerStars Hand #147743051056:  Hold'em Limit ($3/$6 USD) - 2016/01/26 20:58:44 ET
Table 'Celestia II' 10-max Seat #10 is the button
Seat 5: rttattar ($145.72 in chips)
Seat 10: SmellyToes4u ($107.82 in chips)
SmellyToes4u: posts small blind $1
rttattar: posts big blind $3
*** HOLE CARDS ***
SmellyToes4u: raises $3 to $6
rttattar: calls $3
*** FLOP *** [Qs 6d Ks]
rttattar: bets $3
SmellyToes4u: raises $3 to $6
rttattar: calls $3
*** TURN *** [Qs 6d Ks] [8c]
rttattar: checks
SmellyToes4u: bets $6
livenuncut joins the table at seat #4
rttattar: calls $6
*** RIVER *** [Qs 6d Ks 8c] [Jd]
rttattar: checks
SmellyToes4u: checks
*** SHOW DOWN ***
rttattar: shows [Qh 5h] (a pair of Queens)
SmellyToes4u: mucks hand
rttattar collected $35.50 from pot
*** SUMMARY ***
Total pot $36 | Rake $0.50
Board [Qs 6d Ks 8c Jd]
Seat 5: rttattar (big blind) showed [Qh 5h] and won ($35.50) with a pair of Queens
Seat 10: SmellyToes4u (button) (small blind) mucked


PokerStars Hand #147743038518:  Hold'em Limit ($3/$6 USD) - 2016/01/26 20:58:17 ET
Table 'Celestia II' 10-max Seat #5 is the button
Seat 5: rttattar ($175.72 in chips)
Seat 10: SmellyToes4u ($78.32 in chips)
rttattar: posts small blind $1
SmellyToes4u: posts big blind $3
*** HOLE CARDS ***
rttattar: raises $3 to $6
SmellyToes4u: calls $3
*** FLOP *** [3s 8d Qd]
SmellyToes4u: checks
rttattar: bets $3
SmellyToes4u: raises $3 to $6
rttattar: raises $3 to $9
SmellyToes4u: raises $3 to $12
Betting is capped
rttattar: calls $3
*** TURN *** [3s 8d Qd] [7h]
SmellyToes4u: bets $6
rttattar: calls $6
*** RIVER *** [3s 8d Qd 7h] [2h]
SmellyToes4u: bets $6
rttattar: calls $6
*** SHOW DOWN ***
SmellyToes4u: shows [5h Qc] (a pair of Queens)
rttattar: mucks hand
SmellyToes4u collected $59.50 from pot
*** SUMMARY ***
Total pot $60 | Rake $0.50
Board [3s 8d Qd 7h 2h]
Seat 5: rttattar (button) (small blind) mucked
Seat 10: SmellyToes4u (big blind) showed [5h Qc] and won ($59.50) with a pair of Queens


PokerStars Hand #147743121533:  Hold'em Limit ($3/$6 USD) - 2016/01/26 21:01:24 ET
Table 'Celestia II' 10-max Seat #10 is the button
Seat 4: livenuncut ($104.25 in chips)
Seat 10: SmellyToes4u ($91.53 in chips)
SmellyToes4u: posts small blind $1
livenuncut: posts big blind $3
*** HOLE CARDS ***
SmellyToes4u: raises $3 to $6
livenuncut: calls $3
*** FLOP *** [3d 9h 2h]
livenuncut: checks
SmellyToes4u: bets $3
livenuncut: folds
Uncalled bet ($3) returned to SmellyToes4u
SmellyToes4u collected $11.76 from pot
SmellyToes4u: doesn't show hand
*** SUMMARY ***
Total pot $12 | Rake $0.24
Board [3d 9h 2h]
Seat 4: livenuncut (big blind) folded on the Flop
Seat 10: SmellyToes4u (button) (small blind) collected ($11.76)


PokerStars Hand #147743118502:  Hold'em Limit ($3/$6 USD) - 2016/01/26 21:01:18 ET
Table 'Celestia II' 10-max Seat #4 is the button
Seat 4: livenuncut ($101.25 in chips)
Seat 10: SmellyToes4u ($94.53 in chips)
livenuncut: posts small blind $1
SmellyToes4u: posts big blind $3
*** HOLE CARDS ***
livenuncut: raises $3 to $6
SmellyToes4u: folds
Uncalled bet ($3) returned to livenuncut
livenuncut collected $6 from pot
*** SUMMARY ***
Total pot $6 | Rake $0
Seat 4: livenuncut (button) (small blind) collected ($6)
Seat 10: SmellyToes4u (big blind) folded before Flop


PokerStars Hand #147743116480:  Hold'em Limit ($3/$6 USD) - 2016/01/26 21:01:13 ET
Table 'Celestia II' 10-max Seat #10 is the button
Seat 4: livenuncut ($100.25 in chips)
Seat 10: SmellyToes4u ($95.53 in chips)
SmellyToes4u: posts small blind $1
livenuncut: posts big blind $3
*** HOLE CARDS ***
SmellyToes4u: folds
Uncalled bet ($2) returned to livenuncut
livenuncut collected $2 from pot
*** SUMMARY ***
Total pot $2 | Rake $0
Seat 4: livenuncut (big blind) collected ($2)
Seat 10: SmellyToes4u (button) (small blind) folded before Flop


PokerStars Hand #147743114419:  Hold'em Limit ($3/$6 USD) - 2016/01/26 21:01:09 ET
Table 'Celestia II' 10-max Seat #4 is the button
Seat 4: livenuncut ($101.25 in chips)
Seat 10: SmellyToes4u ($94.53 in chips)
livenuncut: posts small blind $1
SmellyToes4u: posts big blind $3
*** HOLE CARDS ***
livenuncut: folds
Uncalled bet ($2) returned to SmellyToes4u
SmellyToes4u collected $2 from pot
SmellyToes4u: doesn't show hand
*** SUMMARY ***
Total pot $2 | Rake $0
Seat 4: livenuncut (button) (small blind) folded before Flop
Seat 10: SmellyToes4u (big blind) collected ($2)


PokerStars Hand #147743111115:  Hold'em Limit ($3/$6 USD) - 2016/01/26 21:01:02 ET
Table 'Celestia II' 10-max Seat #10 is the button
Seat 4: livenuncut ($104.25 in chips)
Seat 10: SmellyToes4u ($91.53 in chips)
SmellyToes4u: posts small blind $1
livenuncut: posts big blind $3
*** HOLE CARDS ***
SmellyToes4u: raises $3 to $6
livenuncut: folds
Uncalled bet ($3) returned to SmellyToes4u
SmellyToes4u collected $6 from pot
SmellyToes4u: doesn't show hand
*** SUMMARY ***
Total pot $6 | Rake $0
Seat 4: livenuncut (big blind) folded before Flop
Seat 10: SmellyToes4u (button) (small blind) collected ($6)


PokerStars Hand #147743108985:  Hold'em Limit ($3/$6 USD) - 2016/01/26 21:00:57 ET
Table 'Celestia II' 10-max Seat #4 is the button
Seat 4: livenuncut ($105.25 in chips)
Seat 10: SmellyToes4u ($90.53 in chips)
livenuncut: posts small blind $1
SmellyToes4u: posts big blind $3
*** HOLE CARDS ***
livenuncut: folds
Uncalled bet ($2) returned to SmellyToes4u
SmellyToes4u collected $2 from pot
SmellyToes4u: doesn't show hand
*** SUMMARY ***
Total pot $2 | Rake $0
Seat 4: livenuncut (button) (small blind) folded before Flop
Seat 10: SmellyToes4u (big blind) collected ($2)


PokerStars Hand #147743106520:  Hold'em Limit ($3/$6 USD) - 2016/01/26 21:00:52 ET
Table 'Celestia II' 10-max Seat #10 is the button
Seat 4: livenuncut ($104.25 in chips)
Seat 10: SmellyToes4u ($91.53 in chips)
SmellyToes4u: posts small blind $1
livenuncut: posts big blind $3
*** HOLE CARDS ***
SmellyToes4u: folds
Uncalled bet ($2) returned to livenuncut
rttattar leaves the table
livenuncut collected $2 from pot
*** SUMMARY ***
Total pot $2 | Rake $0
Seat 4: livenuncut (big blind) collected ($2)
Seat 10: SmellyToes4u (button) (small blind) folded before Flop


PokerStars Hand #147743102667:  Hold'em Limit ($3/$6 USD) - 2016/01/26 21:00:43 ET
Table 'Celestia II' 10-max Seat #4 is the button
Seat 4: livenuncut ($101.25 in chips)
Seat 10: SmellyToes4u ($94.53 in chips)
livenuncut: posts small blind $1
rttattar: is sitting out
SmellyToes4u: posts big blind $3
*** HOLE CARDS ***
livenuncut: raises $3 to $6
SmellyToes4u: folds
Uncalled bet ($3) returned to livenuncut
livenuncut collected $6 from pot
*** SUMMARY ***
Total pot $6 | Rake $0
Seat 4: livenuncut (button) (small blind) collected ($6)
Seat 10: SmellyToes4u (big blind) folded before Flop


PokerStars Hand #147743138076:  Hold'em Limit ($3/$6 USD) - 2016/01/26 21:01:59 ET
Table 'Celestia II' 10-max Seat #10 is the button
Seat 4: livenuncut ($97.25 in chips)
Seat 10: SmellyToes4u ($98.29 in chips)
SmellyToes4u: posts small blind $1
livenuncut: posts big blind $3
*** HOLE CARDS ***
SmellyToes4u: raises $3 to $6
livenuncut: raises $3 to $9
SmellyToes4u: calls $3
*** FLOP *** [6h 2d Js]
livenuncut: bets $3
SmellyToes4u: calls $3
*** TURN *** [6h 2d Js] [Qs]
livenuncut: bets $6
SmellyToes4u: folds
Uncalled bet ($6) returned to livenuncut
livenuncut collected $23.52 from pot
*** SUMMARY ***
Total pot $24 | Rake $0.48
Board [6h 2d Js Qs]
Seat 4: livenuncut (big blind) collected ($23.52)
Seat 10: SmellyToes4u (button) (small blind) folded on the Turn


PokerStars Hand #147743135628:  Hold'em Limit ($3/$6 USD) - 2016/01/26 21:01:53 ET
Table 'Celestia II' 10-max Seat #4 is the button
Seat 4: livenuncut ($98.25 in chips)
Seat 10: SmellyToes4u ($97.29 in chips)
livenuncut: posts small blind $1
SmellyToes4u: posts big blind $3
*** HOLE CARDS ***
livenuncut: folds
Uncalled bet ($2) returned to SmellyToes4u
SmellyToes4u collected $2 from pot
SmellyToes4u: doesn't show hand
*** SUMMARY ***
Total pot $2 | Rake $0
Seat 4: livenuncut (button) (small blind) folded before Flop
Seat 10: SmellyToes4u (big blind) collected ($2)


PokerStars Hand #147743129073:  Hold'em Limit ($3/$6 USD) - 2016/01/26 21:01:40 ET
Table 'Celestia II' 10-max Seat #10 is the button
Seat 4: livenuncut ($97.25 in chips)
Seat 10: SmellyToes4u ($98.29 in chips)
SmellyToes4u: posts small blind $1
livenuncut: posts big blind $3
*** HOLE CARDS ***
SmellyToes4u: folds
Uncalled bet ($2) returned to livenuncut
livenuncut collected $2 from pot
*** SUMMARY ***
Total pot $2 | Rake $0
Seat 4: livenuncut (big blind) collected ($2)
Seat 10: SmellyToes4u (button) (small blind) folded before Flop


PokerStars Hand #147743126937:  Hold'em Limit ($3/$6 USD) - 2016/01/26 21:01:35 ET
Table 'Celestia II' 10-max Seat #4 is the button
Seat 4: livenuncut ($98.25 in chips)
Seat 10: SmellyToes4u ($97.29 in chips)
livenuncut: posts small blind $1
SmellyToes4u: posts big blind $3
*** HOLE CARDS ***
livenuncut: folds
Uncalled bet ($2) returned to SmellyToes4u
SmellyToes4u collected $2 from pot
SmellyToes4u: doesn't show hand
*** SUMMARY ***
Total pot $2 | Rake $0
Seat 4: livenuncut (button) (small blind) folded before Flop
Seat 10: SmellyToes4u (big blind) collected ($2)


PokerStars Hand #147743178349:  Hold'em Limit ($3/$6 USD) - 2016/01/26 21:03:22 ET
Table 'Celestia II' 10-max Seat #10 is the button
Seat 4: livenuncut ($93.53 in chips)
Seat 10: SmellyToes4u ($100.79 in chips)
SmellyToes4u: posts small blind $1
livenuncut: posts big blind $3
*** HOLE CARDS ***
SmellyToes4u: folds
Uncalled bet ($2) returned to livenuncut
livenuncut collected $2 from pot
*** SUMMARY ***
Total pot $2 | Rake $0
Seat 4: livenuncut (big blind) collected ($2)
Seat 10: SmellyToes4u (button) (small blind) folded before Flop


PokerStars Hand #147743173626:  Hold'em Limit ($3/$6 USD) - 2016/01/26 21:03:12 ET
Table 'Celestia II' 10-max Seat #4 is the button
Seat 4: livenuncut ($90.53 in chips)
Seat 10: SmellyToes4u ($103.79 in chips)
livenuncut: posts small blind $1
SmellyToes4u: posts big blind $3
*** HOLE CARDS ***
livenuncut: raises $3 to $6
SmellyToes4u: folds
Uncalled bet ($3) returned to livenuncut
livenuncut collected $6 from pot
*** SUMMARY ***
Total pot $6 | Rake $0
Seat 4: livenuncut (button) (small blind) collected ($6)
Seat 10: SmellyToes4u (big blind) folded before Flop


PokerStars Hand #147743155686:  Hold'em Limit ($3/$6 USD) - 2016/01/26 21:02:35 ET
Table 'Celestia II' 10-max Seat #10 is the button
Seat 4: livenuncut ($114.53 in chips)
Seat 10: SmellyToes4u ($80.29 in chips)
SmellyToes4u: posts small blind $1
livenuncut: posts big blind $3
*** HOLE CARDS ***
SmellyToes4u: raises $3 to $6
livenuncut: calls $3
*** FLOP *** [5d 7d 6s]
livenuncut: checks
SmellyToes4u: bets $3
livenuncut: raises $3 to $6
SmellyToes4u: calls $3
*** TURN *** [5d 7d 6s] [4c]
livenuncut: bets $6
SmellyToes4u: calls $6
*** RIVER *** [5d 7d 6s 4c] [2h]
livenuncut: checks
SmellyToes4u: bets $6
livenuncut: calls $6
*** SHOW DOWN ***
SmellyToes4u: shows [6h 7c] (two pair, Sevens and Sixes)
livenuncut: mucks hand
SmellyToes4u collected $47.50 from pot
*** SUMMARY ***
Total pot $48 | Rake $0.50
Board [5d 7d 6s 4c 2h]
Seat 4: livenuncut (big blind) mucked
Seat 10: SmellyToes4u (button) (small blind) showed [6h 7c] and won ($47.50) with two pair, Sevens and Sixes


PokerStars Hand #147743146983:  Hold'em Limit ($3/$6 USD) - 2016/01/26 21:02:17 ET
Table 'Celestia II' 10-max Seat #4 is the button
Seat 4: livenuncut ($108.77 in chips)
Seat 10: SmellyToes4u ($86.29 in chips)
livenuncut: posts small blind $1
SmellyToes4u: posts big blind $3
*** HOLE CARDS ***
livenuncut: raises $3 to $6
SmellyToes4u: calls $3
*** FLOP *** [Qc 3d 5d]
SmellyToes4u: checks
livenuncut: bets $3
SmellyToes4u: folds
Uncalled bet ($3) returned to livenuncut
livenuncut collected $11.76 from pot
*** SUMMARY ***
Total pot $12 | Rake $0.24
Board [Qc 3d 5d]
Seat 4: livenuncut (button) (small blind) collected ($11.76)
Seat 10: SmellyToes4u (big blind) folded on the Flop


PokerStars Hand #147743197769:  Hold'em Limit ($3/$6 USD) - 2016/01/26 21:04:01 ET
Table 'Celestia II' 10-max Seat #10 is the button
Seat 4: livenuncut ($65.53 in chips)
Seat 10: SmellyToes4u ($128.29 in chips)
SmellyToes4u: posts small blind $1
livenuncut: posts big blind $3
*** HOLE CARDS ***
SmellyToes4u: folds
Uncalled bet ($2) returned to livenuncut
livenuncut collected $2 from pot
*** SUMMARY ***
Total pot $2 | Rake $0
Seat 4: livenuncut (big blind) collected ($2)
Seat 10: SmellyToes4u (button) (small blind) folded before Flop


PokerStars Hand #147743195471:  Hold'em Limit ($3/$6 USD) - 2016/01/26 21:03:56 ET
Table 'Celestia II' 10-max Seat #4 is the button
Seat 4: livenuncut ($66.53 in chips)
Seat 10: SmellyToes4u ($127.29 in chips)
livenuncut: posts small blind $1
SmellyToes4u: posts big blind $3
*** HOLE CARDS ***
livenuncut: folds
Uncalled bet ($2) returned to SmellyToes4u
SmellyToes4u collected $2 from pot
SmellyToes4u: doesn't show hand
*** SUMMARY ***
Total pot $2 | Rake $0
Seat 4: livenuncut (button) (small blind) folded before Flop
Seat 10: SmellyToes4u (big blind) collected ($2)


PokerStars Hand #147743183418:  Hold'em Limit ($3/$6 USD) - 2016/01/26 21:03:32 ET
Table 'Celestia II' 10-max Seat #10 is the button
Seat 4: livenuncut ($93.53 in chips)
Seat 10: SmellyToes4u ($100.79 in chips)
SmellyToes4u: posts small blind $1
livenuncut: posts big blind $3
*** HOLE CARDS ***
SmellyToes4u: raises $3 to $6
livenuncut: calls $3
*** FLOP *** [7d 4h 6d]
livenuncut: checks
SmellyToes4u: bets $3
livenuncut: raises $3 to $6
SmellyToes4u: raises $3 to $9
livenuncut: calls $3
*** TURN *** [7d 4h 6d] [As]
livenuncut: checks
SmellyToes4u: bets $6
livenuncut: calls $6
*** RIVER *** [7d 4h 6d As] [6c]
livenuncut: checks
SmellyToes4u: bets $6
livenuncut: calls $6
*** SHOW DOWN ***
SmellyToes4u: shows [Qh Qd] (two pair, Queens and Sixes)
livenuncut: mucks hand
SmellyToes4u collected $53.50 from pot
*** SUMMARY ***
Total pot $54 | Rake $0.50
Board [7d 4h 6d As 6c]
Seat 4: livenuncut (big blind) mucked
Seat 10: SmellyToes4u (button) (small blind) showed [Qh Qd] and won ($53.50) with two pair, Queens and Sixes


PokerStars Hand #147743181148:  Hold'em Limit ($3/$6 USD) - 2016/01/26 21:03:27 ET
Table 'Celestia II' 10-max Seat #4 is the button
Seat 4: livenuncut ($94.53 in chips)
Seat 10: SmellyToes4u ($99.79 in chips)
livenuncut: posts small blind $1
SmellyToes4u: posts big blind $3
*** HOLE CARDS ***
livenuncut: folds
Uncalled bet ($2) returned to SmellyToes4u
SmellyToes4u collected $2 from pot
SmellyToes4u: doesn't show hand
*** SUMMARY ***
Total pot $2 | Rake $0
Seat 4: livenuncut (button) (small blind) folded before Flop
Seat 10: SmellyToes4u (big blind) collected ($2)


PokerStars Hand #147743233178:  Hold'em Limit ($3/$6 USD) - 2016/01/26 21:05:12 ET
Table 'Celestia II' 10-max Seat #4 is the button
Seat 4: livenuncut ($116.67 in chips)
Seat 10: SmellyToes4u ($76.29 in chips)
livenuncut: posts small blind $1
SmellyToes4u: posts big blind $3
*** HOLE CARDS ***
livenuncut: raises $3 to $6
SmellyToes4u: calls $3
*** FLOP *** [6h 4h 6c]
SmellyToes4u: checks
livenuncut: bets $3
SmellyToes4u: folds
Uncalled bet ($3) returned to livenuncut
livenuncut collected $11.76 from pot
*** SUMMARY ***
Total pot $12 | Rake $0.24
Board [6h 4h 6c]
Seat 4: livenuncut (button) (small blind) collected ($11.76)
Seat 10: SmellyToes4u (big blind) folded on the Flop


PokerStars Hand #147743219876:  Hold'em Limit ($3/$6 USD) - 2016/01/26 21:04:46 ET
Table 'Celestia II' 10-max Seat #10 is the button
Seat 4: livenuncut ($108.03 in chips)
Seat 10: SmellyToes4u ($85.29 in chips)
SmellyToes4u: posts small blind $1
livenuncut: posts big blind $3
*** HOLE CARDS ***
SmellyToes4u: raises $3 to $6
livenuncut: calls $3
*** FLOP *** [9s Kc 3c]
livenuncut: checks
SmellyToes4u: bets $3
livenuncut: calls $3
*** TURN *** [9s Kc 3c] [8d]
livenuncut: checks
SmellyToes4u: checks
*** RIVER *** [9s Kc 3c 8d] [8c]
livenuncut: bets $6
SmellyToes4u: folds
Uncalled bet ($6) returned to livenuncut
livenuncut collected $17.64 from pot
*** SUMMARY ***
Total pot $18 | Rake $0.36
Board [9s Kc 3c 8d 8c]
Seat 4: livenuncut (big blind) collected ($17.64)
Seat 10: SmellyToes4u (button) (small blind) folded on the River


PokerStars Hand #147743200382:  Hold'em Limit ($3/$6 USD) - 2016/01/26 21:04:06 ET
Table 'Celestia II' 10-max Seat #4 is the button
Seat 4: livenuncut ($66.53 in chips)
Seat 10: SmellyToes4u ($127.29 in chips)
livenuncut: posts small blind $1
SmellyToes4u: posts big blind $3
*** HOLE CARDS ***
livenuncut: raises $3 to $6
SmellyToes4u: raises $3 to $9
livenuncut: raises $3 to $12
Betting is capped
SmellyToes4u: calls $3
*** FLOP *** [8d 4d Ad]
SmellyToes4u: checks
livenuncut: bets $3
SmellyToes4u: raises $3 to $6
livenuncut: calls $3
*** TURN *** [8d 4d Ad] [3s]
SmellyToes4u: bets $6
livenuncut: raises $6 to $12
SmellyToes4u: calls $6
*** RIVER *** [8d 4d Ad 3s] [Td]
SmellyToes4u: bets $6
livenuncut: raises $6 to $12
SmellyToes4u: calls $6
*** SHOW DOWN ***
livenuncut: shows [Qd Kd] (a flush, Ace high)
SmellyToes4u: mucks hand
livenuncut collected $83.50 from pot
*** SUMMARY ***
Total pot $84 | Rake $0.50
Board [8d 4d Ad 3s Td]
Seat 4: livenuncut (button) (small blind) showed [Qd Kd] and won ($83.50) with a flush, Ace high
Seat 10: SmellyToes4u (big blind) mucked


PokerStars Hand #147743258997:  Hold'em Limit ($3/$6 USD) - 2016/01/26 21:06:05 ET
Table 'Celestia II' 10-max Seat #10 is the button
Seat 4: livenuncut ($103.43 in chips)
Seat 10: SmellyToes4u ($88.81 in chips)
SmellyToes4u: posts small blind $1
livenuncut: posts big blind $3
*** HOLE CARDS ***
SmellyToes4u: raises $3 to $6
livenuncut: calls $3
*** FLOP *** [Jd 9h 5s]
livenuncut: checks
SmellyToes4u: bets $3
livenuncut: raises $3 to $6
SmellyToes4u: calls $3
*** TURN *** [Jd 9h 5s] [3d]
livenuncut: bets $6
SmellyToes4u: calls $6
*** RIVER *** [Jd 9h 5s 3d] [9d]
livenuncut: bets $6
SmellyToes4u: calls $6
*** SHOW DOWN ***
livenuncut: shows [4c 3h] (two pair, Nines and Threes)
SmellyToes4u: mucks hand
livenuncut collected $47.50 from pot
*** SUMMARY ***
Total pot $48 | Rake $0.50
Board [Jd 9h 5s 3d 9d]
Seat 4: livenuncut (big blind) showed [4c 3h] and won ($47.50) with two pair, Nines and Threes
Seat 10: SmellyToes4u (button) (small blind) mucked


PokerStars Hand #147743248079:  Hold'em Limit ($3/$6 USD) - 2016/01/26 21:05:43 ET
Table 'Celestia II' 10-max Seat #4 is the button
Seat 4: livenuncut ($115.43 in chips)
Seat 10: SmellyToes4u ($77.29 in chips)
livenuncut: posts small blind $1
SmellyToes4u: posts big blind $3
*** HOLE CARDS ***
livenuncut: raises $3 to $6
SmellyToes4u: calls $3
*** FLOP *** [Tc 4c 9d]
SmellyToes4u: checks
livenuncut: bets $3
SmellyToes4u: raises $3 to $6
livenuncut: calls $3
*** TURN *** [Tc 4c 9d] [3c]
SmellyToes4u: bets $6
livenuncut: folds
Uncalled bet ($6) returned to SmellyToes4u
SmellyToes4u collected $23.52 from pot
SmellyToes4u: doesn't show hand
*** SUMMARY ***
Total pot $24 | Rake $0.48
Board [Tc 4c 9d 3c]
Seat 4: livenuncut (button) (small blind) folded on the Turn
Seat 10: SmellyToes4u (big blind) collected ($23.52)


PokerStars Hand #147743242787:  Hold'em Limit ($3/$6 USD) - 2016/01/26 21:05:32 ET
Table 'Celestia II' 10-max Seat #4 is the button
Seat 4: livenuncut ($119.43 in chips)
Seat 10: SmellyToes4u ($73.29 in chips)
livenuncut: posts small blind $1
SmellyToes4u: posts big blind $3
*** HOLE CARDS ***
livenuncut: folds
Uncalled bet ($2) returned to SmellyToes4u
SmellyToes4u collected $2 from pot
SmellyToes4u: doesn't show hand
*** SUMMARY ***
Total pot $2 | Rake $0
Seat 4: livenuncut (button) (small blind) folded before Flop
Seat 10: SmellyToes4u (big blind) collected ($2)


PokerStars Hand #147743239838:  Hold'em Limit ($3/$6 USD) - 2016/01/26 21:05:26 ET
Table 'Celestia II' 10-max Seat #10 is the button
Seat 4: livenuncut ($122.43 in chips)
Seat 10: SmellyToes4u ($70.29 in chips)
SmellyToes4u: posts small blind $1
livenuncut: posts big blind $3
*** HOLE CARDS ***
SmellyToes4u: raises $3 to $6
livenuncut: folds
Uncalled bet ($3) returned to SmellyToes4u
SmellyToes4u collected $6 from pot
SmellyToes4u: doesn't show hand
*** SUMMARY ***
Total pot $6 | Rake $0
Seat 4: livenuncut (big blind) folded before Flop
Seat 10: SmellyToes4u (button) (small blind) collected ($6)


PokerStars Hand #147743245234:  Hold'em Limit ($3/$6 USD) - 2016/01/26 21:05:37 ET
Table 'Celestia II' 10-max Seat #10 is the button
Seat 4: livenuncut ($118.43 in chips)
Seat 10: SmellyToes4u ($74.29 in chips)
SmellyToes4u: posts small blind $1
livenuncut: posts big blind $3
*** HOLE CARDS ***
SmellyToes4u: raises $3 to $6
livenuncut: folds
Uncalled bet ($3) returned to SmellyToes4u
SmellyToes4u collected $6 from pot
SmellyToes4u: doesn't show hand
*** SUMMARY ***
Total pot $6 | Rake $0
Seat 4: livenuncut (big blind) folded before Flop
Seat 10: SmellyToes4u (button) (small blind) collected ($6)


PokerStars Hand #147743282141:  Hold'em Limit ($3/$6 USD) - 2016/01/26 21:06:52 ET
Table 'Celestia II' 10-max Seat #4 is the button
Seat 4: livenuncut ($116.93 in chips)
Seat 10: SmellyToes4u ($74.45 in chips)
livenuncut: posts small blind $1
SmellyToes4u: posts big blind $3
*** HOLE CARDS ***
livenuncut: folds
Uncalled bet ($2) returned to SmellyToes4u
SmellyToes4u collected $2 from pot
SmellyToes4u: doesn't show hand
*** SUMMARY ***
Total pot $2 | Rake $0
Seat 4: livenuncut (button) (small blind) folded before Flop
Seat 10: SmellyToes4u (big blind) collected ($2)


PokerStars Hand #147743270932:  Hold'em Limit ($3/$6 USD) - 2016/01/26 21:06:29 ET
Table 'Celestia II' 10-max Seat #10 is the button
Seat 4: livenuncut ($125.93 in chips)
Seat 10: SmellyToes4u ($65.81 in chips)
SmellyToes4u: posts small blind $1
livenuncut: posts big blind $3
*** HOLE CARDS ***
SmellyToes4u: raises $3 to $6
livenuncut: calls $3
*** FLOP *** [5s 8d Kh]
livenuncut: checks
SmellyToes4u: bets $3
livenuncut: calls $3
*** TURN *** [5s 8d Kh] [Qs]
livenuncut: checks
SmellyToes4u: bets $6
livenuncut: folds
Uncalled bet ($6) returned to SmellyToes4u
SmellyToes4u collected $17.64 from pot
SmellyToes4u: doesn't show hand
*** SUMMARY ***
Total pot $18 | Rake $0.36
Board [5s 8d Kh Qs]
Seat 4: livenuncut (big blind) folded on the Turn
Seat 10: SmellyToes4u (button) (small blind) collected ($17.64)


PokerStars Hand #147743288573:  Hold'em Limit ($3/$6 USD) - 2016/01/26 21:07:05 ET
Table 'Celestia II' 10-max Seat #4 is the button
Seat 4: livenuncut ($116.93 in chips)
Seat 10: SmellyToes4u ($74.45 in chips)
livenuncut: posts small blind $1
SmellyToes4u: posts big blind $3
*** HOLE CARDS ***
livenuncut: folds
Uncalled bet ($2) returned to SmellyToes4u
SmellyToes4u collected $2 from pot
SmellyToes4u: doesn't show hand
*** SUMMARY ***
Total pot $2 | Rake $0
Seat 4: livenuncut (button) (small blind) folded before Flop
Seat 10: SmellyToes4u (big blind) collected ($2)


PokerStars Hand #147743291012:  Hold'em Limit ($3/$6 USD) - 2016/01/26 21:07:10 ET
Table 'Celestia II' 10-max Seat #10 is the button
Seat 4: livenuncut ($115.93 in chips)
Seat 10: SmellyToes4u ($75.45 in chips)
SmellyToes4u: posts small blind $1
livenuncut: posts big blind $3
*** HOLE CARDS ***
SmellyToes4u: folds
Uncalled bet ($2) returned to livenuncut
livenuncut collected $2 from pot
*** SUMMARY ***
Total pot $2 | Rake $0
Seat 4: livenuncut (big blind) collected ($2)
Seat 10: SmellyToes4u (button) (small blind) folded before Flop


PokerStars Hand #147743268652:  Hold'em Limit ($3/$6 USD) - 2016/01/26 21:06:24 ET
Table 'Celestia II' 10-max Seat #4 is the button
Seat 4: livenuncut ($126.93 in chips)
Seat 10: SmellyToes4u ($64.81 in chips)
livenuncut: posts small blind $1
SmellyToes4u: posts big blind $3
*** HOLE CARDS ***
livenuncut: folds
Uncalled bet ($2) returned to SmellyToes4u
SmellyToes4u collected $2 from pot
SmellyToes4u: doesn't show hand
*** SUMMARY ***
Total pot $2 | Rake $0
Seat 4: livenuncut (button) (small blind) folded before Flop
Seat 10: SmellyToes4u (big blind) collected ($2)


PokerStars Hand #147743295309:  Hold'em Limit ($3/$6 USD) - 2016/01/26 21:07:19 ET
Table 'Celestia II' 10-max Seat #4 is the button
Seat 4: livenuncut ($116.93 in chips)
Seat 10: SmellyToes4u ($74.45 in chips)
livenuncut: posts small blind $1
SmellyToes4u: posts big blind $3
*** HOLE CARDS ***
livenuncut: raises $3 to $6
SmellyToes4u: calls $3
*** FLOP *** [2c 2h 8c]
SmellyToes4u: checks
livenuncut: checks
*** TURN *** [2c 2h 8c] [Jh]
SmellyToes4u: bets $6
livenuncut: folds
Uncalled bet ($6) returned to SmellyToes4u
SmellyToes4u collected $11.76 from pot
SmellyToes4u: doesn't show hand
*** SUMMARY ***
Total pot $12 | Rake $0.24
Board [2c 2h 8c Jh]
Seat 4: livenuncut (button) (small blind) folded on the Turn
Seat 10: SmellyToes4u (big blind) collected ($11.76)


PokerStars Hand #147743308264:  Hold'em Limit ($3/$6 USD) - 2016/01/26 21:07:45 ET
Table 'Celestia II' 10-max Seat #10 is the button
Seat 4: livenuncut ($110.93 in chips)
Seat 10: SmellyToes4u ($80.21 in chips)
SmellyToes4u: posts small blind $1
livenuncut: posts big blind $3
*** HOLE CARDS ***
SmellyToes4u: raises $3 to $6
livenuncut: calls $3
*** FLOP *** [Ah 5s 5h]
livenuncut: checks
SmellyToes4u: bets $3
livenuncut: folds
Uncalled bet ($3) returned to SmellyToes4u
SmellyToes4u collected $11.76 from pot
SmellyToes4u: doesn't show hand
*** SUMMARY ***
Total pot $12 | Rake $0.24
Board [Ah 5s 5h]
Seat 4: livenuncut (big blind) folded on the Flop
Seat 10: SmellyToes4u (button) (small blind) collected ($11.76)


PokerStars Hand #147743333488:  Hold'em Limit ($3/$6 USD) - 2016/01/26 21:08:36 ET
Table 'Celestia II' 10-max Seat #10 is the button
Seat 4: livenuncut ($104.68 in chips)
Seat 10: SmellyToes4u ($85.72 in chips)
SmellyToes4u: posts small blind $1
livenuncut: posts big blind $3
*** HOLE CARDS ***
SmellyToes4u: raises $3 to $6
livenuncut: calls $3
*** FLOP *** [6h 9c 5d]
livenuncut: checks
SmellyToes4u: bets $3
livenuncut: calls $3
*** TURN *** [6h 9c 5d] [7c]
livenuncut: checks
SmellyToes4u: checks
*** RIVER *** [6h 9c 5d 7c] [6c]
livenuncut: bets $6
SmellyToes4u: folds
Uncalled bet ($6) returned to livenuncut
livenuncut collected $17.64 from pot
*** SUMMARY ***
Total pot $18 | Rake $0.36
Board [6h 9c 5d 7c 6c]
Seat 4: livenuncut (big blind) collected ($17.64)
Seat 10: SmellyToes4u (button) (small blind) folded on the River


PokerStars Hand #147743342854:  Hold'em Limit ($3/$6 USD) - 2016/01/26 21:08:55 ET
Table 'Celestia II' 10-max Seat #4 is the button
Seat 4: livenuncut ($113.32 in chips)
Seat 10: SmellyToes4u ($76.72 in chips)
livenuncut: posts small blind $1
SmellyToes4u: posts big blind $3
*** HOLE CARDS ***
livenuncut: raises $3 to $6
SmellyToes4u: calls $3
*** FLOP *** [7c 4c 2s]
SmellyToes4u: checks
livenuncut: bets $3
SmellyToes4u: folds
Uncalled bet ($3) returned to livenuncut
livenuncut collected $11.76 from pot
*** SUMMARY ***
Total pot $12 | Rake $0.24
Board [7c 4c 2s]
Seat 4: livenuncut (button) (small blind) collected ($11.76)
Seat 10: SmellyToes4u (big blind) folded on the Flop


PokerStars Hand #147743351419:  Hold'em Limit ($3/$6 USD) - 2016/01/26 21:09:13 ET
Table 'Celestia II' 10-max Seat #10 is the button
Seat 4: livenuncut ($119.08 in chips)
Seat 10: SmellyToes4u ($70.72 in chips)
SmellyToes4u: posts small blind $1
livenuncut: posts big blind $3
*** HOLE CARDS ***
SmellyToes4u: raises $3 to $6
livenuncut: folds
Uncalled bet ($3) returned to SmellyToes4u
SmellyToes4u collected $6 from pot
SmellyToes4u: doesn't show hand
*** SUMMARY ***
Total pot $6 | Rake $0
Seat 4: livenuncut (big blind) folded before Flop
Seat 10: SmellyToes4u (button) (small blind) collected ($6)


PokerStars Hand #147743322382:  Hold'em Limit ($3/$6 USD) - 2016/01/26 21:08:13 ET
Table 'Celestia II' 10-max Seat #4 is the button
Seat 4: livenuncut ($104.93 in chips)
Seat 10: SmellyToes4u ($85.97 in chips)
livenuncut: posts small blind $1
SmellyToes4u: posts big blind $3
*** HOLE CARDS ***
livenuncut: calls $2
SmellyToes4u: raises $3 to $6
livenuncut: calls $3
*** FLOP *** [4d 9d 6s]
SmellyToes4u: bets $3
livenuncut: raises $3 to $6
SmellyToes4u: raises $3 to $9
livenuncut: calls $3
*** TURN *** [4d 9d 6s] [Jd]
SmellyToes4u: bets $6
livenuncut: calls $6
*** RIVER *** [4d 9d 6s Jd] [6h]
SmellyToes4u: checks
livenuncut: checks
*** SHOW DOWN ***
SmellyToes4u: shows [Th 9c] (two pair, Nines and Sixes)
livenuncut: shows [8c 9h] (two pair, Nines and Sixes)
SmellyToes4u collected $20.75 from pot
livenuncut collected $20.75 from pot
*** SUMMARY ***
Total pot $42 | Rake $0.50
Board [4d 9d 6s Jd 6h]
Seat 4: livenuncut (button) (small blind) showed [8c 9h] and won ($20.75) with two pair, Nines and Sixes
Seat 10: SmellyToes4u (big blind) showed [Th 9c] and won ($20.75) with two pair, Nines and Sixes


