PokerStars Hand #148280331978:  Hold'em Limit ($3/$6 USD) - 2016/02/05 11:07:37 ET
Table 'Celestia II' 6-max Seat #4 is the button
Seat 1: vlad787787 ($182.26 in chips)
Seat 4: Azrarn ($125.76 in chips)
Azrarn: posts small blind $1
vlad787787: posts big blind $3
*** HOLE CARDS ***
Azrarn: raises $3 to $6
vlad787787: calls $3
*** FLOP *** [Td Qc Kd]
vlad787787: checks
Azrarn: bets $3
vlad787787: calls $3
*** TURN *** [Td Qc Kd] [3c]
Ale4o joins the table at seat #2
vlad787787: checks
Azrarn: bets $6
vlad787787: calls $6
*** RIVER *** [Td Qc Kd 3c] [4c]
vlad787787: checks
Azrarn: checks
*** SHOW DOWN ***
vlad787787: shows [5d 3d] (a pair of Threes)
Azrarn: shows [3h Ah] (a pair of Threes - Ace kicker)
Azrarn collected $29.50 from pot
*** SUMMARY ***
Total pot $30 | Rake $0.50
Board [Td Qc Kd 3c 4c]
Seat 1: vlad787787 (big blind) showed [5d 3d] and lost with a pair of Threes
Seat 4: Azrarn (button) (small blind) showed [3h Ah] and won ($29.50) with a pair of Threes


PokerStars Hand #148283419183:  Hold'em Limit ($3/$6 USD) - 2016/02/05 12:09:03 ET
Table 'Celestia II' 6-max Seat #4 is the button
Seat 3: inot1 ($112.52 in chips)
Seat 4: GRAILKO ($169.29 in chips)
GRAILKO: posts small blind $1
Ale4o leaves the table
B_loJkl: is sitting out
inot1: posts big blind $3
*** HOLE CARDS ***
GRAILKO: raises $3 to $6
inot1: calls $3
*** FLOP *** [2s 5c Qc]
inot1: checks
GRAILKO: bets $3
inot1: calls $3
*** TURN *** [2s 5c Qc] [Td]
inot1: checks
GRAILKO: bets $6
B_loJkl leaves the table
inot1: raises $6 to $12
GRAILKO: calls $6
*** RIVER *** [2s 5c Qc Td] [6h]
inot1: bets $6
GRAILKO: folds
Uncalled bet ($6) returned to inot1
inot1 collected $41.50 from pot
inot1: doesn't show hand
*** SUMMARY ***
Total pot $42 | Rake $0.50
Board [2s 5c Qc Td 6h]
Seat 3: inot1 (big blind) collected ($41.50)
Seat 4: GRAILKO (button) (small blind) folded on the River


PokerStars Hand #148283443525:  Hold'em Limit ($3/$6 USD) - 2016/02/05 12:09:31 ET
Table 'Celestia II' 6-max Seat #3 is the button
Seat 3: inot1 ($133.02 in chips)
Seat 4: GRAILKO ($148.29 in chips)
inot1: posts small blind $1
GRAILKO: posts big blind $3
*** HOLE CARDS ***
inot1: raises $3 to $6
GRAILKO: raises $3 to $9
inot1: calls $3
*** FLOP *** [2s 9d 6c]
GRAILKO: bets $3
inot1: raises $3 to $6
GRAILKO: calls $3
*** TURN *** [2s 9d 6c] [Td]
GRAILKO: checks
inot1: checks
*** RIVER *** [2s 9d 6c Td] [4s]
GRAILKO: checks
inot1: bets $6
GRAILKO: folds
Uncalled bet ($6) returned to inot1
inot1 collected $29.50 from pot
inot1: doesn't show hand
*** SUMMARY ***
Total pot $30 | Rake $0.50
Board [2s 9d 6c Td 4s]
Seat 3: inot1 (button) (small blind) collected ($29.50)
Seat 4: GRAILKO (big blind) folded on the River


PokerStars Hand #148283491434:  Hold'em Limit ($3/$6 USD) - 2016/02/05 12:10:27 ET
Table 'Celestia II' 6-max Seat #3 is the button
Seat 3: inot1 ($111.52 in chips)
Seat 4: GRAILKO ($168.79 in chips)
inot1: posts small blind $1
GRAILKO: posts big blind $3
*** HOLE CARDS ***
inot1: raises $3 to $6
GRAILKO: folds
Uncalled bet ($3) returned to inot1
inot1 collected $6 from pot
inot1: doesn't show hand
*** SUMMARY ***
Total pot $6 | Rake $0
Seat 3: inot1 (button) (small blind) collected ($6)
Seat 4: GRAILKO (big blind) folded before Flop


PokerStars Hand #148283465953:  Hold'em Limit ($3/$6 USD) - 2016/02/05 12:09:57 ET
Table 'Celestia II' 6-max Seat #4 is the button
Seat 3: inot1 ($147.52 in chips)
Seat 4: GRAILKO ($133.29 in chips)
GRAILKO: posts small blind $1
inot1: posts big blind $3
*** HOLE CARDS ***
GRAILKO: raises $3 to $6
inot1: raises $3 to $9
GRAILKO: calls $3
*** FLOP *** [2h 4s Ah]
inot1: bets $3
GRAILKO: calls $3
*** TURN *** [2h 4s Ah] [Ac]
inot1: bets $6
GRAILKO: calls $6
*** RIVER *** [2h 4s Ah Ac] [Kc]
inot1: bets $6
GRAILKO: raises $6 to $12
inot1: raises $6 to $18
GRAILKO: calls $6
*** SHOW DOWN ***
inot1: shows [Js As] (three of a kind, Aces)
GRAILKO: shows [Qc Ad] (three of a kind, Aces - King+Queen kicker)
GRAILKO collected $71.50 from pot
*** SUMMARY ***
Total pot $72 | Rake $0.50
Board [2h 4s Ah Ac Kc]
Seat 3: inot1 (big blind) showed [Js As] and lost with three of a kind, Aces
Seat 4: GRAILKO (button) (small blind) showed [Qc Ad] and won ($71.50) with three of a kind, Aces


