PokerStars Hand #151270495670:  Hold'em Limit ($3/$6 USD) - 2016/04/01 12:18:58 ET
Table 'Celestia II' 6-max Seat #3 is the button
Seat 3: tweemeterzes ($109 in chips)
Seat 4: AzureCaper ($82.76 in chips)
tweemeterzes: posts small blind $1
AzureCaper: posts big blind $3
*** HOLE CARDS ***
tweemeterzes: calls $2
AzureCaper: checks
*** FLOP *** [3c 3h As]
AzureCaper: checks
tweemeterzes: checks
*** TURN *** [3c 3h As] [Ad]
AzureCaper: checks
tweemeterzes: bets $6
AzureCaper: folds
Uncalled bet ($6) returned to tweemeterzes
tweemeterzes collected $5.88 from pot
tweemeterzes: doesn't show hand
*** SUMMARY ***
Total pot $6 | Rake $0.12
Board [3c 3h As Ad]
Seat 3: tweemeterzes (button) (small blind) collected ($5.88)
Seat 4: AzureCaper (big blind) folded on the Turn


PokerStars Hand #151271994876:  Hold'em Limit ($3/$6 USD) - 2016/04/01 12:51:51 ET
Table 'Celestia II' 6-max Seat #1 is the button
Seat 1: tedros404 ($200.29 in chips)
Seat 5: Ferblink.Rc ($143.09 in chips)
tedros404: posts small blind $1
chrismat: is sitting out
Ferblink.Rc: posts big blind $3
*** HOLE CARDS ***
chrismat leaves the table
tedros404: folds
Uncalled bet ($2) returned to Ferblink.Rc
tedros404 leaves the table
Ferblink.Rc collected $2 from pot
Ferblink.Rc: doesn't show hand
*** SUMMARY ***
Total pot $2 | Rake $0
Seat 1: tedros404 (button) (small blind) folded before Flop
Seat 5: Ferblink.Rc (big blind) collected ($2)


PokerStars Hand #151272298999:  Hold'em Limit ($3/$6 USD) - 2016/04/01 12:58:53 ET
Table 'Celestia II' 6-max Seat #1 is the button
Seat 1: Vitalii.ZN ($186.88 in chips)
Seat 3: robertass84 ($120 in chips)
Vitalii.ZN: posts small blind $1
robertass84: posts big blind $3
*** HOLE CARDS ***
Vitalii.ZN: raises $3 to $6
All-overbabe joins the table at seat #4
robertass84: raises $3 to $9
Ferblink.Rc leaves the table
Vitalii.ZN: calls $3
*** FLOP *** [9d 2c Js]
robertass84: bets $3
Vitalii.ZN: raises $3 to $6
robertass84: folds
Uncalled bet ($3) returned to Vitalii.ZN
Vitalii.ZN collected $23.52 from pot
Vitalii.ZN: doesn't show hand
*** SUMMARY ***
Total pot $24 | Rake $0.48
Board [9d 2c Js]
Seat 1: Vitalii.ZN (button) (small blind) collected ($23.52)
Seat 3: robertass84 (big blind) folded on the Flop


PokerStars Hand #151272295459:  Hold'em Limit ($3/$6 USD) - 2016/04/01 12:58:48 ET
Table 'Celestia II' 6-max Seat #3 is the button
Seat 1: Vitalii.ZN ($185.88 in chips)
Seat 3: robertass84 ($120 in chips)
robertass84: posts small blind $1
Ferblink.Rc: is sitting out
Vitalii.ZN: posts big blind $3
*** HOLE CARDS ***
robertass84: folds
Uncalled bet ($2) returned to Vitalii.ZN
Vitalii.ZN collected $2 from pot
Vitalii.ZN: doesn't show hand
*** SUMMARY ***
Total pot $2 | Rake $0
Seat 1: Vitalii.ZN (big blind) collected ($2)
Seat 3: robertass84 (button) (small blind) folded before Flop


PokerStars Hand #151272627488:  Hold'em Limit ($3/$6 USD) - 2016/04/01 13:06:07 ET
Table 'Celestia II' 6-max Seat #3 is the button
Seat 3: robertass84 ($161.65 in chips)
Seat 4: All-overbabe ($145.17 in chips)
robertass84: posts small blind $1
All-overbabe: posts big blind $3
*** HOLE CARDS ***
robertass84: raises $3 to $6
All-overbabe: calls $3
*** FLOP *** [Qd Tc 8c]
All-overbabe: checks
robertass84: bets $3
All-overbabe: calls $3
*** TURN *** [Qd Tc 8c] [3d]
All-overbabe: checks
robertass84: checks
*** RIVER *** [Qd Tc 8c 3d] [Ac]
All-overbabe: checks
robertass84: bets $6
All-overbabe: folds
Uncalled bet ($6) returned to robertass84
robertass84 collected $17.64 from pot
robertass84: doesn't show hand
*** SUMMARY ***
Total pot $18 | Rake $0.36
Board [Qd Tc 8c 3d Ac]
Seat 3: robertass84 (button) (small blind) collected ($17.64)
Seat 4: All-overbabe (big blind) folded on the River


PokerStars Hand #151272624092:  Hold'em Limit ($3/$6 USD) - 2016/04/01 13:06:02 ET
Table 'Celestia II' 6-max Seat #4 is the button
Seat 3: robertass84 ($160.65 in chips)
Seat 4: All-overbabe ($146.17 in chips)
All-overbabe: posts small blind $1
robertass84: posts big blind $3
*** HOLE CARDS ***
All-overbabe: folds
Uncalled bet ($2) returned to robertass84
robertass84 collected $2 from pot
robertass84: doesn't show hand
*** SUMMARY ***
Total pot $2 | Rake $0
Seat 3: robertass84 (big blind) collected ($2)
Seat 4: All-overbabe (button) (small blind) folded before Flop


PokerStars Hand #151272619483:  Hold'em Limit ($3/$6 USD) - 2016/04/01 13:05:57 ET
Table 'Celestia II' 6-max Seat #3 is the button
Seat 3: robertass84 ($161.65 in chips)
Seat 4: All-overbabe ($145.17 in chips)
robertass84: posts small blind $1
All-overbabe: posts big blind $3
*** HOLE CARDS ***
robertass84: folds
Uncalled bet ($2) returned to All-overbabe
All-overbabe collected $2 from pot
*** SUMMARY ***
Total pot $2 | Rake $0
Seat 3: robertass84 (button) (small blind) folded before Flop
Seat 4: All-overbabe (big blind) collected ($2)


PokerStars Hand #151272642414:  Hold'em Limit ($3/$6 USD) - 2016/04/01 13:06:25 ET
Table 'Celestia II' 6-max Seat #4 is the button
Seat 3: robertass84 ($170.29 in chips)
Seat 4: All-overbabe ($136.17 in chips)
All-overbabe: posts small blind $1
robertass84: posts big blind $3
*** HOLE CARDS ***
All-overbabe: raises $3 to $6
robertass84: raises $3 to $9
All-overbabe: calls $3
*** FLOP *** [Ts Jd 2c]
robertass84: bets $3
All-overbabe: folds
Uncalled bet ($3) returned to robertass84
robertass84 collected $17.64 from pot
robertass84: doesn't show hand
*** SUMMARY ***
Total pot $18 | Rake $0.36
Board [Ts Jd 2c]
Seat 3: robertass84 (big blind) collected ($17.64)
Seat 4: All-overbabe (button) (small blind) folded on the Flop


PokerStars Hand #151273127169:  Hold'em Limit ($3/$6 USD) - 2016/04/01 13:16:18 ET
Table 'Celestia II' 6-max Seat #6 is the button
Seat 4: AzureCaper ($72 in chips)
Seat 6: JoeBlack1982 ($149.64 in chips)
JoeBlack1982: posts small blind $1
AzureCaper: posts big blind $3
*** HOLE CARDS ***
JoeBlack1982: folds
Uncalled bet ($2) returned to AzureCaper
AzureCaper collected $2 from pot
AzureCaper: doesn't show hand
*** SUMMARY ***
Total pot $2 | Rake $0
Seat 4: AzureCaper (big blind) collected ($2)
Seat 6: JoeBlack1982 (button) (small blind) folded before Flop


PokerStars Hand #151273102458:  Hold'em Limit ($3/$6 USD) - 2016/04/01 13:15:47 ET
Table 'Celestia II' 6-max Seat #4 is the button
Seat 4: AzureCaper ($72 in chips)
Seat 6: JoeBlack1982 ($141 in chips)
AzureCaper: posts small blind $1
JoeBlack1982: posts big blind $3
*** HOLE CARDS ***
AzureCaper: raises $3 to $6
JoeBlack1982: calls $3
*** FLOP *** [7d Ks 5c]
JoeBlack1982: checks
AzureCaper: bets $3
JoeBlack1982: calls $3
*** TURN *** [7d Ks 5c] [6h]
JoeBlack1982: checks
AzureCaper: checks
*** RIVER *** [7d Ks 5c 6h] [Kd]
JoeBlack1982: bets $6
AzureCaper: folds
Uncalled bet ($6) returned to JoeBlack1982
JoeBlack1982 collected $17.64 from pot
JoeBlack1982: doesn't show hand
*** SUMMARY ***
Total pot $18 | Rake $0.36
Board [7d Ks 5c 6h Kd]
Seat 4: AzureCaper (button) (small blind) folded on the River
Seat 6: JoeBlack1982 (big blind) collected ($17.64)


PokerStars Hand #151273086117:  Hold'em Limit ($3/$6 USD) - 2016/04/01 13:15:27 ET
Table 'Celestia II' 6-max Seat #6 is the button
Seat 4: AzureCaper ($72 in chips)
Seat 6: JoeBlack1982 ($138 in chips)
JoeBlack1982: posts small blind $1
AzureCaper: posts big blind $3
*** HOLE CARDS ***
JoeBlack1982: raises $3 to $6
AzureCaper: folds
Uncalled bet ($3) returned to JoeBlack1982
JoeBlack1982 collected $6 from pot
JoeBlack1982: doesn't show hand
*** SUMMARY ***
Total pot $6 | Rake $0
Seat 4: AzureCaper (big blind) folded before Flop
Seat 6: JoeBlack1982 (button) (small blind) collected ($6)


PokerStars Hand #151273131431:  Hold'em Limit ($3/$6 USD) - 2016/04/01 13:16:23 ET
Table 'Celestia II' 6-max Seat #4 is the button
Seat 4: AzureCaper ($73 in chips)
Seat 6: JoeBlack1982 ($148.64 in chips)
AzureCaper: posts small blind $1
JoeBlack1982: posts big blind $3
*** HOLE CARDS ***
AzureCaper: folds
Uncalled bet ($2) returned to JoeBlack1982
JoeBlack1982 collected $2 from pot
JoeBlack1982: doesn't show hand
*** SUMMARY ***
Total pot $2 | Rake $0
Seat 4: AzureCaper (button) (small blind) folded before Flop
Seat 6: JoeBlack1982 (big blind) collected ($2)


PokerStars Hand #151273181258:  Hold'em Limit ($3/$6 USD) - 2016/04/01 13:17:25 ET
Table 'Celestia II' 6-max Seat #4 is the button
Seat 4: AzureCaper ($77.64 in chips)
Seat 6: JoeBlack1982 ($143.40 in chips)
AzureCaper: posts small blind $1
JoeBlack1982: posts big blind $3
*** HOLE CARDS ***
AzureCaper: folds
Uncalled bet ($2) returned to JoeBlack1982
JoeBlack1982 collected $2 from pot
JoeBlack1982: doesn't show hand
*** SUMMARY ***
Total pot $2 | Rake $0
Seat 4: AzureCaper (button) (small blind) folded before Flop
Seat 6: JoeBlack1982 (big blind) collected ($2)


PokerStars Hand #151273152363:  Hold'em Limit ($3/$6 USD) - 2016/04/01 13:16:49 ET
Table 'Celestia II' 6-max Seat #4 is the button
Seat 4: AzureCaper ($80.64 in chips)
Seat 6: JoeBlack1982 ($140.64 in chips)
AzureCaper: posts small blind $1
JoeBlack1982: posts big blind $3
*** HOLE CARDS ***
AzureCaper: folds
Uncalled bet ($2) returned to JoeBlack1982
JoeBlack1982 collected $2 from pot
JoeBlack1982: doesn't show hand
*** SUMMARY ***
Total pot $2 | Rake $0
Seat 4: AzureCaper (button) (small blind) folded before Flop
Seat 6: JoeBlack1982 (big blind) collected ($2)


PokerStars Hand #151273134872:  Hold'em Limit ($3/$6 USD) - 2016/04/01 13:16:28 ET
Table 'Celestia II' 6-max Seat #6 is the button
Seat 4: AzureCaper ($72 in chips)
Seat 6: JoeBlack1982 ($149.64 in chips)
JoeBlack1982: posts small blind $1
AzureCaper: posts big blind $3
*** HOLE CARDS ***
JoeBlack1982: raises $3 to $6
AzureCaper: raises $3 to $9
JoeBlack1982: calls $3
*** FLOP *** [Jh 9s As]
AzureCaper: bets $3
JoeBlack1982: folds
Uncalled bet ($3) returned to AzureCaper
AzureCaper collected $17.64 from pot
AzureCaper: doesn't show hand
*** SUMMARY ***
Total pot $18 | Rake $0.36
Board [Jh 9s As]
Seat 4: AzureCaper (big blind) collected ($17.64)
Seat 6: JoeBlack1982 (button) (small blind) folded on the Flop


PokerStars Hand #151273157871:  Hold'em Limit ($3/$6 USD) - 2016/04/01 13:16:56 ET
Table 'Celestia II' 6-max Seat #6 is the button
Seat 4: AzureCaper ($79.64 in chips)
Seat 6: JoeBlack1982 ($141.64 in chips)
JoeBlack1982: posts small blind $1
AzureCaper: posts big blind $3
*** HOLE CARDS ***
JoeBlack1982: raises $3 to $6
AzureCaper: calls $3
*** FLOP *** [6c 3h 2s]
AzureCaper: checks
JoeBlack1982: checks
*** TURN *** [6c 3h 2s] [Ah]
AzureCaper: checks
JoeBlack1982: bets $6
AzureCaper: folds
Uncalled bet ($6) returned to JoeBlack1982
JoeBlack1982 collected $11.76 from pot
JoeBlack1982: doesn't show hand
*** SUMMARY ***
Total pot $12 | Rake $0.24
Board [6c 3h 2s Ah]
Seat 4: AzureCaper (big blind) folded on the Turn
Seat 6: JoeBlack1982 (button) (small blind) collected ($11.76)


PokerStars Hand #151273177315:  Hold'em Limit ($3/$6 USD) - 2016/04/01 13:17:20 ET
Table 'Celestia II' 6-max Seat #6 is the button
Seat 4: AzureCaper ($76.64 in chips)
Seat 6: JoeBlack1982 ($144.40 in chips)
JoeBlack1982: posts small blind $1
AzureCaper: posts big blind $3
*** HOLE CARDS ***
JoeBlack1982: folds
Uncalled bet ($2) returned to AzureCaper
AzureCaper collected $2 from pot
AzureCaper: doesn't show hand
*** SUMMARY ***
Total pot $2 | Rake $0
Seat 4: AzureCaper (big blind) collected ($2)
Seat 6: JoeBlack1982 (button) (small blind) folded before Flop


PokerStars Hand #151273169973:  Hold'em Limit ($3/$6 USD) - 2016/04/01 13:17:11 ET
Table 'Celestia II' 6-max Seat #4 is the button
Seat 4: AzureCaper ($73.64 in chips)
Seat 6: JoeBlack1982 ($147.40 in chips)
AzureCaper: posts small blind $1
JoeBlack1982: posts big blind $3
*** HOLE CARDS ***
AzureCaper: raises $3 to $6
JoeBlack1982: folds
Uncalled bet ($3) returned to AzureCaper
AzureCaper collected $6 from pot
AzureCaper: doesn't show hand
*** SUMMARY ***
Total pot $6 | Rake $0
Seat 4: AzureCaper (button) (small blind) collected ($6)
Seat 6: JoeBlack1982 (big blind) folded before Flop


PokerStars Hand #151273197507:  Hold'em Limit ($3/$6 USD) - 2016/04/01 13:17:45 ET
Table 'Celestia II' 6-max Seat #6 is the button
Seat 4: AzureCaper ($80.64 in chips)
Seat 6: JoeBlack1982 ($140.40 in chips)
JoeBlack1982: posts small blind $1
AzureCaper: posts big blind $3
*** HOLE CARDS ***
fabricio004 joins the table at seat #3
JoeBlack1982: folds
Uncalled bet ($2) returned to AzureCaper
AzureCaper collected $2 from pot
AzureCaper: doesn't show hand
*** SUMMARY ***
Total pot $2 | Rake $0
Seat 4: AzureCaper (big blind) collected ($2)
Seat 6: JoeBlack1982 (button) (small blind) folded before Flop


PokerStars Hand #151273204570:  Hold'em Limit ($3/$6 USD) - 2016/04/01 13:17:54 ET
Table 'Celestia II' 6-max Seat #4 is the button
Seat 4: AzureCaper ($81.64 in chips)
Seat 6: JoeBlack1982 ($139.40 in chips)
AzureCaper: posts small blind $1
JoeBlack1982: posts big blind $3
*** HOLE CARDS ***
AzureCaper: folds
Uncalled bet ($2) returned to JoeBlack1982
JoeBlack1982 collected $2 from pot
JoeBlack1982: doesn't show hand
*** SUMMARY ***
Total pot $2 | Rake $0
Seat 4: AzureCaper (button) (small blind) folded before Flop
Seat 6: JoeBlack1982 (big blind) collected ($2)


PokerStars Hand #151273191770:  Hold'em Limit ($3/$6 USD) - 2016/04/01 13:17:38 ET
Table 'Celestia II' 6-max Seat #4 is the button
Seat 4: AzureCaper ($77.64 in chips)
Seat 6: JoeBlack1982 ($143.40 in chips)
AzureCaper: posts small blind $1
JoeBlack1982: posts big blind $3
*** HOLE CARDS ***
AzureCaper: raises $3 to $6
JoeBlack1982: folds
Uncalled bet ($3) returned to AzureCaper
AzureCaper collected $6 from pot
AzureCaper: doesn't show hand
*** SUMMARY ***
Total pot $6 | Rake $0
Seat 4: AzureCaper (button) (small blind) collected ($6)
Seat 6: JoeBlack1982 (big blind) folded before Flop


PokerStars Hand #151273187588:  Hold'em Limit ($3/$6 USD) - 2016/04/01 13:17:33 ET
Table 'Celestia II' 6-max Seat #6 is the button
Seat 4: AzureCaper ($76.64 in chips)
Seat 6: JoeBlack1982 ($144.40 in chips)
JoeBlack1982: posts small blind $1
AzureCaper: posts big blind $3
*** HOLE CARDS ***
JoeBlack1982: folds
Uncalled bet ($2) returned to AzureCaper
AzureCaper collected $2 from pot
AzureCaper: doesn't show hand
*** SUMMARY ***
Total pot $2 | Rake $0
Seat 4: AzureCaper (big blind) collected ($2)
Seat 6: JoeBlack1982 (button) (small blind) folded before Flop


PokerStars Hand #151281615996:  Hold'em Limit ($3/$6 USD) - 2016/04/01 16:00:49 ET
Table 'Celestia II' 6-max Seat #4 is the button
Seat 2: Yuriy Ceza11 ($170.06 in chips)
Seat 4: Bowery ($92.89 in chips)
Bowery: posts small blind $1
GRAILKO: is sitting out
Yuriy Ceza11: posts big blind $3
*** HOLE CARDS ***
Bowery: calls $2
Yuriy Ceza11: checks
*** FLOP *** [Ks 6s 4c]
Yuriy Ceza11: checks
GRAILKO leaves the table
Bowery: bets $3
Yuriy Ceza11: folds
Uncalled bet ($3) returned to Bowery
Bowery collected $5.88 from pot
*** SUMMARY ***
Total pot $6 | Rake $0.12
Board [Ks 6s 4c]
Seat 2: Yuriy Ceza11 (big blind) folded on the Flop
Seat 4: Bowery (button) (small blind) collected ($5.88)


PokerStars Hand #151285226120:  Hold'em Limit ($3/$6 USD) - 2016/04/01 17:03:33 ET
Table 'Celestia II' 6-max Seat #6 is the button
Seat 5: Pandakey ($95 in chips)
Seat 6: Eklund_1891 ($144.50 in chips)
Eklund_1891: posts small blind $1
Pandakey: posts big blind $3
*** HOLE CARDS ***
Eklund_1891: folds
Uncalled bet ($2) returned to Pandakey
Pandakey collected $2 from pot
*** SUMMARY ***
Total pot $2 | Rake $0
Seat 5: Pandakey (big blind) collected ($2)
Seat 6: Eklund_1891 (button) (small blind) folded before Flop


PokerStars Hand #151285218486:  Hold'em Limit ($3/$6 USD) - 2016/04/01 17:03:25 ET
Table 'Celestia II' 6-max Seat #5 is the button
Seat 5: Pandakey ($96 in chips)
Seat 6: Eklund_1891 ($143.50 in chips)
Pandakey: posts small blind $1
Eklund_1891: posts big blind $3
*** HOLE CARDS ***
Pandakey: folds
Uncalled bet ($2) returned to Eklund_1891
Eklund_1891 collected $2 from pot
Eklund_1891: doesn't show hand
*** SUMMARY ***
Total pot $2 | Rake $0
Seat 5: Pandakey (button) (small blind) folded before Flop
Seat 6: Eklund_1891 (big blind) collected ($2)


PokerStars Hand #151285208779:  Hold'em Limit ($3/$6 USD) - 2016/04/01 17:03:15 ET
Table 'Celestia II' 6-max Seat #6 is the button
Seat 5: Pandakey ($99 in chips)
Seat 6: Eklund_1891 ($140.50 in chips)
Eklund_1891: posts small blind $1
Pandakey: posts big blind $3
*** HOLE CARDS ***
Eklund_1891: raises $3 to $6
Pandakey: folds
Uncalled bet ($3) returned to Eklund_1891
Eklund_1891 collected $6 from pot
Eklund_1891: doesn't show hand
*** SUMMARY ***
Total pot $6 | Rake $0
Seat 5: Pandakey (big blind) folded before Flop
Seat 6: Eklund_1891 (button) (small blind) collected ($6)


PokerStars Hand #151285168852:  Hold'em Limit ($3/$6 USD) - 2016/04/01 17:02:33 ET
Table 'Celestia II' 6-max Seat #5 is the button
Seat 5: Pandakey ($120 in chips)
Seat 6: Eklund_1891 ($120 in chips)
Pandakey: posts small blind $1
Eklund_1891: posts big blind $3
*** HOLE CARDS ***
Pandakey: raises $3 to $6
Eklund_1891: calls $3
*** FLOP *** [9h 7h Ks]
Eklund_1891: checks
Pandakey: bets $3
Eklund_1891: calls $3
*** TURN *** [9h 7h Ks] [4s]
Eklund_1891: checks
Pandakey: bets $6
Eklund_1891: calls $6
*** RIVER *** [9h 7h Ks 4s] [8c]
Eklund_1891: checks
Pandakey: bets $6
Eklund_1891: calls $6
*** SHOW DOWN ***
Pandakey: shows [Th 5h] (high card King)
Eklund_1891: shows [7c Qc] (a pair of Sevens)
Eklund_1891 collected $41.50 from pot
*** SUMMARY ***
Total pot $42 | Rake $0.50
Board [9h 7h Ks 4s 8c]
Seat 5: Pandakey (button) (small blind) showed [Th 5h] and lost with high card King
Seat 6: Eklund_1891 (big blind) showed [7c Qc] and won ($41.50) with a pair of Sevens


PokerStars Hand #151285232719:  Hold'em Limit ($3/$6 USD) - 2016/04/01 17:03:40 ET
Table 'Celestia II' 6-max Seat #5 is the button
Seat 5: Pandakey ($96 in chips)
Seat 6: Eklund_1891 ($143.50 in chips)
Pandakey: posts small blind $1
Eklund_1891: posts big blind $3
*** HOLE CARDS ***
Pandakey: folds
Uncalled bet ($2) returned to Eklund_1891
Eklund_1891 collected $2 from pot
Eklund_1891: doesn't show hand
*** SUMMARY ***
Total pot $2 | Rake $0
Seat 5: Pandakey (button) (small blind) folded before Flop
Seat 6: Eklund_1891 (big blind) collected ($2)


PokerStars Hand #151285259518:  Hold'em Limit ($3/$6 USD) - 2016/04/01 17:04:08 ET
Table 'Celestia II' 6-max Seat #6 is the button
Seat 5: Pandakey ($95 in chips)
Seat 6: Eklund_1891 ($144.50 in chips)
Eklund_1891: posts small blind $1
Pandakey: posts big blind $3
*** HOLE CARDS ***
Eklund_1891: raises $3 to $6
Pandakey: folds
Uncalled bet ($3) returned to Eklund_1891
Eklund_1891 collected $6 from pot
Eklund_1891: doesn't show hand
*** SUMMARY ***
Total pot $6 | Rake $0
Seat 5: Pandakey (big blind) folded before Flop
Seat 6: Eklund_1891 (button) (small blind) collected ($6)


PokerStars Hand #151285249313:  Hold'em Limit ($3/$6 USD) - 2016/04/01 17:03:57 ET
Table 'Celestia II' 6-max Seat #5 is the button
Seat 5: Pandakey ($96 in chips)
Seat 6: Eklund_1891 ($143.50 in chips)
Pandakey: posts small blind $1
Eklund_1891: posts big blind $3
*** HOLE CARDS ***
Pandakey: folds
Uncalled bet ($2) returned to Eklund_1891
Eklund_1891 collected $2 from pot
Eklund_1891: doesn't show hand
*** SUMMARY ***
Total pot $2 | Rake $0
Seat 5: Pandakey (button) (small blind) folded before Flop
Seat 6: Eklund_1891 (big blind) collected ($2)


PokerStars Hand #151285239389:  Hold'em Limit ($3/$6 USD) - 2016/04/01 17:03:47 ET
Table 'Celestia II' 6-max Seat #6 is the button
Seat 5: Pandakey ($95 in chips)
Seat 6: Eklund_1891 ($144.50 in chips)
Eklund_1891: posts small blind $1
Pandakey: posts big blind $3
*** HOLE CARDS ***
Eklund_1891: folds
Uncalled bet ($2) returned to Pandakey
Pandakey collected $2 from pot
Pandakey: doesn't show hand
*** SUMMARY ***
Total pot $2 | Rake $0
Seat 5: Pandakey (big blind) collected ($2)
Seat 6: Eklund_1891 (button) (small blind) folded before Flop


PokerStars Hand #151285320466:  Hold'em Limit ($3/$6 USD) - 2016/04/01 17:05:01 ET
Table 'Celestia II' 6-max Seat #5 is the button
Seat 5: Pandakey ($88 in chips)
Seat 6: Eklund_1891 ($151.50 in chips)
Pandakey: posts small blind $1
Eklund_1891: posts big blind $3
*** HOLE CARDS ***
Pandakey: raises $3 to $6
Eklund_1891: calls $3
*** FLOP *** [7c 3c 3h]
Eklund_1891: checks
Pandakey: bets $3
Eklund_1891: folds
Uncalled bet ($3) returned to Pandakey
Pandakey collected $11.76 from pot
Pandakey: doesn't show hand
*** SUMMARY ***
Total pot $12 | Rake $0.24
Board [7c 3c 3h]
Seat 5: Pandakey (button) (small blind) collected ($11.76)
Seat 6: Eklund_1891 (big blind) folded on the Flop


PokerStars Hand #151285312390:  Hold'em Limit ($3/$6 USD) - 2016/04/01 17:04:53 ET
Table 'Celestia II' 6-max Seat #6 is the button
Seat 5: Pandakey ($91 in chips)
Seat 6: Eklund_1891 ($148.50 in chips)
Eklund_1891: posts small blind $1
Pandakey: posts big blind $3
*** HOLE CARDS ***
Eklund_1891: raises $3 to $6
Pandakey: folds
Uncalled bet ($3) returned to Eklund_1891
Eklund_1891 collected $6 from pot
Eklund_1891: doesn't show hand
*** SUMMARY ***
Total pot $6 | Rake $0
Seat 5: Pandakey (big blind) folded before Flop
Seat 6: Eklund_1891 (button) (small blind) collected ($6)


PokerStars Hand #151285270588:  Hold'em Limit ($3/$6 USD) - 2016/04/01 17:04:19 ET
Table 'Celestia II' 6-max Seat #5 is the button
Seat 5: Pandakey ($92 in chips)
Seat 6: Eklund_1891 ($147.50 in chips)
Pandakey: posts small blind $1
Eklund_1891: posts big blind $3
*** HOLE CARDS ***
Pandakey: folds
Uncalled bet ($2) returned to Eklund_1891
Eklund_1891 collected $2 from pot
Eklund_1891: doesn't show hand
*** SUMMARY ***
Total pot $2 | Rake $0
Seat 5: Pandakey (button) (small blind) folded before Flop
Seat 6: Eklund_1891 (big blind) collected ($2)


PokerStars Hand #151285374429:  Hold'em Limit ($3/$6 USD) - 2016/04/01 17:05:58 ET
Table 'Celestia II' 6-max Seat #5 is the button
Seat 5: Pandakey ($90.76 in chips)
Seat 6: Eklund_1891 ($148.38 in chips)
Pandakey: posts small blind $1
Eklund_1891: posts big blind $3
*** HOLE CARDS ***
Pandakey: folds
Uncalled bet ($2) returned to Eklund_1891
Eklund_1891 collected $2 from pot
Eklund_1891: doesn't show hand
*** SUMMARY ***
Total pot $2 | Rake $0
Seat 5: Pandakey (button) (small blind) folded before Flop
Seat 6: Eklund_1891 (big blind) collected ($2)


PokerStars Hand #151285338178:  Hold'em Limit ($3/$6 USD) - 2016/04/01 17:05:20 ET
Table 'Celestia II' 6-max Seat #6 is the button
Seat 5: Pandakey ($93.76 in chips)
Seat 6: Eklund_1891 ($145.50 in chips)
Eklund_1891: posts small blind $1
Pandakey: posts big blind $3
*** HOLE CARDS ***
Eklund_1891: calls $2
Pandakey: checks
*** FLOP *** [8h 7c 3s]
Pandakey: checks
Eklund_1891: bets $3
Pandakey: folds
Uncalled bet ($3) returned to Eklund_1891
Eklund_1891 collected $5.88 from pot
Eklund_1891: doesn't show hand
*** SUMMARY ***
Total pot $6 | Rake $0.12
Board [8h 7c 3s]
Seat 5: Pandakey (big blind) folded on the Flop
Seat 6: Eklund_1891 (button) (small blind) collected ($5.88)


PokerStars Hand #151285432157:  Hold'em Limit ($3/$6 USD) - 2016/04/01 17:06:59 ET
Table 'Celestia II' 6-max Seat #5 is the button
Seat 5: Pandakey ($68.76 in chips)
Seat 6: Eklund_1891 ($169.88 in chips)
Pandakey: posts small blind $1
Eklund_1891: posts big blind $3
*** HOLE CARDS ***
Pandakey: raises $3 to $6
Eklund_1891: calls $3
*** FLOP *** [7c 7h 3c]
Eklund_1891: checks
Pandakey: bets $3
Eklund_1891: raises $3 to $6
Pandakey: calls $3
*** TURN *** [7c 7h 3c] [3d]
Eklund_1891: bets $6
Pandakey: calls $6
*** RIVER *** [7c 7h 3c 3d] [9c]
Eklund_1891: bets $6
Pandakey: calls $6
*** SHOW DOWN ***
Eklund_1891: shows [6d 7s] (a full house, Sevens full of Threes)
Pandakey: mucks hand
Eklund_1891 collected $47.50 from pot
*** SUMMARY ***
Total pot $48 | Rake $0.50
Board [7c 7h 3c 3d 9c]
Seat 5: Pandakey (button) (small blind) mucked
Seat 6: Eklund_1891 (big blind) showed [6d 7s] and won ($47.50) with a full house, Sevens full of Threes


PokerStars Hand #151285379195:  Hold'em Limit ($3/$6 USD) - 2016/04/01 17:06:03 ET
Table 'Celestia II' 6-max Seat #6 is the button
Seat 5: Pandakey ($89.76 in chips)
Seat 6: Eklund_1891 ($149.38 in chips)
Eklund_1891: posts small blind $1
Pandakey: posts big blind $3
*** HOLE CARDS ***
Eklund_1891: raises $3 to $6
Pandakey: calls $3
*** FLOP *** [Tc Ts 9c]
Pandakey: checks
balletgirls joins the table at seat #1
Eklund_1891: bets $3
Pandakey: raises $3 to $6
Eklund_1891: raises $3 to $9
Pandakey: calls $3
*** TURN *** [Tc Ts 9c] [2d]
Pandakey: checks
Eklund_1891: checks
*** RIVER *** [Tc Ts 9c 2d] [3h]
Pandakey: bets $6
Eklund_1891: calls $6
*** SHOW DOWN ***
Pandakey: shows [8c 6c] (a pair of Tens)
Eklund_1891: shows [8s Jh] (a pair of Tens - Jack kicker)
Eklund_1891 collected $41.50 from pot
*** SUMMARY ***
Total pot $42 | Rake $0.50
Board [Tc Ts 9c 2d 3h]
Seat 5: Pandakey (big blind) showed [8c 6c] and lost with a pair of Tens
Seat 6: Eklund_1891 (button) (small blind) showed [8s Jh] and won ($41.50) with a pair of Tens


PokerStars Hand #151285508549:  Hold'em Limit ($3/$6 USD) - 2016/04/01 17:08:20 ET
Table 'Celestia II' 6-max Seat #5 is the button
Seat 1: balletgirls ($27 in chips)
Seat 5: Pandakey ($48.76 in chips)
vestimokrec will be allowed to play after the button
Yuriy Ceza11 will be allowed to play after the button
Pandakey: posts small blind $1
balletgirls: posts big blind $3
*** HOLE CARDS ***
Pandakey: folds
Uncalled bet ($2) returned to balletgirls
balletgirls collected $2 from pot
*** SUMMARY ***
Total pot $2 | Rake $0
Seat 1: balletgirls (big blind) collected ($2)
Seat 5: Pandakey (button) (small blind) folded before Flop


PokerStars Hand #151289988313:  Hold'em Limit ($3/$6 USD) - 2016/04/01 18:32:35 ET
Table 'Celestia II' 6-max Seat #5 is the button
Seat 2: adfiscn ($40.40 in chips)
Seat 5: GRAILKO ($137.55 in chips)
GRAILKO: posts small blind $1
adfiscn: posts big blind $3
*** HOLE CARDS ***
GRAILKO: raises $3 to $6
adfiscn: raises $3 to $9
GRAILKO: calls $3
*** FLOP *** [8h 5d 2s]
adfiscn: bets $3
GRAILKO: folds
Uncalled bet ($3) returned to adfiscn
adfiscn collected $17.64 from pot
adfiscn: doesn't show hand
*** SUMMARY ***
Total pot $18 | Rake $0.36
Board [8h 5d 2s]
Seat 2: adfiscn (big blind) collected ($17.64)
Seat 5: GRAILKO (button) (small blind) folded on the Flop


PokerStars Hand #151289974136:  Hold'em Limit ($3/$6 USD) - 2016/04/01 18:32:17 ET
Table 'Celestia II' 6-max Seat #2 is the button
Seat 2: adfiscn ($67.40 in chips)
Seat 5: GRAILKO ($111.05 in chips)
adfiscn: posts small blind $1
AzureCaper: is sitting out
GRAILKO: posts big blind $3
*** HOLE CARDS ***
adfiscn: raises $3 to $6
GRAILKO: raises $3 to $9
adfiscn: raises $3 to $12
Betting is capped
GRAILKO: calls $3
*** FLOP *** [Jc Qs 4c]
GRAILKO: bets $3
adfiscn: calls $3
*** TURN *** [Jc Qs 4c] [3d]
GRAILKO: bets $6
adfiscn: calls $6
*** RIVER *** [Jc Qs 4c 3d] [6c]
GRAILKO: bets $6
adfiscn: calls $6
*** SHOW DOWN ***
GRAILKO: shows [Ah Qd] (a pair of Queens)
adfiscn: mucks hand
GRAILKO collected $53.50 from pot
*** SUMMARY ***
Total pot $54 | Rake $0.50
Board [Jc Qs 4c 3d 6c]
Seat 2: adfiscn (button) (small blind) mucked
Seat 5: GRAILKO (big blind) showed [Ah Qd] and won ($53.50) with a pair of Queens


PokerStars Hand #151290011932:  Hold'em Limit ($3/$6 USD) - 2016/04/01 18:33:05 ET
Table 'Celestia II' 6-max Seat #5 is the button
Seat 2: adfiscn ($28.04 in chips)
Seat 5: GRAILKO ($149.05 in chips)
GRAILKO: posts small blind $1
adfiscn: posts big blind $3
*** HOLE CARDS ***
GRAILKO: raises $3 to $6
adfiscn: calls $3
*** FLOP *** [8d 3s Js]
adfiscn: checks
GRAILKO: bets $3
adfiscn: folds
Uncalled bet ($3) returned to GRAILKO
GRAILKO collected $11.76 from pot
GRAILKO: doesn't show hand
*** SUMMARY ***
Total pot $12 | Rake $0.24
Board [8d 3s Js]
Seat 2: adfiscn (big blind) folded on the Flop
Seat 5: GRAILKO (button) (small blind) collected ($11.76)


PokerStars Hand #151290024920:  Hold'em Limit ($3/$6 USD) - 2016/04/01 18:33:22 ET
Table 'Celestia II' 6-max Seat #5 is the button
Seat 2: adfiscn ($21.04 in chips)
Seat 5: GRAILKO ($155.81 in chips)
GRAILKO: posts small blind $1
adfiscn: posts big blind $3
*** HOLE CARDS ***
GRAILKO: raises $3 to $6
adfiscn: raises $3 to $9
GRAILKO: calls $3
*** FLOP *** [8s 4h Ac]
adfiscn: bets $3
GRAILKO: calls $3
*** TURN *** [8s 4h Ac] [3c]
adfiscn: bets $6
GRAILKO: raises $6 to $12
adfiscn: calls $3.04 and is all-in
Uncalled bet ($2.96) returned to GRAILKO
*** RIVER *** [8s 4h Ac 3c] [Td]
*** SHOW DOWN ***
adfiscn: shows [5s Kd] (high card Ace)
GRAILKO: shows [Qd Ad] (a pair of Aces)
GRAILKO collected $41.58 from pot
*** SUMMARY ***
Total pot $42.08 | Rake $0.50
Board [8s 4h Ac 3c Td]
Seat 2: adfiscn (big blind) showed [5s Kd] and lost with high card Ace
Seat 5: GRAILKO (button) (small blind) showed [Qd Ad] and won ($41.58) with a pair of Aces


PokerStars Hand #151290020396:  Hold'em Limit ($3/$6 USD) - 2016/04/01 18:33:16 ET
Table 'Celestia II' 6-max Seat #2 is the button
Seat 2: adfiscn ($22.04 in chips)
Seat 5: GRAILKO ($154.81 in chips)
adfiscn: posts small blind $1
GRAILKO: posts big blind $3
*** HOLE CARDS ***
adfiscn: folds
Uncalled bet ($2) returned to GRAILKO
GRAILKO collected $2 from pot
GRAILKO: doesn't show hand
*** SUMMARY ***
Total pot $2 | Rake $0
Seat 2: adfiscn (button) (small blind) folded before Flop
Seat 5: GRAILKO (big blind) collected ($2)


PokerStars Hand #151289996427:  Hold'em Limit ($3/$6 USD) - 2016/04/01 18:32:45 ET
Table 'Celestia II' 6-max Seat #2 is the button
Seat 2: adfiscn ($49.04 in chips)
Seat 5: GRAILKO ($128.55 in chips)
adfiscn: posts small blind $1
GRAILKO: posts big blind $3
*** HOLE CARDS ***
adfiscn: calls $2
GRAILKO: raises $3 to $6
adfiscn: calls $3
*** FLOP *** [2c 6s 9h]
GRAILKO: bets $3
adfiscn: calls $3
*** TURN *** [2c 6s 9h] [9s]
GRAILKO: bets $6
adfiscn: raises $6 to $12
GRAILKO: calls $6
*** RIVER *** [2c 6s 9h 9s] [Ah]
GRAILKO: checks
adfiscn: checks
*** SHOW DOWN ***
GRAILKO: shows [Jd As] (two pair, Aces and Nines)
adfiscn: mucks hand
GRAILKO collected $41.50 from pot
*** SUMMARY ***
Total pot $42 | Rake $0.50
Board [2c 6s 9h 9s Ah]
Seat 2: adfiscn (button) (small blind) mucked
Seat 5: GRAILKO (big blind) showed [Jd As] and won ($41.50) with two pair, Aces and Nines


