PokerStars Hand #171512934807:  Hold'em Limit ($3/$6 USD) - 2017/06/08 13:24:23 ET
Table 'Celestia' 6-max Seat #3 is the button
Seat 3: Bedonos24rus ($50 in chips)
Seat 4: MTails ($120 in chips)
Bedonos24rus: posts small blind $1
MTails: posts big blind $3
*** HOLE CARDS ***
vestimokrec joins the table at seat #5
Bedonos24rus: calls $2
MTails: raises $3 to $6
Bedonos24rus: calls $3
*** FLOP *** [Qd Ah 7d]
MTails: bets $3
Bedonos24rus: folds
Uncalled bet ($3) returned to MTails
MTails collected $11.76 from pot
*** SUMMARY ***
Total pot $12 | Rake $0.24
Board [Qd Ah 7d]
Seat 3: Bedonos24rus (button) (small blind) folded on the Flop
Seat 4: MTails (big blind) collected ($11.76)


PokerStars Hand #171512983382:  Hold'em Limit ($3/$6 USD) - 2017/06/08 13:25:31 ET
Table 'Celestia' 6-max Seat #4 is the button
Seat 4: MTails ($130.40 in chips)
Seat 5: vestimokrec ($146.38 in chips)
MTails: posts small blind $1
vestimokrec: posts big blind $3
*** HOLE CARDS ***
Bedonos24rus leaves the table
MTails: raises $3 to $6
vestimokrec: calls $3
*** FLOP *** [8d 9d 2d]
vestimokrec: checks
MTails: checks
*** TURN *** [8d 9d 2d] [6s]
vestimokrec: bets $6
MTails: calls $6
*** RIVER *** [8d 9d 2d 6s] [Ac]
vestimokrec: checks
MTails: checks
*** SHOW DOWN ***
vestimokrec: shows [Kc Qc] (high card Ace)
MTails: shows [6d Th] (a pair of Sixes)
MTails collected $23.52 from pot
*** SUMMARY ***
Total pot $24 | Rake $0.48
Board [8d 9d 2d 6s Ac]
Seat 4: MTails (button) (small blind) showed [6d Th] and won ($23.52) with a pair of Sixes
Seat 5: vestimokrec (big blind) showed [Kc Qc] and lost with high card Ace


