PokerStars Hand #153489006670:  Hold'em Limit ($3/$6 USD) - 2016/05/18 9:14:57 ET
Table 'Celestia' 6-max Seat #6 is the button
Seat 2: B_loJkl ($144.12 in chips)
Seat 6: ucenicul ($126.45 in chips)
ucenicul: posts small blind $1
B_loJkl: posts big blind $3
*** HOLE CARDS ***
ucenicul: raises $3 to $6
B_loJkl: calls $3
*** FLOP *** [7s 9d 4s]
B_loJkl: checks
ucenicul: bets $3
B_loJkl: folds
Uncalled bet ($3) returned to ucenicul
ucenicul collected $11.76 from pot
ucenicul: doesn't show hand
*** SUMMARY ***
Total pot $12 | Rake $0.24
Board [7s 9d 4s]
Seat 2: B_loJkl (big blind) folded on the Flop
Seat 6: ucenicul (button) (small blind) collected ($11.76)


PokerStars Hand #153489000964:  Hold'em Limit ($3/$6 USD) - 2016/05/18 9:14:47 ET
Table 'Celestia' 6-max Seat #2 is the button
Seat 2: B_loJkl ($141.12 in chips)
Seat 6: ucenicul ($129.45 in chips)
B_loJkl: posts small blind $1
ucenicul: posts big blind $3
*** HOLE CARDS ***
B_loJkl: raises $3 to $6
ucenicul: folds
Uncalled bet ($3) returned to B_loJkl
B_loJkl collected $6 from pot
B_loJkl: doesn't show hand
*** SUMMARY ***
Total pot $6 | Rake $0
Seat 2: B_loJkl (button) (small blind) collected ($6)
Seat 6: ucenicul (big blind) folded before Flop


PokerStars Hand #153488989251:  Hold'em Limit ($3/$6 USD) - 2016/05/18 9:14:27 ET
Table 'Celestia' 6-max Seat #6 is the button
Seat 2: B_loJkl ($132.48 in chips)
Seat 6: ucenicul ($138.45 in chips)
ucenicul: posts small blind $1
belik555: is sitting out
B_loJkl: posts big blind $3
*** HOLE CARDS ***
ucenicul: raises $3 to $6
B_loJkl: raises $3 to $9
ucenicul: calls $3
*** FLOP *** [9h 7s 3s]
belik555 leaves the table
B_loJkl: bets $3
ucenicul: folds
Uncalled bet ($3) returned to B_loJkl
B_loJkl collected $17.64 from pot
B_loJkl: doesn't show hand
*** SUMMARY ***
Total pot $18 | Rake $0.36
Board [9h 7s 3s]
Seat 2: B_loJkl (big blind) collected ($17.64)
Seat 6: ucenicul (button) (small blind) folded on the Flop


PokerStars Hand #153489037973:  Hold'em Limit ($3/$6 USD) - 2016/05/18 9:15:52 ET
Table 'Celestia' 6-max Seat #6 is the button
Seat 2: B_loJkl ($123.12 in chips)
Seat 6: ucenicul ($146.71 in chips)
ucenicul: posts small blind $1
B_loJkl: posts big blind $3
*** HOLE CARDS ***
ucenicul: folds
Uncalled bet ($2) returned to B_loJkl
B_loJkl collected $2 from pot
B_loJkl: doesn't show hand
*** SUMMARY ***
Total pot $2 | Rake $0
Seat 2: B_loJkl (big blind) collected ($2)
Seat 6: ucenicul (button) (small blind) folded before Flop


PokerStars Hand #153489016569:  Hold'em Limit ($3/$6 USD) - 2016/05/18 9:15:15 ET
Table 'Celestia' 6-max Seat #2 is the button
Seat 2: B_loJkl ($138.12 in chips)
Seat 6: ucenicul ($132.21 in chips)
B_loJkl: posts small blind $1
ucenicul: posts big blind $3
*** HOLE CARDS ***
B_loJkl: raises $3 to $6
ucenicul: calls $3
*** FLOP *** [7c 3h 6h]
ucenicul: checks
B_loJkl: bets $3
ucenicul: calls $3
*** TURN *** [7c 3h 6h] [Kc]
ucenicul: checks
B_loJkl: checks
*** RIVER *** [7c 3h 6h Kc] [5c]
ucenicul: bets $6
B_loJkl: calls $6
*** SHOW DOWN ***
ucenicul: shows [Jc 9c] (a flush, King high)
B_loJkl: mucks hand
ucenicul collected $29.50 from pot
*** SUMMARY ***
Total pot $30 | Rake $0.50
Board [7c 3h 6h Kc 5c]
Seat 2: B_loJkl (button) (small blind) mucked
Seat 6: ucenicul (big blind) showed [Jc 9c] and won ($29.50) with a flush, King high


PokerStars Hand #153489067712:  Hold'em Limit ($3/$6 USD) - 2016/05/18 9:16:43 ET
Table 'Celestia' 6-max Seat #2 is the button
Seat 2: B_loJkl ($112.12 in chips)
Seat 6: ucenicul ($157.35 in chips)
B_loJkl: posts small blind $1
ucenicul: posts big blind $3
*** HOLE CARDS ***
B_loJkl: raises $3 to $6
ucenicul: folds
Uncalled bet ($3) returned to B_loJkl
B_loJkl collected $6 from pot
B_loJkl: doesn't show hand
*** SUMMARY ***
Total pot $6 | Rake $0
Seat 2: B_loJkl (button) (small blind) collected ($6)
Seat 6: ucenicul (big blind) folded before Flop


PokerStars Hand #153489063324:  Hold'em Limit ($3/$6 USD) - 2016/05/18 9:16:36 ET
Table 'Celestia' 6-max Seat #6 is the button
Seat 2: B_loJkl ($115.12 in chips)
Seat 6: ucenicul ($154.35 in chips)
ucenicul: posts small blind $1
B_loJkl: posts big blind $3
*** HOLE CARDS ***
ucenicul: raises $3 to $6
B_loJkl: folds
Uncalled bet ($3) returned to ucenicul
ucenicul collected $6 from pot
ucenicul: doesn't show hand
*** SUMMARY ***
Total pot $6 | Rake $0
Seat 2: B_loJkl (big blind) folded before Flop
Seat 6: ucenicul (button) (small blind) collected ($6)


PokerStars Hand #153489041140:  Hold'em Limit ($3/$6 USD) - 2016/05/18 9:15:58 ET
Table 'Celestia' 6-max Seat #2 is the button
Seat 2: B_loJkl ($124.12 in chips)
Seat 6: ucenicul ($145.71 in chips)
B_loJkl: posts small blind $1
ucenicul: posts big blind $3
*** HOLE CARDS ***
B_loJkl: raises $3 to $6
ucenicul: calls $3
*** FLOP *** [7d Ad Js]
ucenicul: checks
B_loJkl: bets $3
ucenicul: calls $3
*** TURN *** [7d Ad Js] [6s]
ucenicul: checks
B_loJkl: checks
*** RIVER *** [7d Ad Js 6s] [4h]
ucenicul: bets $6
B_loJkl: folds
Uncalled bet ($6) returned to ucenicul
ucenicul collected $17.64 from pot
ucenicul: doesn't show hand
*** SUMMARY ***
Total pot $18 | Rake $0.36
Board [7d Ad Js 6s 4h]
Seat 2: B_loJkl (button) (small blind) folded on the River
Seat 6: ucenicul (big blind) collected ($17.64)


PokerStars Hand #153489105324:  Hold'em Limit ($3/$6 USD) - 2016/05/18 9:17:49 ET
Table 'Celestia' 6-max Seat #6 is the button
Seat 2: B_loJkl ($79.12 in chips)
Seat 6: ucenicul ($189.37 in chips)
ucenicul: posts small blind $1
B_loJkl: posts big blind $3
*** HOLE CARDS ***
ucenicul: folds
Uncalled bet ($2) returned to B_loJkl
B_loJkl collected $2 from pot
B_loJkl: doesn't show hand
*** SUMMARY ***
Total pot $2 | Rake $0
Seat 2: B_loJkl (big blind) collected ($2)
Seat 6: ucenicul (button) (small blind) folded before Flop


PokerStars Hand #153489088600:  Hold'em Limit ($3/$6 USD) - 2016/05/18 9:17:20 ET
Table 'Celestia' 6-max Seat #2 is the button
Seat 2: B_loJkl ($91.12 in chips)
Seat 6: ucenicul ($177.85 in chips)
B_loJkl: posts small blind $1
ucenicul: posts big blind $3
*** HOLE CARDS ***
B_loJkl: raises $3 to $6
ucenicul: raises $3 to $9
B_loJkl: calls $3
*** FLOP *** [Kd 4s 4c]
ucenicul: bets $3
B_loJkl: calls $3
*** TURN *** [Kd 4s 4c] [7d]
ucenicul: bets $6
B_loJkl: folds
Uncalled bet ($6) returned to ucenicul
ucenicul collected $23.52 from pot
ucenicul: doesn't show hand
*** SUMMARY ***
Total pot $24 | Rake $0.48
Board [Kd 4s 4c 7d]
Seat 2: B_loJkl (button) (small blind) folded on the Turn
Seat 6: ucenicul (big blind) collected ($23.52)


PokerStars Hand #153489071934:  Hold'em Limit ($3/$6 USD) - 2016/05/18 9:16:51 ET
Table 'Celestia' 6-max Seat #6 is the button
Seat 2: B_loJkl ($115.12 in chips)
Seat 6: ucenicul ($154.35 in chips)
ucenicul: posts small blind $1
B_loJkl: posts big blind $3
*** HOLE CARDS ***
ucenicul: raises $3 to $6
B_loJkl: raises $3 to $9
ucenicul: calls $3
*** FLOP *** [Ad 7s 2d]
B_loJkl: bets $3
ucenicul: calls $3
*** TURN *** [Ad 7s 2d] [4c]
B_loJkl: bets $6
ucenicul: calls $6
*** RIVER *** [Ad 7s 2d 4c] [Kc]
B_loJkl: bets $6
ucenicul: calls $6
*** SHOW DOWN ***
B_loJkl: shows [Qs Qh] (a pair of Queens)
ucenicul: shows [4h 2h] (two pair, Fours and Deuces)
ucenicul collected $47.50 from pot
*** SUMMARY ***
Total pot $48 | Rake $0.50
Board [Ad 7s 2d 4c Kc]
Seat 2: B_loJkl (big blind) showed [Qs Qh] and lost with a pair of Queens
Seat 6: ucenicul (button) (small blind) showed [4h 2h] and won ($47.50) with two pair, Fours and Deuces


PokerStars Hand #153489131189:  Hold'em Limit ($3/$6 USD) - 2016/05/18 9:18:34 ET
Table 'Celestia' 6-max Seat #2 is the button
Seat 2: B_loJkl ($86.88 in chips)
Seat 6: ucenicul ($181.37 in chips)
B_loJkl: posts small blind $1
ucenicul: posts big blind $3
*** HOLE CARDS ***
B_loJkl: raises $3 to $6
ucenicul: folds
Uncalled bet ($3) returned to B_loJkl
B_loJkl collected $6 from pot
B_loJkl: doesn't show hand
*** SUMMARY ***
Total pot $6 | Rake $0
Seat 2: B_loJkl (button) (small blind) collected ($6)
Seat 6: ucenicul (big blind) folded before Flop


PokerStars Hand #153489126500:  Hold'em Limit ($3/$6 USD) - 2016/05/18 9:18:26 ET
Table 'Celestia' 6-max Seat #6 is the button
Seat 2: B_loJkl ($85.88 in chips)
Seat 6: ucenicul ($182.37 in chips)
ucenicul: posts small blind $1
B_loJkl: posts big blind $3
*** HOLE CARDS ***
ucenicul: folds
Uncalled bet ($2) returned to B_loJkl
B_loJkl collected $2 from pot
B_loJkl: doesn't show hand
*** SUMMARY ***
Total pot $2 | Rake $0
Seat 2: B_loJkl (big blind) collected ($2)
Seat 6: ucenicul (button) (small blind) folded before Flop


PokerStars Hand #153489109000:  Hold'em Limit ($3/$6 USD) - 2016/05/18 9:17:56 ET
Table 'Celestia' 6-max Seat #2 is the button
Seat 2: B_loJkl ($80.12 in chips)
Seat 6: ucenicul ($188.37 in chips)
B_loJkl: posts small blind $1
ucenicul: posts big blind $3
*** HOLE CARDS ***
B_loJkl: raises $3 to $6
ucenicul: calls $3
*** FLOP *** [Jd Tc Jh]
ucenicul: checks
B_loJkl: bets $3
ucenicul: folds
Uncalled bet ($3) returned to B_loJkl
B_loJkl collected $11.76 from pot
B_loJkl: doesn't show hand
*** SUMMARY ***
Total pot $12 | Rake $0.24
Board [Jd Tc Jh]
Seat 2: B_loJkl (button) (small blind) collected ($11.76)
Seat 6: ucenicul (big blind) folded on the Flop


