PokerStars Hand #174815019693:  Hold'em Limit ($3/$6 USD) - 2017/08/26 9:53:08 ET
Table 'Celuta' 6-max Seat #4 is the button
Seat 4: Agrotait ($72 in chips)
Seat 5: Adrienn99 ($30 in chips)
Agrotait: posts small blind $1
Adrienn99: posts big blind $3
*** HOLE CARDS ***
Agrotait: raises $3 to $6
Adrienn99: calls $3
*** FLOP *** [3s Ks 6h]
Adrienn99: bets $3
Agrotait: calls $3
*** TURN *** [3s Ks 6h] [Kh]
Adrienn99: bets $6
Agrotait: calls $6
*** RIVER *** [3s Ks 6h Kh] [6d]
Adrienn99: bets $6
Agrotait: calls $6
*** SHOW DOWN ***
Adrienn99: shows [Kc 4s] (a full house, Kings full of Sixes)
Agrotait: mucks hand
Adrienn99 collected $41.50 from pot
*** SUMMARY ***
Total pot $42 | Rake $0.50
Board [3s Ks 6h Kh 6d]
Seat 4: Agrotait (button) (small blind) mucked
Seat 5: Adrienn99 (big blind) showed [Kc 4s] and won ($41.50) with a full house, Kings full of Sixes


PokerStars Hand #174815047199:  Hold'em Limit ($3/$6 USD) - 2017/08/26 9:53:57 ET
Table 'Celuta' 6-max Seat #4 is the button
Seat 4: Agrotait ($69 in chips)
Seat 5: Adrienn99 ($53.50 in chips)
Agrotait: posts small blind $1
Adrienn99: posts big blind $3
*** HOLE CARDS ***
Agrotait: folds
Uncalled bet ($2) returned to Adrienn99
Adrienn99 collected $2 from pot
*** SUMMARY ***
Total pot $2 | Rake $0
Seat 4: Agrotait (button) (small blind) folded before Flop
Seat 5: Adrienn99 (big blind) collected ($2)


PokerStars Hand #174815042185:  Hold'em Limit ($3/$6 USD) - 2017/08/26 9:53:48 ET
Table 'Celuta' 6-max Seat #5 is the button
Seat 4: Agrotait ($72 in chips)
Seat 5: Adrienn99 ($50.50 in chips)
Adrienn99: posts small blind $1
Agrotait: posts big blind $3
*** HOLE CARDS ***
SLK500 joins the table at seat #1
Adrienn99: raises $3 to $6
Agrotait: folds
Uncalled bet ($3) returned to Adrienn99
Adrienn99 collected $6 from pot
*** SUMMARY ***
Total pot $6 | Rake $0
Seat 4: Agrotait (big blind) folded before Flop
Seat 5: Adrienn99 (button) (small blind) collected ($6)


