PokerStars Hand #171525711271:  Hold'em Limit ($3/$6 USD) - 2017/06/08 17:55:33 ET
Table 'Celuta' 6-max Seat #5 is the button
Seat 4: MTails ($137.50 in chips)
Seat 5: NAUTJE1337 ($30 in chips)
NAUTJE1337: posts small blind $1
MTails: posts big blind $3
*** HOLE CARDS ***
NAUTJE1337: raises $3 to $6
MTails: calls $3
*** FLOP *** [Qh 6c As]
MTails: checks
NAUTJE1337: bets $3
MTails: calls $3
*** TURN *** [Qh 6c As] [2c]
MTails: checks
NAUTJE1337: bets $6
MTails: folds
Uncalled bet ($6) returned to NAUTJE1337
NAUTJE1337 collected $17.64 from pot
*** SUMMARY ***
Total pot $18 | Rake $0.36
Board [Qh 6c As 2c]
Seat 4: MTails (big blind) folded on the Turn
Seat 5: NAUTJE1337 (button) (small blind) collected ($17.64)


PokerStars Hand #171525697263:  Hold'em Limit ($3/$6 USD) - 2017/06/08 17:55:10 ET
Table 'Celuta' 6-max Seat #4 is the button
Seat 4: MTails ($120 in chips)
Seat 5: NAUTJE1337 ($48 in chips)
MTails: posts small blind $1
NAUTJE1337: posts big blind $3
*** HOLE CARDS ***
MTails: raises $3 to $6
NAUTJE1337: raises $3 to $9
MTails: calls $3
*** FLOP *** [Kh 2s 6c]
NAUTJE1337: bets $3
MTails: calls $3
*** TURN *** [Kh 2s 6c] [8s]
NAUTJE1337: checks
MTails: bets $6
NAUTJE1337: calls $6
*** RIVER *** [Kh 2s 6c 8s] [4h]
NAUTJE1337: checks
MTails: checks
*** SHOW DOWN ***
NAUTJE1337: shows [Qd Jd] (high card King)
MTails: shows [Ad 5s] (high card Ace)
MTails collected $35.50 from pot
*** SUMMARY ***
Total pot $36 | Rake $0.50
Board [Kh 2s 6c 8s 4h]
Seat 4: MTails (button) (small blind) showed [Ad 5s] and won ($35.50) with high card Ace
Seat 5: NAUTJE1337 (big blind) showed [Qd Jd] and lost with high card King


PokerStars Hand #171525684885:  Hold'em Limit ($3/$6 USD) - 2017/06/08 17:54:53 ET
Table 'Celuta' 6-max Seat #4 is the button
Seat 4: MTails ($120 in chips)
Seat 5: NAUTJE1337 ($48 in chips)
MTails: posts small blind $1
NAUTJE1337: posts big blind $3
*** HOLE CARDS ***
MTails: raises $3 to $6
NAUTJE1337: folds
Uncalled bet ($3) returned to MTails
MTails collected $6 from pot
*** SUMMARY ***
Total pot $6 | Rake $0
Seat 4: MTails (button) (small blind) collected ($6)
Seat 5: NAUTJE1337 (big blind) folded before Flop


PokerStars Hand #171525720844:  Hold'em Limit ($3/$6 USD) - 2017/06/08 17:55:49 ET
Table 'Celuta' 6-max Seat #4 is the button
Seat 4: MTails ($128.50 in chips)
Seat 5: NAUTJE1337 ($38.64 in chips)
MTails: posts small blind $1
NAUTJE1337: posts big blind $3
*** HOLE CARDS ***
MTails: raises $3 to $6
NAUTJE1337: calls $3
*** FLOP *** [5d 8s Qh]
NAUTJE1337: checks
MTails: bets $3
NAUTJE1337: calls $3
*** TURN *** [5d 8s Qh] [Tc]
NAUTJE1337: checks
MTails: bets $6
NAUTJE1337: raises $6 to $12
MTails: raises $6 to $18
NAUTJE1337: raises $6 to $24
Betting is capped
MTails: calls $6
*** RIVER *** [5d 8s Qh Tc] [Kc]
NAUTJE1337: bets $5.64 and is all-in
MTails: calls $5.64
*** SHOW DOWN ***
NAUTJE1337: shows [5s Ts] (two pair, Tens and Fives)
MTails: shows [Ad Qc] (a pair of Queens)
NAUTJE1337 collected $76.78 from pot
*** SUMMARY ***
Total pot $77.28 | Rake $0.50
Board [5d 8s Qh Tc Kc]
Seat 4: MTails (button) (small blind) showed [Ad Qc] and lost with a pair of Queens
Seat 5: NAUTJE1337 (big blind) showed [5s Ts] and won ($76.78) with two pair, Tens and Fives


PokerStars Hand #171525746102:  Hold'em Limit ($3/$6 USD) - 2017/06/08 17:56:32 ET
Table 'Celuta' 6-max Seat #5 is the button
Seat 4: MTails ($96.62 in chips)
Seat 5: NAUTJE1337 ($69.78 in chips)
NAUTJE1337: posts small blind $1
MTails: posts big blind $3
*** HOLE CARDS ***
NAUTJE1337: folds
Uncalled bet ($2) returned to MTails
MTails collected $2 from pot
*** SUMMARY ***
Total pot $2 | Rake $0
Seat 4: MTails (big blind) collected ($2)
Seat 5: NAUTJE1337 (button) (small blind) folded before Flop


PokerStars Hand #171525739352:  Hold'em Limit ($3/$6 USD) - 2017/06/08 17:56:20 ET
Table 'Celuta' 6-max Seat #4 is the button
Seat 4: MTails ($90.86 in chips)
Seat 5: NAUTJE1337 ($75.78 in chips)
MTails: posts small blind $1
NAUTJE1337: posts big blind $3
*** HOLE CARDS ***
MTails: raises $3 to $6
NAUTJE1337: calls $3
*** FLOP *** [5d Td 3h]
NAUTJE1337: checks
MTails: bets $3
NAUTJE1337: folds
Uncalled bet ($3) returned to MTails
MTails collected $11.76 from pot
*** SUMMARY ***
Total pot $12 | Rake $0.24
Board [5d Td 3h]
Seat 4: MTails (button) (small blind) collected ($11.76)
Seat 5: NAUTJE1337 (big blind) folded on the Flop


PokerStars Hand #171525734960:  Hold'em Limit ($3/$6 USD) - 2017/06/08 17:56:13 ET
Table 'Celuta' 6-max Seat #5 is the button
Seat 4: MTails ($89.86 in chips)
Seat 5: NAUTJE1337 ($76.78 in chips)
NAUTJE1337: posts small blind $1
MTails: posts big blind $3
*** HOLE CARDS ***
NAUTJE1337: folds
Uncalled bet ($2) returned to MTails
MTails collected $2 from pot
*** SUMMARY ***
Total pot $2 | Rake $0
Seat 4: MTails (big blind) collected ($2)
Seat 5: NAUTJE1337 (button) (small blind) folded before Flop


PokerStars Hand #171525761035:  Hold'em Limit ($3/$6 USD) - 2017/06/08 17:56:56 ET
Table 'Celuta' 6-max Seat #4 is the button
Seat 4: MTails ($122.12 in chips)
Seat 5: NAUTJE1337 ($43.78 in chips)
MTails: posts small blind $1
NAUTJE1337: posts big blind $3
*** HOLE CARDS ***
MTails: raises $3 to $6
NAUTJE1337: raises $3 to $9
MTails: calls $3
*** FLOP *** [Qs 4d 2c]
NAUTJE1337: bets $3
MTails: calls $3
*** TURN *** [Qs 4d 2c] [3d]
NAUTJE1337: bets $6
MTails: calls $6
*** RIVER *** [Qs 4d 2c 3d] [4h]
NAUTJE1337: bets $6
MTails: calls $6
*** SHOW DOWN ***
NAUTJE1337: shows [Ad 7d] (a pair of Fours)
MTails: mucks hand
NAUTJE1337 collected $47.50 from pot
*** SUMMARY ***
Total pot $48 | Rake $0.50
Board [Qs 4d 2c 3d 4h]
Seat 4: MTails (button) (small blind) mucked
Seat 5: NAUTJE1337 (big blind) showed [Ad 7d] and won ($47.50) with a pair of Fours


PokerStars Hand #171525758355:  Hold'em Limit ($3/$6 USD) - 2017/06/08 17:56:52 ET
Table 'Celuta' 6-max Seat #5 is the button
Seat 4: MTails ($121.12 in chips)
Seat 5: NAUTJE1337 ($44.78 in chips)
NAUTJE1337: posts small blind $1
MTails: posts big blind $3
*** HOLE CARDS ***
NAUTJE1337: folds
Uncalled bet ($2) returned to MTails
B_loJkl joins the table at seat #6
MTails collected $2 from pot
*** SUMMARY ***
Total pot $2 | Rake $0
Seat 4: MTails (big blind) collected ($2)
Seat 5: NAUTJE1337 (button) (small blind) folded before Flop


PokerStars Hand #171525748896:  Hold'em Limit ($3/$6 USD) - 2017/06/08 17:56:36 ET
Table 'Celuta' 6-max Seat #4 is the button
Seat 4: MTails ($97.62 in chips)
Seat 5: NAUTJE1337 ($68.78 in chips)
MTails: posts small blind $1
NAUTJE1337: posts big blind $3
*** HOLE CARDS ***
MTails: raises $3 to $6
NAUTJE1337: raises $3 to $9
MTails: calls $3
*** FLOP *** [8h Kc 2h]
NAUTJE1337: bets $3
MTails: calls $3
*** TURN *** [8h Kc 2h] [5s]
NAUTJE1337: bets $6
MTails: calls $6
*** RIVER *** [8h Kc 2h 5s] [7h]
NAUTJE1337: bets $6
MTails: calls $6
*** SHOW DOWN ***
NAUTJE1337: shows [7d Qh] (a pair of Sevens)
MTails: shows [Js 8s] (a pair of Eights)
MTails collected $47.50 from pot
*** SUMMARY ***
Total pot $48 | Rake $0.50
Board [8h Kc 2h 5s 7h]
Seat 4: MTails (button) (small blind) showed [Js 8s] and won ($47.50) with a pair of Eights
Seat 5: NAUTJE1337 (big blind) showed [7d Qh] and lost with a pair of Sevens


PokerStars Hand #171525801499:  Hold'em Limit ($3/$6 USD) - 2017/06/08 17:58:03 ET
Table 'Celuta' 6-max Seat #4 is the button
Seat 4: MTails ($78.12 in chips)
Seat 6: B_loJkl ($122 in chips)
MTails: posts small blind $1
NAUTJE1337: is sitting out
NAUTJE1337 leaves the table
B_loJkl: posts big blind $3
*** HOLE CARDS ***
MTails: raises $3 to $6
B_loJkl: calls $3
*** FLOP *** [Td 3d 3s]
B_loJkl: checks
MTails: bets $3
B_loJkl: calls $3
*** TURN *** [Td 3d 3s] [5c]
B_loJkl: checks
MTails: bets $6
B_loJkl: folds
Uncalled bet ($6) returned to MTails
MTails collected $17.64 from pot
*** SUMMARY ***
Total pot $18 | Rake $0.36
Board [Td 3d 3s 5c]
Seat 4: MTails (button) (small blind) collected ($17.64)
Seat 6: B_loJkl (big blind) folded on the Turn


