PokerStars Hand #169784075160:  Hold'em Limit ($3/$6 USD) - 2017/04/30 18:20:24 ET
Table 'Celuta' 6-max Seat #3 is the button
Seat 3: sienvan ($19 in chips)
Seat 6: Jack_Wu1985 ($130.64 in chips)
sienvan: posts small blind $1
Jack_Wu1985: posts big blind $3
*** HOLE CARDS ***
sienvan: folds
Uncalled bet ($2) returned to Jack_Wu1985
Jack_Wu1985 collected $2 from pot
Jack_Wu1985: doesn't show hand
*** SUMMARY ***
Total pot $2 | Rake $0
Seat 3: sienvan (button) (small blind) folded before Flop
Seat 6: Jack_Wu1985 (big blind) collected ($2)


PokerStars Hand #169784068111:  Hold'em Limit ($3/$6 USD) - 2017/04/30 18:20:15 ET
Table 'Celuta' 6-max Seat #6 is the button
Seat 3: sienvan ($22 in chips)
Seat 6: Jack_Wu1985 ($127.64 in chips)
Jack_Wu1985: posts small blind $1
sienvan: posts big blind $3
*** HOLE CARDS ***
Jack_Wu1985: raises $3 to $6
sienvan: folds
Uncalled bet ($3) returned to Jack_Wu1985
Jack_Wu1985 collected $6 from pot
Jack_Wu1985: doesn't show hand
*** SUMMARY ***
Total pot $6 | Rake $0
Seat 3: sienvan (big blind) folded before Flop
Seat 6: Jack_Wu1985 (button) (small blind) collected ($6)


PokerStars Hand #169784050281:  Hold'em Limit ($3/$6 USD) - 2017/04/30 18:19:51 ET
Table 'Celuta' 6-max Seat #3 is the button
Seat 3: sienvan ($31 in chips)
Seat 6: Jack_Wu1985 ($119 in chips)
sienvan: posts small blind $1
Jack_Wu1985: posts big blind $3
*** HOLE CARDS ***
sienvan: calls $2
Jack_Wu1985: raises $3 to $6
sienvan: calls $3
*** FLOP *** [Ks 2s Ah]
Jack_Wu1985: bets $3
sienvan: calls $3
*** TURN *** [Ks 2s Ah] [2d]
Jack_Wu1985: checks
sienvan: checks
*** RIVER *** [Ks 2s Ah 2d] [4s]
Jack_Wu1985: checks
sienvan: checks
*** SHOW DOWN ***
Jack_Wu1985: shows [Js Jh] (two pair, Jacks and Deuces)
sienvan: mucks hand
Jack_Wu1985 collected $17.64 from pot
*** SUMMARY ***
Total pot $18 | Rake $0.36
Board [Ks 2s Ah 2d 4s]
Seat 3: sienvan (button) (small blind) mucked
Seat 6: Jack_Wu1985 (big blind) showed [Js Jh] and won ($17.64) with two pair, Jacks and Deuces


PokerStars Hand #169784045316:  Hold'em Limit ($3/$6 USD) - 2017/04/30 18:19:45 ET
Table 'Celuta' 6-max Seat #6 is the button
Seat 3: sienvan ($30 in chips)
Seat 6: Jack_Wu1985 ($120 in chips)
Jack_Wu1985: posts small blind $1
sienvan: posts big blind $3
*** HOLE CARDS ***
Jack_Wu1985: folds
Uncalled bet ($2) returned to sienvan
sienvan collected $2 from pot
sienvan: doesn't show hand
*** SUMMARY ***
Total pot $2 | Rake $0
Seat 3: sienvan (big blind) collected ($2)
Seat 6: Jack_Wu1985 (button) (small blind) folded before Flop


PokerStars Hand #169784098151:  Hold'em Limit ($3/$6 USD) - 2017/04/30 18:20:54 ET
Table 'Celuta' 6-max Seat #6 is the button
Seat 3: sienvan ($25.64 in chips)
Seat 6: Jack_Wu1985 ($123.64 in chips)
Jack_Wu1985: posts small blind $1
sienvan: posts big blind $3
*** HOLE CARDS ***
Jack_Wu1985: raises $3 to $6
sienvan: calls $3
*** FLOP *** [5d 2d 6c]
sienvan: checks
Jack_Wu1985: bets $3
sienvan: calls $3
*** TURN *** [5d 2d 6c] [Ad]
sienvan: checks
Jack_Wu1985: bets $6
sienvan: calls $6
*** RIVER *** [5d 2d 6c Ad] [5c]
sienvan: checks
Jack_Wu1985: bets $6
sienvan: folds
Uncalled bet ($6) returned to Jack_Wu1985
Jack_Wu1985 collected $29.50 from pot
Jack_Wu1985: doesn't show hand
*** SUMMARY ***
Total pot $30 | Rake $0.50
Board [5d 2d 6c Ad 5c]
Seat 3: sienvan (big blind) folded on the River
Seat 6: Jack_Wu1985 (button) (small blind) collected ($29.50)


PokerStars Hand #169784094412:  Hold'em Limit ($3/$6 USD) - 2017/04/30 18:20:49 ET
Table 'Celuta' 6-max Seat #3 is the button
Seat 3: sienvan ($26.64 in chips)
Seat 6: Jack_Wu1985 ($122.64 in chips)
sienvan: posts small blind $1
Jack_Wu1985: posts big blind $3
*** HOLE CARDS ***
sienvan: folds
Uncalled bet ($2) returned to Jack_Wu1985
Jack_Wu1985 collected $2 from pot
Jack_Wu1985: doesn't show hand
*** SUMMARY ***
Total pot $2 | Rake $0
Seat 3: sienvan (button) (small blind) folded before Flop
Seat 6: Jack_Wu1985 (big blind) collected ($2)


PokerStars Hand #169784079094:  Hold'em Limit ($3/$6 USD) - 2017/04/30 18:20:29 ET
Table 'Celuta' 6-max Seat #6 is the button
Seat 3: sienvan ($18 in chips)
Seat 6: Jack_Wu1985 ($131.64 in chips)
Jack_Wu1985: posts small blind $1
sienvan: posts big blind $3
*** HOLE CARDS ***
Jack_Wu1985: raises $3 to $6
sienvan: calls $3
*** FLOP *** [Qc 9s 2d]
sienvan: bets $3
Jack_Wu1985: calls $3
*** TURN *** [Qc 9s 2d] [4c]
sienvan: bets $6
Jack_Wu1985: folds
Uncalled bet ($6) returned to sienvan
sienvan collected $17.64 from pot
sienvan: doesn't show hand
*** SUMMARY ***
Total pot $18 | Rake $0.36
Board [Qc 9s 2d 4c]
Seat 3: sienvan (big blind) collected ($17.64)
Seat 6: Jack_Wu1985 (button) (small blind) folded on the Turn


PokerStars Hand #169784170767:  Hold'em Limit ($3/$6 USD) - 2017/04/30 18:22:28 ET
Table 'Celuta' 6-max Seat #3 is the button
Seat 3: sienvan ($46.16 in chips)
Seat 6: Jack_Wu1985 ($126.14 in chips)
sienvan: posts small blind $1
Jack_Wu1985: posts big blind $3
*** HOLE CARDS ***
sienvan: folds
Uncalled bet ($2) returned to Jack_Wu1985
Jack_Wu1985 collected $2 from pot
Jack_Wu1985: doesn't show hand
*** SUMMARY ***
Total pot $2 | Rake $0
Seat 3: sienvan (button) (small blind) folded before Flop
Seat 6: Jack_Wu1985 (big blind) collected ($2)


PokerStars Hand #169784165921:  Hold'em Limit ($3/$6 USD) - 2017/04/30 18:22:22 ET
Table 'Celuta' 6-max Seat #6 is the button
Seat 3: sienvan ($45.16 in chips)
Seat 6: Jack_Wu1985 ($127.14 in chips)
Jack_Wu1985: posts small blind $1
sienvan: posts big blind $3
*** HOLE CARDS ***
Jack_Wu1985: folds
Uncalled bet ($2) returned to sienvan
sienvan collected $2 from pot
sienvan: doesn't show hand
*** SUMMARY ***
Total pot $2 | Rake $0
Seat 3: sienvan (big blind) collected ($2)
Seat 6: Jack_Wu1985 (button) (small blind) folded before Flop


PokerStars Hand #169784161656:  Hold'em Limit ($3/$6 USD) - 2017/04/30 18:22:16 ET
Table 'Celuta' 6-max Seat #3 is the button
Seat 3: sienvan ($46.16 in chips)
Seat 6: Jack_Wu1985 ($126.14 in chips)
sienvan: posts small blind $1
Jack_Wu1985: posts big blind $3
*** HOLE CARDS ***
sienvan: folds
Uncalled bet ($2) returned to Jack_Wu1985
Jack_Wu1985 collected $2 from pot
Jack_Wu1985: doesn't show hand
*** SUMMARY ***
Total pot $2 | Rake $0
Seat 3: sienvan (button) (small blind) folded before Flop
Seat 6: Jack_Wu1985 (big blind) collected ($2)


PokerStars Hand #169784147745:  Hold'em Limit ($3/$6 USD) - 2017/04/30 18:21:58 ET
Table 'Celuta' 6-max Seat #6 is the button
Seat 3: sienvan ($40.40 in chips)
Seat 6: Jack_Wu1985 ($132.14 in chips)
Jack_Wu1985: posts small blind $1
sienvan: posts big blind $3
*** HOLE CARDS ***
Jack_Wu1985: raises $3 to $6
sienvan: calls $3
*** FLOP *** [9s 3s 7d]
sienvan: checks
Jack_Wu1985: checks
*** TURN *** [9s 3s 7d] [Th]
sienvan: bets $6
Jack_Wu1985: folds
Uncalled bet ($6) returned to sienvan
sienvan collected $11.76 from pot
sienvan: doesn't show hand
*** SUMMARY ***
Total pot $12 | Rake $0.24
Board [9s 3s 7d Th]
Seat 3: sienvan (big blind) collected ($11.76)
Seat 6: Jack_Wu1985 (button) (small blind) folded on the Turn


PokerStars Hand #169784126134:  Hold'em Limit ($3/$6 USD) - 2017/04/30 18:21:30 ET
Table 'Celuta' 6-max Seat #3 is the button
Seat 3: sienvan ($34.64 in chips)
Seat 6: Jack_Wu1985 ($138.14 in chips)
sienvan: posts small blind $1
Jack_Wu1985: posts big blind $3
*** HOLE CARDS ***
sienvan: calls $2
Jack_Wu1985: checks
*** FLOP *** [Tc 2c Kd]
Jack_Wu1985: bets $3
sienvan: calls $3
*** TURN *** [Tc 2c Kd] [As]
Jack_Wu1985: checks
sienvan: checks
*** RIVER *** [Tc 2c Kd As] [9h]
Jack_Wu1985: checks
sienvan: bets $6
Jack_Wu1985: folds
Uncalled bet ($6) returned to sienvan
sienvan collected $11.76 from pot
sienvan: doesn't show hand
*** SUMMARY ***
Total pot $12 | Rake $0.24
Board [Tc 2c Kd As 9h]
Seat 3: sienvan (button) (small blind) collected ($11.76)
Seat 6: Jack_Wu1985 (big blind) folded on the River


PokerStars Hand #169784217599:  Hold'em Limit ($3/$6 USD) - 2017/04/30 18:23:29 ET
Table 'Celuta' 6-max Seat #3 is the button
Seat 3: sienvan ($58.56 in chips)
Seat 6: Jack_Wu1985 ($113.14 in chips)
sienvan: posts small blind $1
Jack_Wu1985: posts big blind $3
*** HOLE CARDS ***
sienvan: folds
Uncalled bet ($2) returned to Jack_Wu1985
Jack_Wu1985 collected $2 from pot
Jack_Wu1985: doesn't show hand
*** SUMMARY ***
Total pot $2 | Rake $0
Seat 3: sienvan (button) (small blind) folded before Flop
Seat 6: Jack_Wu1985 (big blind) collected ($2)


PokerStars Hand #169784195047:  Hold'em Limit ($3/$6 USD) - 2017/04/30 18:23:00 ET
Table 'Celuta' 6-max Seat #6 is the button
Seat 3: sienvan ($52.80 in chips)
Seat 6: Jack_Wu1985 ($119.14 in chips)
Jack_Wu1985: posts small blind $1
sienvan: posts big blind $3
*** HOLE CARDS ***
Jack_Wu1985: raises $3 to $6
sienvan: calls $3
*** FLOP *** [5d 4d 7s]
sienvan: checks
Jack_Wu1985: checks
*** TURN *** [5d 4d 7s] [3c]
sienvan: checks
Jack_Wu1985: checks
*** RIVER *** [5d 4d 7s 3c] [7d]
sienvan: bets $6
Jack_Wu1985: folds
Uncalled bet ($6) returned to sienvan
sienvan collected $11.76 from pot
sienvan: doesn't show hand
*** SUMMARY ***
Total pot $12 | Rake $0.24
Board [5d 4d 7s 3c 7d]
Seat 3: sienvan (big blind) collected ($11.76)
Seat 6: Jack_Wu1985 (button) (small blind) folded on the River


PokerStars Hand #169784189714:  Hold'em Limit ($3/$6 USD) - 2017/04/30 18:22:53 ET
Table 'Celuta' 6-max Seat #3 is the button
Seat 3: sienvan ($53.80 in chips)
Seat 6: Jack_Wu1985 ($118.14 in chips)
sienvan: posts small blind $1
Jack_Wu1985: posts big blind $3
*** HOLE CARDS ***
sienvan: folds
Uncalled bet ($2) returned to Jack_Wu1985
Jack_Wu1985 collected $2 from pot
Jack_Wu1985: doesn't show hand
*** SUMMARY ***
Total pot $2 | Rake $0
Seat 3: sienvan (button) (small blind) folded before Flop
Seat 6: Jack_Wu1985 (big blind) collected ($2)


PokerStars Hand #169784174728:  Hold'em Limit ($3/$6 USD) - 2017/04/30 18:22:34 ET
Table 'Celuta' 6-max Seat #6 is the button
Seat 3: sienvan ($45.16 in chips)
Seat 6: Jack_Wu1985 ($127.14 in chips)
Jack_Wu1985: posts small blind $1
sienvan: posts big blind $3
*** HOLE CARDS ***
Jack_Wu1985: raises $3 to $6
sienvan: raises $3 to $9
Jack_Wu1985: calls $3
*** FLOP *** [2h 2s 8s]
sienvan: bets $3
Jack_Wu1985: folds
Uncalled bet ($3) returned to sienvan
sienvan collected $17.64 from pot
sienvan: doesn't show hand
*** SUMMARY ***
Total pot $18 | Rake $0.36
Board [2h 2s 8s]
Seat 3: sienvan (big blind) collected ($17.64)
Seat 6: Jack_Wu1985 (button) (small blind) folded on the Flop


PokerStars Hand #169784247879:  Hold'em Limit ($3/$6 USD) - 2017/04/30 18:24:09 ET
Table 'Celuta' 6-max Seat #6 is the button
Seat 3: sienvan ($60.38 in chips)
Seat 6: Jack_Wu1985 ($110.96 in chips)
Jack_Wu1985: posts small blind $1
sienvan: posts big blind $3
*** HOLE CARDS ***
Jack_Wu1985: raises $3 to $6
sienvan: calls $3
*** FLOP *** [Qh 4h 9h]
sienvan: checks
Jack_Wu1985: bets $3
sienvan: folds
Uncalled bet ($3) returned to Jack_Wu1985
Jack_Wu1985 collected $11.76 from pot
Jack_Wu1985: doesn't show hand
*** SUMMARY ***
Total pot $12 | Rake $0.24
Board [Qh 4h 9h]
Seat 3: sienvan (big blind) folded on the Flop
Seat 6: Jack_Wu1985 (button) (small blind) collected ($11.76)


PokerStars Hand #169784242408:  Hold'em Limit ($3/$6 USD) - 2017/04/30 18:24:02 ET
Table 'Celuta' 6-max Seat #3 is the button
Seat 3: sienvan ($57.38 in chips)
Seat 6: Jack_Wu1985 ($113.96 in chips)
sienvan: posts small blind $1
Jack_Wu1985: posts big blind $3
*** HOLE CARDS ***
sienvan: raises $3 to $6
Jack_Wu1985: folds
Uncalled bet ($3) returned to sienvan
sienvan collected $6 from pot
sienvan: doesn't show hand
*** SUMMARY ***
Total pot $6 | Rake $0
Seat 3: sienvan (button) (small blind) collected ($6)
Seat 6: Jack_Wu1985 (big blind) folded before Flop


PokerStars Hand #169784221957:  Hold'em Limit ($3/$6 USD) - 2017/04/30 18:23:35 ET
Table 'Celuta' 6-max Seat #6 is the button
Seat 3: sienvan ($57.56 in chips)
Seat 6: Jack_Wu1985 ($114.14 in chips)
Jack_Wu1985: posts small blind $1
sienvan: posts big blind $3
*** HOLE CARDS ***
Jack_Wu1985: raises $3 to $6
sienvan: calls $3
*** FLOP *** [8h 5s 8d]
sienvan: checks
Jack_Wu1985: bets $3
sienvan: calls $3
*** TURN *** [8h 5s 8d] [4h]
sienvan: checks
Jack_Wu1985: checks
*** RIVER *** [8h 5s 8d 4h] [2d]
sienvan: checks
Jack_Wu1985: checks
*** SHOW DOWN ***
sienvan: shows [Ad 7s] (a pair of Eights)
Jack_Wu1985: shows [Ah 7h] (a pair of Eights)
sienvan collected $8.82 from pot
Jack_Wu1985 collected $8.82 from pot
*** SUMMARY ***
Total pot $18 | Rake $0.36
Board [8h 5s 8d 4h 2d]
Seat 3: sienvan (big blind) showed [Ad 7s] and won ($8.82) with a pair of Eights
Seat 6: Jack_Wu1985 (button) (small blind) showed [Ah 7h] and won ($8.82) with a pair of Eights


PokerStars Hand #169784309174:  Hold'em Limit ($3/$6 USD) - 2017/04/30 18:25:29 ET
Table 'Celuta' 6-max Seat #3 is the button
Seat 3: sienvan ($33.38 in chips)
Seat 6: Jack_Wu1985 ($137.12 in chips)
sienvan: posts small blind $1
Jack_Wu1985: posts big blind $3
*** HOLE CARDS ***
sienvan: folds
Uncalled bet ($2) returned to Jack_Wu1985
Jack_Wu1985 collected $2 from pot
Jack_Wu1985: doesn't show hand
*** SUMMARY ***
Total pot $2 | Rake $0
Seat 3: sienvan (button) (small blind) folded before Flop
Seat 6: Jack_Wu1985 (big blind) collected ($2)


PokerStars Hand #169784305242:  Hold'em Limit ($3/$6 USD) - 2017/04/30 18:25:24 ET
Table 'Celuta' 6-max Seat #6 is the button
Seat 3: sienvan ($36.38 in chips)
Seat 6: Jack_Wu1985 ($134.12 in chips)
Jack_Wu1985: posts small blind $1
sienvan: posts big blind $3
*** HOLE CARDS ***
Jack_Wu1985: raises $3 to $6
sienvan: folds
Uncalled bet ($3) returned to Jack_Wu1985
Jack_Wu1985 collected $6 from pot
Jack_Wu1985: doesn't show hand
*** SUMMARY ***
Total pot $6 | Rake $0
Seat 3: sienvan (big blind) folded before Flop
Seat 6: Jack_Wu1985 (button) (small blind) collected ($6)


PokerStars Hand #169784291344:  Hold'em Limit ($3/$6 USD) - 2017/04/30 18:25:06 ET
Table 'Celuta' 6-max Seat #3 is the button
Seat 3: sienvan ($42.38 in chips)
Seat 6: Jack_Wu1985 ($128.36 in chips)
sienvan: posts small blind $1
Jack_Wu1985: posts big blind $3
*** HOLE CARDS ***
sienvan: raises $3 to $6
Jack_Wu1985: calls $3
*** FLOP *** [8c 8h 3c]
Jack_Wu1985: checks
sienvan: checks
*** TURN *** [8c 8h 3c] [5d]
Jack_Wu1985: bets $6
sienvan: folds
Uncalled bet ($6) returned to Jack_Wu1985
Jack_Wu1985 collected $11.76 from pot
Jack_Wu1985: doesn't show hand
*** SUMMARY ***
Total pot $12 | Rake $0.24
Board [8c 8h 3c 5d]
Seat 3: sienvan (button) (small blind) folded on the Turn
Seat 6: Jack_Wu1985 (big blind) collected ($11.76)


PokerStars Hand #169784286075:  Hold'em Limit ($3/$6 USD) - 2017/04/30 18:24:59 ET
Table 'Celuta' 6-max Seat #6 is the button
Seat 3: sienvan ($45.38 in chips)
Seat 6: Jack_Wu1985 ($125.36 in chips)
Jack_Wu1985: posts small blind $1
sienvan: posts big blind $3
*** HOLE CARDS ***
Jack_Wu1985: raises $3 to $6
sienvan: folds
Uncalled bet ($3) returned to Jack_Wu1985
Jack_Wu1985 collected $6 from pot
Jack_Wu1985: doesn't show hand
*** SUMMARY ***
Total pot $6 | Rake $0
Seat 3: sienvan (big blind) folded before Flop
Seat 6: Jack_Wu1985 (button) (small blind) collected ($6)


PokerStars Hand #169784257198:  Hold'em Limit ($3/$6 USD) - 2017/04/30 18:24:21 ET
Table 'Celuta' 6-max Seat #3 is the button
Seat 3: sienvan ($54.38 in chips)
Seat 6: Jack_Wu1985 ($116.72 in chips)
sienvan: posts small blind $1
Jack_Wu1985: posts big blind $3
*** HOLE CARDS ***
sienvan: raises $3 to $6
Jack_Wu1985: calls $3
*** FLOP *** [Kc 9s Ks]
Jack_Wu1985: checks
sienvan: bets $3
Jack_Wu1985: calls $3
*** TURN *** [Kc 9s Ks] [6c]
Jack_Wu1985: checks
sienvan: checks
*** RIVER *** [Kc 9s Ks 6c] [5d]
Jack_Wu1985: bets $6
sienvan: folds
Uncalled bet ($6) returned to Jack_Wu1985
Jack_Wu1985 collected $17.64 from pot
Jack_Wu1985: doesn't show hand
*** SUMMARY ***
Total pot $18 | Rake $0.36
Board [Kc 9s Ks 6c 5d]
Seat 3: sienvan (button) (small blind) folded on the River
Seat 6: Jack_Wu1985 (big blind) collected ($17.64)


PokerStars Hand #169784350604:  Hold'em Limit ($3/$6 USD) - 2017/04/30 18:26:23 ET
Table 'Celuta' 6-max Seat #6 is the button
Seat 3: sienvan ($31.02 in chips)
Seat 6: Jack_Wu1985 ($138.64 in chips)
Jack_Wu1985: posts small blind $1
sienvan: posts big blind $3
*** HOLE CARDS ***
Jack_Wu1985: raises $3 to $6
sienvan: folds
Uncalled bet ($3) returned to Jack_Wu1985
Jack_Wu1985 collected $6 from pot
Jack_Wu1985: doesn't show hand
*** SUMMARY ***
Total pot $6 | Rake $0
Seat 3: sienvan (big blind) folded before Flop
Seat 6: Jack_Wu1985 (button) (small blind) collected ($6)


PokerStars Hand #169784345269:  Hold'em Limit ($3/$6 USD) - 2017/04/30 18:26:16 ET
Table 'Celuta' 6-max Seat #3 is the button
Seat 3: sienvan ($28.02 in chips)
Seat 6: Jack_Wu1985 ($141.64 in chips)
sienvan: posts small blind $1
Jack_Wu1985: posts big blind $3
*** HOLE CARDS ***
sienvan: raises $3 to $6
Jack_Wu1985: folds
Uncalled bet ($3) returned to sienvan
sienvan collected $6 from pot
sienvan: doesn't show hand
*** SUMMARY ***
Total pot $6 | Rake $0
Seat 3: sienvan (button) (small blind) collected ($6)
Seat 6: Jack_Wu1985 (big blind) folded before Flop


PokerStars Hand #169784328358:  Hold'em Limit ($3/$6 USD) - 2017/04/30 18:25:54 ET
Table 'Celuta' 6-max Seat #6 is the button
Seat 3: sienvan ($19.38 in chips)
Seat 6: Jack_Wu1985 ($150.64 in chips)
Jack_Wu1985: posts small blind $1
sienvan: posts big blind $3
*** HOLE CARDS ***
Jack_Wu1985: raises $3 to $6
sienvan: calls $3
*** FLOP *** [8c Ts Jc]
sienvan: checks
Jack_Wu1985: bets $3
sienvan: calls $3
*** TURN *** [8c Ts Jc] [Qd]
sienvan: checks
Jack_Wu1985: checks
*** RIVER *** [8c Ts Jc Qd] [6s]
sienvan: bets $6
Jack_Wu1985: folds
Uncalled bet ($6) returned to sienvan
sienvan collected $17.64 from pot
sienvan: doesn't show hand
*** SUMMARY ***
Total pot $18 | Rake $0.36
Board [8c Ts Jc Qd 6s]
Seat 3: sienvan (big blind) collected ($17.64)
Seat 6: Jack_Wu1985 (button) (small blind) folded on the River


PokerStars Hand #169784323825:  Hold'em Limit ($3/$6 USD) - 2017/04/30 18:25:48 ET
Table 'Celuta' 6-max Seat #3 is the button
Seat 3: sienvan ($20.38 in chips)
Seat 6: Jack_Wu1985 ($149.64 in chips)
sienvan: posts small blind $1
Jack_Wu1985: posts big blind $3
*** HOLE CARDS ***
sienvan: folds
Uncalled bet ($2) returned to Jack_Wu1985
Jack_Wu1985 collected $2 from pot
Jack_Wu1985: doesn't show hand
*** SUMMARY ***
Total pot $2 | Rake $0
Seat 3: sienvan (button) (small blind) folded before Flop
Seat 6: Jack_Wu1985 (big blind) collected ($2)


PokerStars Hand #169784313118:  Hold'em Limit ($3/$6 USD) - 2017/04/30 18:25:34 ET
Table 'Celuta' 6-max Seat #6 is the button
Seat 3: sienvan ($32.38 in chips)
Seat 6: Jack_Wu1985 ($138.12 in chips)
Jack_Wu1985: posts small blind $1
sienvan: posts big blind $3
*** HOLE CARDS ***
Jack_Wu1985: raises $3 to $6
sienvan: raises $3 to $9
Jack_Wu1985: calls $3
*** FLOP *** [6s Qc Qs]
sienvan: bets $3
Jack_Wu1985: raises $3 to $6
sienvan: folds
Uncalled bet ($3) returned to Jack_Wu1985
Jack_Wu1985 collected $23.52 from pot
Jack_Wu1985: doesn't show hand
*** SUMMARY ***
Total pot $24 | Rake $0.48
Board [6s Qc Qs]
Seat 3: sienvan (big blind) folded on the Flop
Seat 6: Jack_Wu1985 (button) (small blind) collected ($23.52)


PokerStars Hand #169784387910:  Hold'em Limit ($3/$6 USD) - 2017/04/30 18:27:12 ET
Table 'Celuta' 6-max Seat #3 is the button
Seat 3: sienvan ($14.02 in chips)
Seat 6: Jack_Wu1985 ($155.16 in chips)
sienvan: posts small blind $1
Jack_Wu1985: posts big blind $3
*** HOLE CARDS ***
sienvan: calls $2
Jack_Wu1985: checks
*** FLOP *** [8h 9d 8d]
Jack_Wu1985: bets $3
sienvan: raises $3 to $6
Jack_Wu1985: folds
Uncalled bet ($3) returned to sienvan
sienvan collected $11.76 from pot
sienvan: doesn't show hand
*** SUMMARY ***
Total pot $12 | Rake $0.24
Board [8h 9d 8d]
Seat 3: sienvan (button) (small blind) collected ($11.76)
Seat 6: Jack_Wu1985 (big blind) folded on the Flop


PokerStars Hand #169784378451:  Hold'em Limit ($3/$6 USD) - 2017/04/30 18:27:00 ET
Table 'Celuta' 6-max Seat #6 is the button
Seat 3: sienvan ($20.02 in chips)
Seat 6: Jack_Wu1985 ($149.40 in chips)
Jack_Wu1985: posts small blind $1
sienvan: posts big blind $3
*** HOLE CARDS ***
Jack_Wu1985: raises $3 to $6
sienvan: calls $3
*** FLOP *** [Ac Jd 5c]
sienvan: checks
Jack_Wu1985: bets $3
sienvan: folds
Uncalled bet ($3) returned to Jack_Wu1985
Jack_Wu1985 collected $11.76 from pot
Jack_Wu1985: doesn't show hand
*** SUMMARY ***
Total pot $12 | Rake $0.24
Board [Ac Jd 5c]
Seat 3: sienvan (big blind) folded on the Flop
Seat 6: Jack_Wu1985 (button) (small blind) collected ($11.76)


PokerStars Hand #169784374971:  Hold'em Limit ($3/$6 USD) - 2017/04/30 18:26:55 ET
Table 'Celuta' 6-max Seat #3 is the button
Seat 3: sienvan ($21.02 in chips)
Seat 6: Jack_Wu1985 ($148.40 in chips)
sienvan: posts small blind $1
Jack_Wu1985: posts big blind $3
*** HOLE CARDS ***
sienvan: folds
Uncalled bet ($2) returned to Jack_Wu1985
Jack_Wu1985 collected $2 from pot
Jack_Wu1985: doesn't show hand
*** SUMMARY ***
Total pot $2 | Rake $0
Seat 3: sienvan (button) (small blind) folded before Flop
Seat 6: Jack_Wu1985 (big blind) collected ($2)


PokerStars Hand #169784360886:  Hold'em Limit ($3/$6 USD) - 2017/04/30 18:26:37 ET
Table 'Celuta' 6-max Seat #6 is the button
Seat 3: sienvan ($27.02 in chips)
Seat 6: Jack_Wu1985 ($142.64 in chips)
Jack_Wu1985: posts small blind $1
sienvan: posts big blind $3
*** HOLE CARDS ***
Jack_Wu1985: raises $3 to $6
sienvan: calls $3
*** FLOP *** [9c 9h Kd]
sienvan: checks
Jack_Wu1985: bets $3
sienvan: folds
Uncalled bet ($3) returned to Jack_Wu1985
Jack_Wu1985 collected $11.76 from pot
Jack_Wu1985: doesn't show hand
*** SUMMARY ***
Total pot $12 | Rake $0.24
Board [9c 9h Kd]
Seat 3: sienvan (big blind) folded on the Flop
Seat 6: Jack_Wu1985 (button) (small blind) collected ($11.76)


PokerStars Hand #169784357242:  Hold'em Limit ($3/$6 USD) - 2017/04/30 18:26:32 ET
Table 'Celuta' 6-max Seat #3 is the button
Seat 3: sienvan ($28.02 in chips)
Seat 6: Jack_Wu1985 ($141.64 in chips)
sienvan: posts small blind $1
Jack_Wu1985: posts big blind $3
*** HOLE CARDS ***
sienvan: folds
Uncalled bet ($2) returned to Jack_Wu1985
Jack_Wu1985 collected $2 from pot
Jack_Wu1985: doesn't show hand
*** SUMMARY ***
Total pot $2 | Rake $0
Seat 3: sienvan (button) (small blind) folded before Flop
Seat 6: Jack_Wu1985 (big blind) collected ($2)


PokerStars Hand #169784431467:  Hold'em Limit ($3/$6 USD) - 2017/04/30 18:28:09 ET
Table 'Celuta' 6-max Seat #3 is the button
Seat 3: sienvan ($35.06 in chips)
Seat 6: Jack_Wu1985 ($133.38 in chips)
sienvan: posts small blind $1
Jack_Wu1985: posts big blind $3
*** HOLE CARDS ***
sienvan: raises $3 to $6
Jack_Wu1985: folds
Uncalled bet ($3) returned to sienvan
sienvan collected $6 from pot
sienvan: doesn't show hand
*** SUMMARY ***
Total pot $6 | Rake $0
Seat 3: sienvan (button) (small blind) collected ($6)
Seat 6: Jack_Wu1985 (big blind) folded before Flop


PokerStars Hand #169784427325:  Hold'em Limit ($3/$6 USD) - 2017/04/30 18:28:04 ET
Table 'Celuta' 6-max Seat #6 is the button
Seat 3: sienvan ($34.06 in chips)
Seat 6: Jack_Wu1985 ($134.38 in chips)
Jack_Wu1985: posts small blind $1
sienvan: posts big blind $3
*** HOLE CARDS ***
Jack_Wu1985: folds
Uncalled bet ($2) returned to sienvan
sienvan collected $2 from pot
sienvan: doesn't show hand
*** SUMMARY ***
Total pot $2 | Rake $0
Seat 3: sienvan (big blind) collected ($2)
Seat 6: Jack_Wu1985 (button) (small blind) folded before Flop


PokerStars Hand #169784423105:  Hold'em Limit ($3/$6 USD) - 2017/04/30 18:27:58 ET
Table 'Celuta' 6-max Seat #3 is the button
Seat 3: sienvan ($35.06 in chips)
Seat 6: Jack_Wu1985 ($133.38 in chips)
sienvan: posts small blind $1
Jack_Wu1985: posts big blind $3
*** HOLE CARDS ***
sienvan: folds
Uncalled bet ($2) returned to Jack_Wu1985
Jack_Wu1985 collected $2 from pot
Jack_Wu1985: doesn't show hand
*** SUMMARY ***
Total pot $2 | Rake $0
Seat 3: sienvan (button) (small blind) folded before Flop
Seat 6: Jack_Wu1985 (big blind) collected ($2)


PokerStars Hand #169784418004:  Hold'em Limit ($3/$6 USD) - 2017/04/30 18:27:52 ET
Table 'Celuta' 6-max Seat #6 is the button
Seat 3: sienvan ($38.06 in chips)
Seat 6: Jack_Wu1985 ($130.38 in chips)
Jack_Wu1985: posts small blind $1
sienvan: posts big blind $3
*** HOLE CARDS ***
Jack_Wu1985: raises $3 to $6
sienvan: folds
Uncalled bet ($3) returned to Jack_Wu1985
Jack_Wu1985 collected $6 from pot
Jack_Wu1985: doesn't show hand
*** SUMMARY ***
Total pot $6 | Rake $0
Seat 3: sienvan (big blind) folded before Flop
Seat 6: Jack_Wu1985 (button) (small blind) collected ($6)


PokerStars Hand #169784414106:  Hold'em Limit ($3/$6 USD) - 2017/04/30 18:27:47 ET
Table 'Celuta' 6-max Seat #3 is the button
Seat 3: sienvan ($39.06 in chips)
Seat 6: Jack_Wu1985 ($129.38 in chips)
sienvan: posts small blind $1
Jack_Wu1985: posts big blind $3
*** HOLE CARDS ***
sienvan: folds
Uncalled bet ($2) returned to Jack_Wu1985
Jack_Wu1985 collected $2 from pot
Jack_Wu1985: doesn't show hand
*** SUMMARY ***
Total pot $2 | Rake $0
Seat 3: sienvan (button) (small blind) folded before Flop
Seat 6: Jack_Wu1985 (big blind) collected ($2)


PokerStars Hand #169784398059:  Hold'em Limit ($3/$6 USD) - 2017/04/30 18:27:25 ET
Table 'Celuta' 6-max Seat #6 is the button
Seat 3: sienvan ($19.78 in chips)
Seat 6: Jack_Wu1985 ($149.16 in chips)
Jack_Wu1985: posts small blind $1
sienvan: posts big blind $3
*** HOLE CARDS ***
Jack_Wu1985: raises $3 to $6
sienvan: raises $3 to $9
Jack_Wu1985: calls $3
*** FLOP *** [Qh Ks 2h]
sienvan: bets $3
Jack_Wu1985: calls $3
*** TURN *** [Qh Ks 2h] [3c]
sienvan: bets $6
Jack_Wu1985: calls $6
*** RIVER *** [Qh Ks 2h 3c] [5h]
sienvan: bets $1.78 and is all-in
Jack_Wu1985: calls $1.78
*** SHOW DOWN ***
sienvan: shows [3h 3s] (three of a kind, Threes)
Jack_Wu1985: shows [Th Qs] (a pair of Queens)
sienvan collected $39.06 from pot
*** SUMMARY ***
Total pot $39.56 | Rake $0.50
Board [Qh Ks 2h 3c 5h]
Seat 3: sienvan (big blind) showed [3h 3s] and won ($39.06) with three of a kind, Threes
Seat 6: Jack_Wu1985 (button) (small blind) showed [Th Qs] and lost with a pair of Queens


PokerStars Hand #169784437015:  Hold'em Limit ($3/$6 USD) - 2017/04/30 18:28:16 ET
Table 'Celuta' 6-max Seat #6 is the button
Seat 3: sienvan ($38.06 in chips)
Seat 6: Jack_Wu1985 ($130.38 in chips)
Jack_Wu1985: posts small blind $1
sienvan: posts big blind $3
*** HOLE CARDS ***
Jack_Wu1985: raises $3 to $6
sienvan: calls $3
*** FLOP *** [Th 8h 4s]
sienvan: checks
Jack_Wu1985: bets $3
sienvan: calls $3
*** TURN *** [Th 8h 4s] [Qc]
sienvan: checks
Jack_Wu1985: checks
*** RIVER *** [Th 8h 4s Qc] [Ts]
sienvan: bets $6
Zubasa07 joins the table at seat #4
Jack_Wu1985: calls $6
*** SHOW DOWN ***
sienvan: shows [Jh Tc] (three of a kind, Tens)
Jack_Wu1985: mucks hand
sienvan collected $29.50 from pot
*** SUMMARY ***
Total pot $30 | Rake $0.50
Board [Th 8h 4s Qc Ts]
Seat 3: sienvan (big blind) showed [Jh Tc] and won ($29.50) with three of a kind, Tens
Seat 6: Jack_Wu1985 (button) (small blind) mucked


PokerStars Hand #169784901046:  Hold'em Limit ($3/$6 USD) - 2017/04/30 18:38:25 ET
Table 'Celuta' 6-max Seat #5 is the button
Seat 2: carotreff ($36.16 in chips)
Seat 5: Chessnok ($93.35 in chips)
Chessnok: posts small blind $1
carotreff: posts big blind $3
*** HOLE CARDS ***
Zubasa07 leaves the table
Chessnok: raises $3 to $6
carotreff: raises $3 to $9
Chessnok: calls $3
*** FLOP *** [6d Ac Ah]
carotreff: bets $3
Chessnok: folds
Uncalled bet ($3) returned to carotreff
carotreff collected $17.64 from pot
carotreff: doesn't show hand
*** SUMMARY ***
Total pot $18 | Rake $0.36
Board [6d Ac Ah]
Seat 2: carotreff (big blind) collected ($17.64)
Seat 5: Chessnok (button) (small blind) folded on the Flop


PokerStars Hand #169784911350:  Hold'em Limit ($3/$6 USD) - 2017/04/30 18:38:39 ET
Table 'Celuta' 6-max Seat #2 is the button
Seat 2: carotreff ($44.80 in chips)
Seat 5: Chessnok ($84.35 in chips)
carotreff: posts small blind $1
Chessnok: posts big blind $3
*** HOLE CARDS ***
carotreff: raises $3 to $6
Chessnok: raises $3 to $9
carotreff: raises $3 to $12
Betting is capped
Chessnok: calls $3
*** FLOP *** [5c 3d 4d]
Chessnok: checks
carotreff: bets $3
Chessnok: calls $3
*** TURN *** [5c 3d 4d] [Th]
Chessnok: checks
carotreff: bets $6
Chessnok: folds
Uncalled bet ($6) returned to carotreff
carotreff collected $29.50 from pot
carotreff: doesn't show hand
*** SUMMARY ***
Total pot $30 | Rake $0.50
Board [5c 3d 4d Th]
Seat 2: carotreff (button) (small blind) collected ($29.50)
Seat 5: Chessnok (big blind) folded on the Turn


PokerStars Hand #169784924117:  Hold'em Limit ($3/$6 USD) - 2017/04/30 18:38:56 ET
Table 'Celuta' 6-max Seat #5 is the button
Seat 2: carotreff ($59.30 in chips)
Seat 5: Chessnok ($69.35 in chips)
Chessnok: posts small blind $1
carotreff: posts big blind $3
*** HOLE CARDS ***
Chessnok: raises $3 to $6
carotreff: raises $3 to $9
Chessnok: calls $3
*** FLOP *** [2c 8d Ac]
carotreff: bets $3
Chessnok: calls $3
*** TURN *** [2c 8d Ac] [7h]
carotreff: bets $6
Chessnok: raises $6 to $12
carotreff: raises $6 to $18
Chessnok: calls $6
*** RIVER *** [2c 8d Ac 7h] [Jc]
carotreff: bets $6
Chessnok: raises $6 to $12
carotreff: raises $6 to $18
Chessnok: raises $6 to $24
Betting is capped
carotreff: calls $6
*** SHOW DOWN ***
Chessnok: shows [Qc Tc] (a flush, Ace high)
carotreff: mucks hand
Chessnok collected $107.50 from pot
*** SUMMARY ***
Total pot $108 | Rake $0.50
Board [2c 8d Ac 7h Jc]
Seat 2: carotreff (big blind) mucked
Seat 5: Chessnok (button) (small blind) showed [Qc Tc] and won ($107.50) with a flush, Ace high


PokerStars Hand #169784959100:  Hold'em Limit ($3/$6 USD) - 2017/04/30 18:39:43 ET
Table 'Celuta' 6-max Seat #2 is the button
Seat 2: carotreff ($10.17 in chips)
Seat 5: Chessnok ($117.56 in chips)
carotreff: posts small blind $1
Chessnok: posts big blind $3
*** HOLE CARDS ***
carotreff: folds
Uncalled bet ($2) returned to Chessnok
Chessnok collected $2 from pot
Chessnok: doesn't show hand
*** SUMMARY ***
Total pot $2 | Rake $0
Seat 2: carotreff (button) (small blind) folded before Flop
Seat 5: Chessnok (big blind) collected ($2)


PokerStars Hand #169784940987:  Hold'em Limit ($3/$6 USD) - 2017/04/30 18:39:19 ET
Table 'Celuta' 6-max Seat #2 is the button
Seat 2: carotreff ($5.30 in chips)
Seat 5: Chessnok ($122.85 in chips)
carotreff: posts small blind $1
Chessnok: posts big blind $3
*** HOLE CARDS ***
carotreff: raises $2.30 to $5.30 and is all-in
Chessnok: calls $2.30
*** FLOP *** [4s Jd 3d]
*** TURN *** [4s Jd 3d] [Ac]
*** RIVER *** [4s Jd 3d Ac] [7h]
*** SHOW DOWN ***
Chessnok: shows [Js 3s] (two pair, Jacks and Threes)
carotreff: shows [3h Jh] (two pair, Jacks and Threes)
Chessnok collected $5.20 from pot
carotreff collected $5.19 from pot
*** SUMMARY ***
Total pot $10.60 | Rake $0.21
Board [4s Jd 3d Ac 7h]
Seat 2: carotreff (button) (small blind) showed [3h Jh] and won ($5.19) with two pair, Jacks and Threes
Seat 5: Chessnok (big blind) showed [Js 3s] and won ($5.20) with two pair, Jacks and Threes


PokerStars Hand #169784950112:  Hold'em Limit ($3/$6 USD) - 2017/04/30 18:39:31 ET
Table 'Celuta' 6-max Seat #5 is the button
Seat 2: carotreff ($5.19 in chips)
Seat 5: Chessnok ($122.75 in chips)
Chessnok: posts small blind $1
carotreff: posts big blind $3
*** HOLE CARDS ***
Chessnok: raises $3 to $6
carotreff: calls $2.19 and is all-in
Uncalled bet ($0.81) returned to Chessnok
*** FLOP *** [As Tc Jd]
*** TURN *** [As Tc Jd] [4s]
*** RIVER *** [As Tc Jd 4s] [2h]
*** SHOW DOWN ***
carotreff: shows [Ts Td] (three of a kind, Tens)
Chessnok: shows [4h Ah] (two pair, Aces and Fours)
carotreff collected $10.17 from pot
*** SUMMARY ***
Total pot $10.38 | Rake $0.21
Board [As Tc Jd 4s 2h]
Seat 2: carotreff (big blind) showed [Ts Td] and won ($10.17) with three of a kind, Tens
Seat 5: Chessnok (button) (small blind) showed [4h Ah] and lost with two pair, Aces and Fours


PokerStars Hand #169785024516:  Hold'em Limit ($3/$6 USD) - 2017/04/30 18:41:12 ET
Table 'Celuta' 6-max Seat #3 is the button
Seat 3: sienvan ($9 in chips)
Seat 5: Chessnok ($139.06 in chips)
sienvan: posts small blind $1
Chessnok: posts big blind $3
*** HOLE CARDS ***
sienvan: raises $3 to $6
Chessnok: calls $3
*** FLOP *** [7d Qd Ac]
Chessnok: checks
sienvan: bets $3 and is all-in
Chessnok: calls $3
*** TURN *** [7d Qd Ac] [7h]
*** RIVER *** [7d Qd Ac 7h] [9h]
*** SHOW DOWN ***
Chessnok: shows [6c 4d] (a pair of Sevens)
sienvan: shows [Ad Ah] (a full house, Aces full of Sevens)
sienvan collected $17.64 from pot
*** SUMMARY ***
Total pot $18 | Rake $0.36
Board [7d Qd Ac 7h 9h]
Seat 3: sienvan (button) (small blind) showed [Ad Ah] and won ($17.64) with a full house, Aces full of Sevens
Seat 5: Chessnok (big blind) showed [6c 4d] and lost with a pair of Sevens


PokerStars Hand #169785000130:  Hold'em Limit ($3/$6 USD) - 2017/04/30 18:40:39 ET
Table 'Celuta' 6-max Seat #5 is the button
Seat 3: sienvan ($30 in chips)
Seat 5: Chessnok ($118.56 in chips)
Chessnok: posts small blind $1
sienvan: posts big blind $3
*** HOLE CARDS ***
Chessnok: raises $3 to $6
sienvan: calls $3
*** FLOP *** [Ac 5h Jd]
sienvan: checks
Chessnok: bets $3
sienvan: calls $3
*** TURN *** [Ac 5h Jd] [3s]
sienvan: checks
Chessnok: bets $6
sienvan: calls $6
*** RIVER *** [Ac 5h Jd 3s] [9c]
sienvan: checks
Chessnok: bets $6
sienvan: calls $6
*** SHOW DOWN ***
Chessnok: shows [5d As] (two pair, Aces and Fives)
sienvan: mucks hand
Chessnok collected $41.50 from pot
*** SUMMARY ***
Total pot $42 | Rake $0.50
Board [Ac 5h Jd 3s 9c]
Seat 3: sienvan (big blind) mucked
Seat 5: Chessnok (button) (small blind) showed [5d As] and won ($41.50) with two pair, Aces and Fives


PokerStars Hand #169785035047:  Hold'em Limit ($3/$6 USD) - 2017/04/30 18:41:27 ET
Table 'Celuta' 6-max Seat #5 is the button
Seat 3: sienvan ($17.64 in chips)
Seat 5: Chessnok ($130.06 in chips)
Chessnok: posts small blind $1
sienvan: posts big blind $3
*** HOLE CARDS ***
Chessnok: raises $3 to $6
sienvan: calls $3
*** FLOP *** [3c Qh 5d]
sienvan: checks
Chessnok: bets $3
sienvan: folds
Uncalled bet ($3) returned to Chessnok
Chessnok collected $11.76 from pot
Chessnok: doesn't show hand
*** SUMMARY ***
Total pot $12 | Rake $0.24
Board [3c Qh 5d]
Seat 3: sienvan (big blind) folded on the Flop
Seat 5: Chessnok (button) (small blind) collected ($11.76)


PokerStars Hand #169785041917:  Hold'em Limit ($3/$6 USD) - 2017/04/30 18:41:37 ET
Table 'Celuta' 6-max Seat #3 is the button
Seat 3: sienvan ($11.64 in chips)
Seat 5: Chessnok ($135.82 in chips)
sienvan: posts small blind $1
Chessnok: posts big blind $3
*** HOLE CARDS ***
sienvan: calls $2
Chessnok: raises $3 to $6
sienvan: calls $3
*** FLOP *** [4h Qc Ah]
Chessnok: bets $3
sienvan: folds
Uncalled bet ($3) returned to Chessnok
Chessnok collected $11.76 from pot
Chessnok: doesn't show hand
*** SUMMARY ***
Total pot $12 | Rake $0.24
Board [4h Qc Ah]
Seat 3: sienvan (button) (small blind) folded on the Flop
Seat 5: Chessnok (big blind) collected ($11.76)


PokerStars Hand #169785051820:  Hold'em Limit ($3/$6 USD) - 2017/04/30 18:41:50 ET
Table 'Celuta' 6-max Seat #5 is the button
Seat 3: sienvan ($5.64 in chips)
Seat 5: Chessnok ($141.58 in chips)
Chessnok: posts small blind $1
sienvan: posts big blind $3
*** HOLE CARDS ***
Chessnok: raises $3 to $6
sienvan: calls $2.64 and is all-in
Uncalled bet ($0.36) returned to Chessnok
*** FLOP *** [Jc 3c Th]
*** TURN *** [Jc 3c Th] [2c]
*** RIVER *** [Jc 3c Th 2c] [Ts]
*** SHOW DOWN ***
sienvan: shows [2h 5c] (two pair, Tens and Deuces)
Chessnok: shows [Qd 8h] (a pair of Tens)
sienvan collected $11.05 from pot
*** SUMMARY ***
Total pot $11.28 | Rake $0.23
Board [Jc 3c Th 2c Ts]
Seat 3: sienvan (big blind) showed [2h 5c] and won ($11.05) with two pair, Tens and Deuces
Seat 5: Chessnok (button) (small blind) showed [Qd 8h] and lost with a pair of Tens


PokerStars Hand #169785096786:  Hold'em Limit ($3/$6 USD) - 2017/04/30 18:42:52 ET
Table 'Celuta' 6-max Seat #3 is the button
Seat 3: sienvan ($42.82 in chips)
Seat 5: Chessnok ($103.23 in chips)
sienvan: posts small blind $1
Chessnok: posts big blind $3
*** HOLE CARDS ***
sienvan: folds
Uncalled bet ($2) returned to Chessnok
Chessnok collected $2 from pot
Chessnok: doesn't show hand
*** SUMMARY ***
Total pot $2 | Rake $0
Seat 3: sienvan (button) (small blind) folded before Flop
Seat 5: Chessnok (big blind) collected ($2)


PokerStars Hand #169785078763:  Hold'em Limit ($3/$6 USD) - 2017/04/30 18:42:27 ET
Table 'Celuta' 6-max Seat #5 is the button
Seat 3: sienvan ($21.66 in chips)
Seat 5: Chessnok ($124.89 in chips)
Chessnok: posts small blind $1
sienvan: posts big blind $3
*** HOLE CARDS ***
Chessnok: raises $3 to $6
sienvan: raises $3 to $9
Chessnok: calls $3
*** FLOP *** [8d 7d 3h]
sienvan: bets $3
Chessnok: calls $3
*** TURN *** [8d 7d 3h] [Ad]
sienvan: bets $6
Chessnok: raises $6 to $12
sienvan: calls $3.66 and is all-in
Uncalled bet ($2.34) returned to Chessnok
*** RIVER *** [8d 7d 3h Ad] [As]
*** SHOW DOWN ***
sienvan: shows [Jd Ac] (three of a kind, Aces)
Chessnok: shows [7s 6c] (two pair, Aces and Sevens)
sienvan collected $42.82 from pot
*** SUMMARY ***
Total pot $43.32 | Rake $0.50
Board [8d 7d 3h Ad As]
Seat 3: sienvan (big blind) showed [Jd Ac] and won ($42.82) with three of a kind, Aces
Seat 5: Chessnok (button) (small blind) showed [7s 6c] and lost with two pair, Aces and Sevens


PokerStars Hand #169785117893:  Hold'em Limit ($3/$6 USD) - 2017/04/30 18:43:21 ET
Table 'Celuta' 6-max Seat #3 is the button
Seat 3: sienvan ($56.32 in chips)
Seat 5: Chessnok ($89.23 in chips)
sienvan: posts small blind $1
Chessnok: posts big blind $3
*** HOLE CARDS ***
sienvan: calls $2
Chessnok: raises $3 to $6
sienvan: calls $3
*** FLOP *** [3s Qc Ac]
Chessnok: bets $3
sienvan: calls $3
*** TURN *** [3s Qc Ac] [9s]
Chessnok: bets $6
sienvan: calls $6
*** RIVER *** [3s Qc Ac 9s] [Ks]
Chessnok: bets $6
sienvan: calls $6
*** SHOW DOWN ***
Chessnok: shows [Kc Jh] (a pair of Kings)
sienvan: shows [Ad 4h] (a pair of Aces)
sienvan collected $41.50 from pot
*** SUMMARY ***
Total pot $42 | Rake $0.50
Board [3s Qc Ac 9s Ks]
Seat 3: sienvan (button) (small blind) showed [Ad 4h] and won ($41.50) with a pair of Aces
Seat 5: Chessnok (big blind) showed [Kc Jh] and lost with a pair of Kings


PokerStars Hand #169786313099:  Hold'em Limit ($3/$6 USD) - 2017/04/30 19:12:56 ET
Table 'Celuta' 6-max Seat #5 is the button
Seat 4: TinaTurner72 ($113.51 in chips)
Seat 5: Chessnok ($73.92 in chips)
Chessnok: posts small blind $1
Joker4691: is sitting out
TinaTurner72: posts big blind $3
*** HOLE CARDS ***
Chessnok: folds
Uncalled bet ($2) returned to TinaTurner72
Joker4691 leaves the table
TinaTurner72 collected $2 from pot
TinaTurner72: doesn't show hand
*** SUMMARY ***
Total pot $2 | Rake $0
Seat 4: TinaTurner72 (big blind) collected ($2)
Seat 5: Chessnok (button) (small blind) folded before Flop


PokerStars Hand #169786317213:  Hold'em Limit ($3/$6 USD) - 2017/04/30 19:13:02 ET
Table 'Celuta' 6-max Seat #4 is the button
Seat 4: TinaTurner72 ($114.51 in chips)
Seat 5: Chessnok ($72.92 in chips)
TinaTurner72: posts small blind $1
Chessnok: posts big blind $3
*** HOLE CARDS ***
TinaTurner72: raises $3 to $6
Chessnok: folds
Uncalled bet ($3) returned to TinaTurner72
TinaTurner72 collected $6 from pot
TinaTurner72: doesn't show hand
*** SUMMARY ***
Total pot $6 | Rake $0
Seat 4: TinaTurner72 (button) (small blind) collected ($6)
Seat 5: Chessnok (big blind) folded before Flop


