PokerStars Hand #158191626207:  Hold'em Limit ($3/$6 USD) - 2016/09/05 9:49:50 ET
Table 'Celuta' 6-max Seat #1 is the button
Seat 1: Ale4o ($105.76 in chips)
Seat 6: babyblue115 ($195.61 in chips)
Ale4o: posts small blind $1
babyblue115: posts big blind $3
*** HOLE CARDS ***
Ale4o: raises $3 to $6
babyblue115: folds
Uncalled bet ($3) returned to Ale4o
Ale4o collected $6 from pot
Ale4o: doesn't show hand
*** SUMMARY ***
Total pot $6 | Rake $0
Seat 1: Ale4o (button) (small blind) collected ($6)
Seat 6: babyblue115 (big blind) folded before Flop


PokerStars Hand #158191616461:  Hold'em Limit ($3/$6 USD) - 2016/09/05 9:49:33 ET
Table 'Celuta' 6-max Seat #6 is the button
Seat 1: Ale4o ($117.76 in chips)
Seat 6: babyblue115 ($184.09 in chips)
babyblue115: posts small blind $1
Ale4o: posts big blind $3
*** HOLE CARDS ***
Agrotait leaves the table
babyblue115: calls $2
Ale4o: checks
*** FLOP *** [Js 7h 3d]
Ale4o: checks
babyblue115: bets $3
Ale4o: calls $3
*** TURN *** [Js 7h 3d] [5s]
Ale4o: checks
babyblue115: bets $6
Ale4o: calls $6
*** RIVER *** [Js 7h 3d 5s] [5h]
Ale4o: checks
babyblue115: checks
*** SHOW DOWN ***
Ale4o: shows [3s Tc] (two pair, Fives and Threes)
babyblue115: shows [Qh 7s] (two pair, Sevens and Fives)
babyblue115 collected $23.52 from pot
*** SUMMARY ***
Total pot $24 | Rake $0.48
Board [Js 7h 3d 5s 5h]
Seat 1: Ale4o (big blind) showed [3s Tc] and lost with two pair, Fives and Threes
Seat 6: babyblue115 (button) (small blind) showed [Qh 7s] and won ($23.52) with two pair, Sevens and Fives


PokerStars Hand #158191649827:  Hold'em Limit ($3/$6 USD) - 2016/09/05 9:50:31 ET
Table 'Celuta' 6-max Seat #6 is the button
Seat 1: Ale4o ($129.02 in chips)
Seat 6: babyblue115 ($171.61 in chips)
babyblue115: posts small blind $1
Ale4o: posts big blind $3
*** HOLE CARDS ***
babyblue115: raises $3 to $6
Ale4o: calls $3
*** FLOP *** [Kd Ks 7h]
Ale4o: checks
babyblue115: bets $3
Ale4o: calls $3
*** TURN *** [Kd Ks 7h] [8s]
Ale4o: checks
babyblue115: bets $6
Ale4o: calls $6
*** RIVER *** [Kd Ks 7h 8s] [2s]
Ale4o: checks
babyblue115: checks
*** SHOW DOWN ***
Ale4o: shows [Ts As] (a flush, Ace high)
babyblue115: mucks hand
Ale4o collected $29.50 from pot
*** SUMMARY ***
Total pot $30 | Rake $0.50
Board [Kd Ks 7h 8s 2s]
Seat 1: Ale4o (big blind) showed [Ts As] and won ($29.50) with a flush, Ace high
Seat 6: babyblue115 (button) (small blind) mucked


PokerStars Hand #158191637925:  Hold'em Limit ($3/$6 USD) - 2016/09/05 9:50:11 ET
Table 'Celuta' 6-max Seat #1 is the button
Seat 1: Ale4o ($114.52 in chips)
Seat 6: babyblue115 ($186.61 in chips)
Ale4o: posts small blind $1
babyblue115: posts big blind $3
*** HOLE CARDS ***
Ale4o: raises $3 to $6
babyblue115: calls $3
*** FLOP *** [3h 6d Jc]
babyblue115: checks
Ale4o: bets $3
babyblue115: calls $3
*** TURN *** [3h 6d Jc] [5c]
babyblue115: checks
Ale4o: checks
*** RIVER *** [3h 6d Jc 5c] [Tc]
babyblue115: bets $6
Ale4o: calls $6
*** SHOW DOWN ***
babyblue115: shows [As 2c] (high card Ace)
Ale4o: shows [9c Td] (a pair of Tens)
Ale4o collected $29.50 from pot
*** SUMMARY ***
Total pot $30 | Rake $0.50
Board [3h 6d Jc 5c Tc]
Seat 1: Ale4o (button) (small blind) showed [9c Td] and won ($29.50) with a pair of Tens
Seat 6: babyblue115 (big blind) showed [As 2c] and lost with high card Ace


PokerStars Hand #158191630249:  Hold'em Limit ($3/$6 USD) - 2016/09/05 9:49:57 ET
Table 'Celuta' 6-max Seat #6 is the button
Seat 1: Ale4o ($108.76 in chips)
Seat 6: babyblue115 ($192.61 in chips)
babyblue115: posts small blind $1
Ale4o: posts big blind $3
*** HOLE CARDS ***
babyblue115: calls $2
Ale4o: raises $3 to $6
babyblue115: calls $3
*** FLOP *** [2d Qc 9s]
Ale4o: bets $3
babyblue115: folds
Uncalled bet ($3) returned to Ale4o
Ale4o collected $11.76 from pot
Ale4o: doesn't show hand
*** SUMMARY ***
Total pot $12 | Rake $0.24
Board [2d Qc 9s]
Seat 1: Ale4o (big blind) collected ($11.76)
Seat 6: babyblue115 (button) (small blind) folded on the Flop


PokerStars Hand #158191686127:  Hold'em Limit ($3/$6 USD) - 2016/09/05 9:51:34 ET
Table 'Celuta' 6-max Seat #6 is the button
Seat 1: Ale4o ($125.28 in chips)
Seat 6: babyblue115 ($174.11 in chips)
babyblue115: posts small blind $1
Ale4o: posts big blind $3
*** HOLE CARDS ***
babyblue115: calls $2
Ale4o: checks
*** FLOP *** [2s 4h 2c]
Ale4o: checks
babyblue115: checks
*** TURN *** [2s 4h 2c] [Js]
Ale4o: checks
babyblue115: bets $6
Ale4o: raises $6 to $12
babyblue115: folds
Uncalled bet ($6) returned to Ale4o
Ale4o collected $17.64 from pot
Ale4o: doesn't show hand
*** SUMMARY ***
Total pot $18 | Rake $0.36
Board [2s 4h 2c Js]
Seat 1: Ale4o (big blind) collected ($17.64)
Seat 6: babyblue115 (button) (small blind) folded on the Turn


PokerStars Hand #158191682693:  Hold'em Limit ($3/$6 USD) - 2016/09/05 9:51:28 ET
Table 'Celuta' 6-max Seat #1 is the button
Seat 1: Ale4o ($122.28 in chips)
Seat 6: babyblue115 ($177.11 in chips)
Ale4o: posts small blind $1
babyblue115: posts big blind $3
*** HOLE CARDS ***
Ale4o: raises $3 to $6
babyblue115: folds
Uncalled bet ($3) returned to Ale4o
Ale4o collected $6 from pot
Ale4o: doesn't show hand
*** SUMMARY ***
Total pot $6 | Rake $0
Seat 1: Ale4o (button) (small blind) collected ($6)
Seat 6: babyblue115 (big blind) folded before Flop


PokerStars Hand #158191671381:  Hold'em Limit ($3/$6 USD) - 2016/09/05 9:51:09 ET
Table 'Celuta' 6-max Seat #6 is the button
Seat 1: Ale4o ($149.28 in chips)
Seat 6: babyblue115 ($150.61 in chips)
babyblue115: posts small blind $1
Ale4o: posts big blind $3
*** HOLE CARDS ***
babyblue115: raises $3 to $6
Ale4o: calls $3
*** FLOP *** [Ks 6h 9h]
Ale4o: checks
babyblue115: bets $3
Ale4o: calls $3
*** TURN *** [Ks 6h 9h] [Tc]
Ale4o: checks
babyblue115: bets $6
Ale4o: raises $6 to $12
babyblue115: calls $6
*** RIVER *** [Ks 6h 9h Tc] [5h]
Ale4o: bets $6
babyblue115: calls $6
*** SHOW DOWN ***
Ale4o: shows [Kc 3d] (a pair of Kings)
babyblue115: shows [7s Kh] (a pair of Kings - Ten+Nine+Seven kicker)
babyblue115 collected $53.50 from pot
*** SUMMARY ***
Total pot $54 | Rake $0.50
Board [Ks 6h 9h Tc 5h]
Seat 1: Ale4o (big blind) showed [Kc 3d] and lost with a pair of Kings
Seat 6: babyblue115 (button) (small blind) showed [7s Kh] and won ($53.50) with a pair of Kings


PokerStars Hand #158191663702:  Hold'em Limit ($3/$6 USD) - 2016/09/05 9:50:55 ET
Table 'Celuta' 6-max Seat #1 is the button
Seat 1: Ale4o ($143.52 in chips)
Seat 6: babyblue115 ($156.61 in chips)
Ale4o: posts small blind $1
babyblue115: posts big blind $3
*** HOLE CARDS ***
Ale4o: raises $3 to $6
babyblue115: calls $3
*** FLOP *** [7s 5s Qd]
babyblue115: checks
Ale4o: bets $3
babyblue115: folds
Uncalled bet ($3) returned to Ale4o
Ale4o collected $11.76 from pot
Ale4o: doesn't show hand
*** SUMMARY ***
Total pot $12 | Rake $0.24
Board [7s 5s Qd]
Seat 1: Ale4o (button) (small blind) collected ($11.76)
Seat 6: babyblue115 (big blind) folded on the Flop


PokerStars Hand #158191719761:  Hold'em Limit ($3/$6 USD) - 2016/09/05 9:52:33 ET
Table 'Celuta' 6-max Seat #1 is the button
Seat 1: Ale4o ($158.18 in chips)
Seat 6: babyblue115 ($140.11 in chips)
Ale4o: posts small blind $1
babyblue115: posts big blind $3
*** HOLE CARDS ***
Ale4o: raises $3 to $6
babyblue115: calls $3
*** FLOP *** [7d Tc Kc]
babyblue115: checks
Ale4o: bets $3
babyblue115: calls $3
*** TURN *** [7d Tc Kc] [2h]
babyblue115: checks
Ale4o: bets $6
babyblue115: calls $6
*** RIVER *** [7d Tc Kc 2h] [Ks]
babyblue115: checks
Ale4o: bets $6
babyblue115: calls $6
*** SHOW DOWN ***
Ale4o: shows [Th Qh] (two pair, Kings and Tens)
babyblue115: mucks hand
Ale4o collected $41.50 from pot
*** SUMMARY ***
Total pot $42 | Rake $0.50
Board [7d Tc Kc 2h Ks]
Seat 1: Ale4o (button) (small blind) showed [Th Qh] and won ($41.50) with two pair, Kings and Tens
Seat 6: babyblue115 (big blind) mucked


PokerStars Hand #158191717213:  Hold'em Limit ($3/$6 USD) - 2016/09/05 9:52:28 ET
Table 'Celuta' 6-max Seat #6 is the button
Seat 1: Ale4o ($157.18 in chips)
Seat 6: babyblue115 ($141.11 in chips)
babyblue115: posts small blind $1
Ale4o: posts big blind $3
*** HOLE CARDS ***
babyblue115: folds
Uncalled bet ($2) returned to Ale4o
Ale4o collected $2 from pot
Ale4o: doesn't show hand
*** SUMMARY ***
Total pot $2 | Rake $0
Seat 1: Ale4o (big blind) collected ($2)
Seat 6: babyblue115 (button) (small blind) folded before Flop


PokerStars Hand #158191714083:  Hold'em Limit ($3/$6 USD) - 2016/09/05 9:52:23 ET
Table 'Celuta' 6-max Seat #1 is the button
Seat 1: Ale4o ($154.18 in chips)
Seat 6: babyblue115 ($144.11 in chips)
Ale4o: posts small blind $1
babyblue115: posts big blind $3
*** HOLE CARDS ***
Ale4o: raises $3 to $6
babyblue115: folds
Uncalled bet ($3) returned to Ale4o
Ale4o collected $6 from pot
Ale4o: doesn't show hand
*** SUMMARY ***
Total pot $6 | Rake $0
Seat 1: Ale4o (button) (small blind) collected ($6)
Seat 6: babyblue115 (big blind) folded before Flop


PokerStars Hand #158191702213:  Hold'em Limit ($3/$6 USD) - 2016/09/05 9:52:02 ET
Table 'Celuta' 6-max Seat #6 is the button
Seat 1: Ale4o ($139.68 in chips)
Seat 6: babyblue115 ($159.11 in chips)
babyblue115: posts small blind $1
Ale4o: posts big blind $3
*** HOLE CARDS ***
babyblue115: raises $3 to $6
Ale4o: calls $3
*** FLOP *** [Qd Th Td]
Ale4o: checks
babyblue115: bets $3
Ale4o: calls $3
*** TURN *** [Qd Th Td] [6h]
Ale4o: checks
babyblue115: bets $6
Ale4o: calls $6
*** RIVER *** [Qd Th Td 6h] [Jc]
Ale4o: checks
babyblue115: checks
*** SHOW DOWN ***
Ale4o: shows [Kd 5s] (a pair of Tens)
babyblue115: mucks hand
Ale4o collected $29.50 from pot
*** SUMMARY ***
Total pot $30 | Rake $0.50
Board [Qd Th Td 6h Jc]
Seat 1: Ale4o (big blind) showed [Kd 5s] and won ($29.50) with a pair of Tens
Seat 6: babyblue115 (button) (small blind) mucked


PokerStars Hand #158191695370:  Hold'em Limit ($3/$6 USD) - 2016/09/05 9:51:50 ET
Table 'Celuta' 6-max Seat #1 is the button
Seat 1: Ale4o ($133.92 in chips)
Seat 6: babyblue115 ($165.11 in chips)
Ale4o: posts small blind $1
babyblue115: posts big blind $3
*** HOLE CARDS ***
Ale4o: raises $3 to $6
babyblue115: calls $3
*** FLOP *** [3h Tc Qh]
babyblue115: checks
Ale4o: bets $3
babyblue115: folds
Uncalled bet ($3) returned to Ale4o
Ale4o collected $11.76 from pot
Ale4o: doesn't show hand
*** SUMMARY ***
Total pot $12 | Rake $0.24
Board [3h Tc Qh]
Seat 1: Ale4o (button) (small blind) collected ($11.76)
Seat 6: babyblue115 (big blind) folded on the Flop


PokerStars Hand #158191745878:  Hold'em Limit ($3/$6 USD) - 2016/09/05 9:53:18 ET
Table 'Celuta' 6-max Seat #6 is the button
Seat 1: Ale4o ($196.18 in chips)
Seat 6: babyblue115 ($101.11 in chips)
babyblue115: posts small blind $1
Ale4o: posts big blind $3
*** HOLE CARDS ***
babyblue115: raises $3 to $6
Ale4o: calls $3
*** FLOP *** [Ad 5c Qc]
Ale4o: checks
babyblue115: bets $3
KnoHow2RockU joins the table at seat #5
Ale4o: calls $3
*** TURN *** [Ad 5c Qc] [Qd]
Ale4o: checks
babyblue115: bets $6
Ale4o: raises $6 to $12
babyblue115: calls $6
*** RIVER *** [Ad 5c Qc Qd] [2d]
jackdog joins the table at seat #4
Ale4o: bets $6
babyblue115: calls $6
*** SHOW DOWN ***
Ale4o: shows [Ah 5h] (two pair, Aces and Queens)
babyblue115: shows [8c As] (two pair, Aces and Queens - Eight kicker)
babyblue115 collected $53.50 from pot
*** SUMMARY ***
Total pot $54 | Rake $0.50
Board [Ad 5c Qc Qd 2d]
Seat 1: Ale4o (big blind) showed [Ah 5h] and lost with two pair, Aces and Queens
Seat 6: babyblue115 (button) (small blind) showed [8c As] and won ($53.50) with two pair, Aces and Queens


PokerStars Hand #158191742585:  Hold'em Limit ($3/$6 USD) - 2016/09/05 9:53:13 ET
Table 'Celuta' 6-max Seat #1 is the button
Seat 1: Ale4o ($193.18 in chips)
Seat 6: babyblue115 ($104.11 in chips)
Ale4o: posts small blind $1
babyblue115: posts big blind $3
*** HOLE CARDS ***
Agniosius joins the table at seat #3
Ale4o: raises $3 to $6
babyblue115: folds
Uncalled bet ($3) returned to Ale4o
Ale4o collected $6 from pot
Ale4o: doesn't show hand
*** SUMMARY ***
Total pot $6 | Rake $0
Seat 1: Ale4o (button) (small blind) collected ($6)
Seat 6: babyblue115 (big blind) folded before Flop


PokerStars Hand #158191731395:  Hold'em Limit ($3/$6 USD) - 2016/09/05 9:52:53 ET
Table 'Celuta' 6-max Seat #6 is the button
Seat 1: Ale4o ($178.68 in chips)
Seat 6: babyblue115 ($119.11 in chips)
babyblue115: posts small blind $1
Ale4o: posts big blind $3
*** HOLE CARDS ***
babyblue115: raises $3 to $6
Ale4o: calls $3
*** FLOP *** [2c Td 9d]
Ale4o: checks
babyblue115: bets $3
Ale4o: calls $3
*** TURN *** [2c Td 9d] [7h]
Ale4o: checks
babyblue115: bets $6
Ale4o: calls $6
*** RIVER *** [2c Td 9d 7h] [2s]
Ale4o: checks
babyblue115: checks
*** SHOW DOWN ***
Ale4o: shows [7s 6h] (two pair, Sevens and Deuces)
babyblue115: mucks hand
Ale4o collected $29.50 from pot
*** SUMMARY ***
Total pot $30 | Rake $0.50
Board [2c Td 9d 7h 2s]
Seat 1: Ale4o (big blind) showed [7s 6h] and won ($29.50) with two pair, Sevens and Deuces
Seat 6: babyblue115 (button) (small blind) mucked


PokerStars Hand #158191884214:  Hold'em Limit ($3/$6 USD) - 2016/09/05 9:57:42 ET
Table 'Celuta' 6-max Seat #5 is the button
Seat 2: Actionni13 ($150 in chips)
Seat 5: KnoHow2RockU ($95.50 in chips)
KnoHow2RockU: posts small blind $1
Actionni13: posts big blind $3
*** HOLE CARDS ***
KnoHow2RockU: raises $3 to $6
Actionni13: folds
Uncalled bet ($3) returned to KnoHow2RockU
KnoHow2RockU collected $6 from pot
KnoHow2RockU: doesn't show hand
*** SUMMARY ***
Total pot $6 | Rake $0
Seat 2: Actionni13 (big blind) folded before Flop
Seat 5: KnoHow2RockU (button) (small blind) collected ($6)


PokerStars Hand #158191871691:  Hold'em Limit ($3/$6 USD) - 2016/09/05 9:57:17 ET
Table 'Celuta' 6-max Seat #2 is the button
Seat 2: Actionni13 ($150 in chips)
Seat 5: KnoHow2RockU ($72 in chips)
Actionni13: posts small blind $1
jackdog: is sitting out
KnoHow2RockU: posts big blind $3
*** HOLE CARDS ***
Actionni13: raises $3 to $6
KnoHow2RockU: calls $3
*** FLOP *** [6c 7d 3c]
KnoHow2RockU: checks
Actionni13: bets $3
KnoHow2RockU: raises $3 to $6
Actionni13: calls $3
*** TURN *** [6c 7d 3c] [Ah]
Ale4o leaves the table
KnoHow2RockU: bets $6
Actionni13: calls $6
*** RIVER *** [6c 7d 3c Ah] [Qs]
KnoHow2RockU: bets $6
Actionni13: calls $6
*** SHOW DOWN ***
KnoHow2RockU: shows [7c Qd] (two pair, Queens and Sevens)
Actionni13: mucks hand
KnoHow2RockU collected $47.50 from pot
*** SUMMARY ***
Total pot $48 | Rake $0.50
Board [6c 7d 3c Ah Qs]
Seat 2: Actionni13 (button) (small blind) mucked
Seat 5: KnoHow2RockU (big blind) showed [7c Qd] and won ($47.50) with two pair, Queens and Sevens


PokerStars Hand #158192373315:  Hold'em Limit ($3/$6 USD) - 2016/09/05 10:12:00 ET
Table 'Celuta' 6-max Seat #4 is the button
Seat 3: Agniosius ($54.04 in chips)
Seat 4: KnoHow2RockU ($79.61 in chips)
KnoHow2RockU: posts small blind $1
LWNS: is sitting out
Agniosius: posts big blind $3
*** HOLE CARDS ***
KnoHow2RockU: folds
Uncalled bet ($2) returned to Agniosius
LWNS leaves the table
Agniosius collected $2 from pot
*** SUMMARY ***
Total pot $2 | Rake $0
Seat 3: Agniosius (big blind) collected ($2)
Seat 4: KnoHow2RockU (button) (small blind) folded before Flop


PokerStars Hand #158192377686:  Hold'em Limit ($3/$6 USD) - 2016/09/05 10:12:08 ET
Table 'Celuta' 6-max Seat #3 is the button
Seat 3: Agniosius ($55.04 in chips)
Seat 4: KnoHow2RockU ($78.61 in chips)
Agniosius: posts small blind $1
KnoHow2RockU: posts big blind $3
*** HOLE CARDS ***
Agniosius: folds
Uncalled bet ($2) returned to KnoHow2RockU
KnoHow2RockU collected $2 from pot
KnoHow2RockU: doesn't show hand
*** SUMMARY ***
Total pot $2 | Rake $0
Seat 3: Agniosius (button) (small blind) folded before Flop
Seat 4: KnoHow2RockU (big blind) collected ($2)


PokerStars Hand #158192387236:  Hold'em Limit ($3/$6 USD) - 2016/09/05 10:12:24 ET
Table 'Celuta' 6-max Seat #4 is the button
Seat 3: Agniosius ($54.04 in chips)
Seat 4: KnoHow2RockU ($79.61 in chips)
KnoHow2RockU: posts small blind $1
Agniosius: posts big blind $3
*** HOLE CARDS ***
KnoHow2RockU: raises $3 to $6
Agniosius: folds
Uncalled bet ($3) returned to KnoHow2RockU
KnoHow2RockU collected $6 from pot
KnoHow2RockU: doesn't show hand
*** SUMMARY ***
Total pot $6 | Rake $0
Seat 3: Agniosius (big blind) folded before Flop
Seat 4: KnoHow2RockU (button) (small blind) collected ($6)


PokerStars Hand #158192391720:  Hold'em Limit ($3/$6 USD) - 2016/09/05 10:12:31 ET
Table 'Celuta' 6-max Seat #3 is the button
Seat 3: Agniosius ($51.04 in chips)
Seat 4: KnoHow2RockU ($82.61 in chips)
Agniosius: posts small blind $1
KnoHow2RockU: posts big blind $3
*** HOLE CARDS ***
Agniosius: calls $2
KnoHow2RockU: checks
*** FLOP *** [Kc 5s 8h]
KnoHow2RockU: bets $3
Agniosius: folds
Uncalled bet ($3) returned to KnoHow2RockU
KnoHow2RockU collected $5.88 from pot
KnoHow2RockU: doesn't show hand
*** SUMMARY ***
Total pot $6 | Rake $0.12
Board [Kc 5s 8h]
Seat 3: Agniosius (button) (small blind) folded on the Flop
Seat 4: KnoHow2RockU (big blind) collected ($5.88)


PokerStars Hand #158192405599:  Hold'em Limit ($3/$6 USD) - 2016/09/05 10:12:54 ET
Table 'Celuta' 6-max Seat #4 is the button
Seat 3: Agniosius ($48.04 in chips)
Seat 4: KnoHow2RockU ($85.49 in chips)
KnoHow2RockU: posts small blind $1
Agniosius: posts big blind $3
*** HOLE CARDS ***
KnoHow2RockU: folds
Uncalled bet ($2) returned to Agniosius
Agniosius collected $2 from pot
*** SUMMARY ***
Total pot $2 | Rake $0
Seat 3: Agniosius (big blind) collected ($2)
Seat 4: KnoHow2RockU (button) (small blind) folded before Flop


PokerStars Hand #158192408779:  Hold'em Limit ($3/$6 USD) - 2016/09/05 10:13:00 ET
Table 'Celuta' 6-max Seat #3 is the button
Seat 3: Agniosius ($49.04 in chips)
Seat 4: KnoHow2RockU ($84.49 in chips)
Agniosius: posts small blind $1
KnoHow2RockU: posts big blind $3
*** HOLE CARDS ***
Agniosius: raises $3 to $6
KnoHow2RockU: calls $3
*** FLOP *** [8s Jd 2h]
KnoHow2RockU: checks
Agniosius: checks
*** TURN *** [8s Jd 2h] [Th]
KnoHow2RockU: bets $6
lebedevMikha joins the table at seat #2
Pelurile joins the table at seat #5
Agniosius is disconnected
Agniosius has timed out while disconnected
Agniosius: folds
Uncalled bet ($6) returned to KnoHow2RockU
KnoHow2RockU collected $11.76 from pot
KnoHow2RockU: doesn't show hand
*** SUMMARY ***
Total pot $12 | Rake $0.24
Board [8s Jd 2h Th]
Seat 3: Agniosius (button) (small blind) folded on the Turn
Seat 4: KnoHow2RockU (big blind) collected ($11.76)


PokerStars Hand #158193330279:  Hold'em Limit ($3/$6 USD) - 2016/09/05 10:37:56 ET
Table 'Celuta' 6-max Seat #3 is the button
Seat 2: BetterTennis ($118.15 in chips)
Seat 3: viviangle ($70 in chips)
viviangle: posts small blind $1
AAAbeta: is sitting out
BetterTennis: posts big blind $3
*** HOLE CARDS ***
viviangle: raises $3 to $6
BetterTennis: raises $3 to $9
viviangle: calls $3
*** FLOP *** [Ac Jd Kh]
AAAbeta leaves the table
BetterTennis: bets $3
viviangle: calls $3
*** TURN *** [Ac Jd Kh] [Tc]
BetterTennis: bets $6
viviangle: raises $6 to $12
BetterTennis: calls $6
*** RIVER *** [Ac Jd Kh Tc] [Kc]
BetterTennis: checks
viviangle: bets $6
BetterTennis: raises $6 to $12
viviangle: calls $6
*** SHOW DOWN ***
BetterTennis: shows [Ks Ah] (a full house, Kings full of Aces)
viviangle: mucks hand
BetterTennis collected $71.50 from pot
*** SUMMARY ***
Total pot $72 | Rake $0.50
Board [Ac Jd Kh Tc Kc]
Seat 2: BetterTennis (big blind) showed [Ks Ah] and won ($71.50) with a full house, Kings full of Aces
Seat 3: viviangle (button) (small blind) mucked


PokerStars Hand #158193345888:  Hold'em Limit ($3/$6 USD) - 2016/09/05 10:38:22 ET
Table 'Celuta' 6-max Seat #2 is the button
Seat 2: BetterTennis ($153.65 in chips)
Seat 3: viviangle ($34 in chips)
BetterTennis: posts small blind $1
viviangle: posts big blind $3
*** HOLE CARDS ***
BetterTennis: raises $3 to $6
viviangle: calls $3
*** FLOP *** [4c 8h 6h]
viviangle: checks
BetterTennis: bets $3
viviangle: raises $3 to $6
BetterTennis: calls $3
*** TURN *** [4c 8h 6h] [Qd]
viviangle: checks
BetterTennis: checks
*** RIVER *** [4c 8h 6h Qd] [2d]
viviangle: checks
BetterTennis: checks
*** SHOW DOWN ***
viviangle: shows [Kc 7d] (high card King)
BetterTennis: shows [4d Ah] (a pair of Fours)
BetterTennis collected $23.52 from pot
*** SUMMARY ***
Total pot $24 | Rake $0.48
Board [4c 8h 6h Qd 2d]
Seat 2: BetterTennis (button) (small blind) showed [4d Ah] and won ($23.52) with a pair of Fours
Seat 3: viviangle (big blind) showed [Kc 7d] and lost with high card King


PokerStars Hand #158193389560:  Hold'em Limit ($3/$6 USD) - 2016/09/05 10:39:32 ET
Table 'Celuta' 6-max Seat #3 is the button
Seat 2: BetterTennis ($179.24 in chips)
Seat 3: viviangle ($7 in chips)
viviangle: posts small blind $1
Actionni13: is sitting out
BetterTennis: posts big blind $3
*** HOLE CARDS ***
viviangle: raises $3 to $6
BetterTennis: calls $3
*** FLOP *** [8c Jd 6s]
Actionni13 leaves the table
BetterTennis: checks
viviangle: bets $1 and is all-in
BetterTennis: calls $1
*** TURN *** [8c Jd 6s] [Kh]
*** RIVER *** [8c Jd 6s Kh] [9c]
*** SHOW DOWN ***
BetterTennis: shows [Qc 5d] (high card King)
viviangle: shows [Ac As] (a pair of Aces)
viviangle collected $13.72 from pot
*** SUMMARY ***
Total pot $14 | Rake $0.28
Board [8c Jd 6s Kh 9c]
Seat 2: BetterTennis (big blind) showed [Qc 5d] and lost with high card King
Seat 3: viviangle (button) (small blind) showed [Ac As] and won ($13.72) with a pair of Aces


PokerStars Hand #158193402915:  Hold'em Limit ($3/$6 USD) - 2016/09/05 10:39:53 ET
Table 'Celuta' 6-max Seat #2 is the button
Seat 2: BetterTennis ($172.24 in chips)
Seat 3: viviangle ($105.72 in chips)
BetterTennis: posts small blind $1
viviangle: posts big blind $3
*** HOLE CARDS ***
BetterTennis: raises $3 to $6
viviangle: raises $3 to $9
BetterTennis: calls $3
*** FLOP *** [7d 6d 8c]
viviangle: bets $3
BetterTennis: calls $3
*** TURN *** [7d 6d 8c] [8d]
viviangle: bets $6
BetterTennis: calls $6
*** RIVER *** [7d 6d 8c 8d] [5d]
viviangle: checks
BetterTennis: checks
*** SHOW DOWN ***
viviangle: shows [7s 7h] (a full house, Sevens full of Eights)
BetterTennis: mucks hand
viviangle collected $35.50 from pot
*** SUMMARY ***
Total pot $36 | Rake $0.50
Board [7d 6d 8c 8d 5d]
Seat 2: BetterTennis (button) (small blind) mucked
Seat 3: viviangle (big blind) showed [7s 7h] and won ($35.50) with a full house, Sevens full of Eights


PokerStars Hand #158193413301:  Hold'em Limit ($3/$6 USD) - 2016/09/05 10:40:10 ET
Table 'Celuta' 6-max Seat #3 is the button
Seat 2: BetterTennis ($154.24 in chips)
Seat 3: viviangle ($123.22 in chips)
viviangle: posts small blind $1
BetterTennis: posts big blind $3
*** HOLE CARDS ***
viviangle: raises $3 to $6
BetterTennis: folds
Uncalled bet ($3) returned to viviangle
viviangle collected $6 from pot
viviangle: doesn't show hand
*** SUMMARY ***
Total pot $6 | Rake $0
Seat 2: BetterTennis (big blind) folded before Flop
Seat 3: viviangle (button) (small blind) collected ($6)


PokerStars Hand #158193416416:  Hold'em Limit ($3/$6 USD) - 2016/09/05 10:40:14 ET
Table 'Celuta' 6-max Seat #2 is the button
Seat 2: BetterTennis ($151.24 in chips)
Seat 3: viviangle ($126.22 in chips)
BetterTennis: posts small blind $1
viviangle: posts big blind $3
*** HOLE CARDS ***
BetterTennis: raises $3 to $6
viviangle: calls $3
*** FLOP *** [Kh 9d Tc]
viviangle: checks
BetterTennis: bets $3
viviangle: calls $3
*** TURN *** [Kh 9d Tc] [8d]
sokol-max-PS joins the table at seat #4
viviangle: checks
BetterTennis: checks
*** RIVER *** [Kh 9d Tc 8d] [Ks]
viviangle: bets $6
BetterTennis: calls $6
*** SHOW DOWN ***
viviangle: shows [6d 7c] (a straight, Six to Ten)
BetterTennis: mucks hand
viviangle collected $29.50 from pot
*** SUMMARY ***
Total pot $30 | Rake $0.50
Board [Kh 9d Tc 8d Ks]
Seat 2: BetterTennis (button) (small blind) mucked
Seat 3: viviangle (big blind) showed [6d 7c] and won ($29.50) with a straight, Six to Ten


