PokerStars Hand #148686740784:  Hold'em Limit ($3/$6 USD) - 2016/02/12 14:41:04 ET
Table 'Centaurus II' 6-max Seat #6 is the button
Seat 2: ZinZar ($81.76 in chips)
Seat 6: Tema897 ($290.63 in chips)
Tema897: posts small blind $1
ZinZar: posts big blind $3
*** HOLE CARDS ***
Tema897: folds
Uncalled bet ($2) returned to ZinZar
ZinZar collected $2 from pot
ZinZar: doesn't show hand
*** SUMMARY ***
Total pot $2 | Rake $0
Seat 2: ZinZar (big blind) collected ($2)
Seat 6: Tema897 (button) (small blind) folded before Flop


PokerStars Hand #148686734731:  Hold'em Limit ($3/$6 USD) - 2016/02/12 14:40:58 ET
Table 'Centaurus II' 6-max Seat #2 is the button
Seat 2: ZinZar ($78.76 in chips)
Seat 6: Tema897 ($293.63 in chips)
ZinZar: posts small blind $1
Tema897: posts big blind $3
*** HOLE CARDS ***
ZinZar: raises $3 to $6
Tema897: folds
Uncalled bet ($3) returned to ZinZar
ZinZar collected $6 from pot
ZinZar: doesn't show hand
*** SUMMARY ***
Total pot $6 | Rake $0
Seat 2: ZinZar (button) (small blind) collected ($6)
Seat 6: Tema897 (big blind) folded before Flop


PokerStars Hand #148686730292:  Hold'em Limit ($3/$6 USD) - 2016/02/12 14:40:53 ET
Table 'Centaurus II' 6-max Seat #6 is the button
Seat 2: ZinZar ($77.76 in chips)
Seat 6: Tema897 ($294.63 in chips)
Tema897: posts small blind $1
ZinZar: posts big blind $3
*** HOLE CARDS ***
Tema897: folds
Uncalled bet ($2) returned to ZinZar
ZinZar collected $2 from pot
ZinZar: doesn't show hand
*** SUMMARY ***
Total pot $2 | Rake $0
Seat 2: ZinZar (big blind) collected ($2)
Seat 6: Tema897 (button) (small blind) folded before Flop


PokerStars Hand #148686720759:  Hold'em Limit ($3/$6 USD) - 2016/02/12 14:40:44 ET
Table 'Centaurus II' 6-max Seat #2 is the button
Seat 2: ZinZar ($72 in chips)
Seat 6: Tema897 ($300.63 in chips)
ZinZar: posts small blind $1
Tema897: posts big blind $3
*** HOLE CARDS ***
ZinZar: raises $3 to $6
Tema897: calls $3
*** FLOP *** [Ad 5d Jd]
Tema897: checks
ZinZar: bets $3
Tema897: folds
Uncalled bet ($3) returned to ZinZar
ZinZar collected $11.76 from pot
ZinZar: doesn't show hand
*** SUMMARY ***
Total pot $12 | Rake $0.24
Board [Ad 5d Jd]
Seat 2: ZinZar (button) (small blind) collected ($11.76)
Seat 6: Tema897 (big blind) folded on the Flop


PokerStars Hand #148686700366:  Hold'em Limit ($3/$6 USD) - 2016/02/12 14:40:23 ET
Table 'Centaurus II' 6-max Seat #6 is the button
Seat 2: ZinZar ($81.64 in chips)
Seat 6: Tema897 ($271.13 in chips)
Tema897: posts small blind $1
ZinZar: posts big blind $3
*** HOLE CARDS ***
Tema897: raises $3 to $6
ZinZar: raises $3 to $9
Tema897: calls $3
*** FLOP *** [6h 9d 3s]
ZinZar: bets $3
Tema897: calls $3
*** TURN *** [6h 9d 3s] [Ah]
ZinZar: bets $6
Tema897: raises $6 to $12
ZinZar: calls $6
*** RIVER *** [6h 9d 3s Ah] [3h]
ZinZar: checks
Tema897: bets $6
ZinZar: calls $6
*** SHOW DOWN ***
Tema897: shows [5h Ac] (two pair, Aces and Threes)
ZinZar: mucks hand
Tema897 collected $59.50 from pot
*** SUMMARY ***
Total pot $60 | Rake $0.50
Board [6h 9d 3s Ah 3h]
Seat 2: ZinZar (big blind) mucked
Seat 6: Tema897 (button) (small blind) showed [5h Ac] and won ($59.50) with two pair, Aces and Threes


PokerStars Hand #148686785714:  Hold'em Limit ($3/$6 USD) - 2016/02/12 14:41:50 ET
Table 'Centaurus II' 6-max Seat #6 is the button
Seat 2: ZinZar ($72 in chips)
Seat 6: Tema897 ($301.97 in chips)
Tema897: posts small blind $1
ZinZar: posts big blind $3
*** HOLE CARDS ***
Tema897: folds
Uncalled bet ($2) returned to ZinZar
ZinZar collected $2 from pot
ZinZar: doesn't show hand
*** SUMMARY ***
Total pot $2 | Rake $0
Seat 2: ZinZar (big blind) collected ($2)
Seat 6: Tema897 (button) (small blind) folded before Flop


PokerStars Hand #148686781181:  Hold'em Limit ($3/$6 USD) - 2016/02/12 14:41:45 ET
Table 'Centaurus II' 6-max Seat #2 is the button
Seat 2: ZinZar ($72 in chips)
Seat 6: Tema897 ($300.97 in chips)
ZinZar: posts small blind $1
Tema897: posts big blind $3
*** HOLE CARDS ***
ZinZar: folds
Uncalled bet ($2) returned to Tema897
Tema897 collected $2 from pot
Tema897: doesn't show hand
*** SUMMARY ***
Total pot $2 | Rake $0
Seat 2: ZinZar (button) (small blind) folded before Flop
Seat 6: Tema897 (big blind) collected ($2)


PokerStars Hand #148686762422:  Hold'em Limit ($3/$6 USD) - 2016/02/12 14:41:26 ET
Table 'Centaurus II' 6-max Seat #6 is the button
Seat 2: ZinZar ($82.58 in chips)
Seat 6: Tema897 ($289.45 in chips)
Tema897: posts small blind $1
ZinZar: posts big blind $3
*** HOLE CARDS ***
Tema897: raises $3 to $6
ZinZar: calls $3
*** FLOP *** [6h 9h 5c]
ZinZar: checks
Tema897: checks
*** TURN *** [6h 9h 5c] [2h]
ZinZar: checks
Tema897: bets $6
ZinZar: calls $6
*** RIVER *** [6h 9h 5c 2h] [Ts]
ZinZar: checks
Tema897: checks
*** SHOW DOWN ***
ZinZar: shows [Ks 3h] (high card King)
Tema897: shows [2s As] (a pair of Deuces)
Tema897 collected $23.52 from pot
*** SUMMARY ***
Total pot $24 | Rake $0.48
Board [6h 9h 5c 2h Ts]
Seat 2: ZinZar (big blind) showed [Ks 3h] and lost with high card King
Seat 6: Tema897 (button) (small blind) showed [2s As] and won ($23.52) with a pair of Deuces


PokerStars Hand #148686745430:  Hold'em Limit ($3/$6 USD) - 2016/02/12 14:41:09 ET
Table 'Centaurus II' 6-max Seat #2 is the button
Seat 2: ZinZar ($82.76 in chips)
Seat 6: Tema897 ($289.63 in chips)
ZinZar: posts small blind $1
Tema897: posts big blind $3
*** HOLE CARDS ***
ZinZar: raises $3 to $6
Tema897: calls $3
*** FLOP *** [6c 6h 8h]
Tema897: checks
ZinZar: bets $3
Tema897: calls $3
*** TURN *** [6c 6h 8h] [6s]
Tema897: checks
ZinZar: checks
*** RIVER *** [6c 6h 8h 6s] [7s]
Tema897: checks
ZinZar: checks
*** SHOW DOWN ***
Tema897: shows [4c Qc] (three of a kind, Sixes)
ZinZar: shows [4s Qs] (three of a kind, Sixes)
Tema897 collected $8.82 from pot
ZinZar collected $8.82 from pot
*** SUMMARY ***
Total pot $18 | Rake $0.36
Board [6c 6h 8h 6s 7s]
Seat 2: ZinZar (button) (small blind) showed [4s Qs] and won ($8.82) with three of a kind, Sixes
Seat 6: Tema897 (big blind) showed [4c Qc] and won ($8.82) with three of a kind, Sixes


PokerStars Hand #148686848285:  Hold'em Limit ($3/$6 USD) - 2016/02/12 14:42:53 ET
Table 'Centaurus II' 6-max Seat #2 is the button
Seat 2: ZinZar ($73 in chips)
Seat 6: Tema897 ($351.97 in chips)
ZinZar: posts small blind $1
Tema897: posts big blind $3
*** HOLE CARDS ***
ZinZar: raises $3 to $6
Tema897: calls $3
*** FLOP *** [2h 7c 6s]
Tema897: checks
ZinZar: bets $3
Tema897: calls $3
*** TURN *** [2h 7c 6s] [4h]
Tema897: checks
ZinZar: checks
*** RIVER *** [2h 7c 6s 4h] [Qs]
Tema897: checks
ZinZar: checks
*** SHOW DOWN ***
Tema897: shows [Kd Jc] (high card King)
ZinZar: shows [8h Ad] (high card Ace)
ZinZar collected $17.64 from pot
*** SUMMARY ***
Total pot $18 | Rake $0.36
Board [2h 7c 6s 4h Qs]
Seat 2: ZinZar (button) (small blind) showed [8h Ad] and won ($17.64) with high card Ace
Seat 6: Tema897 (big blind) showed [Kd Jc] and lost with high card King


PokerStars Hand #148686843447:  Hold'em Limit ($3/$6 USD) - 2016/02/12 14:42:48 ET
Table 'Centaurus II' 6-max Seat #6 is the button
Seat 2: ZinZar ($72 in chips)
Seat 6: Tema897 ($352.97 in chips)
Tema897: posts small blind $1
ZinZar: posts big blind $3
*** HOLE CARDS ***
Tema897: folds
Uncalled bet ($2) returned to ZinZar
ZinZar collected $2 from pot
ZinZar: doesn't show hand
*** SUMMARY ***
Total pot $2 | Rake $0
Seat 2: ZinZar (big blind) collected ($2)
Seat 6: Tema897 (button) (small blind) folded before Flop


PokerStars Hand #148686824393:  Hold'em Limit ($3/$6 USD) - 2016/02/12 14:42:29 ET
Table 'Centaurus II' 6-max Seat #2 is the button
Seat 2: ZinZar ($73 in chips)
Seat 6: Tema897 ($326.47 in chips)
ZinZar: posts small blind $1
Tema897: posts big blind $3
*** HOLE CARDS ***
ZinZar: raises $3 to $6
Tema897: calls $3
*** FLOP *** [Jh 5h 6c]
Tema897: checks
ZinZar: bets $3
Tema897: calls $3
*** TURN *** [Jh 5h 6c] [Ad]
Tema897: checks
ZinZar: bets $6
Tema897: raises $6 to $12
ZinZar: calls $6
*** RIVER *** [Jh 5h 6c Ad] [2d]
Tema897: bets $6
ZinZar: calls $6
*** SHOW DOWN ***
Tema897: shows [5c 6d] (two pair, Sixes and Fives)
ZinZar: mucks hand
Tema897 collected $53.50 from pot
*** SUMMARY ***
Total pot $54 | Rake $0.50
Board [Jh 5h 6c Ad 2d]
Seat 2: ZinZar (button) (small blind) mucked
Seat 6: Tema897 (big blind) showed [5c 6d] and won ($53.50) with two pair, Sixes and Fives


PokerStars Hand #148686818980:  Hold'em Limit ($3/$6 USD) - 2016/02/12 14:42:24 ET
Table 'Centaurus II' 6-max Seat #6 is the button
Seat 2: ZinZar ($72 in chips)
Seat 6: Tema897 ($327.47 in chips)
Tema897: posts small blind $1
ZinZar: posts big blind $3
*** HOLE CARDS ***
Tema897: folds
Uncalled bet ($2) returned to ZinZar
ZinZar collected $2 from pot
ZinZar: doesn't show hand
*** SUMMARY ***
Total pot $2 | Rake $0
Seat 2: ZinZar (big blind) collected ($2)
Seat 6: Tema897 (button) (small blind) folded before Flop


PokerStars Hand #148686790664:  Hold'em Limit ($3/$6 USD) - 2016/02/12 14:41:55 ET
Table 'Centaurus II' 6-max Seat #2 is the button
Seat 2: ZinZar ($73 in chips)
Seat 6: Tema897 ($300.97 in chips)
ZinZar: posts small blind $1
Tema897: posts big blind $3
*** HOLE CARDS ***
ZinZar: raises $3 to $6
Tema897: calls $3
*** FLOP *** [4c 8s 3h]
Tema897: bets $3
ZinZar: calls $3
*** TURN *** [4c 8s 3h] [5s]
Tema897: checks
ZinZar: bets $6
Tema897: calls $6
*** RIVER *** [4c 8s 3h 5s] [Qs]
Tema897: checks
ZinZar: bets $6
Tema897: raises $6 to $12
ZinZar: calls $6
*** SHOW DOWN ***
Tema897: shows [Qc 3c] (two pair, Queens and Threes)
ZinZar: mucks hand
Tema897 collected $53.50 from pot
*** SUMMARY ***
Total pot $54 | Rake $0.50
Board [4c 8s 3h 5s Qs]
Seat 2: ZinZar (button) (small blind) mucked
Seat 6: Tema897 (big blind) showed [Qc 3c] and won ($53.50) with two pair, Queens and Threes


PokerStars Hand #148686914563:  Hold'em Limit ($3/$6 USD) - 2016/02/12 14:44:00 ET
Table 'Centaurus II' 6-max Seat #6 is the button
Seat 2: ZinZar ($100.14 in chips)
Seat 6: Tema897 ($323.61 in chips)
Tema897: posts small blind $1
ZinZar: posts big blind $3
*** HOLE CARDS ***
Tema897: calls $2
ZinZar: checks
*** FLOP *** [8s Jc Jd]
ZinZar: checks
Tema897: bets $3
ZinZar: folds
Uncalled bet ($3) returned to Tema897
Tema897 collected $5.88 from pot
Tema897: doesn't show hand
*** SUMMARY ***
Total pot $6 | Rake $0.12
Board [8s Jc Jd]
Seat 2: ZinZar (big blind) folded on the Flop
Seat 6: Tema897 (button) (small blind) collected ($5.88)


PokerStars Hand #148686909436:  Hold'em Limit ($3/$6 USD) - 2016/02/12 14:43:55 ET
Table 'Centaurus II' 6-max Seat #2 is the button
Seat 2: ZinZar ($97.14 in chips)
Seat 6: Tema897 ($326.61 in chips)
ZinZar: posts small blind $1
Tema897: posts big blind $3
*** HOLE CARDS ***
ZinZar: raises $3 to $6
Tema897: folds
Uncalled bet ($3) returned to ZinZar
ZinZar collected $6 from pot
ZinZar: doesn't show hand
*** SUMMARY ***
Total pot $6 | Rake $0
Seat 2: ZinZar (button) (small blind) collected ($6)
Seat 6: Tema897 (big blind) folded before Flop


PokerStars Hand #148686904544:  Hold'em Limit ($3/$6 USD) - 2016/02/12 14:43:50 ET
Table 'Centaurus II' 6-max Seat #6 is the button
Seat 2: ZinZar ($96.14 in chips)
Seat 6: Tema897 ($327.61 in chips)
Tema897: posts small blind $1
ZinZar: posts big blind $3
*** HOLE CARDS ***
Tema897: folds
Uncalled bet ($2) returned to ZinZar
ZinZar collected $2 from pot
ZinZar: doesn't show hand
*** SUMMARY ***
Total pot $2 | Rake $0
Seat 2: ZinZar (big blind) collected ($2)
Seat 6: Tema897 (button) (small blind) folded before Flop


PokerStars Hand #148686883710:  Hold'em Limit ($3/$6 USD) - 2016/02/12 14:43:29 ET
Table 'Centaurus II' 6-max Seat #2 is the button
Seat 2: ZinZar ($105.14 in chips)
Seat 6: Tema897 ($318.97 in chips)
ZinZar: posts small blind $1
Tema897: posts big blind $3
*** HOLE CARDS ***
ZinZar: raises $3 to $6
Tema897: calls $3
*** FLOP *** [9c 3d 8d]
Tema897: checks
ZinZar: bets $3
Tema897: calls $3
*** TURN *** [9c 3d 8d] [Js]
Tema897: checks
ZinZar: checks
*** RIVER *** [9c 3d 8d Js] [4c]
Tema897: bets $6
ZinZar: folds
Uncalled bet ($6) returned to Tema897
Tema897 collected $17.64 from pot
Tema897: doesn't show hand
*** SUMMARY ***
Total pot $18 | Rake $0.36
Board [9c 3d 8d Js 4c]
Seat 2: ZinZar (button) (small blind) folded on the River
Seat 6: Tema897 (big blind) collected ($17.64)


PokerStars Hand #148686865445:  Hold'em Limit ($3/$6 USD) - 2016/02/12 14:43:10 ET
Table 'Centaurus II' 6-max Seat #6 is the button
Seat 2: ZinZar ($81.64 in chips)
Seat 6: Tema897 ($342.97 in chips)
Tema897: posts small blind $1
ZinZar: posts big blind $3
*** HOLE CARDS ***
Tema897: raises $3 to $6
ZinZar: calls $3
*** FLOP *** [Tc 9c 4d]
ZinZar: checks
Tema897: bets $3
ZinZar: raises $3 to $6
Tema897: calls $3
*** TURN *** [Tc 9c 4d] [5d]
ZinZar: bets $6
Tema897: calls $6
*** RIVER *** [Tc 9c 4d 5d] [5c]
ZinZar: bets $6
Tema897: calls $6
*** SHOW DOWN ***
ZinZar: shows [Th 7s] (two pair, Tens and Fives)
Tema897: mucks hand
ZinZar collected $47.50 from pot
*** SUMMARY ***
Total pot $48 | Rake $0.50
Board [Tc 9c 4d 5d 5c]
Seat 2: ZinZar (big blind) showed [Th 7s] and won ($47.50) with two pair, Tens and Fives
Seat 6: Tema897 (button) (small blind) mucked


PokerStars Hand #148686974758:  Hold'em Limit ($3/$6 USD) - 2016/02/12 14:45:01 ET
Table 'Centaurus II' 6-max Seat #2 is the button
Seat 2: ZinZar ($73 in chips)
Seat 6: Tema897 ($352.63 in chips)
ZinZar: posts small blind $1
Tema897: posts big blind $3
*** HOLE CARDS ***
ZinZar: raises $3 to $6
Tema897: folds
Uncalled bet ($3) returned to ZinZar
ZinZar collected $6 from pot
ZinZar: doesn't show hand
*** SUMMARY ***
Total pot $6 | Rake $0
Seat 2: ZinZar (button) (small blind) collected ($6)
Seat 6: Tema897 (big blind) folded before Flop


PokerStars Hand #148686969731:  Hold'em Limit ($3/$6 USD) - 2016/02/12 14:44:56 ET
Table 'Centaurus II' 6-max Seat #6 is the button
Seat 2: ZinZar ($72 in chips)
Seat 6: Tema897 ($353.63 in chips)
Tema897: posts small blind $1
ZinZar: posts big blind $3
*** HOLE CARDS ***
Tema897: folds
Uncalled bet ($2) returned to ZinZar
ZinZar collected $2 from pot
ZinZar: doesn't show hand
*** SUMMARY ***
Total pot $2 | Rake $0
Seat 2: ZinZar (big blind) collected ($2)
Seat 6: Tema897 (button) (small blind) folded before Flop


PokerStars Hand #148686953696:  Hold'em Limit ($3/$6 USD) - 2016/02/12 14:44:39 ET
Table 'Centaurus II' 6-max Seat #2 is the button
Seat 2: ZinZar ($78.14 in chips)
Seat 6: Tema897 ($344.99 in chips)
ZinZar: posts small blind $1
Tema897: posts big blind $3
*** HOLE CARDS ***
ZinZar: raises $3 to $6
Tema897: calls $3
*** FLOP *** [Th Td Ad]
Tema897: checks
ZinZar: bets $3
Tema897: raises $3 to $6
ZinZar: folds
Uncalled bet ($3) returned to Tema897
Tema897 collected $17.64 from pot
Tema897: doesn't show hand
*** SUMMARY ***
Total pot $18 | Rake $0.36
Board [Th Td Ad]
Seat 2: ZinZar (button) (small blind) folded on the Flop
Seat 6: Tema897 (big blind) collected ($17.64)


PokerStars Hand #148686939515:  Hold'em Limit ($3/$6 USD) - 2016/02/12 14:44:25 ET
Table 'Centaurus II' 6-max Seat #6 is the button
Seat 2: ZinZar ($96.14 in chips)
Seat 6: Tema897 ($327.49 in chips)
Tema897: posts small blind $1
ZinZar: posts big blind $3
*** HOLE CARDS ***
Tema897: calls $2
ZinZar: checks
*** FLOP *** [6d 8c Kc]
ZinZar: bets $3
Tema897: calls $3
*** TURN *** [6d 8c Kc] [6h]
ZinZar: checks
Tema897: checks
*** RIVER *** [6d 8c Kc 6h] [4h]
ZinZar: bets $6
Tema897: raises $6 to $12
ZinZar: calls $6
*** SHOW DOWN ***
Tema897: shows [6c 5h] (three of a kind, Sixes)
ZinZar: mucks hand
Tema897 collected $35.50 from pot
*** SUMMARY ***
Total pot $36 | Rake $0.50
Board [6d 8c Kc 6h 4h]
Seat 2: ZinZar (big blind) mucked
Seat 6: Tema897 (button) (small blind) showed [6c 5h] and won ($35.50) with three of a kind, Sixes


PokerStars Hand #148686933696:  Hold'em Limit ($3/$6 USD) - 2016/02/12 14:44:19 ET
Table 'Centaurus II' 6-max Seat #2 is the button
Seat 2: ZinZar ($93.14 in chips)
Seat 6: Tema897 ($330.49 in chips)
ZinZar: posts small blind $1
Tema897: posts big blind $3
*** HOLE CARDS ***
ZinZar: raises $3 to $6
Tema897: folds
Uncalled bet ($3) returned to ZinZar
ZinZar collected $6 from pot
ZinZar: doesn't show hand
*** SUMMARY ***
Total pot $6 | Rake $0
Seat 2: ZinZar (button) (small blind) collected ($6)
Seat 6: Tema897 (big blind) folded before Flop


PokerStars Hand #148686927771:  Hold'em Limit ($3/$6 USD) - 2016/02/12 14:44:13 ET
Table 'Centaurus II' 6-max Seat #6 is the button
Seat 2: ZinZar ($96.14 in chips)
Seat 6: Tema897 ($327.49 in chips)
Tema897: posts small blind $1
ZinZar: posts big blind $3
*** HOLE CARDS ***
Tema897: raises $3 to $6
ZinZar: folds
Uncalled bet ($3) returned to Tema897
Tema897 collected $6 from pot
Tema897: doesn't show hand
*** SUMMARY ***
Total pot $6 | Rake $0
Seat 2: ZinZar (big blind) folded before Flop
Seat 6: Tema897 (button) (small blind) collected ($6)


PokerStars Hand #148686922816:  Hold'em Limit ($3/$6 USD) - 2016/02/12 14:44:08 ET
Table 'Centaurus II' 6-max Seat #2 is the button
Seat 2: ZinZar ($97.14 in chips)
Seat 6: Tema897 ($326.49 in chips)
ZinZar: posts small blind $1
Tema897: posts big blind $3
*** HOLE CARDS ***
ZinZar: folds
Uncalled bet ($2) returned to Tema897
Tema897 collected $2 from pot
Tema897: doesn't show hand
*** SUMMARY ***
Total pot $2 | Rake $0
Seat 2: ZinZar (button) (small blind) folded before Flop
Seat 6: Tema897 (big blind) collected ($2)


PokerStars Hand #148687029562:  Hold'em Limit ($3/$6 USD) - 2016/02/12 14:45:55 ET
Table 'Centaurus II' 6-max Seat #2 is the button
Seat 2: ZinZar ($72 in chips)
Seat 6: Tema897 ($373.01 in chips)
ZinZar: posts small blind $1
Tema897: posts big blind $3
*** HOLE CARDS ***
ZinZar: raises $3 to $6
Tema897: folds
Uncalled bet ($3) returned to ZinZar
ZinZar collected $6 from pot
ZinZar: doesn't show hand
*** SUMMARY ***
Total pot $6 | Rake $0
Seat 2: ZinZar (button) (small blind) collected ($6)
Seat 6: Tema897 (big blind) folded before Flop


PokerStars Hand #148687008883:  Hold'em Limit ($3/$6 USD) - 2016/02/12 14:45:35 ET
Table 'Centaurus II' 6-max Seat #6 is the button
Seat 2: ZinZar ($76 in chips)
Seat 6: Tema897 ($349.51 in chips)
Tema897: posts small blind $1
ZinZar: posts big blind $3
*** HOLE CARDS ***
Tema897: calls $2
ZinZar: checks
*** FLOP *** [4h 8s Qh]
ZinZar: bets $3
Tema897: calls $3
*** TURN *** [4h 8s Qh] [3c]
ZinZar: bets $6
Tema897: raises $6 to $12
ZinZar: calls $6
*** RIVER *** [4h 8s Qh 3c] [7s]
ZinZar: checks
Tema897: bets $6
ZinZar: calls $6
*** SHOW DOWN ***
Tema897: shows [9c Qs] (a pair of Queens)
ZinZar: mucks hand
Tema897 collected $47.50 from pot
*** SUMMARY ***
Total pot $48 | Rake $0.50
Board [4h 8s Qh 3c 7s]
Seat 2: ZinZar (big blind) mucked
Seat 6: Tema897 (button) (small blind) showed [9c Qs] and won ($47.50) with a pair of Queens


PokerStars Hand #148687003793:  Hold'em Limit ($3/$6 USD) - 2016/02/12 14:45:30 ET
Table 'Centaurus II' 6-max Seat #2 is the button
Seat 2: ZinZar ($73 in chips)
Seat 6: Tema897 ($352.51 in chips)
ZinZar: posts small blind $1
Tema897: posts big blind $3
*** HOLE CARDS ***
ZinZar: raises $3 to $6
Tema897: folds
Uncalled bet ($3) returned to ZinZar
ZinZar collected $6 from pot
ZinZar: doesn't show hand
*** SUMMARY ***
Total pot $6 | Rake $0
Seat 2: ZinZar (button) (small blind) collected ($6)
Seat 6: Tema897 (big blind) folded before Flop


PokerStars Hand #148686982090:  Hold'em Limit ($3/$6 USD) - 2016/02/12 14:45:08 ET
Table 'Centaurus II' 6-max Seat #6 is the button
Seat 2: ZinZar ($76 in chips)
Seat 6: Tema897 ($349.63 in chips)
Tema897: posts small blind $1
ZinZar: posts big blind $3
*** HOLE CARDS ***
Tema897: calls $2
ZinZar: checks
*** FLOP *** [4c Jh Jc]
ZinZar: checks
Tema897: checks
*** TURN *** [4c Jh Jc] [5s]
ZinZar: checks
Tema897: checks
*** RIVER *** [4c Jh Jc 5s] [9c]
ZinZar: checks
Tema897: bets $6
ZinZar: folds
Uncalled bet ($6) returned to Tema897
Tema897 collected $5.88 from pot
Tema897: doesn't show hand
*** SUMMARY ***
Total pot $6 | Rake $0.12
Board [4c Jh Jc 5s 9c]
Seat 2: ZinZar (big blind) folded on the River
Seat 6: Tema897 (button) (small blind) collected ($5.88)


PokerStars Hand #148687116489:  Hold'em Limit ($3/$6 USD) - 2016/02/12 14:47:22 ET
Table 'Centaurus II' 6-max Seat #6 is the button
Seat 2: ZinZar ($77.76 in chips)
Seat 6: Tema897 ($379.29 in chips)
Tema897: posts small blind $1
ZinZar: posts big blind $3
*** HOLE CARDS ***
Tema897: folds
Uncalled bet ($2) returned to ZinZar
ZinZar collected $2 from pot
ZinZar: doesn't show hand
*** SUMMARY ***
Total pot $2 | Rake $0
Seat 2: ZinZar (big blind) collected ($2)
Seat 6: Tema897 (button) (small blind) folded before Flop


PokerStars Hand #148687103342:  Hold'em Limit ($3/$6 USD) - 2016/02/12 14:47:09 ET
Table 'Centaurus II' 6-max Seat #2 is the button
Seat 2: ZinZar ($72 in chips)
Seat 6: Tema897 ($385.29 in chips)
ZinZar: posts small blind $1
Tema897: posts big blind $3
*** HOLE CARDS ***
ZinZar: raises $3 to $6
Tema897: calls $3
*** FLOP *** [6d 2d 7d]
Tema897: checks
ZinZar: bets $3
Tema897: folds
Uncalled bet ($3) returned to ZinZar
ZinZar collected $11.76 from pot
ZinZar: doesn't show hand
*** SUMMARY ***
Total pot $12 | Rake $0.24
Board [6d 2d 7d]
Seat 2: ZinZar (button) (small blind) collected ($11.76)
Seat 6: Tema897 (big blind) folded on the Flop


PokerStars Hand #148687084350:  Hold'em Limit ($3/$6 USD) - 2016/02/12 14:46:50 ET
Table 'Centaurus II' 6-max Seat #6 is the button
Seat 2: ZinZar ($75 in chips)
Seat 6: Tema897 ($376.65 in chips)
Tema897: posts small blind $1
ZinZar: posts big blind $3
*** HOLE CARDS ***
Tema897: calls $2
ZinZar: raises $3 to $6
Tema897: calls $3
*** FLOP *** [9d Jc Th]
ZinZar: bets $3
Tema897: calls $3
*** TURN *** [9d Jc Th] [9s]
ZinZar: checks
Tema897: bets $6
ZinZar: folds
Uncalled bet ($6) returned to Tema897
Tema897 collected $17.64 from pot
Tema897: doesn't show hand
*** SUMMARY ***
Total pot $18 | Rake $0.36
Board [9d Jc Th 9s]
Seat 2: ZinZar (big blind) folded on the Turn
Seat 6: Tema897 (button) (small blind) collected ($17.64)


PokerStars Hand #148687051603:  Hold'em Limit ($3/$6 USD) - 2016/02/12 14:46:18 ET
Table 'Centaurus II' 6-max Seat #2 is the button
Seat 2: ZinZar ($72 in chips)
Seat 6: Tema897 ($375.77 in chips)
ZinZar: posts small blind $1
Tema897: posts big blind $3
*** HOLE CARDS ***
ZinZar: folds
Uncalled bet ($2) returned to Tema897
Tema897 collected $2 from pot
Tema897: doesn't show hand
*** SUMMARY ***
Total pot $2 | Rake $0
Seat 2: ZinZar (button) (small blind) folded before Flop
Seat 6: Tema897 (big blind) collected ($2)


PokerStars Hand #148687035116:  Hold'em Limit ($3/$6 USD) - 2016/02/12 14:46:01 ET
Table 'Centaurus II' 6-max Seat #6 is the button
Seat 2: ZinZar ($75 in chips)
Seat 6: Tema897 ($370.01 in chips)
Tema897: posts small blind $1
ZinZar: posts big blind $3
*** HOLE CARDS ***
Tema897: raises $3 to $6
ZinZar: calls $3
*** FLOP *** [Js 2h 6d]
ZinZar: checks
Tema897: bets $3
ZinZar: folds
Uncalled bet ($3) returned to Tema897
Tema897 collected $11.76 from pot
Tema897: doesn't show hand
*** SUMMARY ***
Total pot $12 | Rake $0.24
Board [Js 2h 6d]
Seat 2: ZinZar (big blind) folded on the Flop
Seat 6: Tema897 (button) (small blind) collected ($11.76)


PokerStars Hand #148687121267:  Hold'em Limit ($3/$6 USD) - 2016/02/12 14:47:27 ET
Table 'Centaurus II' 6-max Seat #2 is the button
Seat 2: ZinZar ($78.76 in chips)
Seat 6: Tema897 ($378.29 in chips)
ZinZar: posts small blind $1
Tema897: posts big blind $3
*** HOLE CARDS ***
ZinZar: raises $3 to $6
Tema897: calls $3
*** FLOP *** [4h 8s 8c]
Tema897: checks
ZinZar: bets $3
Tema897: calls $3
*** TURN *** [4h 8s 8c] [Tc]
Tema897: checks
ZinZar: bets $6
Tema897: raises $6 to $12
ZinZar: calls $6
*** RIVER *** [4h 8s 8c Tc] [Kc]
Tema897: bets $6
ZinZar: calls $6
*** SHOW DOWN ***
Tema897: shows [As 8d] (three of a kind, Eights)
ZinZar: mucks hand
Tema897 collected $53.50 from pot
*** SUMMARY ***
Total pot $54 | Rake $0.50
Board [4h 8s 8c Tc Kc]
Seat 2: ZinZar (button) (small blind) mucked
Seat 6: Tema897 (big blind) showed [As 8d] and won ($53.50) with three of a kind, Eights


PokerStars Hand #148687536020:  Hold'em Limit ($3/$6 USD) - 2016/02/12 14:54:20 ET
Table 'Centaurus II' 6-max Seat #3 is the button
Seat 3: fugu82 ($117 in chips)
Seat 4: ChOfW ($69 in chips)
fugu82: posts small blind $1
ChOfW: posts big blind $3
*** HOLE CARDS ***
fugu82: folds
Uncalled bet ($2) returned to ChOfW
ChOfW collected $2 from pot
ChOfW: doesn't show hand
*** SUMMARY ***
Total pot $2 | Rake $0
Seat 3: fugu82 (button) (small blind) folded before Flop
Seat 4: ChOfW (big blind) collected ($2)


PokerStars Hand #148687531204:  Hold'em Limit ($3/$6 USD) - 2016/02/12 14:54:15 ET
Table 'Centaurus II' 6-max Seat #4 is the button
Seat 3: fugu82 ($116 in chips)
Seat 4: ChOfW ($70 in chips)
ChOfW: posts small blind $1
fugu82: posts big blind $3
*** HOLE CARDS ***
ChOfW: folds
Uncalled bet ($2) returned to fugu82
fugu82 collected $2 from pot
*** SUMMARY ***
Total pot $2 | Rake $0
Seat 3: fugu82 (big blind) collected ($2)
Seat 4: ChOfW (button) (small blind) folded before Flop


PokerStars Hand #148687589689:  Hold'em Limit ($3/$6 USD) - 2016/02/12 14:55:16 ET
Table 'Centaurus II' 6-max Seat #3 is the button
Seat 3: fugu82 ($107 in chips)
Seat 4: ChOfW ($78.52 in chips)
fugu82: posts small blind $1
ChOfW: posts big blind $3
*** HOLE CARDS ***
fugu82: raises $3 to $6
ChOfW: folds
Uncalled bet ($3) returned to fugu82
fugu82 collected $6 from pot
*** SUMMARY ***
Total pot $6 | Rake $0
Seat 3: fugu82 (button) (small blind) collected ($6)
Seat 4: ChOfW (big blind) folded before Flop


PokerStars Hand #148687564858:  Hold'em Limit ($3/$6 USD) - 2016/02/12 14:54:48 ET
Table 'Centaurus II' 6-max Seat #4 is the button
Seat 3: fugu82 ($113 in chips)
Seat 4: ChOfW ($72.76 in chips)
ChOfW: posts small blind $1
fugu82: posts big blind $3
*** HOLE CARDS ***
ChOfW: folds
Uncalled bet ($2) returned to fugu82
fugu82 collected $2 from pot
*** SUMMARY ***
Total pot $2 | Rake $0
Seat 3: fugu82 (big blind) collected ($2)
Seat 4: ChOfW (button) (small blind) folded before Flop


PokerStars Hand #148687555407:  Hold'em Limit ($3/$6 USD) - 2016/02/12 14:54:39 ET
Table 'Centaurus II' 6-max Seat #3 is the button
Seat 3: fugu82 ($110 in chips)
Seat 4: ChOfW ($75.76 in chips)
fugu82: posts small blind $1
ChOfW: posts big blind $3
*** HOLE CARDS ***
fugu82: raises $3 to $6
ChOfW: folds
Uncalled bet ($3) returned to fugu82
fugu82 collected $6 from pot
*** SUMMARY ***
Total pot $6 | Rake $0
Seat 3: fugu82 (button) (small blind) collected ($6)
Seat 4: ChOfW (big blind) folded before Flop


PokerStars Hand #148687541044:  Hold'em Limit ($3/$6 USD) - 2016/02/12 14:54:25 ET
Table 'Centaurus II' 6-max Seat #4 is the button
Seat 3: fugu82 ($116 in chips)
Seat 4: ChOfW ($70 in chips)
ChOfW: posts small blind $1
fugu82: posts big blind $3
*** HOLE CARDS ***
ChOfW: raises $3 to $6
fugu82: calls $3
*** FLOP *** [6d Qh 7d]
fugu82: checks
ChOfW: bets $3
fugu82: folds
Uncalled bet ($3) returned to ChOfW
ChOfW collected $11.76 from pot
ChOfW: doesn't show hand
*** SUMMARY ***
Total pot $12 | Rake $0.24
Board [6d Qh 7d]
Seat 3: fugu82 (big blind) folded on the Flop
Seat 4: ChOfW (button) (small blind) collected ($11.76)


PokerStars Hand #148687577064:  Hold'em Limit ($3/$6 USD) - 2016/02/12 14:55:00 ET
Table 'Centaurus II' 6-max Seat #4 is the button
Seat 3: fugu82 ($113 in chips)
Seat 4: ChOfW ($72.76 in chips)
ChOfW: posts small blind $1
fugu82: posts big blind $3
*** HOLE CARDS ***
ChOfW: raises $3 to $6
fugu82: calls $3
*** FLOP *** [Ks 9h Qd]
fugu82: checks
ChOfW: bets $3
fugu82: folds
Uncalled bet ($3) returned to ChOfW
ChOfW collected $11.76 from pot
ChOfW: doesn't show hand
*** SUMMARY ***
Total pot $12 | Rake $0.24
Board [Ks 9h Qd]
Seat 3: fugu82 (big blind) folded on the Flop
Seat 4: ChOfW (button) (small blind) collected ($11.76)


PokerStars Hand #148687572298:  Hold'em Limit ($3/$6 USD) - 2016/02/12 14:54:56 ET
Table 'Centaurus II' 6-max Seat #3 is the button
Seat 3: fugu82 ($114 in chips)
Seat 4: ChOfW ($71.76 in chips)
fugu82: posts small blind $1
ChOfW: posts big blind $3
*** HOLE CARDS ***
fugu82: folds
Uncalled bet ($2) returned to ChOfW
ChOfW collected $2 from pot
ChOfW: doesn't show hand
*** SUMMARY ***
Total pot $2 | Rake $0
Seat 3: fugu82 (button) (small blind) folded before Flop
Seat 4: ChOfW (big blind) collected ($2)


PokerStars Hand #148687598835:  Hold'em Limit ($3/$6 USD) - 2016/02/12 14:55:28 ET
Table 'Centaurus II' 6-max Seat #4 is the button
Seat 3: fugu82 ($110 in chips)
Seat 4: ChOfW ($75.52 in chips)
ChOfW: posts small blind $1
fugu82: posts big blind $3
*** HOLE CARDS ***
ChOfW: raises $3 to $6
fugu82: calls $3
*** FLOP *** [6s 7c 5c]
fugu82: checks
ChOfW: bets $3
fugu82: calls $3
*** TURN *** [6s 7c 5c] [6c]
fugu82: checks
ChOfW: checks
*** RIVER *** [6s 7c 5c 6c] [8d]
fugu82: bets $6
ChOfW: folds
Uncalled bet ($6) returned to fugu82
fugu82 collected $17.64 from pot
*** SUMMARY ***
Total pot $18 | Rake $0.36
Board [6s 7c 5c 6c 8d]
Seat 3: fugu82 (big blind) collected ($17.64)
Seat 4: ChOfW (button) (small blind) folded on the River


PokerStars Hand #148687644905:  Hold'em Limit ($3/$6 USD) - 2016/02/12 14:56:26 ET
Table 'Centaurus II' 6-max Seat #3 is the button
Seat 3: fugu82 ($130.28 in chips)
Seat 4: ChOfW ($66 in chips)
fugu82: posts small blind $1
ChOfW: posts big blind $3
*** HOLE CARDS ***
fugu82: folds
Uncalled bet ($2) returned to ChOfW
ChOfW collected $2 from pot
ChOfW: doesn't show hand
*** SUMMARY ***
Total pot $2 | Rake $0
Seat 3: fugu82 (button) (small blind) folded before Flop
Seat 4: ChOfW (big blind) collected ($2)


PokerStars Hand #148687620784:  Hold'em Limit ($3/$6 USD) - 2016/02/12 14:55:56 ET
Table 'Centaurus II' 6-max Seat #4 is the button
Seat 3: fugu82 ($121.64 in chips)
Seat 4: ChOfW ($66 in chips)
ChOfW: posts small blind $1
fugu82: posts big blind $3
*** HOLE CARDS ***
ChOfW: raises $3 to $6
fugu82: calls $3
*** FLOP *** [Qh Jc 8s]
fugu82: checks
ChOfW: bets $3
fugu82: raises $3 to $6
ChOfW: folds
Uncalled bet ($3) returned to fugu82
fugu82 collected $17.64 from pot
*** SUMMARY ***
Total pot $18 | Rake $0.36
Board [Qh Jc 8s]
Seat 3: fugu82 (big blind) collected ($17.64)
Seat 4: ChOfW (button) (small blind) folded on the Flop


PokerStars Hand #148687614143:  Hold'em Limit ($3/$6 USD) - 2016/02/12 14:55:47 ET
Table 'Centaurus II' 6-max Seat #3 is the button
Seat 3: fugu82 ($118.64 in chips)
Seat 4: ChOfW ($66.52 in chips)
fugu82: posts small blind $1
ChOfW: posts big blind $3
*** HOLE CARDS ***
fugu82: raises $3 to $6
ChOfW: folds
Uncalled bet ($3) returned to fugu82
fugu82 collected $6 from pot
*** SUMMARY ***
Total pot $6 | Rake $0
Seat 3: fugu82 (button) (small blind) collected ($6)
Seat 4: ChOfW (big blind) folded before Flop


PokerStars Hand #148687660713:  Hold'em Limit ($3/$6 USD) - 2016/02/12 14:56:46 ET
Table 'Centaurus II' 6-max Seat #3 is the button
Seat 3: fugu82 ($123.28 in chips)
Seat 4: ChOfW ($72.76 in chips)
fugu82: posts small blind $1
ChOfW: posts big blind $3
*** HOLE CARDS ***
fugu82: raises $3 to $6
ChOfW: folds
Uncalled bet ($3) returned to fugu82
fugu82 collected $6 from pot
*** SUMMARY ***
Total pot $6 | Rake $0
Seat 3: fugu82 (button) (small blind) collected ($6)
Seat 4: ChOfW (big blind) folded before Flop


PokerStars Hand #148687648862:  Hold'em Limit ($3/$6 USD) - 2016/02/12 14:56:31 ET
Table 'Centaurus II' 6-max Seat #4 is the button
Seat 3: fugu82 ($129.28 in chips)
Seat 4: ChOfW ($67 in chips)
ChOfW: posts small blind $1
fugu82: posts big blind $3
*** HOLE CARDS ***
ChOfW: raises $3 to $6
fugu82: calls $3
*** FLOP *** [Qc 3d Ad]
fugu82: checks
ChOfW: bets $3
fugu82: folds
Uncalled bet ($3) returned to ChOfW
ChOfW collected $11.76 from pot
ChOfW: doesn't show hand
*** SUMMARY ***
Total pot $12 | Rake $0.24
Board [Qc 3d Ad]
Seat 3: fugu82 (big blind) folded on the Flop
Seat 4: ChOfW (button) (small blind) collected ($11.76)


PokerStars Hand #148687716465:  Hold'em Limit ($3/$6 USD) - 2016/02/12 14:57:56 ET
Table 'Centaurus II' 6-max Seat #3 is the button
Seat 3: fugu82 ($130.92 in chips)
Seat 4: ChOfW ($70 in chips)
fugu82: posts small blind $1
ChOfW: posts big blind $3
*** HOLE CARDS ***
fugu82: folds
Uncalled bet ($2) returned to ChOfW
ChOfW collected $2 from pot
*** SUMMARY ***
Total pot $2 | Rake $0
Seat 3: fugu82 (button) (small blind) folded before Flop
Seat 4: ChOfW (big blind) collected ($2)


PokerStars Hand #148687720445:  Hold'em Limit ($3/$6 USD) - 2016/02/12 14:58:01 ET
Table 'Centaurus II' 6-max Seat #4 is the button
Seat 3: fugu82 ($129.92 in chips)
Seat 4: ChOfW ($71 in chips)
ChOfW: posts small blind $1
fugu82: posts big blind $3
*** HOLE CARDS ***
ChOfW: raises $3 to $6
fugu82: raises $3 to $9
ChOfW: calls $3
*** FLOP *** [6d 9c 5c]
fugu82: bets $3
ChOfW: raises $3 to $6
fugu82: calls $3
*** TURN *** [6d 9c 5c] [Jc]
fugu82: checks
ChOfW: bets $6
fugu82: calls $6
*** RIVER *** [6d 9c 5c Jc] [9d]
fugu82: checks
ChOfW: bets $6
fugu82: calls $6
*** SHOW DOWN ***
ChOfW: shows [7c 4c] (a flush, Jack high)
fugu82: mucks hand
ChOfW collected $53.50 from pot
*** SUMMARY ***
Total pot $54 | Rake $0.50
Board [6d 9c 5c Jc 9d]
Seat 3: fugu82 (big blind) mucked
Seat 4: ChOfW (button) (small blind) showed [7c 4c] and won ($53.50) with a flush, Jack high


PokerStars Hand #148687712252:  Hold'em Limit ($3/$6 USD) - 2016/02/12 14:57:50 ET
Table 'Centaurus II' 6-max Seat #4 is the button
Seat 3: fugu82 ($133.92 in chips)
Seat 4: ChOfW ($67 in chips)
ChOfW: posts small blind $1
fugu82: posts big blind $3
*** HOLE CARDS ***
ChOfW: raises $3 to $6
fugu82: folds
Uncalled bet ($3) returned to ChOfW
ChOfW collected $6 from pot
ChOfW: doesn't show hand
*** SUMMARY ***
Total pot $6 | Rake $0
Seat 3: fugu82 (big blind) folded before Flop
Seat 4: ChOfW (button) (small blind) collected ($6)


PokerStars Hand #148687707418:  Hold'em Limit ($3/$6 USD) - 2016/02/12 14:57:44 ET
Table 'Centaurus II' 6-max Seat #3 is the button
Seat 3: fugu82 ($134.92 in chips)
Seat 4: ChOfW ($66 in chips)
fugu82: posts small blind $1
ChOfW: posts big blind $3
*** HOLE CARDS ***
fugu82: folds
Uncalled bet ($2) returned to ChOfW
ChOfW collected $2 from pot
ChOfW: doesn't show hand
*** SUMMARY ***
Total pot $2 | Rake $0
Seat 3: fugu82 (button) (small blind) folded before Flop
Seat 4: ChOfW (big blind) collected ($2)


PokerStars Hand #148687667239:  Hold'em Limit ($3/$6 USD) - 2016/02/12 14:56:54 ET
Table 'Centaurus II' 6-max Seat #4 is the button
Seat 3: fugu82 ($126.28 in chips)
Seat 4: ChOfW ($69.76 in chips)
ChOfW: posts small blind $1
fugu82: posts big blind $3
*** HOLE CARDS ***
ChOfW: raises $3 to $6
fugu82: calls $3
*** FLOP *** [8d 4c 9s]
fugu82: checks
ChOfW: bets $3
fugu82: calls $3
*** TURN *** [8d 4c 9s] [Jd]
fugu82: checks
ChOfW: checks
*** RIVER *** [8d 4c 9s Jd] [6s]
fugu82: bets $6
ChOfW: folds
Uncalled bet ($6) returned to fugu82
fugu82 collected $17.64 from pot
*** SUMMARY ***
Total pot $18 | Rake $0.36
Board [8d 4c 9s Jd 6s]
Seat 3: fugu82 (big blind) collected ($17.64)
Seat 4: ChOfW (button) (small blind) folded on the River


PokerStars Hand #148687759875:  Hold'em Limit ($3/$6 USD) - 2016/02/12 14:58:37 ET
Table 'Centaurus II' 6-max Seat #3 is the button
Seat 3: fugu82 ($102.92 in chips)
Seat 4: ChOfW ($97.50 in chips)
fugu82: posts small blind $1
ChOfW: posts big blind $3
*** HOLE CARDS ***
fugu82: raises $3 to $6
ChOfW: calls $3
*** FLOP *** [7s Jd 4d]
ChOfW: checks
fugu82: bets $3
ChOfW: calls $3
*** TURN *** [7s Jd 4d] [6d]
ChOfW: checks
fugu82: bets $6
ChOfW: calls $6
*** RIVER *** [7s Jd 4d 6d] [As]
ChOfW: checks
fugu82: bets $6
ChOfW: calls $6
*** SHOW DOWN ***
fugu82: shows [7h Kh] (a pair of Sevens)
ChOfW: mucks hand
fugu82 collected $41.50 from pot
*** SUMMARY ***
Total pot $42 | Rake $0.50
Board [7s Jd 4d 6d As]
Seat 3: fugu82 (button) (small blind) showed [7h Kh] and won ($41.50) with a pair of Sevens
Seat 4: ChOfW (big blind) mucked


PokerStars Hand #148687801428:  Hold'em Limit ($3/$6 USD) - 2016/02/12 14:59:24 ET
Table 'Centaurus II' 6-max Seat #3 is the button
Seat 3: fugu82 ($132.06 in chips)
Seat 4: ChOfW ($67.50 in chips)
fugu82: posts small blind $1
ChOfW: posts big blind $3
*** HOLE CARDS ***
fugu82: raises $3 to $6
ChOfW: folds
Uncalled bet ($3) returned to fugu82
fugu82 collected $6 from pot
*** SUMMARY ***
Total pot $6 | Rake $0
Seat 3: fugu82 (button) (small blind) collected ($6)
Seat 4: ChOfW (big blind) folded before Flop


PokerStars Hand #148687783786:  Hold'em Limit ($3/$6 USD) - 2016/02/12 14:59:02 ET
Table 'Centaurus II' 6-max Seat #4 is the button
Seat 3: fugu82 ($123.42 in chips)
Seat 4: ChOfW ($76.50 in chips)
ChOfW: posts small blind $1
fugu82: posts big blind $3
*** HOLE CARDS ***
ChOfW: raises $3 to $6
fugu82: calls $3
*** FLOP *** [5h 5d Tc]
fugu82: checks
ChOfW: bets $3
fugu82: raises $3 to $6
ChOfW: folds
Uncalled bet ($3) returned to fugu82
fugu82 collected $17.64 from pot
*** SUMMARY ***
Total pot $18 | Rake $0.36
Board [5h 5d Tc]
Seat 3: fugu82 (big blind) collected ($17.64)
Seat 4: ChOfW (button) (small blind) folded on the Flop


PokerStars Hand #148687823182:  Hold'em Limit ($3/$6 USD) - 2016/02/12 14:59:51 ET
Table 'Centaurus II' 6-max Seat #4 is the button
Seat 3: fugu82 ($154.56 in chips)
Seat 4: ChOfW ($67 in chips)
ChOfW: posts small blind $1
fugu82: posts big blind $3
*** HOLE CARDS ***
ChOfW: raises $3 to $6
fugu82: calls $3
*** FLOP *** [Th Jc 8s]
fugu82: checks
ChOfW: bets $3
fugu82: folds
Uncalled bet ($3) returned to ChOfW
ChOfW collected $11.76 from pot
ChOfW: doesn't show hand
*** SUMMARY ***
Total pot $12 | Rake $0.24
Board [Th Jc 8s]
Seat 3: fugu82 (big blind) folded on the Flop
Seat 4: ChOfW (button) (small blind) collected ($11.76)


PokerStars Hand #148687819469:  Hold'em Limit ($3/$6 USD) - 2016/02/12 14:59:46 ET
Table 'Centaurus II' 6-max Seat #3 is the button
Seat 3: fugu82 ($155.56 in chips)
Seat 4: ChOfW ($66 in chips)
fugu82: posts small blind $1
ChOfW: posts big blind $3
*** HOLE CARDS ***
fugu82: folds
Uncalled bet ($2) returned to ChOfW
ChOfW collected $2 from pot
ChOfW: doesn't show hand
*** SUMMARY ***
Total pot $2 | Rake $0
Seat 3: fugu82 (button) (small blind) folded before Flop
Seat 4: ChOfW (big blind) collected ($2)


PokerStars Hand #148687807250:  Hold'em Limit ($3/$6 USD) - 2016/02/12 14:59:31 ET
Table 'Centaurus II' 6-max Seat #4 is the button
Seat 3: fugu82 ($135.06 in chips)
Seat 4: ChOfW ($66 in chips)
ChOfW: posts small blind $1
fugu82: posts big blind $3
*** HOLE CARDS ***
ChOfW: raises $3 to $6
fugu82: calls $3
*** FLOP *** [7h 9s 4c]
fugu82: checks
ChOfW: bets $3
fugu82: calls $3
*** TURN *** [7h 9s 4c] [4s]
fugu82: checks
ChOfW: bets $6
fugu82: raises $6 to $12
ChOfW: calls $6
*** RIVER *** [7h 9s 4c 4s] [2h]
fugu82: bets $6
ChOfW: folds
Uncalled bet ($6) returned to fugu82
fugu82 collected $41.50 from pot
*** SUMMARY ***
Total pot $42 | Rake $0.50
Board [7h 9s 4c 4s 2h]
Seat 3: fugu82 (big blind) collected ($41.50)
Seat 4: ChOfW (button) (small blind) folded on the River


PokerStars Hand #148687832019:  Hold'em Limit ($3/$6 USD) - 2016/02/12 15:00:02 ET
Table 'Centaurus II' 6-max Seat #3 is the button
Seat 3: fugu82 ($148.56 in chips)
Seat 4: ChOfW ($72.76 in chips)
fugu82: posts small blind $1
ChOfW: posts big blind $3
*** HOLE CARDS ***
fugu82: raises $3 to $6
ChOfW: calls $3
*** FLOP *** [6s 7d Ad]
ChOfW: checks
fugu82: bets $3
ChOfW: folds
Uncalled bet ($3) returned to fugu82
fugu82 collected $11.76 from pot
*** SUMMARY ***
Total pot $12 | Rake $0.24
Board [6s 7d Ad]
Seat 3: fugu82 (button) (small blind) collected ($11.76)
Seat 4: ChOfW (big blind) folded on the Flop


PokerStars Hand #148687840927:  Hold'em Limit ($3/$6 USD) - 2016/02/12 15:00:11 ET
Table 'Centaurus II' 6-max Seat #4 is the button
Seat 3: fugu82 ($154.32 in chips)
Seat 4: ChOfW ($66.76 in chips)
ChOfW: posts small blind $1
fugu82: posts big blind $3
*** HOLE CARDS ***
ChOfW: raises $3 to $6
fugu82: folds
Uncalled bet ($3) returned to ChOfW
ChOfW collected $6 from pot
ChOfW: doesn't show hand
*** SUMMARY ***
Total pot $6 | Rake $0
Seat 3: fugu82 (big blind) folded before Flop
Seat 4: ChOfW (button) (small blind) collected ($6)


PokerStars Hand #148687845399:  Hold'em Limit ($3/$6 USD) - 2016/02/12 15:00:16 ET
Table 'Centaurus II' 6-max Seat #3 is the button
Seat 3: fugu82 ($151.32 in chips)
Seat 4: ChOfW ($69.76 in chips)
fugu82: posts small blind $1
ChOfW: posts big blind $3
*** HOLE CARDS ***
fugu82: raises $3 to $6
ChOfW: calls $3
*** FLOP *** [Js 6d 9h]
ChOfW: checks
fugu82: bets $3
ChOfW: raises $3 to $6
fugu82: calls $3
*** TURN *** [Js 6d 9h] [2c]
ChOfW: bets $6
fugu82: calls $6
*** RIVER *** [Js 6d 9h 2c] [4c]
ChOfW: checks
fugu82: checks
*** SHOW DOWN ***
ChOfW: shows [Kh Qs] (high card King)
fugu82: shows [6c 3c] (a pair of Sixes)
fugu82 collected $35.50 from pot
*** SUMMARY ***
Total pot $36 | Rake $0.50
Board [Js 6d 9h 2c 4c]
Seat 3: fugu82 (button) (small blind) showed [6c 3c] and won ($35.50) with a pair of Sixes
Seat 4: ChOfW (big blind) showed [Kh Qs] and lost with high card King


PokerStars Hand #148687881826:  Hold'em Limit ($3/$6 USD) - 2016/02/12 15:00:57 ET
Table 'Centaurus II' 6-max Seat #3 is the button
Seat 3: fugu82 ($159.82 in chips)
Seat 4: ChOfW ($74.64 in chips)
fugu82: posts small blind $1
ChOfW: posts big blind $3
*** HOLE CARDS ***
fugu82: raises $3 to $6
ChOfW: calls $3
*** FLOP *** [Kd 3c Jd]
ChOfW: checks
fugu82: bets $3
ChOfW: folds
Uncalled bet ($3) returned to fugu82
fugu82 collected $11.76 from pot
*** SUMMARY ***
Total pot $12 | Rake $0.24
Board [Kd 3c Jd]
Seat 3: fugu82 (button) (small blind) collected ($11.76)
Seat 4: ChOfW (big blind) folded on the Flop


PokerStars Hand #148687863332:  Hold'em Limit ($3/$6 USD) - 2016/02/12 15:00:37 ET
Table 'Centaurus II' 6-max Seat #4 is the button
Seat 3: fugu82 ($168.82 in chips)
Seat 4: ChOfW ($66 in chips)
ChOfW: posts small blind $1
fugu82: posts big blind $3
*** HOLE CARDS ***
ChOfW: raises $3 to $6
fugu82: calls $3
*** FLOP *** [9c 8h 5s]
fugu82: checks
ChOfW: bets $3
fugu82: calls $3
*** TURN *** [9c 8h 5s] [6s]
fugu82: checks
ChOfW: bets $6
fugu82: folds
Uncalled bet ($6) returned to ChOfW
ChOfW collected $17.64 from pot
ChOfW: doesn't show hand
*** SUMMARY ***
Total pot $18 | Rake $0.36
Board [9c 8h 5s 6s]
Seat 3: fugu82 (big blind) folded on the Turn
Seat 4: ChOfW (button) (small blind) collected ($17.64)


PokerStars Hand #148687911109:  Hold'em Limit ($3/$6 USD) - 2016/02/12 15:01:28 ET
Table 'Centaurus II' 6-max Seat #4 is the button
Seat 3: fugu82 ($182.08 in chips)
Seat 4: ChOfW ($67 in chips)
ChOfW: posts small blind $1
fugu82: posts big blind $3
*** HOLE CARDS ***
ChOfW: raises $3 to $6
fugu82: calls $3
*** FLOP *** [6h 2c Ks]
fugu82: checks
ChOfW: bets $3
fugu82: raises $3 to $6
ChOfW: calls $3
*** TURN *** [6h 2c Ks] [6s]
fugu82: bets $6
ChOfW: folds
Uncalled bet ($6) returned to fugu82
fugu82 collected $23.52 from pot
*** SUMMARY ***
Total pot $24 | Rake $0.48
Board [6h 2c Ks 6s]
Seat 3: fugu82 (big blind) collected ($23.52)
Seat 4: ChOfW (button) (small blind) folded on the Turn


PokerStars Hand #148687906211:  Hold'em Limit ($3/$6 USD) - 2016/02/12 15:01:23 ET
Table 'Centaurus II' 6-max Seat #3 is the button
Seat 3: fugu82 ($183.08 in chips)
Seat 4: ChOfW ($66 in chips)
fugu82: posts small blind $1
ChOfW: posts big blind $3
*** HOLE CARDS ***
fugu82: folds
Uncalled bet ($2) returned to ChOfW
ChOfW collected $2 from pot
ChOfW: doesn't show hand
*** SUMMARY ***
Total pot $2 | Rake $0
Seat 3: fugu82 (button) (small blind) folded before Flop
Seat 4: ChOfW (big blind) collected ($2)


PokerStars Hand #148687893301:  Hold'em Limit ($3/$6 USD) - 2016/02/12 15:01:09 ET
Table 'Centaurus II' 6-max Seat #4 is the button
Seat 3: fugu82 ($165.58 in chips)
Seat 4: ChOfW ($68.64 in chips)
ChOfW: posts small blind $1
fugu82: posts big blind $3
*** HOLE CARDS ***
ChOfW: raises $3 to $6
fugu82: raises $3 to $9
ChOfW: calls $3
*** FLOP *** [2c 2d 6s]
fugu82: bets $3
ChOfW: calls $3
*** TURN *** [2c 2d 6s] [5c]
fugu82: bets $6
ChOfW: calls $6
*** RIVER *** [2c 2d 6s 5c] [8d]
fugu82: bets $6
ChOfW: folds
Uncalled bet ($6) returned to fugu82
fugu82 collected $35.50 from pot
*** SUMMARY ***
Total pot $36 | Rake $0.50
Board [2c 2d 6s 5c 8d]
Seat 3: fugu82 (big blind) collected ($35.50)
Seat 4: ChOfW (button) (small blind) folded on the River


PokerStars Hand #148687921943:  Hold'em Limit ($3/$6 USD) - 2016/02/12 15:01:40 ET
Table 'Centaurus II' 6-max Seat #3 is the button
Seat 3: fugu82 ($193.60 in chips)
Seat 4: ChOfW ($66 in chips)
fugu82: posts small blind $1
ChOfW: posts big blind $3
*** HOLE CARDS ***
fugu82: raises $3 to $6
ChOfW: calls $3
*** FLOP *** [Qd 2s 4h]
ChOfW: checks
fugu82: bets $3
ChOfW: folds
Uncalled bet ($3) returned to fugu82
fugu82 collected $11.76 from pot
*** SUMMARY ***
Total pot $12 | Rake $0.24
Board [Qd 2s 4h]
Seat 3: fugu82 (button) (small blind) collected ($11.76)
Seat 4: ChOfW (big blind) folded on the Flop


PokerStars Hand #148687940654:  Hold'em Limit ($3/$6 USD) - 2016/02/12 15:01:58 ET
Table 'Centaurus II' 6-max Seat #4 is the button
Seat 3: fugu82 ($199.36 in chips)
Seat 4: ChOfW ($67 in chips)
ChOfW: posts small blind $1
fugu82: posts big blind $3
*** HOLE CARDS ***
ChOfW: folds
Uncalled bet ($2) returned to fugu82
fugu82 collected $2 from pot
*** SUMMARY ***
Total pot $2 | Rake $0
Seat 3: fugu82 (big blind) collected ($2)
Seat 4: ChOfW (button) (small blind) folded before Flop


PokerStars Hand #148687935348:  Hold'em Limit ($3/$6 USD) - 2016/02/12 15:01:53 ET
Table 'Centaurus II' 6-max Seat #3 is the button
Seat 3: fugu82 ($200.36 in chips)
Seat 4: ChOfW ($66 in chips)
fugu82: posts small blind $1
ChOfW: posts big blind $3
*** HOLE CARDS ***
fugu82: folds
Uncalled bet ($2) returned to ChOfW
ChOfW collected $2 from pot
ChOfW: doesn't show hand
*** SUMMARY ***
Total pot $2 | Rake $0
Seat 3: fugu82 (button) (small blind) folded before Flop
Seat 4: ChOfW (big blind) collected ($2)


PokerStars Hand #148687989201:  Hold'em Limit ($3/$6 USD) - 2016/02/12 15:02:44 ET
Table 'Centaurus II' 6-max Seat #3 is the button
Seat 3: fugu82 ($164.36 in chips)
Seat 4: ChOfW ($101.14 in chips)
fugu82: posts small blind $1
ChOfW: posts big blind $3
*** HOLE CARDS ***
fugu82: folds
Uncalled bet ($2) returned to ChOfW
ChOfW collected $2 from pot
ChOfW: doesn't show hand
*** SUMMARY ***
Total pot $2 | Rake $0
Seat 3: fugu82 (button) (small blind) folded before Flop
Seat 4: ChOfW (big blind) collected ($2)


PokerStars Hand #148687971410:  Hold'em Limit ($3/$6 USD) - 2016/02/12 15:02:27 ET
Table 'Centaurus II' 6-max Seat #4 is the button
Seat 3: fugu82 ($173.36 in chips)
Seat 4: ChOfW ($92.50 in chips)
ChOfW: posts small blind $1
fugu82: posts big blind $3
*** HOLE CARDS ***
ChOfW: raises $3 to $6
fugu82: calls $3
*** FLOP *** [8c 4h 5d]
fugu82: checks
ChOfW: bets $3
fugu82: calls $3
*** TURN *** [8c 4h 5d] [7d]
fugu82: checks
ChOfW: checks
*** RIVER *** [8c 4h 5d 7d] [8d]
fugu82: checks
ChOfW: bets $6
fugu82: folds
Uncalled bet ($6) returned to ChOfW
ChOfW collected $17.64 from pot
ChOfW: doesn't show hand
*** SUMMARY ***
Total pot $18 | Rake $0.36
Board [8c 4h 5d 7d 8d]
Seat 3: fugu82 (big blind) folded on the River
Seat 4: ChOfW (button) (small blind) collected ($17.64)


PokerStars Hand #148687946408:  Hold'em Limit ($3/$6 USD) - 2016/02/12 15:02:03 ET
Table 'Centaurus II' 6-max Seat #3 is the button
Seat 3: fugu82 ($200.36 in chips)
Seat 4: ChOfW ($66 in chips)
fugu82: posts small blind $1
ChOfW: posts big blind $3
*** HOLE CARDS ***
fugu82: raises $3 to $6
ChOfW: calls $3
*** FLOP *** [5d 5s 5h]
ChOfW: checks
fugu82: bets $3
ChOfW: calls $3
*** TURN *** [5d 5s 5h] [Ts]
ChOfW: checks
fugu82: bets $6
ChOfW: raises $6 to $12
fugu82: calls $6
*** RIVER *** [5d 5s 5h Ts] [4s]
ChOfW: bets $6
fugu82: calls $6
*** SHOW DOWN ***
ChOfW: shows [5c Kc] (four of a kind, Fives)
fugu82: mucks hand
ChOfW collected $53.50 from pot
*** SUMMARY ***
Total pot $54 | Rake $0.50
Board [5d 5s 5h Ts 4s]
Seat 3: fugu82 (button) (small blind) mucked
Seat 4: ChOfW (big blind) showed [5c Kc] and won ($53.50) with four of a kind, Fives


PokerStars Hand #148687930245:  Hold'em Limit ($3/$6 USD) - 2016/02/12 15:01:48 ET
Table 'Centaurus II' 6-max Seat #4 is the button
Seat 3: fugu82 ($199.36 in chips)
Seat 4: ChOfW ($66 in chips)
ChOfW: posts small blind $1
fugu82: posts big blind $3
*** HOLE CARDS ***
ChOfW: folds
Uncalled bet ($2) returned to fugu82
fugu82 collected $2 from pot
*** SUMMARY ***
Total pot $2 | Rake $0
Seat 3: fugu82 (big blind) collected ($2)
Seat 4: ChOfW (button) (small blind) folded before Flop


PokerStars Hand #148687999520:  Hold'em Limit ($3/$6 USD) - 2016/02/12 15:02:54 ET
Table 'Centaurus II' 6-max Seat #3 is the button
Seat 3: fugu82 ($160.36 in chips)
Seat 4: ChOfW ($105.14 in chips)
fugu82: posts small blind $1
ChOfW: posts big blind $3
*** HOLE CARDS ***
fugu82: raises $3 to $6
ChOfW: calls $3
*** FLOP *** [8s 5c 9s]
ChOfW: checks
nedo1414 joins the table at seat #6
fugu82: bets $3
ChOfW: calls $3
*** TURN *** [8s 5c 9s] [As]
ChOfW: checks
fugu82: bets $6
ChOfW: calls $6
*** RIVER *** [8s 5c 9s As] [4h]
ChOfW: checks
fugu82: bets $6
ChOfW: calls $6
*** SHOW DOWN ***
fugu82: shows [Qh 9h] (a pair of Nines)
ChOfW: mucks hand
fugu82 collected $41.50 from pot
*** SUMMARY ***
Total pot $42 | Rake $0.50
Board [8s 5c 9s As 4h]
Seat 3: fugu82 (button) (small blind) showed [Qh 9h] and won ($41.50) with a pair of Nines
Seat 4: ChOfW (big blind) mucked


PokerStars Hand #148687993859:  Hold'em Limit ($3/$6 USD) - 2016/02/12 15:02:49 ET
Table 'Centaurus II' 6-max Seat #4 is the button
Seat 3: fugu82 ($163.36 in chips)
Seat 4: ChOfW ($102.14 in chips)
ChOfW: posts small blind $1
fugu82: posts big blind $3
*** HOLE CARDS ***
ChOfW: raises $3 to $6
fugu82: folds
Uncalled bet ($3) returned to ChOfW
ChOfW collected $6 from pot
ChOfW: doesn't show hand
*** SUMMARY ***
Total pot $6 | Rake $0
Seat 3: fugu82 (big blind) folded before Flop
Seat 4: ChOfW (button) (small blind) collected ($6)


PokerStars Hand #148688399275:  Hold'em Limit ($3/$6 USD) - 2016/02/12 15:09:15 ET
Table 'Centaurus II' 6-max Seat #3 is the button
Seat 3: fugu82 ($184.30 in chips)
Seat 4: ChOfW ($134.09 in chips)
fugu82: posts small blind $1
ChOfW: posts big blind $3
*** HOLE CARDS ***
fugu82: folds
Uncalled bet ($2) returned to ChOfW
ChOfW collected $2 from pot
ChOfW: doesn't show hand
*** SUMMARY ***
Total pot $2 | Rake $0
Seat 3: fugu82 (button) (small blind) folded before Flop
Seat 4: ChOfW (big blind) collected ($2)


PokerStars Hand #148688377184:  Hold'em Limit ($3/$6 USD) - 2016/02/12 15:08:54 ET
Table 'Centaurus II' 6-max Seat #4 is the button
Seat 3: fugu82 ($205.30 in chips)
Seat 4: ChOfW ($113.59 in chips)
ChOfW: posts small blind $1
fugu82: posts big blind $3
*** HOLE CARDS ***
xcgxcg2005 leaves the table
ChOfW: raises $3 to $6
fugu82: calls $3
*** FLOP *** [6c 2c Kd]
fugu82: checks
ChOfW: bets $3
fugu82: calls $3
*** TURN *** [6c 2c Kd] [As]
fugu82: checks
ChOfW: bets $6
fugu82: calls $6
*** RIVER *** [6c 2c Kd As] [8d]
fugu82: checks
ChOfW: bets $6
fugu82: calls $6
*** SHOW DOWN ***
ChOfW: shows [Ah 6s] (two pair, Aces and Sixes)
fugu82: mucks hand
ChOfW collected $41.50 from pot
*** SUMMARY ***
Total pot $42 | Rake $0.50
Board [6c 2c Kd As 8d]
Seat 3: fugu82 (big blind) mucked
Seat 4: ChOfW (button) (small blind) showed [Ah 6s] and won ($41.50) with two pair, Aces and Sixes


PokerStars Hand #148688431622:  Hold'em Limit ($3/$6 USD) - 2016/02/12 15:09:46 ET
Table 'Centaurus II' 6-max Seat #4 is the button
Seat 3: fugu82 ($165.06 in chips)
Seat 4: ChOfW ($152.59 in chips)
ChOfW: posts small blind $1
fugu82: posts big blind $3
*** HOLE CARDS ***
ChOfW: raises $3 to $6
fugu82: calls $3
*** FLOP *** [Jd As 6h]
fugu82: checks
ChOfW: bets $3
fugu82: folds
Uncalled bet ($3) returned to ChOfW
ChOfW collected $11.76 from pot
ChOfW: doesn't show hand
*** SUMMARY ***
Total pot $12 | Rake $0.24
Board [Jd As 6h]
Seat 3: fugu82 (big blind) folded on the Flop
Seat 4: ChOfW (button) (small blind) collected ($11.76)


PokerStars Hand #148688404406:  Hold'em Limit ($3/$6 USD) - 2016/02/12 15:09:20 ET
Table 'Centaurus II' 6-max Seat #4 is the button
Seat 3: fugu82 ($183.30 in chips)
Seat 4: ChOfW ($135.09 in chips)
ChOfW: posts small blind $1
fugu82: posts big blind $3
*** HOLE CARDS ***
ChOfW: raises $3 to $6
fugu82: raises $3 to $9
ChOfW: calls $3
*** FLOP *** [Ks Jh 3h]
fugu82: bets $3
ChOfW: calls $3
*** TURN *** [Ks Jh 3h] [2d]
fugu82: bets $6
ChOfW: calls $6
*** RIVER *** [Ks Jh 3h 2d] [8d]
fugu82: checks
ChOfW: bets $6
fugu82: calls $6
*** SHOW DOWN ***
ChOfW: shows [Qh Jd] (a pair of Jacks)
fugu82: mucks hand
ChOfW collected $47.50 from pot
*** SUMMARY ***
Total pot $48 | Rake $0.50
Board [Ks Jh 3h 2d 8d]
Seat 3: fugu82 (big blind) mucked
Seat 4: ChOfW (button) (small blind) showed [Qh Jd] and won ($47.50) with a pair of Jacks


PokerStars Hand #148688423380:  Hold'em Limit ($3/$6 USD) - 2016/02/12 15:09:38 ET
Table 'Centaurus II' 6-max Seat #3 is the button
Seat 3: fugu82 ($159.30 in chips)
Seat 4: ChOfW ($158.59 in chips)
fugu82: posts small blind $1
ChOfW: posts big blind $3
*** HOLE CARDS ***
fugu82: raises $3 to $6
ChOfW: calls $3
*** FLOP *** [Kd Qh Ts]
ChOfW: checks
fugu82: bets $3
ChOfW: folds
Uncalled bet ($3) returned to fugu82
fugu82 collected $11.76 from pot
*** SUMMARY ***
Total pot $12 | Rake $0.24
Board [Kd Qh Ts]
Seat 3: fugu82 (button) (small blind) collected ($11.76)
Seat 4: ChOfW (big blind) folded on the Flop


PokerStars Hand #148688606970:  Hold'em Limit ($3/$6 USD) - 2016/02/12 15:12:35 ET
Table 'Centaurus II' 6-max Seat #4 is the button
Seat 1: VolkovDmitri ($120 in chips)
Seat 4: hairy1961 ($60 in chips)
hairy1961: posts small blind $1
VolkovDmitri: posts big blind $3
*** HOLE CARDS ***
hairy1961: raises $3 to $6
VolkovDmitri: raises $3 to $9
hairy1961: calls $3
*** FLOP *** [4d 5c Ks]
VolkovDmitri: bets $3
hairy1961: calls $3
*** TURN *** [4d 5c Ks] [7h]
VolkovDmitri: checks
hairy1961: checks
*** RIVER *** [4d 5c Ks 7h] [Jh]
VolkovDmitri: bets $6
hairy1961: folds
Uncalled bet ($6) returned to VolkovDmitri
VolkovDmitri collected $23.52 from pot
VolkovDmitri: doesn't show hand
*** SUMMARY ***
Total pot $24 | Rake $0.48
Board [4d 5c Ks 7h Jh]
Seat 1: VolkovDmitri (big blind) collected ($23.52)
Seat 4: hairy1961 (button) (small blind) folded on the River


PokerStars Hand #148688637363:  Hold'em Limit ($3/$6 USD) - 2016/02/12 15:13:04 ET
Table 'Centaurus II' 6-max Seat #1 is the button
Seat 1: VolkovDmitri ($131.52 in chips)
Seat 4: hairy1961 ($48 in chips)
VolkovDmitri: posts small blind $1
hairy1961: posts big blind $3
*** HOLE CARDS ***
VolkovDmitri: raises $3 to $6
hairy1961: raises $3 to $9
VolkovDmitri: calls $3
*** FLOP *** [4s 2d 8h]
hairy1961: bets $3
VolkovDmitri: calls $3
*** TURN *** [4s 2d 8h] [7c]
hairy1961: bets $6
VolkovDmitri: raises $6 to $12
hairy1961: calls $6
*** RIVER *** [4s 2d 8h 7c] [2c]
hairy1961: bets $6
VolkovDmitri: calls $6
*** SHOW DOWN ***
hairy1961: shows [Jd Qh] (a pair of Deuces)
VolkovDmitri: shows [Kc 7d] (two pair, Sevens and Deuces)
VolkovDmitri collected $59.50 from pot
*** SUMMARY ***
Total pot $60 | Rake $0.50
Board [4s 2d 8h 7c 2c]
Seat 1: VolkovDmitri (button) (small blind) showed [Kc 7d] and won ($59.50) with two pair, Sevens and Deuces
Seat 4: hairy1961 (big blind) showed [Jd Qh] and lost with a pair of Deuces


PokerStars Hand #148688689919:  Hold'em Limit ($3/$6 USD) - 2016/02/12 15:13:55 ET
Table 'Centaurus II' 6-max Seat #4 is the button
Seat 1: VolkovDmitri ($161.02 in chips)
Seat 4: hairy1961 ($17.88 in chips)
hairy1961: posts small blind $1
VolkovDmitri: posts big blind $3
*** HOLE CARDS ***
hairy1961: raises $3 to $6
VolkovDmitri: calls $3
*** FLOP *** [Td Kd Qd]
VolkovDmitri: checks
hairy1961: bets $3
VolkovDmitri: folds
Uncalled bet ($3) returned to hairy1961
hairy1961 collected $11.76 from pot
hairy1961: doesn't show hand
*** SUMMARY ***
Total pot $12 | Rake $0.24
Board [Td Kd Qd]
Seat 1: VolkovDmitri (big blind) folded on the Flop
Seat 4: hairy1961 (button) (small blind) collected ($11.76)


PokerStars Hand #148688668838:  Hold'em Limit ($3/$6 USD) - 2016/02/12 15:13:35 ET
Table 'Centaurus II' 6-max Seat #4 is the button
Seat 1: VolkovDmitri ($161.02 in chips)
Seat 4: hairy1961 ($18 in chips)
hairy1961: posts small blind $1
VolkovDmitri: posts big blind $3
*** HOLE CARDS ***
hairy1961: calls $2
VolkovDmitri: checks
*** FLOP *** [7d Ks 9h]
VolkovDmitri: checks
hairy1961: bets $3
VolkovDmitri: folds
Uncalled bet ($3) returned to hairy1961
hairy1961 collected $5.88 from pot
hairy1961: doesn't show hand
*** SUMMARY ***
Total pot $6 | Rake $0.12
Board [7d Ks 9h]
Seat 1: VolkovDmitri (big blind) folded on the Flop
Seat 4: hairy1961 (button) (small blind) collected ($5.88)


PokerStars Hand #148688683775:  Hold'em Limit ($3/$6 USD) - 2016/02/12 15:13:49 ET
Table 'Centaurus II' 6-max Seat #1 is the button
Seat 1: VolkovDmitri ($158.02 in chips)
Seat 4: hairy1961 ($20.88 in chips)
VolkovDmitri: posts small blind $1
hairy1961: posts big blind $3
*** HOLE CARDS ***
VolkovDmitri: raises $3 to $6
hairy1961: folds
Uncalled bet ($3) returned to VolkovDmitri
VolkovDmitri collected $6 from pot
VolkovDmitri: doesn't show hand
*** SUMMARY ***
Total pot $6 | Rake $0
Seat 1: VolkovDmitri (button) (small blind) collected ($6)
Seat 4: hairy1961 (big blind) folded before Flop


PokerStars Hand #148688704662:  Hold'em Limit ($3/$6 USD) - 2016/02/12 15:14:09 ET
Table 'Centaurus II' 6-max Seat #1 is the button
Seat 1: VolkovDmitri ($155.02 in chips)
Seat 4: hairy1961 ($23.64 in chips)
VolkovDmitri: posts small blind $1
hairy1961: posts big blind $3
*** HOLE CARDS ***
VolkovDmitri: raises $3 to $6
hairy1961: folds
Uncalled bet ($3) returned to VolkovDmitri
R6rider06 joins the table at seat #3
VolkovDmitri collected $6 from pot
VolkovDmitri: doesn't show hand
*** SUMMARY ***
Total pot $6 | Rake $0
Seat 1: VolkovDmitri (button) (small blind) collected ($6)
Seat 4: hairy1961 (big blind) folded before Flop


PokerStars Hand #148688715817:  Hold'em Limit ($3/$6 USD) - 2016/02/12 15:14:20 ET
Table 'Centaurus II' 6-max Seat #4 is the button
Seat 1: VolkovDmitri ($158.02 in chips)
Seat 4: hairy1961 ($20.64 in chips)
hairy1961: posts small blind $1
VolkovDmitri: posts big blind $3
*** HOLE CARDS ***
hairy1961: raises $3 to $6
VolkovDmitri: calls $3
*** FLOP *** [Kc 5d Th]
VolkovDmitri: checks
hairy1961: bets $3
VolkovDmitri: folds
Uncalled bet ($3) returned to hairy1961
hairy1961 collected $11.76 from pot
hairy1961: doesn't show hand
*** SUMMARY ***
Total pot $12 | Rake $0.24
Board [Kc 5d Th]
Seat 1: VolkovDmitri (big blind) folded on the Flop
Seat 4: hairy1961 (button) (small blind) collected ($11.76)


PokerStars Hand #148688978218:  Hold'em Limit ($3/$6 USD) - 2016/02/12 15:18:32 ET
Table 'Centaurus II' 6-max Seat #1 is the button
Seat 1: VolkovDmitri ($193.26 in chips)
Seat 3: R6rider06 ($96.54 in chips)
VolkovDmitri: posts small blind $1
R6rider06: posts big blind $3
*** HOLE CARDS ***
VolkovDmitri: raises $3 to $6
R6rider06: folds
Uncalled bet ($3) returned to VolkovDmitri
VolkovDmitri collected $6 from pot
VolkovDmitri: doesn't show hand
*** SUMMARY ***
Total pot $6 | Rake $0
Seat 1: VolkovDmitri (button) (small blind) collected ($6)
Seat 3: R6rider06 (big blind) folded before Flop


PokerStars Hand #148688989076:  Hold'em Limit ($3/$6 USD) - 2016/02/12 15:18:43 ET
Table 'Centaurus II' 6-max Seat #3 is the button
Seat 1: VolkovDmitri ($196.26 in chips)
Seat 3: R6rider06 ($93.54 in chips)
R6rider06: posts small blind $1
VolkovDmitri: posts big blind $3
*** HOLE CARDS ***
R6rider06: raises $3 to $6
VolkovDmitri: calls $3
*** FLOP *** [Kc As 9c]
VolkovDmitri: checks
R6rider06: bets $3
VolkovDmitri: calls $3
*** TURN *** [Kc As 9c] [9s]
VolkovDmitri: checks
R6rider06: bets $6
VolkovDmitri: calls $6
*** RIVER *** [Kc As 9c 9s] [3s]
VolkovDmitri: checks
R6rider06: bets $6
VolkovDmitri: calls $6
*** SHOW DOWN ***
R6rider06: shows [Qs 4s] (a flush, Ace high)
VolkovDmitri: mucks hand
R6rider06 collected $41.50 from pot
*** SUMMARY ***
Total pot $42 | Rake $0.50
Board [Kc As 9c 9s 3s]
Seat 1: VolkovDmitri (big blind) mucked
Seat 3: R6rider06 (button) (small blind) showed [Qs 4s] and won ($41.50) with a flush, Ace high


PokerStars Hand #148688972100:  Hold'em Limit ($3/$6 USD) - 2016/02/12 15:18:27 ET
Table 'Centaurus II' 6-max Seat #3 is the button
Seat 1: VolkovDmitri ($192.26 in chips)
Seat 3: R6rider06 ($97.54 in chips)
R6rider06: posts small blind $1
VolkovDmitri: posts big blind $3
*** HOLE CARDS ***
R6rider06: folds
Uncalled bet ($2) returned to VolkovDmitri
VolkovDmitri collected $2 from pot
VolkovDmitri: doesn't show hand
hairy1961 leaves the table
*** SUMMARY ***
Total pot $2 | Rake $0
Seat 1: VolkovDmitri (big blind) collected ($2)
Seat 3: R6rider06 (button) (small blind) folded before Flop


PokerStars Hand #148689026781:  Hold'em Limit ($3/$6 USD) - 2016/02/12 15:19:19 ET
Table 'Centaurus II' 6-max Seat #1 is the button
Seat 1: VolkovDmitri ($175.26 in chips)
Seat 3: R6rider06 ($114.04 in chips)
VolkovDmitri: posts small blind $1
R6rider06: posts big blind $3
*** HOLE CARDS ***
VolkovDmitri: raises $3 to $6
R6rider06: raises $3 to $9
VolkovDmitri: calls $3
*** FLOP *** [8c 7h 8s]
R6rider06: bets $3
VolkovDmitri: raises $3 to $6
R6rider06: raises $3 to $9
VolkovDmitri: calls $3
*** TURN *** [8c 7h 8s] [Ks]
R6rider06: bets $6
VolkovDmitri: calls $6
*** RIVER *** [8c 7h 8s Ks] [8d]
R6rider06: checks
VolkovDmitri: checks
*** SHOW DOWN ***
R6rider06: shows [Qd As] (three of a kind, Eights)
VolkovDmitri: shows [Jh 7s] (a full house, Eights full of Sevens)
VolkovDmitri collected $47.50 from pot
*** SUMMARY ***
Total pot $48 | Rake $0.50
Board [8c 7h 8s Ks 8d]
Seat 1: VolkovDmitri (button) (small blind) showed [Jh 7s] and won ($47.50) with a full house, Eights full of Sevens
Seat 3: R6rider06 (big blind) showed [Qd As] and lost with three of a kind, Eights


PokerStars Hand #148689082559:  Hold'em Limit ($3/$6 USD) - 2016/02/12 15:20:13 ET
Table 'Centaurus II' 6-max Seat #1 is the button
Seat 1: VolkovDmitri ($195.76 in chips)
Seat 3: R6rider06 ($93.04 in chips)
VolkovDmitri: posts small blind $1
R6rider06: posts big blind $3
*** HOLE CARDS ***
VolkovDmitri: folds
Uncalled bet ($2) returned to R6rider06
R6rider06 collected $2 from pot
R6rider06: doesn't show hand
*** SUMMARY ***
Total pot $2 | Rake $0
Seat 1: VolkovDmitri (button) (small blind) folded before Flop
Seat 3: R6rider06 (big blind) collected ($2)


PokerStars Hand #148689075426:  Hold'em Limit ($3/$6 USD) - 2016/02/12 15:20:06 ET
Table 'Centaurus II' 6-max Seat #3 is the button
Seat 1: VolkovDmitri ($198.76 in chips)
Seat 3: R6rider06 ($90.04 in chips)
R6rider06: posts small blind $1
VolkovDmitri: posts big blind $3
*** HOLE CARDS ***
R6rider06: raises $3 to $6
VolkovDmitri: folds
Uncalled bet ($3) returned to R6rider06
R6rider06 collected $6 from pot
R6rider06: doesn't show hand
*** SUMMARY ***
Total pot $6 | Rake $0
Seat 1: VolkovDmitri (big blind) folded before Flop
Seat 3: R6rider06 (button) (small blind) collected ($6)


PokerStars Hand #148689130551:  Hold'em Limit ($3/$6 USD) - 2016/02/12 15:21:00 ET
Table 'Centaurus II' 6-max Seat #3 is the button
Seat 1: VolkovDmitri ($161.76 in chips)
Seat 3: R6rider06 ($126.18 in chips)
R6rider06: posts small blind $1
VolkovDmitri: posts big blind $3
*** HOLE CARDS ***
R6rider06: raises $3 to $6
VolkovDmitri: calls $3
*** FLOP *** [2d Ks 3d]
VolkovDmitri: checks
R6rider06: checks
*** TURN *** [2d Ks 3d] [2s]
VolkovDmitri: bets $6
R6rider06: calls $6
*** RIVER *** [2d Ks 3d 2s] [Ts]
VolkovDmitri: checks
R6rider06: checks
*** SHOW DOWN ***
VolkovDmitri: shows [4c 5s] (a pair of Deuces)
R6rider06: shows [9s 7h] (a pair of Deuces - King+Ten+Nine kicker)
R6rider06 collected $23.52 from pot
*** SUMMARY ***
Total pot $24 | Rake $0.48
Board [2d Ks 3d 2s Ts]
Seat 1: VolkovDmitri (big blind) showed [4c 5s] and lost with a pair of Deuces
Seat 3: R6rider06 (button) (small blind) showed [9s 7h] and won ($23.52) with a pair of Deuces


PokerStars Hand #148689088730:  Hold'em Limit ($3/$6 USD) - 2016/02/12 15:20:19 ET
Table 'Centaurus II' 6-max Seat #3 is the button
Seat 1: VolkovDmitri ($194.76 in chips)
Seat 3: R6rider06 ($94.04 in chips)
R6rider06: posts small blind $1
VolkovDmitri: posts big blind $3
*** HOLE CARDS ***
R6rider06: raises $3 to $6
VolkovDmitri: calls $3
*** FLOP *** [Qh Kc 3d]
VolkovDmitri: checks
R6rider06: bets $3
VolkovDmitri: raises $3 to $6
R6rider06: calls $3
*** TURN *** [Qh Kc 3d] [5c]
VolkovDmitri: bets $6
R6rider06: calls $6
*** RIVER *** [Qh Kc 3d 5c] [Qs]
VolkovDmitri: bets $6
R6rider06: calls $6
*** SHOW DOWN ***
VolkovDmitri: shows [4c Jc] (a pair of Queens)
R6rider06: shows [7h 5s] (two pair, Queens and Fives)
R6rider06 collected $47.50 from pot
*** SUMMARY ***
Total pot $48 | Rake $0.50
Board [Qh Kc 3d 5c Qs]
Seat 1: VolkovDmitri (big blind) showed [4c Jc] and lost with a pair of Queens
Seat 3: R6rider06 (button) (small blind) showed [7h 5s] and won ($47.50) with two pair, Queens and Fives


PokerStars Hand #148689113346:  Hold'em Limit ($3/$6 USD) - 2016/02/12 15:20:43 ET
Table 'Centaurus II' 6-max Seat #1 is the button
Seat 1: VolkovDmitri ($170.76 in chips)
Seat 3: R6rider06 ($117.54 in chips)
VolkovDmitri: posts small blind $1
R6rider06: posts big blind $3
*** HOLE CARDS ***
VolkovDmitri: raises $3 to $6
R6rider06: raises $3 to $9
VolkovDmitri: calls $3
*** FLOP *** [Qh 6c 6h]
R6rider06: bets $3
VolkovDmitri: folds
Uncalled bet ($3) returned to R6rider06
R6rider06 collected $17.64 from pot
R6rider06: doesn't show hand
*** SUMMARY ***
Total pot $18 | Rake $0.36
Board [Qh 6c 6h]
Seat 1: VolkovDmitri (button) (small blind) folded on the Flop
Seat 3: R6rider06 (big blind) collected ($17.64)


PokerStars Hand #148689150033:  Hold'em Limit ($3/$6 USD) - 2016/02/12 15:21:19 ET
Table 'Centaurus II' 6-max Seat #1 is the button
Seat 1: VolkovDmitri ($149.76 in chips)
Seat 3: R6rider06 ($137.70 in chips)
VolkovDmitri: posts small blind $1
R6rider06: posts big blind $3
*** HOLE CARDS ***
VolkovDmitri: raises $3 to $6
R6rider06: raises $3 to $9
VolkovDmitri: calls $3
*** FLOP *** [3s 4c 5s]
R6rider06: bets $3
VolkovDmitri: calls $3
*** TURN *** [3s 4c 5s] [Qh]
R6rider06: bets $6
VolkovDmitri: folds
Uncalled bet ($6) returned to R6rider06
R6rider06 collected $23.52 from pot
R6rider06: doesn't show hand
*** SUMMARY ***
Total pot $24 | Rake $0.48
Board [3s 4c 5s Qh]
Seat 1: VolkovDmitri (button) (small blind) folded on the Turn
Seat 3: R6rider06 (big blind) collected ($23.52)


PokerStars Hand #148689192369:  Hold'em Limit ($3/$6 USD) - 2016/02/12 15:22:00 ET
Table 'Centaurus II' 6-max Seat #1 is the button
Seat 1: VolkovDmitri ($131.76 in chips)
Seat 3: R6rider06 ($154.98 in chips)
VolkovDmitri: posts small blind $1
R6rider06: posts big blind $3
*** HOLE CARDS ***
VolkovDmitri: raises $3 to $6
R6rider06: calls $3
*** FLOP *** [Tc 2c As]
R6rider06: checks
VolkovDmitri: bets $3
R6rider06: folds
Uncalled bet ($3) returned to VolkovDmitri
VolkovDmitri collected $11.76 from pot
VolkovDmitri: doesn't show hand
*** SUMMARY ***
Total pot $12 | Rake $0.24
Board [Tc 2c As]
Seat 1: VolkovDmitri (button) (small blind) collected ($11.76)
Seat 3: R6rider06 (big blind) folded on the Flop


PokerStars Hand #148689177091:  Hold'em Limit ($3/$6 USD) - 2016/02/12 15:21:45 ET
Table 'Centaurus II' 6-max Seat #3 is the button
Seat 1: VolkovDmitri ($137.76 in chips)
Seat 3: R6rider06 ($149.22 in chips)
R6rider06: posts small blind $1
VolkovDmitri: posts big blind $3
*** HOLE CARDS ***
R6rider06: raises $3 to $6
ChOfW joins the table at seat #4
VolkovDmitri: calls $3
*** FLOP *** [Qh 3d Ac]
VolkovDmitri: checks
R6rider06: bets $3
VolkovDmitri: folds
Uncalled bet ($3) returned to R6rider06
R6rider06 collected $11.76 from pot
R6rider06: doesn't show hand
*** SUMMARY ***
Total pot $12 | Rake $0.24
Board [Qh 3d Ac]
Seat 1: VolkovDmitri (big blind) folded on the Flop
Seat 3: R6rider06 (button) (small blind) collected ($11.76)


PokerStars Hand #148691285028:  Hold'em Limit ($3/$6 USD) - 2016/02/12 15:55:58 ET
Table 'Centaurus II' 6-max Seat #4 is the button
Seat 4: hossi399 ($120 in chips)
Seat 5: ChOfW ($66 in chips)
hossi399: posts small blind $1
ChOfW: posts big blind $3
*** HOLE CARDS ***
hossi399: raises $3 to $6
ChOfW: calls $3
*** FLOP *** [Jd 9c 5h]
ChOfW: checks
hossi399: bets $3
ChOfW: calls $3
*** TURN *** [Jd 9c 5h] [3h]
ChOfW: checks
hossi399: checks
*** RIVER *** [Jd 9c 5h 3h] [3s]
ChOfW: bets $6
hossi399: folds
Uncalled bet ($6) returned to ChOfW
ChOfW collected $17.64 from pot
ChOfW: doesn't show hand
*** SUMMARY ***
Total pot $18 | Rake $0.36
Board [Jd 9c 5h 3h 3s]
Seat 4: hossi399 (button) (small blind) folded on the River
Seat 5: ChOfW (big blind) collected ($17.64)


PokerStars Hand #148691309221:  Hold'em Limit ($3/$6 USD) - 2016/02/12 15:56:28 ET
Table 'Centaurus II' 6-max Seat #5 is the button
Seat 4: hossi399 ($111 in chips)
Seat 5: ChOfW ($74.64 in chips)
ChOfW: posts small blind $1
hossi399: posts big blind $3
*** HOLE CARDS ***
ChOfW: raises $3 to $6
hossi399: calls $3
*** FLOP *** [Ah 2d 4d]
hossi399: checks
ChOfW: bets $3
hossi399: raises $3 to $6
ChOfW: calls $3
*** TURN *** [Ah 2d 4d] [4s]
hossi399: checks
ChOfW: checks
*** RIVER *** [Ah 2d 4d 4s] [8h]
hossi399: checks
ChOfW: checks
*** SHOW DOWN ***
hossi399: shows [7h 5h] (a pair of Fours)
ChOfW: shows [Jh 2c] (two pair, Fours and Deuces)
ChOfW collected $23.52 from pot
krytalex joins the table at seat #6
*** SUMMARY ***
Total pot $24 | Rake $0.48
Board [Ah 2d 4d 4s 8h]
Seat 4: hossi399 (big blind) showed [7h 5h] and lost with a pair of Fours
Seat 5: ChOfW (button) (small blind) showed [Jh 2c] and won ($23.52) with two pair, Fours and Deuces


PokerStars Hand #148691326444:  Hold'em Limit ($3/$6 USD) - 2016/02/12 15:56:49 ET
Table 'Centaurus II' 6-max Seat #4 is the button
Seat 4: hossi399 ($99 in chips)
Seat 5: ChOfW ($86.16 in chips)
hossi399: posts small blind $1
ChOfW: posts big blind $3
*** HOLE CARDS ***
hossi399: folds
Uncalled bet ($2) returned to ChOfW
ChOfW collected $2 from pot
ChOfW: doesn't show hand
*** SUMMARY ***
Total pot $2 | Rake $0
Seat 4: hossi399 (button) (small blind) folded before Flop
Seat 5: ChOfW (big blind) collected ($2)


