PokerStars Hand #172172318852:  Hold'em Limit ($3/$6 USD) - 2017/06/24 7:31:11 ET
Table 'Centaurus' 6-max Seat #2 is the button
Seat 1: Cowgirlgea ($108.12 in chips)
Seat 2: AzureCaper ($73 in chips)
AzureCaper: posts small blind $1
Cowgirlgea: posts big blind $3
*** HOLE CARDS ***
AzureCaper: raises $3 to $6
Cowgirlgea: calls $3
*** FLOP *** [Qd Ts 6d]
Cowgirlgea: checks
AzureCaper: bets $3
Cowgirlgea: calls $3
*** TURN *** [Qd Ts 6d] [3s]
Cowgirlgea: bets $6
AzureCaper: calls $6
*** RIVER *** [Qd Ts 6d 3s] [Ad]
Cowgirlgea: checks
AzureCaper: bets $6
Cowgirlgea: calls $6
*** SHOW DOWN ***
AzureCaper: shows [Kd 3d] (a flush, Ace high)
Cowgirlgea: mucks hand
AzureCaper collected $41.50 from pot
*** SUMMARY ***
Total pot $42 | Rake $0.50
Board [Qd Ts 6d 3s Ad]
Seat 1: Cowgirlgea (big blind) mucked
Seat 2: AzureCaper (button) (small blind) showed [Kd 3d] and won ($41.50) with a flush, Ace high


PokerStars Hand #172172314935:  Hold'em Limit ($3/$6 USD) - 2017/06/24 7:31:02 ET
Table 'Centaurus' 6-max Seat #1 is the button
Seat 1: Cowgirlgea ($109.12 in chips)
Seat 2: AzureCaper ($72 in chips)
Cowgirlgea: posts small blind $1
Agrotait leaves the table
AzureCaper: posts big blind $3
*** HOLE CARDS ***
Cowgirlgea: folds
Uncalled bet ($2) returned to AzureCaper
AzureCaper collected $2 from pot
AzureCaper: doesn't show hand
*** SUMMARY ***
Total pot $2 | Rake $0
Seat 1: Cowgirlgea (button) (small blind) folded before Flop
Seat 2: AzureCaper (big blind) collected ($2)


PokerStars Hand #172172331579:  Hold'em Limit ($3/$6 USD) - 2017/06/24 7:31:40 ET
Table 'Centaurus' 6-max Seat #1 is the button
Seat 1: Cowgirlgea ($87.12 in chips)
Seat 2: AzureCaper ($93.50 in chips)
Cowgirlgea: posts small blind $1
AzureCaper: posts big blind $3
*** HOLE CARDS ***
Cowgirlgea: raises $3 to $6
AzureCaper: folds
Uncalled bet ($3) returned to Cowgirlgea
Cowgirlgea collected $6 from pot
Cowgirlgea: doesn't show hand
*** SUMMARY ***
Total pot $6 | Rake $0
Seat 1: Cowgirlgea (button) (small blind) collected ($6)
Seat 2: AzureCaper (big blind) folded before Flop


PokerStars Hand #172172341146:  Hold'em Limit ($3/$6 USD) - 2017/06/24 7:32:01 ET
Table 'Centaurus' 6-max Seat #2 is the button
Seat 1: Cowgirlgea ($90.12 in chips)
Seat 2: AzureCaper ($90.50 in chips)
AzureCaper: posts small blind $1
Cowgirlgea: posts big blind $3
*** HOLE CARDS ***
AzureCaper: raises $3 to $6
Cowgirlgea: raises $3 to $9
AzureCaper: calls $3
*** FLOP *** [5d 8c 8s]
Cowgirlgea: bets $3
AzureCaper: calls $3
*** TURN *** [5d 8c 8s] [Qd]
Cowgirlgea: checks
AzureCaper: bets $6
Cowgirlgea: calls $6
*** RIVER *** [5d 8c 8s Qd] [Ks]
Cowgirlgea: bets $6
AzureCaper: calls $6
*** SHOW DOWN ***
Cowgirlgea: shows [Kd Ac] (two pair, Kings and Eights)
AzureCaper: mucks hand
Cowgirlgea collected $47.50 from pot
*** SUMMARY ***
Total pot $48 | Rake $0.50
Board [5d 8c 8s Qd Ks]
Seat 1: Cowgirlgea (big blind) showed [Kd Ac] and won ($47.50) with two pair, Kings and Eights
Seat 2: AzureCaper (button) (small blind) mucked


PokerStars Hand #172172338745:  Hold'em Limit ($3/$6 USD) - 2017/06/24 7:31:56 ET
Table 'Centaurus' 6-max Seat #1 is the button
Seat 1: Cowgirlgea ($91.12 in chips)
Seat 2: AzureCaper ($89.50 in chips)
Cowgirlgea: posts small blind $1
AzureCaper: posts big blind $3
*** HOLE CARDS ***
Cowgirlgea: folds
Uncalled bet ($2) returned to AzureCaper
AzureCaper collected $2 from pot
AzureCaper: doesn't show hand
*** SUMMARY ***
Total pot $2 | Rake $0
Seat 1: Cowgirlgea (button) (small blind) folded before Flop
Seat 2: AzureCaper (big blind) collected ($2)


PokerStars Hand #172172335854:  Hold'em Limit ($3/$6 USD) - 2017/06/24 7:31:50 ET
Table 'Centaurus' 6-max Seat #2 is the button
Seat 1: Cowgirlgea ($90.12 in chips)
Seat 2: AzureCaper ($90.50 in chips)
AzureCaper: posts small blind $1
Cowgirlgea: posts big blind $3
*** HOLE CARDS ***
AzureCaper: folds
Uncalled bet ($2) returned to Cowgirlgea
Cowgirlgea collected $2 from pot
Cowgirlgea: doesn't show hand
*** SUMMARY ***
Total pot $2 | Rake $0
Seat 1: Cowgirlgea (big blind) collected ($2)
Seat 2: AzureCaper (button) (small blind) folded before Flop


PokerStars Hand #172172352160:  Hold'em Limit ($3/$6 USD) - 2017/06/24 7:32:26 ET
Table 'Centaurus' 6-max Seat #1 is the button
Seat 1: Cowgirlgea ($113.62 in chips)
Seat 2: AzureCaper ($72 in chips)
Cowgirlgea: posts small blind $1
AzureCaper: posts big blind $3
*** HOLE CARDS ***
Cowgirlgea: raises $3 to $6
AzureCaper: folds
Uncalled bet ($3) returned to Cowgirlgea
Cowgirlgea collected $6 from pot
Cowgirlgea: doesn't show hand
*** SUMMARY ***
Total pot $6 | Rake $0
Seat 1: Cowgirlgea (button) (small blind) collected ($6)
Seat 2: AzureCaper (big blind) folded before Flop


PokerStars Hand #172172376261:  Hold'em Limit ($3/$6 USD) - 2017/06/24 7:33:20 ET
Table 'Centaurus' 6-max Seat #1 is the button
Seat 1: Cowgirlgea ($131.12 in chips)
Seat 2: AzureCaper ($75 in chips)
Cowgirlgea: posts small blind $1
AzureCaper: posts big blind $3
*** HOLE CARDS ***
Cowgirlgea: raises $3 to $6
AzureCaper: calls $3
*** FLOP *** [6s 8d Ad]
AzureCaper: checks
Cowgirlgea: bets $3
AzureCaper: calls $3
*** TURN *** [6s 8d Ad] [2s]
AzureCaper: checks
Cowgirlgea: checks
*** RIVER *** [6s 8d Ad 2s] [Qs]
AzureCaper: checks
Cowgirlgea: checks
*** SHOW DOWN ***
AzureCaper: shows [6c 3d] (a pair of Sixes)
Cowgirlgea: mucks hand
AzureCaper collected $17.64 from pot
*** SUMMARY ***
Total pot $18 | Rake $0.36
Board [6s 8d Ad 2s Qs]
Seat 1: Cowgirlgea (button) (small blind) mucked
Seat 2: AzureCaper (big blind) showed [6c 3d] and won ($17.64) with a pair of Sixes


PokerStars Hand #172172354798:  Hold'em Limit ($3/$6 USD) - 2017/06/24 7:32:32 ET
Table 'Centaurus' 6-max Seat #2 is the button
Seat 1: Cowgirlgea ($116.62 in chips)
Seat 2: AzureCaper ($72 in chips)
AzureCaper: posts small blind $1
Cowgirlgea: posts big blind $3
*** HOLE CARDS ***
AzureCaper: raises $3 to $6
Cowgirlgea: calls $3
*** FLOP *** [3h Js 3c]
Cowgirlgea: checks
AzureCaper: bets $3
Cowgirlgea: calls $3
*** TURN *** [3h Js 3c] [7d]
Cowgirlgea: checks
AzureCaper: bets $6
Cowgirlgea: calls $6
*** RIVER *** [3h Js 3c 7d] [5c]
Cowgirlgea: checks
AzureCaper: checks
*** SHOW DOWN ***
Cowgirlgea: shows [Ah 5h] (two pair, Fives and Threes)
AzureCaper: mucks hand
Cowgirlgea collected $29.50 from pot
*** SUMMARY ***
Total pot $30 | Rake $0.50
Board [3h Js 3c 7d 5c]
Seat 1: Cowgirlgea (big blind) showed [Ah 5h] and won ($29.50) with two pair, Fives and Threes
Seat 2: AzureCaper (button) (small blind) mucked


PokerStars Hand #172172403826:  Hold'em Limit ($3/$6 USD) - 2017/06/24 7:34:21 ET
Table 'Centaurus' 6-max Seat #2 is the button
Seat 1: Cowgirlgea ($113.12 in chips)
Seat 2: AzureCaper ($92.40 in chips)
AzureCaper: posts small blind $1
Cowgirlgea: posts big blind $3
*** HOLE CARDS ***
AzureCaper: folds
Uncalled bet ($2) returned to Cowgirlgea
Cowgirlgea collected $2 from pot
Cowgirlgea: doesn't show hand
*** SUMMARY ***
Total pot $2 | Rake $0
Seat 1: Cowgirlgea (big blind) collected ($2)
Seat 2: AzureCaper (button) (small blind) folded before Flop


PokerStars Hand #172172396332:  Hold'em Limit ($3/$6 USD) - 2017/06/24 7:34:05 ET
Table 'Centaurus' 6-max Seat #1 is the button
Seat 1: Cowgirlgea ($119.12 in chips)
Seat 2: AzureCaper ($86.64 in chips)
Cowgirlgea: posts small blind $1
AzureCaper: posts big blind $3
*** HOLE CARDS ***
Cowgirlgea: raises $3 to $6
AzureCaper: calls $3
*** FLOP *** [7h 4h Qc]
AzureCaper: checks
Cowgirlgea: checks
*** TURN *** [7h 4h Qc] [5s]
AzureCaper: bets $6
Cowgirlgea: folds
Uncalled bet ($6) returned to AzureCaper
AzureCaper collected $11.76 from pot
AzureCaper: doesn't show hand
*** SUMMARY ***
Total pot $12 | Rake $0.24
Board [7h 4h Qc 5s]
Seat 1: Cowgirlgea (button) (small blind) folded on the Turn
Seat 2: AzureCaper (big blind) collected ($11.76)


PokerStars Hand #172172394243:  Hold'em Limit ($3/$6 USD) - 2017/06/24 7:34:00 ET
Table 'Centaurus' 6-max Seat #2 is the button
Seat 1: Cowgirlgea ($118.12 in chips)
Seat 2: AzureCaper ($87.64 in chips)
AzureCaper: posts small blind $1
Cowgirlgea: posts big blind $3
*** HOLE CARDS ***
AzureCaper: folds
Uncalled bet ($2) returned to Cowgirlgea
Cowgirlgea collected $2 from pot
Cowgirlgea: doesn't show hand
*** SUMMARY ***
Total pot $2 | Rake $0
Seat 1: Cowgirlgea (big blind) collected ($2)
Seat 2: AzureCaper (button) (small blind) folded before Flop


PokerStars Hand #172172406005:  Hold'em Limit ($3/$6 USD) - 2017/06/24 7:34:26 ET
Table 'Centaurus' 6-max Seat #1 is the button
Seat 1: Cowgirlgea ($114.12 in chips)
Seat 2: AzureCaper ($91.40 in chips)
Cowgirlgea: posts small blind $1
AzureCaper: posts big blind $3
*** HOLE CARDS ***
Cowgirlgea: raises $3 to $6
AzureCaper: calls $3
*** FLOP *** [3h 5s Th]
AzureCaper: checks
Cowgirlgea: bets $3
AzureCaper: raises $3 to $6
Cowgirlgea: calls $3
*** TURN *** [3h 5s Th] [4s]
AzureCaper: bets $6
Cowgirlgea: calls $6
*** RIVER *** [3h 5s Th 4s] [2d]
AzureCaper: bets $6
Cowgirlgea: calls $6
*** SHOW DOWN ***
AzureCaper: shows [7c Tc] (a pair of Tens)
Cowgirlgea: shows [Ts 9c] (a pair of Tens - Nine kicker)
Cowgirlgea collected $47.50 from pot
*** SUMMARY ***
Total pot $48 | Rake $0.50
Board [3h 5s Th 4s 2d]
Seat 1: Cowgirlgea (button) (small blind) showed [Ts 9c] and won ($47.50) with a pair of Tens
Seat 2: AzureCaper (big blind) showed [7c Tc] and lost with a pair of Tens


PokerStars Hand #172172436719:  Hold'em Limit ($3/$6 USD) - 2017/06/24 7:35:35 ET
Table 'Centaurus' 6-max Seat #1 is the button
Seat 1: Cowgirlgea ($166.62 in chips)
Seat 2: AzureCaper ($72 in chips)
Cowgirlgea: posts small blind $1
AzureCaper: posts big blind $3
*** HOLE CARDS ***
Cowgirlgea: folds
Uncalled bet ($2) returned to AzureCaper
AzureCaper collected $2 from pot
AzureCaper: doesn't show hand
*** SUMMARY ***
Total pot $2 | Rake $0
Seat 1: Cowgirlgea (button) (small blind) folded before Flop
Seat 2: AzureCaper (big blind) collected ($2)


PokerStars Hand #172172427567:  Hold'em Limit ($3/$6 USD) - 2017/06/24 7:35:14 ET
Table 'Centaurus' 6-max Seat #2 is the button
Seat 1: Cowgirlgea ($146.12 in chips)
Seat 2: AzureCaper ($72 in chips)
AzureCaper: posts small blind $1
Cowgirlgea: posts big blind $3
*** HOLE CARDS ***
AzureCaper: raises $3 to $6
Cowgirlgea: calls $3
*** FLOP *** [Td Qc 6d]
Cowgirlgea: checks
AzureCaper: bets $3
Cowgirlgea: calls $3
*** TURN *** [Td Qc 6d] [2c]
Cowgirlgea: checks
AzureCaper: bets $6
Cowgirlgea: calls $6
*** RIVER *** [Td Qc 6d 2c] [Ts]
Cowgirlgea: checks
AzureCaper: bets $6
Cowgirlgea: calls $6
*** SHOW DOWN ***
AzureCaper: shows [5h 8c] (a pair of Tens)
Cowgirlgea: shows [Ah Jh] (a pair of Tens - Ace kicker)
Cowgirlgea collected $41.50 from pot
*** SUMMARY ***
Total pot $42 | Rake $0.50
Board [Td Qc 6d 2c Ts]
Seat 1: Cowgirlgea (big blind) showed [Ah Jh] and won ($41.50) with a pair of Tens
Seat 2: AzureCaper (button) (small blind) showed [5h 8c] and lost with a pair of Tens


PokerStars Hand #172172413063:  Hold'em Limit ($3/$6 USD) - 2017/06/24 7:34:42 ET
Table 'Centaurus' 6-max Seat #2 is the button
Seat 1: Cowgirlgea ($137.62 in chips)
Seat 2: AzureCaper ($72 in chips)
AzureCaper: posts small blind $1
Cowgirlgea: posts big blind $3
*** HOLE CARDS ***
AzureCaper: raises $3 to $6
Cowgirlgea: calls $3
*** FLOP *** [Qd As 8d]
Cowgirlgea: checks
AzureCaper: bets $3
Cowgirlgea: folds
Uncalled bet ($3) returned to AzureCaper
AzureCaper collected $11.76 from pot
AzureCaper: doesn't show hand
*** SUMMARY ***
Total pot $12 | Rake $0.24
Board [Qd As 8d]
Seat 1: Cowgirlgea (big blind) folded on the Flop
Seat 2: AzureCaper (button) (small blind) collected ($11.76)


PokerStars Hand #172172418007:  Hold'em Limit ($3/$6 USD) - 2017/06/24 7:34:53 ET
Table 'Centaurus' 6-max Seat #1 is the button
Seat 1: Cowgirlgea ($131.62 in chips)
Seat 2: AzureCaper ($77.76 in chips)
Cowgirlgea: posts small blind $1
AzureCaper: posts big blind $3
*** HOLE CARDS ***
Cowgirlgea: raises $3 to $6
AzureCaper: calls $3
*** FLOP *** [5d 7s Qc]
AzureCaper: checks
Cowgirlgea: bets $3
AzureCaper: calls $3
*** TURN *** [5d 7s Qc] [2h]
AzureCaper: checks
Cowgirlgea: bets $6
AzureCaper: calls $6
*** RIVER *** [5d 7s Qc 2h] [9d]
AzureCaper: checks
Cowgirlgea: bets $6
AzureCaper: folds
Uncalled bet ($6) returned to Cowgirlgea
Cowgirlgea collected $29.50 from pot
Cowgirlgea: doesn't show hand
*** SUMMARY ***
Total pot $30 | Rake $0.50
Board [5d 7s Qc 2h 9d]
Seat 1: Cowgirlgea (button) (small blind) collected ($29.50)
Seat 2: AzureCaper (big blind) folded on the River


PokerStars Hand #172172450325:  Hold'em Limit ($3/$6 USD) - 2017/06/24 7:36:05 ET
Table 'Centaurus' 6-max Seat #2 is the button
Seat 1: Cowgirlgea ($173.26 in chips)
Seat 2: AzureCaper ($73 in chips)
AzureCaper: posts small blind $1
Cowgirlgea: posts big blind $3
*** HOLE CARDS ***
AzureCaper: raises $3 to $6
Cowgirlgea: raises $3 to $9
AzureCaper: calls $3
*** FLOP *** [Js Td 9h]
Cowgirlgea: bets $3
AzureCaper: folds
Uncalled bet ($3) returned to Cowgirlgea
Cowgirlgea collected $17.64 from pot
Cowgirlgea: doesn't show hand
*** SUMMARY ***
Total pot $18 | Rake $0.36
Board [Js Td 9h]
Seat 1: Cowgirlgea (big blind) collected ($17.64)
Seat 2: AzureCaper (button) (small blind) folded on the Flop


PokerStars Hand #172172468143:  Hold'em Limit ($3/$6 USD) - 2017/06/24 7:36:45 ET
Table 'Centaurus' 6-max Seat #2 is the button
Seat 1: Cowgirlgea ($172.66 in chips)
Seat 2: AzureCaper ($86.52 in chips)
AzureCaper: posts small blind $1
Cowgirlgea: posts big blind $3
*** HOLE CARDS ***
AzureCaper: raises $3 to $6
Cowgirlgea: folds
Uncalled bet ($3) returned to AzureCaper
AzureCaper collected $6 from pot
*** SUMMARY ***
Total pot $6 | Rake $0
Seat 1: Cowgirlgea (big blind) folded before Flop
Seat 2: AzureCaper (button) (small blind) collected ($6)


PokerStars Hand #172172462712:  Hold'em Limit ($3/$6 USD) - 2017/06/24 7:36:33 ET
Table 'Centaurus' 6-max Seat #1 is the button
Seat 1: Cowgirlgea ($184.66 in chips)
Seat 2: AzureCaper ($75 in chips)
Cowgirlgea: posts small blind $1
AzureCaper: posts big blind $3
*** HOLE CARDS ***
Cowgirlgea: raises $3 to $6
AzureCaper: raises $3 to $9
Cowgirlgea: calls $3
*** FLOP *** [Td 5c 6d]
AzureCaper: bets $3
Cowgirlgea: calls $3
*** TURN *** [Td 5c 6d] [2s]
AzureCaper: bets $6
Cowgirlgea: folds
Uncalled bet ($6) returned to AzureCaper
AzureCaper collected $23.52 from pot
AzureCaper: doesn't show hand
*** SUMMARY ***
Total pot $24 | Rake $0.48
Board [Td 5c 6d 2s]
Seat 1: Cowgirlgea (button) (small blind) folded on the Turn
Seat 2: AzureCaper (big blind) collected ($23.52)


PokerStars Hand #172172454666:  Hold'em Limit ($3/$6 USD) - 2017/06/24 7:36:15 ET
Table 'Centaurus' 6-max Seat #1 is the button
Seat 1: Cowgirlgea ($181.90 in chips)
Seat 2: AzureCaper ($72 in chips)
Cowgirlgea: posts small blind $1
AzureCaper: posts big blind $3
*** HOLE CARDS ***
Cowgirlgea: raises $3 to $6
AzureCaper: calls $3
*** FLOP *** [8h Ac Ad]
AzureCaper: checks
Cowgirlgea: checks
*** TURN *** [8h Ac Ad] [Kh]
AzureCaper: checks
Cowgirlgea: bets $6
AzureCaper: folds
Uncalled bet ($6) returned to Cowgirlgea
Cowgirlgea collected $11.76 from pot
Cowgirlgea: doesn't show hand
*** SUMMARY ***
Total pot $12 | Rake $0.24
Board [8h Ac Ad Kh]
Seat 1: Cowgirlgea (button) (small blind) collected ($11.76)
Seat 2: AzureCaper (big blind) folded on the Turn


PokerStars Hand #172172439518:  Hold'em Limit ($3/$6 USD) - 2017/06/24 7:35:41 ET
Table 'Centaurus' 6-max Seat #2 is the button
Seat 1: Cowgirlgea ($165.62 in chips)
Seat 2: AzureCaper ($73 in chips)
AzureCaper: posts small blind $1
Cowgirlgea: posts big blind $3
*** HOLE CARDS ***
AzureCaper: raises $3 to $6
Cowgirlgea: calls $3
*** FLOP *** [5h Ah 6h]
Cowgirlgea: checks
AzureCaper: bets $3
Cowgirlgea: calls $3
*** TURN *** [5h Ah 6h] [5s]
Cowgirlgea: checks
AzureCaper: checks
*** RIVER *** [5h Ah 6h 5s] [Ts]
Cowgirlgea: checks
AzureCaper: checks
*** SHOW DOWN ***
Cowgirlgea: shows [2h Qc] (a pair of Fives)
AzureCaper: mucks hand
Cowgirlgea collected $17.64 from pot
*** SUMMARY ***
Total pot $18 | Rake $0.36
Board [5h Ah 6h 5s Ts]
Seat 1: Cowgirlgea (big blind) showed [2h Qc] and won ($17.64) with a pair of Fives
Seat 2: AzureCaper (button) (small blind) mucked


PokerStars Hand #172172447339:  Hold'em Limit ($3/$6 USD) - 2017/06/24 7:35:58 ET
Table 'Centaurus' 6-max Seat #1 is the button
Seat 1: Cowgirlgea ($174.26 in chips)
Seat 2: AzureCaper ($72 in chips)
Cowgirlgea: posts small blind $1
AzureCaper: posts big blind $3
*** HOLE CARDS ***
Cowgirlgea: folds
Uncalled bet ($2) returned to AzureCaper
AzureCaper collected $2 from pot
AzureCaper: doesn't show hand
*** SUMMARY ***
Total pot $2 | Rake $0
Seat 1: Cowgirlgea (button) (small blind) folded before Flop
Seat 2: AzureCaper (big blind) collected ($2)


PokerStars Hand #172172473781:  Hold'em Limit ($3/$6 USD) - 2017/06/24 7:36:57 ET
Table 'Centaurus' 6-max Seat #2 is the button
Seat 1: Cowgirlgea ($168.66 in chips)
Seat 2: AzureCaper ($90.52 in chips)
AzureCaper: posts small blind $1
Cowgirlgea: posts big blind $3
*** HOLE CARDS ***
AzureCaper: raises $3 to $6
Cowgirlgea: calls $3
*** FLOP *** [As 3s Jc]
Cowgirlgea: checks
AzureCaper: bets $3
Cowgirlgea: folds
Uncalled bet ($3) returned to AzureCaper
AzureCaper collected $11.76 from pot
AzureCaper: doesn't show hand
*** SUMMARY ***
Total pot $12 | Rake $0.24
Board [As 3s Jc]
Seat 1: Cowgirlgea (big blind) folded on the Flop
Seat 2: AzureCaper (button) (small blind) collected ($11.76)


PokerStars Hand #172172470555:  Hold'em Limit ($3/$6 USD) - 2017/06/24 7:36:50 ET
Table 'Centaurus' 6-max Seat #1 is the button
Seat 1: Cowgirlgea ($169.66 in chips)
Seat 2: AzureCaper ($89.52 in chips)
Cowgirlgea: posts small blind $1
AzureCaper: posts big blind $3
*** HOLE CARDS ***
Cowgirlgea: folds
Uncalled bet ($2) returned to AzureCaper
AzureCaper collected $2 from pot
AzureCaper: doesn't show hand
*** SUMMARY ***
Total pot $2 | Rake $0
Seat 1: Cowgirlgea (button) (small blind) folded before Flop
Seat 2: AzureCaper (big blind) collected ($2)


PokerStars Hand #172172487108:  Hold'em Limit ($3/$6 USD) - 2017/06/24 7:37:26 ET
Table 'Centaurus' 6-max Seat #2 is the button
Seat 1: Cowgirlgea ($149.66 in chips)
Seat 2: AzureCaper ($108.92 in chips)
AzureCaper: posts small blind $1
Cowgirlgea: posts big blind $3
*** HOLE CARDS ***
AzureCaper: raises $3 to $6
Cowgirlgea: raises $3 to $9
AzureCaper: calls $3
*** FLOP *** [2d 8h 7s]
Cowgirlgea: checks
AzureCaper: checks
*** TURN *** [2d 8h 7s] [Ah]
Cowgirlgea: bets $6
AzureCaper: calls $6
*** RIVER *** [2d 8h 7s Ah] [Kh]
Cowgirlgea: bets $6
AzureCaper: raises $6 to $12
Cowgirlgea: raises $6 to $18
AzureCaper: calls $6
*** SHOW DOWN ***
Cowgirlgea: shows [7c 7d] (three of a kind, Sevens)
AzureCaper: shows [6h 4h] (a flush, Ace high)
AzureCaper collected $65.50 from pot
*** SUMMARY ***
Total pot $66 | Rake $0.50
Board [2d 8h 7s Ah Kh]
Seat 1: Cowgirlgea (big blind) showed [7c 7d] and lost with three of a kind, Sevens
Seat 2: AzureCaper (button) (small blind) showed [6h 4h] and won ($65.50) with a flush, Ace high


PokerStars Hand #172172478134:  Hold'em Limit ($3/$6 USD) - 2017/06/24 7:37:07 ET
Table 'Centaurus' 6-max Seat #1 is the button
Seat 1: Cowgirlgea ($162.66 in chips)
Seat 2: AzureCaper ($96.28 in chips)
Cowgirlgea: posts small blind $1
AzureCaper: posts big blind $3
*** HOLE CARDS ***
Cowgirlgea: raises $3 to $6
AzureCaper: calls $3
*** FLOP *** [9c 2h Ad]
AzureCaper: checks
Cowgirlgea: bets $3
AzureCaper: raises $3 to $6
Cowgirlgea: folds
Uncalled bet ($3) returned to AzureCaper
AzureCaper collected $17.64 from pot
AzureCaper: doesn't show hand
*** SUMMARY ***
Total pot $18 | Rake $0.36
Board [9c 2h Ad]
Seat 1: Cowgirlgea (button) (small blind) folded on the Flop
Seat 2: AzureCaper (big blind) collected ($17.64)


PokerStars Hand #172172484901:  Hold'em Limit ($3/$6 USD) - 2017/06/24 7:37:22 ET
Table 'Centaurus' 6-max Seat #1 is the button
Seat 1: Cowgirlgea ($150.66 in chips)
Seat 2: AzureCaper ($107.92 in chips)
Cowgirlgea: posts small blind $1
AzureCaper: posts big blind $3
*** HOLE CARDS ***
Cowgirlgea: folds
Uncalled bet ($2) returned to AzureCaper
AzureCaper collected $2 from pot
AzureCaper: doesn't show hand
*** SUMMARY ***
Total pot $2 | Rake $0
Seat 1: Cowgirlgea (button) (small blind) folded before Flop
Seat 2: AzureCaper (big blind) collected ($2)


PokerStars Hand #172172516086:  Hold'em Limit ($3/$6 USD) - 2017/06/24 7:38:31 ET
Table 'Centaurus' 6-max Seat #1 is the button
Seat 1: Cowgirlgea ($101.16 in chips)
Seat 2: AzureCaper ($155.92 in chips)
Cowgirlgea: posts small blind $1
AzureCaper: posts big blind $3
*** HOLE CARDS ***
Cowgirlgea: raises $3 to $6
AzureCaper: folds
Uncalled bet ($3) returned to Cowgirlgea
Cowgirlgea collected $6 from pot
Cowgirlgea: doesn't show hand
*** SUMMARY ***
Total pot $6 | Rake $0
Seat 1: Cowgirlgea (button) (small blind) collected ($6)
Seat 2: AzureCaper (big blind) folded before Flop


PokerStars Hand #172172519062:  Hold'em Limit ($3/$6 USD) - 2017/06/24 7:38:37 ET
Table 'Centaurus' 6-max Seat #2 is the button
Seat 1: Cowgirlgea ($104.16 in chips)
Seat 2: AzureCaper ($152.92 in chips)
AzureCaper: posts small blind $1
Cowgirlgea: posts big blind $3
*** HOLE CARDS ***
AzureCaper: raises $3 to $6
Cowgirlgea: folds
Uncalled bet ($3) returned to AzureCaper
AzureCaper collected $6 from pot
AzureCaper: doesn't show hand
*** SUMMARY ***
Total pot $6 | Rake $0
Seat 1: Cowgirlgea (big blind) folded before Flop
Seat 2: AzureCaper (button) (small blind) collected ($6)


PokerStars Hand #172172502914:  Hold'em Limit ($3/$6 USD) - 2017/06/24 7:38:01 ET
Table 'Centaurus' 6-max Seat #2 is the button
Seat 1: Cowgirlgea ($134.16 in chips)
Seat 2: AzureCaper ($123.42 in chips)
AzureCaper: posts small blind $1
Cowgirlgea: posts big blind $3
*** HOLE CARDS ***
AzureCaper: raises $3 to $6
Cowgirlgea: calls $3
*** FLOP *** [8c 5s Js]
Cowgirlgea: checks
AzureCaper: bets $3
Cowgirlgea: calls $3
*** TURN *** [8c 5s Js] [9s]
Cowgirlgea: checks
AzureCaper: bets $6
Cowgirlgea: calls $6
*** RIVER *** [8c 5s Js 9s] [5h]
Cowgirlgea: checks
AzureCaper: bets $6
Cowgirlgea: raises $6 to $12
AzureCaper: raises $6 to $18
Cowgirlgea: calls $6
*** SHOW DOWN ***
AzureCaper: shows [7s Ks] (a flush, King high)
Cowgirlgea: mucks hand
AzureCaper collected $65.50 from pot
*** SUMMARY ***
Total pot $66 | Rake $0.50
Board [8c 5s Js 9s 5h]
Seat 1: Cowgirlgea (big blind) mucked
Seat 2: AzureCaper (button) (small blind) showed [7s Ks] and won ($65.50) with a flush, King high


PokerStars Hand #172172513856:  Hold'em Limit ($3/$6 USD) - 2017/06/24 7:38:26 ET
Table 'Centaurus' 6-max Seat #2 is the button
Seat 1: Cowgirlgea ($100.16 in chips)
Seat 2: AzureCaper ($156.92 in chips)
AzureCaper: posts small blind $1
Cowgirlgea: posts big blind $3
*** HOLE CARDS ***
AzureCaper: folds
Uncalled bet ($2) returned to Cowgirlgea
Cowgirlgea collected $2 from pot
Cowgirlgea: doesn't show hand
*** SUMMARY ***
Total pot $2 | Rake $0
Seat 1: Cowgirlgea (big blind) collected ($2)
Seat 2: AzureCaper (button) (small blind) folded before Flop


PokerStars Hand #172172511572:  Hold'em Limit ($3/$6 USD) - 2017/06/24 7:38:20 ET
Table 'Centaurus' 6-max Seat #1 is the button
Seat 1: Cowgirlgea ($101.16 in chips)
Seat 2: AzureCaper ($155.92 in chips)
Cowgirlgea: posts small blind $1
AzureCaper: posts big blind $3
*** HOLE CARDS ***
Cowgirlgea: folds
Uncalled bet ($2) returned to AzureCaper
AzureCaper collected $2 from pot
AzureCaper: doesn't show hand
*** SUMMARY ***
Total pot $2 | Rake $0
Seat 1: Cowgirlgea (button) (small blind) folded before Flop
Seat 2: AzureCaper (big blind) collected ($2)


PokerStars Hand #172172495819:  Hold'em Limit ($3/$6 USD) - 2017/06/24 7:37:46 ET
Table 'Centaurus' 6-max Seat #1 is the button
Seat 1: Cowgirlgea ($116.66 in chips)
Seat 2: AzureCaper ($141.42 in chips)
Cowgirlgea: posts small blind $1
AzureCaper: posts big blind $3
*** HOLE CARDS ***
Cowgirlgea: raises $3 to $6
AzureCaper: calls $3
*** FLOP *** [Qh 2c 7h]
AzureCaper: checks
Cowgirlgea: checks
*** TURN *** [Qh 2c 7h] [7d]
AzureCaper: bets $6
Cowgirlgea: calls $6
*** RIVER *** [Qh 2c 7h 7d] [6h]
AzureCaper: bets $6
Cowgirlgea: raises $6 to $12
AzureCaper: folds
Uncalled bet ($6) returned to Cowgirlgea
Cowgirlgea collected $35.50 from pot
Cowgirlgea: doesn't show hand
*** SUMMARY ***
Total pot $36 | Rake $0.50
Board [Qh 2c 7h 7d 6h]
Seat 1: Cowgirlgea (button) (small blind) collected ($35.50)
Seat 2: AzureCaper (big blind) folded on the River


PokerStars Hand #172172521670:  Hold'em Limit ($3/$6 USD) - 2017/06/24 7:38:43 ET
Table 'Centaurus' 6-max Seat #1 is the button
Seat 1: Cowgirlgea ($101.16 in chips)
Seat 2: AzureCaper ($155.92 in chips)
Cowgirlgea: posts small blind $1
AzureCaper: posts big blind $3
*** HOLE CARDS ***
Cowgirlgea: calls $2
AzureCaper: checks
*** FLOP *** [2c Js Kh]
AzureCaper: bets $3
Cowgirlgea: folds
Uncalled bet ($3) returned to AzureCaper
AzureCaper collected $5.88 from pot
AzureCaper: doesn't show hand
*** SUMMARY ***
Total pot $6 | Rake $0.12
Board [2c Js Kh]
Seat 1: Cowgirlgea (button) (small blind) folded on the Flop
Seat 2: AzureCaper (big blind) collected ($5.88)


PokerStars Hand #172172542182:  Hold'em Limit ($3/$6 USD) - 2017/06/24 7:39:28 ET
Table 'Centaurus' 6-max Seat #1 is the button
Seat 1: Cowgirlgea ($99.16 in chips)
Seat 2: AzureCaper ($157.80 in chips)
Cowgirlgea: posts small blind $1
AzureCaper: posts big blind $3
*** HOLE CARDS ***
Cowgirlgea: raises $3 to $6
AzureCaper: calls $3
*** FLOP *** [Jh Kd Jd]
AzureCaper: checks
Cowgirlgea: bets $3
AzureCaper: calls $3
*** TURN *** [Jh Kd Jd] [5s]
AzureCaper: checks
Cowgirlgea: bets $6
AzureCaper: folds
Uncalled bet ($6) returned to Cowgirlgea
Cowgirlgea collected $17.64 from pot
Cowgirlgea: doesn't show hand
*** SUMMARY ***
Total pot $18 | Rake $0.36
Board [Jh Kd Jd 5s]
Seat 1: Cowgirlgea (button) (small blind) collected ($17.64)
Seat 2: AzureCaper (big blind) folded on the Turn


PokerStars Hand #172172558723:  Hold'em Limit ($3/$6 USD) - 2017/06/24 7:40:05 ET
Table 'Centaurus' 6-max Seat #1 is the button
Seat 1: Cowgirlgea ($86.80 in chips)
Seat 2: AzureCaper ($169.30 in chips)
Cowgirlgea: posts small blind $1
AzureCaper: posts big blind $3
*** HOLE CARDS ***
Cowgirlgea: raises $3 to $6
AzureCaper: calls $3
*** FLOP *** [Ad As Qs]
AzureCaper: checks
Cowgirlgea: bets $3
AzureCaper: folds
Uncalled bet ($3) returned to Cowgirlgea
Cowgirlgea collected $11.76 from pot
Cowgirlgea: doesn't show hand
*** SUMMARY ***
Total pot $12 | Rake $0.24
Board [Ad As Qs]
Seat 1: Cowgirlgea (button) (small blind) collected ($11.76)
Seat 2: AzureCaper (big blind) folded on the Flop


PokerStars Hand #172172562162:  Hold'em Limit ($3/$6 USD) - 2017/06/24 7:40:12 ET
Table 'Centaurus' 6-max Seat #2 is the button
Seat 1: Cowgirlgea ($92.56 in chips)
Seat 2: AzureCaper ($163.30 in chips)
AzureCaper: posts small blind $1
Cowgirlgea: posts big blind $3
*** HOLE CARDS ***
AzureCaper: raises $3 to $6
Cowgirlgea: raises $3 to $9
AzureCaper: calls $3
*** FLOP *** [5s 3h Ks]
Cowgirlgea: bets $3
AzureCaper: folds
Uncalled bet ($3) returned to Cowgirlgea
Cowgirlgea collected $17.64 from pot
Cowgirlgea: doesn't show hand
*** SUMMARY ***
Total pot $18 | Rake $0.36
Board [5s 3h Ks]
Seat 1: Cowgirlgea (big blind) collected ($17.64)
Seat 2: AzureCaper (button) (small blind) folded on the Flop


PokerStars Hand #172172550763:  Hold'em Limit ($3/$6 USD) - 2017/06/24 7:39:48 ET
Table 'Centaurus' 6-max Seat #2 is the button
Seat 1: Cowgirlgea ($107.80 in chips)
Seat 2: AzureCaper ($148.80 in chips)
AzureCaper: posts small blind $1
Cowgirlgea: posts big blind $3
*** HOLE CARDS ***
AzureCaper: raises $3 to $6
Cowgirlgea: calls $3
*** FLOP *** [2d 3s Kh]
Cowgirlgea: checks
AzureCaper: bets $3
Cowgirlgea: calls $3
*** TURN *** [2d 3s Kh] [4d]
Cowgirlgea: checks
AzureCaper: bets $6
Cowgirlgea: calls $6
*** RIVER *** [2d 3s Kh 4d] [Ts]
Cowgirlgea: checks
AzureCaper: bets $6
Cowgirlgea: calls $6
*** SHOW DOWN ***
AzureCaper: shows [Ks 8s] (a pair of Kings)
Cowgirlgea: mucks hand
AzureCaper collected $41.50 from pot
*** SUMMARY ***
Total pot $42 | Rake $0.50
Board [2d 3s Kh 4d Ts]
Seat 1: Cowgirlgea (big blind) mucked
Seat 2: AzureCaper (button) (small blind) showed [Ks 8s] and won ($41.50) with a pair of Kings


PokerStars Hand #172172588936:  Hold'em Limit ($3/$6 USD) - 2017/06/24 7:41:12 ET
Table 'Centaurus' 6-max Seat #2 is the button
Seat 1: Cowgirlgea ($87.20 in chips)
Seat 2: AzureCaper ($167.80 in chips)
AzureCaper: posts small blind $1
Cowgirlgea: posts big blind $3
*** HOLE CARDS ***
AzureCaper: raises $3 to $6
Cowgirlgea: calls $3
*** FLOP *** [Jh 8d 5h]
Cowgirlgea: checks
AzureCaper: bets $3
Cowgirlgea: calls $3
*** TURN *** [Jh 8d 5h] [4s]
Cowgirlgea: checks
AzureCaper: bets $6
Cowgirlgea: calls $6
*** RIVER *** [Jh 8d 5h 4s] [9h]
Cowgirlgea: checks
AzureCaper: bets $6
Cowgirlgea: calls $6
*** SHOW DOWN ***
AzureCaper: shows [3c 6h] (high card Jack)
Cowgirlgea: shows [Kc 5d] (a pair of Fives)
Cowgirlgea collected $41.50 from pot
*** SUMMARY ***
Total pot $42 | Rake $0.50
Board [Jh 8d 5h 4s 9h]
Seat 1: Cowgirlgea (big blind) showed [Kc 5d] and won ($41.50) with a pair of Fives
Seat 2: AzureCaper (button) (small blind) showed [3c 6h] and lost with high card Jack


PokerStars Hand #172172582123:  Hold'em Limit ($3/$6 USD) - 2017/06/24 7:40:57 ET
Table 'Centaurus' 6-max Seat #1 is the button
Seat 1: Cowgirlgea ($105.20 in chips)
Seat 2: AzureCaper ($150.30 in chips)
Cowgirlgea: posts small blind $1
AzureCaper: posts big blind $3
*** HOLE CARDS ***
Cowgirlgea: raises $3 to $6
AzureCaper: calls $3
*** FLOP *** [Ks Qd 6h]
AzureCaper: checks
Cowgirlgea: checks
*** TURN *** [Ks Qd 6h] [4s]
AzureCaper: bets $6
Cowgirlgea: calls $6
*** RIVER *** [Ks Qd 6h 4s] [6c]
AzureCaper: bets $6
Cowgirlgea: calls $6
*** SHOW DOWN ***
AzureCaper: shows [5h 6s] (three of a kind, Sixes)
Cowgirlgea: mucks hand
AzureCaper collected $35.50 from pot
*** SUMMARY ***
Total pot $36 | Rake $0.50
Board [Ks Qd 6h 4s 6c]
Seat 1: Cowgirlgea (button) (small blind) mucked
Seat 2: AzureCaper (big blind) showed [5h 6s] and won ($35.50) with three of a kind, Sixes


PokerStars Hand #172172599346:  Hold'em Limit ($3/$6 USD) - 2017/06/24 7:41:35 ET
Table 'Centaurus' 6-max Seat #2 is the button
Seat 1: Cowgirlgea ($106.70 in chips)
Seat 2: AzureCaper ($147.80 in chips)
AzureCaper: posts small blind $1
Cowgirlgea: posts big blind $3
*** HOLE CARDS ***
AzureCaper: raises $3 to $6
Cowgirlgea: calls $3
*** FLOP *** [Kc 9h 3d]
Cowgirlgea: checks
AzureCaper: bets $3
Cowgirlgea: calls $3
*** TURN *** [Kc 9h 3d] [2s]
Cowgirlgea: checks
AzureCaper: bets $6
Cowgirlgea: calls $6
*** RIVER *** [Kc 9h 3d 2s] [6c]
Cowgirlgea: checks
AzureCaper: checks
*** SHOW DOWN ***
Cowgirlgea: shows [Qc 3h] (a pair of Threes)
AzureCaper: mucks hand
Cowgirlgea collected $29.50 from pot
*** SUMMARY ***
Total pot $30 | Rake $0.50
Board [Kc 9h 3d 2s 6c]
Seat 1: Cowgirlgea (big blind) showed [Qc 3h] and won ($29.50) with a pair of Threes
Seat 2: AzureCaper (button) (small blind) mucked


PokerStars Hand #172172597096:  Hold'em Limit ($3/$6 USD) - 2017/06/24 7:41:30 ET
Table 'Centaurus' 6-max Seat #1 is the button
Seat 1: Cowgirlgea ($107.70 in chips)
Seat 2: AzureCaper ($146.80 in chips)
Cowgirlgea: posts small blind $1
AzureCaper: posts big blind $3
*** HOLE CARDS ***
Cowgirlgea: folds
Uncalled bet ($2) returned to AzureCaper
AzureCaper collected $2 from pot
AzureCaper: doesn't show hand
*** SUMMARY ***
Total pot $2 | Rake $0
Seat 1: Cowgirlgea (button) (small blind) folded before Flop
Seat 2: AzureCaper (big blind) collected ($2)


PokerStars Hand #172172580137:  Hold'em Limit ($3/$6 USD) - 2017/06/24 7:40:53 ET
Table 'Centaurus' 6-max Seat #2 is the button
Seat 1: Cowgirlgea ($104.20 in chips)
Seat 2: AzureCaper ($151.30 in chips)
AzureCaper: posts small blind $1
Cowgirlgea: posts big blind $3
*** HOLE CARDS ***
AzureCaper: folds
Uncalled bet ($2) returned to Cowgirlgea
Cowgirlgea collected $2 from pot
Cowgirlgea: doesn't show hand
*** SUMMARY ***
Total pot $2 | Rake $0
Seat 1: Cowgirlgea (big blind) collected ($2)
Seat 2: AzureCaper (button) (small blind) folded before Flop


PokerStars Hand #172172576473:  Hold'em Limit ($3/$6 USD) - 2017/06/24 7:40:44 ET
Table 'Centaurus' 6-max Seat #1 is the button
Seat 1: Cowgirlgea ($101.20 in chips)
Seat 2: AzureCaper ($154.30 in chips)
Cowgirlgea: posts small blind $1
AzureCaper: posts big blind $3
*** HOLE CARDS ***
Cowgirlgea: raises $3 to $6
AzureCaper: folds
Uncalled bet ($3) returned to Cowgirlgea
Cowgirlgea collected $6 from pot
Cowgirlgea: doesn't show hand
*** SUMMARY ***
Total pot $6 | Rake $0
Seat 1: Cowgirlgea (button) (small blind) collected ($6)
Seat 2: AzureCaper (big blind) folded before Flop


PokerStars Hand #172172622376:  Hold'em Limit ($3/$6 USD) - 2017/06/24 7:42:26 ET
Table 'Centaurus' 6-max Seat #2 is the button
Seat 1: Cowgirlgea ($145.70 in chips)
Seat 2: AzureCaper ($107.80 in chips)
AzureCaper: posts small blind $1
Cowgirlgea: posts big blind $3
*** HOLE CARDS ***
AzureCaper: folds
Uncalled bet ($2) returned to Cowgirlgea
Cowgirlgea collected $2 from pot
Cowgirlgea: doesn't show hand
*** SUMMARY ***
Total pot $2 | Rake $0
Seat 1: Cowgirlgea (big blind) collected ($2)
Seat 2: AzureCaper (button) (small blind) folded before Flop


PokerStars Hand #172172620068:  Hold'em Limit ($3/$6 USD) - 2017/06/24 7:42:21 ET
Table 'Centaurus' 6-max Seat #1 is the button
Seat 1: Cowgirlgea ($146.70 in chips)
Seat 2: AzureCaper ($106.80 in chips)
Cowgirlgea: posts small blind $1
AzureCaper: posts big blind $3
*** HOLE CARDS ***
Cowgirlgea: folds
Uncalled bet ($2) returned to AzureCaper
AzureCaper collected $2 from pot
AzureCaper: doesn't show hand
*** SUMMARY ***
Total pot $2 | Rake $0
Seat 1: Cowgirlgea (button) (small blind) folded before Flop
Seat 2: AzureCaper (big blind) collected ($2)


PokerStars Hand #172172624893:  Hold'em Limit ($3/$6 USD) - 2017/06/24 7:42:32 ET
Table 'Centaurus' 6-max Seat #1 is the button
Seat 1: Cowgirlgea ($146.70 in chips)
Seat 2: AzureCaper ($106.80 in chips)
Cowgirlgea: posts small blind $1
AzureCaper: posts big blind $3
*** HOLE CARDS ***
Cowgirlgea: raises $3 to $6
AzureCaper: folds
Uncalled bet ($3) returned to Cowgirlgea
Cowgirlgea collected $6 from pot
Cowgirlgea: doesn't show hand
*** SUMMARY ***
Total pot $6 | Rake $0
Seat 1: Cowgirlgea (button) (small blind) collected ($6)
Seat 2: AzureCaper (big blind) folded before Flop


PokerStars Hand #172172606403:  Hold'em Limit ($3/$6 USD) - 2017/06/24 7:41:51 ET
Table 'Centaurus' 6-max Seat #1 is the button
Seat 1: Cowgirlgea ($121.20 in chips)
Seat 2: AzureCaper ($132.80 in chips)
Cowgirlgea: posts small blind $1
AzureCaper: posts big blind $3
*** HOLE CARDS ***
Cowgirlgea: folds
Uncalled bet ($2) returned to AzureCaper
AzureCaper collected $2 from pot
AzureCaper: doesn't show hand
*** SUMMARY ***
Total pot $2 | Rake $0
Seat 1: Cowgirlgea (button) (small blind) folded before Flop
Seat 2: AzureCaper (big blind) collected ($2)


PokerStars Hand #172172627718:  Hold'em Limit ($3/$6 USD) - 2017/06/24 7:42:38 ET
Table 'Centaurus' 6-max Seat #2 is the button
Seat 1: Cowgirlgea ($149.70 in chips)
Seat 2: AzureCaper ($103.80 in chips)
AzureCaper: posts small blind $1
Cowgirlgea: posts big blind $3
*** HOLE CARDS ***
AzureCaper: folds
Uncalled bet ($2) returned to Cowgirlgea
Cowgirlgea collected $2 from pot
Cowgirlgea: doesn't show hand
*** SUMMARY ***
Total pot $2 | Rake $0
Seat 1: Cowgirlgea (big blind) collected ($2)
Seat 2: AzureCaper (button) (small blind) folded before Flop


PokerStars Hand #172172650486:  Hold'em Limit ($3/$6 USD) - 2017/06/24 7:43:28 ET
Table 'Centaurus' 6-max Seat #1 is the button
Seat 1: Cowgirlgea ($146.22 in chips)
Seat 2: AzureCaper ($106.20 in chips)
Cowgirlgea: posts small blind $1
AzureCaper: posts big blind $3
*** HOLE CARDS ***
Cowgirlgea: folds
Uncalled bet ($2) returned to AzureCaper
AzureCaper collected $2 from pot
AzureCaper: doesn't show hand
*** SUMMARY ***
Total pot $2 | Rake $0
Seat 1: Cowgirlgea (button) (small blind) folded before Flop
Seat 2: AzureCaper (big blind) collected ($2)


PokerStars Hand #172172645411:  Hold'em Limit ($3/$6 USD) - 2017/06/24 7:43:17 ET
Table 'Centaurus' 6-max Seat #2 is the button
Seat 1: Cowgirlgea ($152.22 in chips)
Seat 2: AzureCaper ($100.44 in chips)
AzureCaper: posts small blind $1
Cowgirlgea: posts big blind $3
*** HOLE CARDS ***
AzureCaper: raises $3 to $6
Cowgirlgea: calls $3
*** FLOP *** [Qh 7d 9c]
Cowgirlgea: checks
AzureCaper: bets $3
Cowgirlgea: folds
Uncalled bet ($3) returned to AzureCaper
AzureCaper collected $11.76 from pot
AzureCaper: doesn't show hand
*** SUMMARY ***
Total pot $12 | Rake $0.24
Board [Qh 7d 9c]
Seat 1: Cowgirlgea (big blind) folded on the Flop
Seat 2: AzureCaper (button) (small blind) collected ($11.76)


PokerStars Hand #172172643233:  Hold'em Limit ($3/$6 USD) - 2017/06/24 7:43:12 ET
Table 'Centaurus' 6-max Seat #1 is the button
Seat 1: Cowgirlgea ($153.22 in chips)
Seat 2: AzureCaper ($99.44 in chips)
Cowgirlgea: posts small blind $1
AzureCaper: posts big blind $3
*** HOLE CARDS ***
Cowgirlgea: folds
Uncalled bet ($2) returned to AzureCaper
AzureCaper collected $2 from pot
AzureCaper: doesn't show hand
*** SUMMARY ***
Total pot $2 | Rake $0
Seat 1: Cowgirlgea (button) (small blind) folded before Flop
Seat 2: AzureCaper (big blind) collected ($2)


PokerStars Hand #172172630042:  Hold'em Limit ($3/$6 USD) - 2017/06/24 7:42:43 ET
Table 'Centaurus' 6-max Seat #1 is the button
Seat 1: Cowgirlgea ($150.70 in chips)
Seat 2: AzureCaper ($102.80 in chips)
Cowgirlgea: posts small blind $1
AzureCaper: posts big blind $3
*** HOLE CARDS ***
Cowgirlgea: raises $3 to $6
AzureCaper: raises $3 to $9
Cowgirlgea: calls $3
*** FLOP *** [4h As Ks]
AzureCaper: bets $3
Cowgirlgea: calls $3
*** TURN *** [4h As Ks] [Td]
AzureCaper: checks
Cowgirlgea: checks
*** RIVER *** [4h As Ks Td] [8s]
AzureCaper: checks
Cowgirlgea: bets $6
AzureCaper: folds
Uncalled bet ($6) returned to Cowgirlgea
Cowgirlgea collected $23.52 from pot
Cowgirlgea: doesn't show hand
*** SUMMARY ***
Total pot $24 | Rake $0.48
Board [4h As Ks Td 8s]
Seat 1: Cowgirlgea (button) (small blind) collected ($23.52)
Seat 2: AzureCaper (big blind) folded on the River


PokerStars Hand #172172658505:  Hold'em Limit ($3/$6 USD) - 2017/06/24 7:43:46 ET
Table 'Centaurus' 6-max Seat #1 is the button
Seat 1: Cowgirlgea ($168.72 in chips)
Seat 2: AzureCaper ($83.20 in chips)
Cowgirlgea: posts small blind $1
AzureCaper: posts big blind $3
*** HOLE CARDS ***
Cowgirlgea: folds
Uncalled bet ($2) returned to AzureCaper
AzureCaper collected $2 from pot
AzureCaper: doesn't show hand
*** SUMMARY ***
Total pot $2 | Rake $0
Seat 1: Cowgirlgea (button) (small blind) folded before Flop
Seat 2: AzureCaper (big blind) collected ($2)


PokerStars Hand #172172652733:  Hold'em Limit ($3/$6 USD) - 2017/06/24 7:43:33 ET
Table 'Centaurus' 6-max Seat #2 is the button
Seat 1: Cowgirlgea ($145.22 in chips)
Seat 2: AzureCaper ($107.20 in chips)
AzureCaper: posts small blind $1
Cowgirlgea: posts big blind $3
*** HOLE CARDS ***
AzureCaper: raises $3 to $6
Cowgirlgea: raises $3 to $9
AzureCaper: calls $3
*** FLOP *** [7s 4s 5c]
Cowgirlgea: bets $3
AzureCaper: calls $3
*** TURN *** [7s 4s 5c] [6s]
Cowgirlgea: bets $6
AzureCaper: calls $6
*** RIVER *** [7s 4s 5c 6s] [Qh]
Cowgirlgea: bets $6
AzureCaper: calls $6
*** SHOW DOWN ***
Cowgirlgea: shows [Ks Qd] (a pair of Queens)
AzureCaper: mucks hand
Cowgirlgea collected $47.50 from pot
*** SUMMARY ***
Total pot $48 | Rake $0.50
Board [7s 4s 5c 6s Qh]
Seat 1: Cowgirlgea (big blind) showed [Ks Qd] and won ($47.50) with a pair of Queens
Seat 2: AzureCaper (button) (small blind) mucked


PokerStars Hand #172172637765:  Hold'em Limit ($3/$6 USD) - 2017/06/24 7:43:00 ET
Table 'Centaurus' 6-max Seat #2 is the button
Seat 1: Cowgirlgea ($162.22 in chips)
Seat 2: AzureCaper ($90.80 in chips)
AzureCaper: posts small blind $1
Cowgirlgea: posts big blind $3
*** HOLE CARDS ***
AzureCaper: raises $3 to $6
Cowgirlgea: calls $3
*** FLOP *** [4h 4s Kc]
Cowgirlgea: checks
AzureCaper: bets $3
Cowgirlgea: calls $3
*** TURN *** [4h 4s Kc] [Qc]
Cowgirlgea: checks
AzureCaper: bets $6
Cowgirlgea: folds
Uncalled bet ($6) returned to AzureCaper
AzureCaper collected $17.64 from pot
AzureCaper: doesn't show hand
*** SUMMARY ***
Total pot $18 | Rake $0.36
Board [4h 4s Kc Qc]
Seat 1: Cowgirlgea (big blind) folded on the Turn
Seat 2: AzureCaper (button) (small blind) collected ($17.64)


PokerStars Hand #172172660623:  Hold'em Limit ($3/$6 USD) - 2017/06/24 7:43:50 ET
Table 'Centaurus' 6-max Seat #2 is the button
Seat 1: Cowgirlgea ($167.72 in chips)
Seat 2: AzureCaper ($84.20 in chips)
AzureCaper: posts small blind $1
Cowgirlgea: posts big blind $3
*** HOLE CARDS ***
AzureCaper: raises $3 to $6
Cowgirlgea: calls $3
*** FLOP *** [5d Qd Qs]
Cowgirlgea: checks
AzureCaper: bets $3
Cowgirlgea: folds
Uncalled bet ($3) returned to AzureCaper
AzureCaper collected $11.76 from pot
AzureCaper: doesn't show hand
*** SUMMARY ***
Total pot $12 | Rake $0.24
Board [5d Qd Qs]
Seat 1: Cowgirlgea (big blind) folded on the Flop
Seat 2: AzureCaper (button) (small blind) collected ($11.76)


PokerStars Hand #172172677385:  Hold'em Limit ($3/$6 USD) - 2017/06/24 7:44:27 ET
Table 'Centaurus' 6-max Seat #1 is the button
Seat 1: Cowgirlgea ($199.86 in chips)
Seat 2: AzureCaper ($72 in chips)
Cowgirlgea: posts small blind $1
AzureCaper: posts big blind $3
*** HOLE CARDS ***
Cowgirlgea: raises $3 to $6
AzureCaper: raises $3 to $9
Cowgirlgea: calls $3
*** FLOP *** [2h 4h 3d]
AzureCaper: bets $3
Cowgirlgea: calls $3
*** TURN *** [2h 4h 3d] [6s]
AzureCaper: bets $6
Cowgirlgea: calls $6
*** RIVER *** [2h 4h 3d 6s] [Kh]
AzureCaper: checks
Cowgirlgea: bets $6
AzureCaper: calls $6
*** SHOW DOWN ***
Cowgirlgea: shows [Jh Qs] (high card King)
AzureCaper: shows [Td As] (high card Ace)
AzureCaper collected $47.50 from pot
*** SUMMARY ***
Total pot $48 | Rake $0.50
Board [2h 4h 3d 6s Kh]
Seat 1: Cowgirlgea (button) (small blind) showed [Jh Qs] and lost with high card King
Seat 2: AzureCaper (big blind) showed [Td As] and won ($47.50) with high card Ace


PokerStars Hand #172172664644:  Hold'em Limit ($3/$6 USD) - 2017/06/24 7:43:59 ET
Table 'Centaurus' 6-max Seat #1 is the button
Seat 1: Cowgirlgea ($161.72 in chips)
Seat 2: AzureCaper ($89.96 in chips)
Cowgirlgea: posts small blind $1
AzureCaper: posts big blind $3
*** HOLE CARDS ***
Cowgirlgea: raises $3 to $6
AzureCaper: raises $3 to $9
Cowgirlgea: calls $3
*** FLOP *** [9c Ts 8h]
AzureCaper: bets $3
Cowgirlgea: calls $3
*** TURN *** [9c Ts 8h] [7h]
AzureCaper: bets $6
Cowgirlgea: calls $6
*** RIVER *** [9c Ts 8h 7h] [Jd]
AzureCaper: bets $6
Cowgirlgea: raises $6 to $12
AzureCaper: calls $6
*** SHOW DOWN ***
Cowgirlgea: shows [Qc Kc] (a straight, Nine to King)
AzureCaper: mucks hand
Cowgirlgea collected $59.50 from pot
*** SUMMARY ***
Total pot $60 | Rake $0.50
Board [9c Ts 8h 7h Jd]
Seat 1: Cowgirlgea (button) (small blind) showed [Qc Kc] and won ($59.50) with a straight, Nine to King
Seat 2: AzureCaper (big blind) mucked


PokerStars Hand #172172692141:  Hold'em Limit ($3/$6 USD) - 2017/06/24 7:44:59 ET
Table 'Centaurus' 6-max Seat #1 is the button
Seat 1: Cowgirlgea ($160.86 in chips)
Seat 2: AzureCaper ($110 in chips)
Cowgirlgea: posts small blind $1
AzureCaper: posts big blind $3
*** HOLE CARDS ***
Cowgirlgea: folds
Uncalled bet ($2) returned to AzureCaper
AzureCaper collected $2 from pot
AzureCaper: doesn't show hand
*** SUMMARY ***
Total pot $2 | Rake $0
Seat 1: Cowgirlgea (button) (small blind) folded before Flop
Seat 2: AzureCaper (big blind) collected ($2)


PokerStars Hand #172172698852:  Hold'em Limit ($3/$6 USD) - 2017/06/24 7:45:13 ET
Table 'Centaurus' 6-max Seat #1 is the button
Seat 1: Cowgirlgea ($153.86 in chips)
Seat 2: AzureCaper ($116.76 in chips)
Cowgirlgea: posts small blind $1
AzureCaper: posts big blind $3
*** HOLE CARDS ***
Cowgirlgea: raises $3 to $6
AzureCaper: raises $3 to $9
Cowgirlgea: calls $3
*** FLOP *** [3c 4c Ac]
AzureCaper: bets $3
Cowgirlgea: calls $3
*** TURN *** [3c 4c Ac] [Kc]
AzureCaper: bets $6
Cowgirlgea: calls $6
*** RIVER *** [3c 4c Ac Kc] [9s]
AzureCaper: bets $6
Cowgirlgea: calls $6
*** SHOW DOWN ***
AzureCaper: shows [7d As] (a pair of Aces)
Cowgirlgea: shows [Ks 4s] (two pair, Kings and Fours)
Cowgirlgea collected $47.50 from pot
*** SUMMARY ***
Total pot $48 | Rake $0.50
Board [3c 4c Ac Kc 9s]
Seat 1: Cowgirlgea (button) (small blind) showed [Ks 4s] and won ($47.50) with two pair, Kings and Fours
Seat 2: AzureCaper (big blind) showed [7d As] and lost with a pair of Aces


PokerStars Hand #172172685098:  Hold'em Limit ($3/$6 USD) - 2017/06/24 7:44:43 ET
Table 'Centaurus' 6-max Seat #2 is the button
Seat 1: Cowgirlgea ($175.86 in chips)
Seat 2: AzureCaper ($95.50 in chips)
AzureCaper: posts small blind $1
Cowgirlgea: posts big blind $3
*** HOLE CARDS ***
AzureCaper: raises $3 to $6
Cowgirlgea: calls $3
*** FLOP *** [8h 2d Ac]
Cowgirlgea: checks
AzureCaper: bets $3
Cowgirlgea: calls $3
*** TURN *** [8h 2d Ac] [4d]
Cowgirlgea: checks
AzureCaper: bets $6
Cowgirlgea: calls $6
*** RIVER *** [8h 2d Ac 4d] [Tc]
Cowgirlgea: checks
AzureCaper: checks
*** SHOW DOWN ***
Cowgirlgea: shows [Ks 7d] (high card Ace)
AzureCaper: shows [3d 8c] (a pair of Eights)
AzureCaper collected $29.50 from pot
*** SUMMARY ***
Total pot $30 | Rake $0.50
Board [8h 2d Ac 4d Tc]
Seat 1: Cowgirlgea (big blind) showed [Ks 7d] and lost with high card Ace
Seat 2: AzureCaper (button) (small blind) showed [3d 8c] and won ($29.50) with a pair of Eights


PokerStars Hand #172172694424:  Hold'em Limit ($3/$6 USD) - 2017/06/24 7:45:04 ET
Table 'Centaurus' 6-max Seat #2 is the button
Seat 1: Cowgirlgea ($159.86 in chips)
Seat 2: AzureCaper ($111 in chips)
AzureCaper: posts small blind $1
Cowgirlgea: posts big blind $3
*** HOLE CARDS ***
AzureCaper: raises $3 to $6
Cowgirlgea: calls $3
*** FLOP *** [Kc Ac 7h]
Cowgirlgea: checks
AzureCaper: bets $3
Cowgirlgea: folds
Uncalled bet ($3) returned to AzureCaper
AzureCaper collected $11.76 from pot
AzureCaper: doesn't show hand
*** SUMMARY ***
Total pot $12 | Rake $0.24
Board [Kc Ac 7h]
Seat 1: Cowgirlgea (big blind) folded on the Flop
Seat 2: AzureCaper (button) (small blind) collected ($11.76)


PokerStars Hand #172172721864:  Hold'em Limit ($3/$6 USD) - 2017/06/24 7:46:04 ET
Table 'Centaurus' 6-max Seat #2 is the button
Seat 1: Cowgirlgea ($138.36 in chips)
Seat 2: AzureCaper ($130.76 in chips)
AzureCaper: posts small blind $1
Cowgirlgea: posts big blind $3
*** HOLE CARDS ***
AzureCaper: raises $3 to $6
Cowgirlgea: calls $3
*** FLOP *** [Ad 4c Jh]
Cowgirlgea: checks
AzureCaper: bets $3
Cowgirlgea: folds
Uncalled bet ($3) returned to AzureCaper
AzureCaper collected $11.76 from pot
AzureCaper: doesn't show hand
*** SUMMARY ***
Total pot $12 | Rake $0.24
Board [Ad 4c Jh]
Seat 1: Cowgirlgea (big blind) folded on the Flop
Seat 2: AzureCaper (button) (small blind) collected ($11.76)


PokerStars Hand #172172713057:  Hold'em Limit ($3/$6 USD) - 2017/06/24 7:45:45 ET
Table 'Centaurus' 6-max Seat #1 is the button
Seat 1: Cowgirlgea ($162.36 in chips)
Seat 2: AzureCaper ($107.26 in chips)
Cowgirlgea: posts small blind $1
AzureCaper: posts big blind $3
*** HOLE CARDS ***
Cowgirlgea: raises $3 to $6
AzureCaper: raises $3 to $9
Cowgirlgea: calls $3
*** FLOP *** [8h Th 2h]
AzureCaper: bets $3
Cowgirlgea: raises $3 to $6
AzureCaper: raises $3 to $9
Cowgirlgea: calls $3
*** TURN *** [8h Th 2h] [9h]
AzureCaper: bets $6
Cowgirlgea: calls $6
*** RIVER *** [8h Th 2h 9h] [Qc]
AzureCaper: bets $6
Cowgirlgea: folds
Uncalled bet ($6) returned to AzureCaper
AzureCaper collected $47.50 from pot
*** SUMMARY ***
Total pot $48 | Rake $0.50
Board [8h Th 2h 9h Qc]
Seat 1: Cowgirlgea (button) (small blind) folded on the River
Seat 2: AzureCaper (big blind) collected ($47.50)


PokerStars Hand #172172725527:  Hold'em Limit ($3/$6 USD) - 2017/06/24 7:46:12 ET
Table 'Centaurus' 6-max Seat #1 is the button
Seat 1: Cowgirlgea ($132.36 in chips)
Seat 2: AzureCaper ($136.52 in chips)
Cowgirlgea: posts small blind $1
AzureCaper: posts big blind $3
*** HOLE CARDS ***
Cowgirlgea: folds
Uncalled bet ($2) returned to AzureCaper
AzureCaper collected $2 from pot
AzureCaper: doesn't show hand
*** SUMMARY ***
Total pot $2 | Rake $0
Seat 1: Cowgirlgea (button) (small blind) folded before Flop
Seat 2: AzureCaper (big blind) collected ($2)


PokerStars Hand #172172727598:  Hold'em Limit ($3/$6 USD) - 2017/06/24 7:46:17 ET
Table 'Centaurus' 6-max Seat #2 is the button
Seat 1: Cowgirlgea ($131.36 in chips)
Seat 2: AzureCaper ($137.52 in chips)
AzureCaper: posts small blind $1
Cowgirlgea: posts big blind $3
*** HOLE CARDS ***
AzureCaper: raises $3 to $6
Cowgirlgea: calls $3
*** FLOP *** [9h Ts 3h]
Cowgirlgea: checks
AzureCaper: bets $3
Cowgirlgea: calls $3
*** TURN *** [9h Ts 3h] [4c]
Cowgirlgea: checks
AzureCaper: checks
*** RIVER *** [9h Ts 3h 4c] [Js]
Cowgirlgea: bets $6
AzureCaper: raises $6 to $12
Cowgirlgea: calls $6
*** SHOW DOWN ***
AzureCaper: shows [Jd 7h] (a pair of Jacks)
Cowgirlgea: mucks hand
AzureCaper collected $41.50 from pot
*** SUMMARY ***
Total pot $42 | Rake $0.50
Board [9h Ts 3h 4c Js]
Seat 1: Cowgirlgea (big blind) mucked
Seat 2: AzureCaper (button) (small blind) showed [Jd 7h] and won ($41.50) with a pair of Jacks


PokerStars Hand #172172740368:  Hold'em Limit ($3/$6 USD) - 2017/06/24 7:46:44 ET
Table 'Centaurus' 6-max Seat #2 is the button
Seat 1: Cowgirlgea ($109.36 in chips)
Seat 2: AzureCaper ($159.02 in chips)
AzureCaper: posts small blind $1
Cowgirlgea: posts big blind $3
*** HOLE CARDS ***
AzureCaper: raises $3 to $6
Cowgirlgea: folds
Uncalled bet ($3) returned to AzureCaper
AzureCaper collected $6 from pot
AzureCaper: doesn't show hand
*** SUMMARY ***
Total pot $6 | Rake $0
Seat 1: Cowgirlgea (big blind) folded before Flop
Seat 2: AzureCaper (button) (small blind) collected ($6)


PokerStars Hand #172172738108:  Hold'em Limit ($3/$6 USD) - 2017/06/24 7:46:40 ET
Table 'Centaurus' 6-max Seat #1 is the button
Seat 1: Cowgirlgea ($110.36 in chips)
Seat 2: AzureCaper ($158.02 in chips)
Cowgirlgea: posts small blind $1
AzureCaper: posts big blind $3
*** HOLE CARDS ***
Cowgirlgea: folds
Uncalled bet ($2) returned to AzureCaper
AzureCaper collected $2 from pot
AzureCaper: doesn't show hand
*** SUMMARY ***
Total pot $2 | Rake $0
Seat 1: Cowgirlgea (button) (small blind) folded before Flop
Seat 2: AzureCaper (big blind) collected ($2)


PokerStars Hand #172172742775:  Hold'em Limit ($3/$6 USD) - 2017/06/24 7:46:50 ET
Table 'Centaurus' 6-max Seat #1 is the button
Seat 1: Cowgirlgea ($106.36 in chips)
Seat 2: AzureCaper ($162.02 in chips)
Cowgirlgea: posts small blind $1
AzureCaper: posts big blind $3
*** HOLE CARDS ***
Cowgirlgea: folds
Uncalled bet ($2) returned to AzureCaper
AzureCaper collected $2 from pot
AzureCaper: doesn't show hand
*** SUMMARY ***
Total pot $2 | Rake $0
Seat 1: Cowgirlgea (button) (small blind) folded before Flop
Seat 2: AzureCaper (big blind) collected ($2)


PokerStars Hand #172172751331:  Hold'em Limit ($3/$6 USD) - 2017/06/24 7:47:08 ET
Table 'Centaurus' 6-max Seat #1 is the button
Seat 1: Cowgirlgea ($96.36 in chips)
Seat 2: AzureCaper ($171.66 in chips)
Cowgirlgea: posts small blind $1
AzureCaper: posts big blind $3
*** HOLE CARDS ***
Cowgirlgea: folds
Uncalled bet ($2) returned to AzureCaper
AzureCaper collected $2 from pot
AzureCaper: doesn't show hand
*** SUMMARY ***
Total pot $2 | Rake $0
Seat 1: Cowgirlgea (button) (small blind) folded before Flop
Seat 2: AzureCaper (big blind) collected ($2)


PokerStars Hand #172172760926:  Hold'em Limit ($3/$6 USD) - 2017/06/24 7:47:29 ET
Table 'Centaurus' 6-max Seat #1 is the button
Seat 1: Cowgirlgea ($65.36 in chips)
Seat 2: AzureCaper ($202.16 in chips)
Cowgirlgea: posts small blind $1
AzureCaper: posts big blind $3
*** HOLE CARDS ***
Cowgirlgea: raises $3 to $6
AzureCaper: folds
Uncalled bet ($3) returned to Cowgirlgea
Cowgirlgea collected $6 from pot
Cowgirlgea: doesn't show hand
*** SUMMARY ***
Total pot $6 | Rake $0
Seat 1: Cowgirlgea (button) (small blind) collected ($6)
Seat 2: AzureCaper (big blind) folded before Flop


PokerStars Hand #172172764153:  Hold'em Limit ($3/$6 USD) - 2017/06/24 7:47:36 ET
Table 'Centaurus' 6-max Seat #2 is the button
Seat 1: Cowgirlgea ($68.36 in chips)
Seat 2: AzureCaper ($199.16 in chips)
AzureCaper: posts small blind $1
Cowgirlgea: posts big blind $3
*** HOLE CARDS ***
AzureCaper: raises $3 to $6
Cowgirlgea: calls $3
*** FLOP *** [4c 5s Ad]
Cowgirlgea: checks
AzureCaper: bets $3
Cowgirlgea: folds
Uncalled bet ($3) returned to AzureCaper
AzureCaper collected $11.76 from pot
AzureCaper: doesn't show hand
*** SUMMARY ***
Total pot $12 | Rake $0.24
Board [4c 5s Ad]
Seat 1: Cowgirlgea (big blind) folded on the Flop
Seat 2: AzureCaper (button) (small blind) collected ($11.76)


PokerStars Hand #172172753469:  Hold'em Limit ($3/$6 USD) - 2017/06/24 7:47:13 ET
Table 'Centaurus' 6-max Seat #2 is the button
Seat 1: Cowgirlgea ($95.36 in chips)
Seat 2: AzureCaper ($172.66 in chips)
AzureCaper: posts small blind $1
Cowgirlgea: posts big blind $3
*** HOLE CARDS ***
AzureCaper: raises $3 to $6
Cowgirlgea: raises $3 to $9
AzureCaper: raises $3 to $12
Betting is capped
Cowgirlgea: calls $3
*** FLOP *** [Ts 6c 2c]
Cowgirlgea: bets $3
AzureCaper: raises $3 to $6
Cowgirlgea: calls $3
*** TURN *** [Ts 6c 2c] [5d]
Cowgirlgea: checks
AzureCaper: checks
*** RIVER *** [Ts 6c 2c 5d] [Jh]
Cowgirlgea: bets $6
AzureCaper: raises $6 to $12
Cowgirlgea: calls $6
*** SHOW DOWN ***
AzureCaper: shows [Kh Jd] (a pair of Jacks)
Cowgirlgea: mucks hand
AzureCaper collected $59.50 from pot
*** SUMMARY ***
Total pot $60 | Rake $0.50
Board [Ts 6c 2c 5d Jh]
Seat 1: Cowgirlgea (big blind) mucked
Seat 2: AzureCaper (button) (small blind) showed [Kh Jd] and won ($59.50) with a pair of Jacks


PokerStars Hand #172172745011:  Hold'em Limit ($3/$6 USD) - 2017/06/24 7:46:55 ET
Table 'Centaurus' 6-max Seat #2 is the button
Seat 1: Cowgirlgea ($105.36 in chips)
Seat 2: AzureCaper ($163.02 in chips)
AzureCaper: posts small blind $1
Cowgirlgea: posts big blind $3
*** HOLE CARDS ***
AzureCaper: raises $3 to $6
Cowgirlgea: calls $3
*** FLOP *** [5c 2c 9h]
Cowgirlgea: checks
AzureCaper: bets $3
Cowgirlgea: calls $3
*** TURN *** [5c 2c 9h] [3c]
Cowgirlgea: checks
AzureCaper: bets $6
Cowgirlgea: folds
Uncalled bet ($6) returned to AzureCaper
AzureCaper collected $17.64 from pot
AzureCaper: doesn't show hand
*** SUMMARY ***
Total pot $18 | Rake $0.36
Board [5c 2c 9h 3c]
Seat 1: Cowgirlgea (big blind) folded on the Turn
Seat 2: AzureCaper (button) (small blind) collected ($17.64)


PokerStars Hand #172172776975:  Hold'em Limit ($3/$6 USD) - 2017/06/24 7:48:04 ET
Table 'Centaurus' 6-max Seat #2 is the button
Seat 1: Cowgirlgea ($68.12 in chips)
Seat 2: AzureCaper ($198.92 in chips)
AzureCaper: posts small blind $1
Cowgirlgea: posts big blind $3
*** HOLE CARDS ***
AzureCaper: raises $3 to $6
Cowgirlgea: folds
Uncalled bet ($3) returned to AzureCaper
AzureCaper collected $6 from pot
AzureCaper: doesn't show hand
*** SUMMARY ***
Total pot $6 | Rake $0
Seat 1: Cowgirlgea (big blind) folded before Flop
Seat 2: AzureCaper (button) (small blind) collected ($6)


PokerStars Hand #172172769226:  Hold'em Limit ($3/$6 USD) - 2017/06/24 7:47:47 ET
Table 'Centaurus' 6-max Seat #1 is the button
Seat 1: Cowgirlgea ($62.36 in chips)
Seat 2: AzureCaper ($204.92 in chips)
Cowgirlgea: posts small blind $1
AzureCaper: posts big blind $3
*** HOLE CARDS ***
Cowgirlgea: raises $3 to $6
AzureCaper: calls $3
*** FLOP *** [Td Jc 2d]
AzureCaper: checks
Cowgirlgea: checks
*** TURN *** [Td Jc 2d] [Ac]
AzureCaper: checks
Cowgirlgea: bets $6
AzureCaper: folds
Uncalled bet ($6) returned to Cowgirlgea
Cowgirlgea collected $11.76 from pot
Cowgirlgea: doesn't show hand
*** SUMMARY ***
Total pot $12 | Rake $0.24
Board [Td Jc 2d Ac]
Seat 1: Cowgirlgea (button) (small blind) collected ($11.76)
Seat 2: AzureCaper (big blind) folded on the Turn


PokerStars Hand #172172779378:  Hold'em Limit ($3/$6 USD) - 2017/06/24 7:48:10 ET
Table 'Centaurus' 6-max Seat #1 is the button
Seat 1: Cowgirlgea ($65.12 in chips)
Seat 2: AzureCaper ($201.92 in chips)
Cowgirlgea: posts small blind $1
AzureCaper: posts big blind $3
*** HOLE CARDS ***
Cowgirlgea: raises $3 to $6
AzureCaper: calls $3
*** FLOP *** [3h 2d 8c]
AzureCaper: checks
Cowgirlgea: bets $3
AzureCaper: folds
Uncalled bet ($3) returned to Cowgirlgea
Cowgirlgea collected $11.76 from pot
Cowgirlgea: doesn't show hand
*** SUMMARY ***
Total pot $12 | Rake $0.24
Board [3h 2d 8c]
Seat 1: Cowgirlgea (button) (small blind) collected ($11.76)
Seat 2: AzureCaper (big blind) folded on the Flop


PokerStars Hand #172172786744:  Hold'em Limit ($3/$6 USD) - 2017/06/24 7:48:26 ET
Table 'Centaurus' 6-max Seat #1 is the button
Seat 1: Cowgirlgea ($71.88 in chips)
Seat 2: AzureCaper ($194.92 in chips)
Cowgirlgea: posts small blind $1
AzureCaper: posts big blind $3
*** HOLE CARDS ***
Cowgirlgea: raises $3 to $6
scorpio04 joins the table at seat #3
AzureCaper: calls $3
*** FLOP *** [6h 5c Kh]
AzureCaper: checks
Cowgirlgea: checks
*** TURN *** [6h 5c Kh] [9c]
AzureCaper: bets $6
Cowgirlgea: folds
Uncalled bet ($6) returned to AzureCaper
AzureCaper collected $11.76 from pot
AzureCaper: doesn't show hand
*** SUMMARY ***
Total pot $12 | Rake $0.24
Board [6h 5c Kh 9c]
Seat 1: Cowgirlgea (button) (small blind) folded on the Turn
Seat 2: AzureCaper (big blind) collected ($11.76)


PokerStars Hand #172172784441:  Hold'em Limit ($3/$6 USD) - 2017/06/24 7:48:21 ET
Table 'Centaurus' 6-max Seat #2 is the button
Seat 1: Cowgirlgea ($70.88 in chips)
Seat 2: AzureCaper ($195.92 in chips)
AzureCaper: posts small blind $1
Cowgirlgea: posts big blind $3
*** HOLE CARDS ***
AzureCaper: folds
Uncalled bet ($2) returned to Cowgirlgea
Cowgirlgea collected $2 from pot
Cowgirlgea: doesn't show hand
*** SUMMARY ***
Total pot $2 | Rake $0
Seat 1: Cowgirlgea (big blind) collected ($2)
Seat 2: AzureCaper (button) (small blind) folded before Flop


