PokerStars Hand #149494566756:  Hold'em Limit ($3/$6 USD) - 2016/02/27 8:43:10 ET
Table 'Centaurus III' 6-max Seat #6 is the button
Seat 4: AzureCaper ($72 in chips)
Seat 6: schänzli ($123.88 in chips)
schänzli: posts small blind $1
AzureCaper: posts big blind $3
*** HOLE CARDS ***
schänzli: raises $3 to $6
AzureCaper: calls $3
*** FLOP *** [7d Qc 2h]
AzureCaper: checks
schänzli: checks
*** TURN *** [7d Qc 2h] [3d]
AzureCaper: checks
schänzli: bets $6
AzureCaper: folds
Uncalled bet ($6) returned to schänzli
schänzli collected $11.76 from pot
schänzli: doesn't show hand
*** SUMMARY ***
Total pot $12 | Rake $0.24
Board [7d Qc 2h 3d]
Seat 4: AzureCaper (big blind) folded on the Turn
Seat 6: schänzli (button) (small blind) collected ($11.76)


PokerStars Hand #149494639438:  Hold'em Limit ($3/$6 USD) - 2016/02/27 8:44:45 ET
Table 'Centaurus III' 6-max Seat #4 is the button
Seat 4: AzureCaper ($77.76 in chips)
Seat 6: schänzli ($148.14 in chips)
AzureCaper: posts small blind $1
schänzli: posts big blind $3
*** HOLE CARDS ***
AzureCaper: folds
Uncalled bet ($2) returned to schänzli
schänzli collected $2 from pot
schänzli: doesn't show hand
*** SUMMARY ***
Total pot $2 | Rake $0
Seat 4: AzureCaper (button) (small blind) folded before Flop
Seat 6: schänzli (big blind) collected ($2)


PokerStars Hand #149494635680:  Hold'em Limit ($3/$6 USD) - 2016/02/27 8:44:40 ET
Table 'Centaurus III' 6-max Seat #6 is the button
Seat 4: AzureCaper ($80.76 in chips)
Seat 6: schänzli ($145.14 in chips)
schänzli: posts small blind $1
AzureCaper: posts big blind $3
*** HOLE CARDS ***
schänzli: raises $3 to $6
AzureCaper: folds
Uncalled bet ($3) returned to schänzli
schänzli collected $6 from pot
schänzli: doesn't show hand
*** SUMMARY ***
Total pot $6 | Rake $0
Seat 4: AzureCaper (big blind) folded before Flop
Seat 6: schänzli (button) (small blind) collected ($6)


PokerStars Hand #149494631404:  Hold'em Limit ($3/$6 USD) - 2016/02/27 8:44:34 ET
Table 'Centaurus III' 6-max Seat #4 is the button
Seat 4: AzureCaper ($77.76 in chips)
Seat 6: schänzli ($148.14 in chips)
AzureCaper: posts small blind $1
schänzli: posts big blind $3
*** HOLE CARDS ***
AzureCaper: raises $3 to $6
schänzli: folds
Uncalled bet ($3) returned to AzureCaper
AzureCaper collected $6 from pot
AzureCaper: doesn't show hand
*** SUMMARY ***
Total pot $6 | Rake $0
Seat 4: AzureCaper (button) (small blind) collected ($6)
Seat 6: schänzli (big blind) folded before Flop


PokerStars Hand #149494620652:  Hold'em Limit ($3/$6 USD) - 2016/02/27 8:44:21 ET
Table 'Centaurus III' 6-max Seat #6 is the button
Seat 4: AzureCaper ($72 in chips)
Seat 6: schänzli ($154.14 in chips)
schänzli: posts small blind $1
AzureCaper: posts big blind $3
*** HOLE CARDS ***
schänzli: calls $2
AzureCaper: checks
*** FLOP *** [As 5s 2s]
AzureCaper: bets $3
schänzli: calls $3
*** TURN *** [As 5s 2s] [Qh]
AzureCaper: bets $6
schänzli: folds
Uncalled bet ($6) returned to AzureCaper
AzureCaper collected $11.76 from pot
AzureCaper: doesn't show hand
*** SUMMARY ***
Total pot $12 | Rake $0.24
Board [As 5s 2s Qh]
Seat 4: AzureCaper (big blind) collected ($11.76)
Seat 6: schänzli (button) (small blind) folded on the Turn


PokerStars Hand #149494604740:  Hold'em Limit ($3/$6 USD) - 2016/02/27 8:44:00 ET
Table 'Centaurus III' 6-max Seat #4 is the button
Seat 4: AzureCaper ($72 in chips)
Seat 6: schänzli ($133.64 in chips)
AzureCaper: posts small blind $1
schänzli: posts big blind $3
*** HOLE CARDS ***
AzureCaper: raises $3 to $6
schänzli: calls $3
*** FLOP *** [7s 8s 2s]
schänzli: checks
AzureCaper: bets $3
schänzli: calls $3
*** TURN *** [7s 8s 2s] [Jc]
schänzli: checks
AzureCaper: bets $6
schänzli: raises $6 to $12
AzureCaper: calls $6
*** RIVER *** [7s 8s 2s Jc] [6d]
schänzli: bets $6
AzureCaper: folds
Uncalled bet ($6) returned to schänzli
schänzli collected $41.50 from pot
schänzli: doesn't show hand
*** SUMMARY ***
Total pot $42 | Rake $0.50
Board [7s 8s 2s Jc 6d]
Seat 4: AzureCaper (button) (small blind) folded on the River
Seat 6: schänzli (big blind) collected ($41.50)


PokerStars Hand #149494599778:  Hold'em Limit ($3/$6 USD) - 2016/02/27 8:43:53 ET
Table 'Centaurus III' 6-max Seat #6 is the button
Seat 4: AzureCaper ($72 in chips)
Seat 6: schänzli ($130.64 in chips)
schänzli: posts small blind $1
AzureCaper: posts big blind $3
*** HOLE CARDS ***
schänzli: raises $3 to $6
AzureCaper: folds
Uncalled bet ($3) returned to schänzli
schänzli collected $6 from pot
schänzli: doesn't show hand
*** SUMMARY ***
Total pot $6 | Rake $0
Seat 4: AzureCaper (big blind) folded before Flop
Seat 6: schänzli (button) (small blind) collected ($6)


PokerStars Hand #149494590621:  Hold'em Limit ($3/$6 USD) - 2016/02/27 8:43:41 ET
Table 'Centaurus III' 6-max Seat #4 is the button
Seat 4: AzureCaper ($72 in chips)
Seat 6: schänzli ($129.64 in chips)
AzureCaper: posts small blind $1
schänzli: posts big blind $3
*** HOLE CARDS ***
AzureCaper: folds
Uncalled bet ($2) returned to schänzli
schänzli collected $2 from pot
schänzli: doesn't show hand
*** SUMMARY ***
Total pot $2 | Rake $0
Seat 4: AzureCaper (button) (small blind) folded before Flop
Seat 6: schänzli (big blind) collected ($2)


PokerStars Hand #149494656055:  Hold'em Limit ($3/$6 USD) - 2016/02/27 8:45:06 ET
Table 'Centaurus III' 6-max Seat #4 is the button
Seat 4: AzureCaper ($72 in chips)
Seat 6: schänzli ($166.64 in chips)
AzureCaper: posts small blind $1
schänzli: posts big blind $3
*** HOLE CARDS ***
AzureCaper: raises $3 to $6
schänzli: folds
Uncalled bet ($3) returned to AzureCaper
AzureCaper collected $6 from pot
AzureCaper: doesn't show hand
*** SUMMARY ***
Total pot $6 | Rake $0
Seat 4: AzureCaper (button) (small blind) collected ($6)
Seat 6: schänzli (big blind) folded before Flop


PokerStars Hand #149494642828:  Hold'em Limit ($3/$6 USD) - 2016/02/27 8:44:49 ET
Table 'Centaurus III' 6-max Seat #6 is the button
Seat 4: AzureCaper ($76.76 in chips)
Seat 6: schänzli ($149.14 in chips)
schänzli: posts small blind $1
AzureCaper: posts big blind $3
*** HOLE CARDS ***
schänzli: calls $2
AzureCaper: checks
*** FLOP *** [3c Jc 9c]
AzureCaper: bets $3
schänzli: calls $3
*** TURN *** [3c Jc 9c] [Td]
AzureCaper: bets $6
schänzli: raises $6 to $12
AzureCaper: calls $6
*** RIVER *** [3c Jc 9c Td] [Qs]
AzureCaper: checks
schänzli: checks
*** SHOW DOWN ***
AzureCaper: shows [Qc 5s] (a pair of Queens)
schänzli: shows [9h Th] (two pair, Tens and Nines)
schänzli collected $35.50 from pot
siliciom joins the table at seat #1
*** SUMMARY ***
Total pot $36 | Rake $0.50
Board [3c Jc 9c Td Qs]
Seat 4: AzureCaper (big blind) showed [Qc 5s] and lost with a pair of Queens
Seat 6: schänzli (button) (small blind) showed [9h Th] and won ($35.50) with two pair, Tens and Nines


PokerStars Hand #149496493345:  Hold'em Limit ($3/$6 USD) - 2016/02/27 9:24:04 ET
Table 'Centaurus III' 6-max Seat #4 is the button
Seat 3: CrystalMirac ($112.49 in chips)
Seat 4: AzureCaper ($92.37 in chips)
AzureCaper: posts small blind $1
CrystalMirac: posts big blind $3
*** HOLE CARDS ***
AzureCaper: raises $3 to $6
CrystalMirac: folds
Uncalled bet ($3) returned to AzureCaper
AzureCaper collected $6 from pot
AzureCaper: doesn't show hand
*** SUMMARY ***
Total pot $6 | Rake $0
Seat 3: CrystalMirac (big blind) folded before Flop
Seat 4: AzureCaper (button) (small blind) collected ($6)


PokerStars Hand #149496499344:  Hold'em Limit ($3/$6 USD) - 2016/02/27 9:24:12 ET
Table 'Centaurus III' 6-max Seat #3 is the button
Seat 3: CrystalMirac ($109.49 in chips)
Seat 4: AzureCaper ($95.37 in chips)
CrystalMirac: posts small blind $1
AzureCaper: posts big blind $3
*** HOLE CARDS ***
CrystalMirac: folds
Uncalled bet ($2) returned to AzureCaper
AzureCaper collected $2 from pot
AzureCaper: doesn't show hand
*** SUMMARY ***
Total pot $2 | Rake $0
Seat 3: CrystalMirac (button) (small blind) folded before Flop
Seat 4: AzureCaper (big blind) collected ($2)


PokerStars Hand #149500924380:  Hold'em Limit ($3/$6 USD) - 2016/02/27 10:52:35 ET
Table 'Centaurus III' 6-max Seat #4 is the button
Seat 2: Bouloux ($172.41 in chips)
Seat 4: killerfurbel ($367.55 in chips)
killerfurbel: posts small blind $1
Chessnok: is sitting out
Bouloux: posts big blind $3
*** HOLE CARDS ***
killerfurbel: raises $3 to $6
Bouloux: folds
Uncalled bet ($3) returned to killerfurbel
killerfurbel collected $6 from pot
killerfurbel: doesn't show hand
*** SUMMARY ***
Total pot $6 | Rake $0
Seat 2: Bouloux (big blind) folded before Flop
Seat 4: killerfurbel (button) (small blind) collected ($6)


PokerStars Hand #149500929278:  Hold'em Limit ($3/$6 USD) - 2016/02/27 10:52:41 ET
Table 'Centaurus III' 6-max Seat #2 is the button
Seat 2: Bouloux ($169.41 in chips)
Seat 4: killerfurbel ($370.55 in chips)
Bouloux: posts small blind $1
killerfurbel: posts big blind $3
*** HOLE CARDS ***
Chessnok leaves the table
Bouloux: raises $3 to $6
killerfurbel: raises $3 to $9
Bouloux: calls $3
*** FLOP *** [Qc 3s 6s]
killerfurbel: bets $3
Bouloux: calls $3
*** TURN *** [Qc 3s 6s] [2s]
killerfurbel: bets $6
Bouloux: raises $6 to $12
killerfurbel: calls $6
*** RIVER *** [Qc 3s 6s 2s] [7c]
killerfurbel: checks
Bouloux: bets $6
killerfurbel: calls $6
*** SHOW DOWN ***
Bouloux: shows [Js 9s] (a flush, Jack high)
killerfurbel: mucks hand
Bouloux collected $59.50 from pot
*** SUMMARY ***
Total pot $60 | Rake $0.50
Board [Qc 3s 6s 2s 7c]
Seat 2: Bouloux (button) (small blind) showed [Js 9s] and won ($59.50) with a flush, Jack high
Seat 4: killerfurbel (big blind) mucked


PokerStars Hand #149510035264:  Hold'em Limit ($3/$6 USD) - 2016/02/27 13:30:39 ET
Table 'Centaurus III' 6-max Seat #2 is the button
Seat 2: anetkaapro ($225.87 in chips)
Seat 3: Puzanchik 11 ($18.77 in chips)
anetkaapro: posts small blind $1
Puzanchik 11: posts big blind $3
*** HOLE CARDS ***
anetkaapro: raises $3 to $6
Puzanchik 11: raises $3 to $9
anetkaapro: calls $3
*** FLOP *** [8s 2s 6c]
Puzanchik 11: bets $3
anetkaapro: calls $3
*** TURN *** [8s 2s 6c] [4c]
Puzanchik 11: bets $6
anetkaapro: raises $6 to $12
Puzanchik 11: calls $0.77 and is all-in
Uncalled bet ($5.23) returned to anetkaapro
*** RIVER *** [8s 2s 6c 4c] [Ac]
*** SHOW DOWN ***
Puzanchik 11: shows [8h 8c] (three of a kind, Eights)
anetkaapro: shows [5s 7d] (a straight, Four to Eight)
anetkaapro collected $37.04 from pot
*** SUMMARY ***
Total pot $37.54 | Rake $0.50
Board [8s 2s 6c 4c Ac]
Seat 2: anetkaapro (button) (small blind) showed [5s 7d] and won ($37.04) with a straight, Four to Eight
Seat 3: Puzanchik 11 (big blind) showed [8h 8c] and lost with three of a kind, Eights


PokerStars Hand #149510023912:  Hold'em Limit ($3/$6 USD) - 2016/02/27 13:30:28 ET
Table 'Centaurus III' 6-max Seat #3 is the button
Seat 2: anetkaapro ($228.87 in chips)
Seat 3: Puzanchik 11 ($15.77 in chips)
Puzanchik 11: posts small blind $1
anetkaapro: posts big blind $3
*** HOLE CARDS ***
Puzanchik 11: raises $3 to $6
anetkaapro: folds
Uncalled bet ($3) returned to Puzanchik 11
Puzanchik 11 collected $6 from pot
*** SUMMARY ***
Total pot $6 | Rake $0
Seat 2: anetkaapro (big blind) folded before Flop
Seat 3: Puzanchik 11 (button) (small blind) collected ($6)


PokerStars Hand #149510009565:  Hold'em Limit ($3/$6 USD) - 2016/02/27 13:30:14 ET
Table 'Centaurus III' 6-max Seat #2 is the button
Seat 2: anetkaapro ($223.11 in chips)
Seat 3: Puzanchik 11 ($21.77 in chips)
anetkaapro: posts small blind $1
Puzanchik 11: posts big blind $3
*** HOLE CARDS ***
anetkaapro: raises $3 to $6
Puzanchik 11: calls $3
*** FLOP *** [Td Kh Kc]
Puzanchik 11: checks
anetkaapro: checks
*** TURN *** [Td Kh Kc] [2s]
Puzanchik 11: checks
anetkaapro: bets $6
Puzanchik 11: folds
Uncalled bet ($6) returned to anetkaapro
anetkaapro collected $11.76 from pot
anetkaapro: doesn't show hand
*** SUMMARY ***
Total pot $12 | Rake $0.24
Board [Td Kh Kc 2s]
Seat 2: anetkaapro (button) (small blind) collected ($11.76)
Seat 3: Puzanchik 11 (big blind) folded on the Turn


PokerStars Hand #149509993952:  Hold'em Limit ($3/$6 USD) - 2016/02/27 13:29:59 ET
Table 'Centaurus III' 6-max Seat #3 is the button
Seat 2: anetkaapro ($217.35 in chips)
Seat 3: Puzanchik 11 ($27.77 in chips)
Puzanchik 11: posts small blind $1
anetkaapro: posts big blind $3
*** HOLE CARDS ***
Puzanchik 11: raises $3 to $6
anetkaapro: calls $3
*** FLOP *** [8c Jc Kd]
anetkaapro: checks
Puzanchik 11: checks
*** TURN *** [8c Jc Kd] [As]
anetkaapro: checks
Puzanchik 11: checks
*** RIVER *** [8c Jc Kd As] [3s]
anetkaapro: bets $6
Puzanchik 11: folds
Uncalled bet ($6) returned to anetkaapro
anetkaapro collected $11.76 from pot
anetkaapro: doesn't show hand
*** SUMMARY ***
Total pot $12 | Rake $0.24
Board [8c Jc Kd As 3s]
Seat 2: anetkaapro (big blind) collected ($11.76)
Seat 3: Puzanchik 11 (button) (small blind) folded on the River


PokerStars Hand #149509968383:  Hold'em Limit ($3/$6 USD) - 2016/02/27 13:29:34 ET
Table 'Centaurus III' 6-max Seat #2 is the button
Seat 2: anetkaapro ($190.85 in chips)
Seat 3: Puzanchik 11 ($54.77 in chips)
anetkaapro: posts small blind $1
Puzanchik 11: posts big blind $3
*** HOLE CARDS ***
anetkaapro: raises $3 to $6
Puzanchik 11: calls $3
*** FLOP *** [5s 7s 6c]
Puzanchik 11: bets $3
anetkaapro: calls $3
*** TURN *** [5s 7s 6c] [Kh]
Puzanchik 11: bets $6
anetkaapro: raises $6 to $12
Puzanchik 11: calls $6
*** RIVER *** [5s 7s 6c Kh] [Kc]
Puzanchik 11: checks
anetkaapro: bets $6
Puzanchik 11: calls $6
*** SHOW DOWN ***
anetkaapro: shows [Kd Jd] (three of a kind, Kings)
Puzanchik 11: mucks hand
anetkaapro collected $53.50 from pot
*** SUMMARY ***
Total pot $54 | Rake $0.50
Board [5s 7s 6c Kh Kc]
Seat 2: anetkaapro (button) (small blind) showed [Kd Jd] and won ($53.50) with three of a kind, Kings
Seat 3: Puzanchik 11 (big blind) mucked


PokerStars Hand #149510084934:  Hold'em Limit ($3/$6 USD) - 2016/02/27 13:31:28 ET
Table 'Centaurus III' 6-max Seat #2 is the button
Seat 2: anetkaapro ($245.14 in chips)
Seat 3: Df_master ($149 in chips)
anetkaapro: posts small blind $1
Df_master: posts big blind $3
*** HOLE CARDS ***
anetkaapro: raises $3 to $6
Df_master: calls $3
*** FLOP *** [6c 4h 6s]
kolaz03 joins the table at seat #4
Df_master: checks
anetkaapro: bets $3
Df_master: calls $3
*** TURN *** [6c 4h 6s] [Ac]
Df_master: checks
anetkaapro: checks
*** RIVER *** [6c 4h 6s Ac] [3d]
Df_master: bets $6
anetkaapro: folds
Uncalled bet ($6) returned to Df_master
Df_master collected $17.64 from pot
Df_master: doesn't show hand
*** SUMMARY ***
Total pot $18 | Rake $0.36
Board [6c 4h 6s Ac 3d]
Seat 2: anetkaapro (button) (small blind) folded on the River
Seat 3: Df_master (big blind) collected ($17.64)


PokerStars Hand #149510078189:  Hold'em Limit ($3/$6 USD) - 2016/02/27 13:31:21 ET
Table 'Centaurus III' 6-max Seat #3 is the button
Seat 2: anetkaapro ($244.14 in chips)
Seat 3: Df_master ($150 in chips)
Df_master: posts small blind $1
anetkaapro: posts big blind $3
*** HOLE CARDS ***
Df_master: folds
Uncalled bet ($2) returned to anetkaapro
anetkaapro collected $2 from pot
anetkaapro: doesn't show hand
*** SUMMARY ***
Total pot $2 | Rake $0
Seat 2: anetkaapro (big blind) collected ($2)
Seat 3: Df_master (button) (small blind) folded before Flop


PokerStars Hand #149510963949:  Hold'em Limit ($3/$6 USD) - 2016/02/27 13:45:47 ET
Table 'Centaurus III' 6-max Seat #6 is the button
Seat 4: kolaz03 ($144.30 in chips)
Seat 6: Chessnok ($139.53 in chips)
Chessnok: posts small blind $1
Df_master: is sitting out
kolaz03: posts big blind $3
*** HOLE CARDS ***
Chessnok: raises $3 to $6
Df_master leaves the table
kolaz03: calls $3
*** FLOP *** [8s Td 4h]
kolaz03: checks
Chessnok: bets $3
kolaz03: calls $3
*** TURN *** [8s Td 4h] [Qs]
kolaz03: checks
killerfurbel joins the table at seat #5
Chessnok: checks
*** RIVER *** [8s Td 4h Qs] [Qc]
kolaz03: checks
Chessnok: bets $6
kolaz03: folds
Uncalled bet ($6) returned to Chessnok
Chessnok collected $17.64 from pot
Chessnok: doesn't show hand
*** SUMMARY ***
Total pot $18 | Rake $0.36
Board [8s Td 4h Qs Qc]
Seat 4: kolaz03 (big blind) folded on the River
Seat 6: Chessnok (button) (small blind) collected ($17.64)


PokerStars Hand #149511129254:  Hold'em Limit ($3/$6 USD) - 2016/02/27 13:48:26 ET
Table 'Centaurus III' 6-max Seat #5 is the button
Seat 3: flex331969 ($248.59 in chips)
Seat 5: killerfurbel ($279 in chips)
killerfurbel: posts small blind $1
flex331969: posts big blind $3
*** HOLE CARDS ***
killerfurbel: raises $3 to $6
flex331969: calls $3
*** FLOP *** [4s Ac 8s]
flex331969: checks
killerfurbel: bets $3
flex331969: folds
Uncalled bet ($3) returned to killerfurbel
killerfurbel collected $11.76 from pot
killerfurbel: doesn't show hand
*** SUMMARY ***
Total pot $12 | Rake $0.24
Board [4s Ac 8s]
Seat 3: flex331969 (big blind) folded on the Flop
Seat 5: killerfurbel (button) (small blind) collected ($11.76)


PokerStars Hand #149511139638:  Hold'em Limit ($3/$6 USD) - 2016/02/27 13:48:36 ET
Table 'Centaurus III' 6-max Seat #3 is the button
Seat 3: flex331969 ($242.59 in chips)
Seat 5: killerfurbel ($284.76 in chips)
flex331969: posts small blind $1
killerfurbel: posts big blind $3
*** HOLE CARDS ***
flex331969: raises $3 to $6
killerfurbel: calls $3
*** FLOP *** [2c 8c 6d]
killerfurbel: checks
flex331969: bets $3
killerfurbel: folds
Uncalled bet ($3) returned to flex331969
flex331969 collected $11.76 from pot
flex331969: doesn't show hand
*** SUMMARY ***
Total pot $12 | Rake $0.24
Board [2c 8c 6d]
Seat 3: flex331969 (button) (small blind) collected ($11.76)
Seat 5: killerfurbel (big blind) folded on the Flop


PokerStars Hand #149511183507:  Hold'em Limit ($3/$6 USD) - 2016/02/27 13:49:17 ET
Table 'Centaurus III' 6-max Seat #5 is the button
Seat 3: flex331969 ($286.49 in chips)
Seat 5: killerfurbel ($239.76 in chips)
killerfurbel: posts small blind $1
flex331969: posts big blind $3
*** HOLE CARDS ***
killerfurbel: folds
Uncalled bet ($2) returned to flex331969
flex331969 collected $2 from pot
flex331969: doesn't show hand
*** SUMMARY ***
Total pot $2 | Rake $0
Seat 3: flex331969 (big blind) collected ($2)
Seat 5: killerfurbel (button) (small blind) folded before Flop


PokerStars Hand #149511166111:  Hold'em Limit ($3/$6 USD) - 2016/02/27 13:49:01 ET
Table 'Centaurus III' 6-max Seat #3 is the button
Seat 3: flex331969 ($256.99 in chips)
Seat 5: killerfurbel ($269.76 in chips)
flex331969: posts small blind $1
killerfurbel: posts big blind $3
*** HOLE CARDS ***
flex331969: raises $3 to $6
killerfurbel: raises $3 to $9
kolaz03 joins the table at seat #4
flex331969: calls $3
*** FLOP *** [Jc 3h Ac]
killerfurbel: bets $3
flex331969: calls $3
*** TURN *** [Jc 3h Ac] [9s]
killerfurbel: bets $6
flex331969: calls $6
*** RIVER *** [Jc 3h Ac 9s] [7d]
killerfurbel: bets $6
flex331969: raises $6 to $12
killerfurbel: calls $6
*** SHOW DOWN ***
flex331969: shows [9c 7c] (two pair, Nines and Sevens)
killerfurbel: mucks hand
flex331969 collected $59.50 from pot
*** SUMMARY ***
Total pot $60 | Rake $0.50
Board [Jc 3h Ac 9s 7d]
Seat 3: flex331969 (button) (small blind) showed [9c 7c] and won ($59.50) with two pair, Nines and Sevens
Seat 5: killerfurbel (big blind) mucked


PokerStars Hand #149511149724:  Hold'em Limit ($3/$6 USD) - 2016/02/27 13:48:45 ET
Table 'Centaurus III' 6-max Seat #5 is the button
Seat 3: flex331969 ($248.35 in chips)
Seat 5: killerfurbel ($278.76 in chips)
killerfurbel: posts small blind $1
flex331969: posts big blind $3
*** HOLE CARDS ***
killerfurbel: raises $3 to $6
flex331969: calls $3
*** FLOP *** [9c 5s Td]
flex331969: checks
killerfurbel: bets $3
flex331969: calls $3
*** TURN *** [9c 5s Td] [7s]
flex331969: checks
killerfurbel: checks
*** RIVER *** [9c 5s Td 7s] [7d]
flex331969: bets $6
killerfurbel: folds
Uncalled bet ($6) returned to flex331969
flex331969 collected $17.64 from pot
flex331969: doesn't show hand
*** SUMMARY ***
Total pot $18 | Rake $0.36
Board [9c 5s Td 7s 7d]
Seat 3: flex331969 (big blind) collected ($17.64)
Seat 5: killerfurbel (button) (small blind) folded on the River


PokerStars Hand #149512244586:  Hold'em Limit ($3/$6 USD) - 2016/02/27 14:07:36 ET
Table 'Centaurus III' 6-max Seat #3 is the button
Seat 3: flex331969 ($283.51 in chips)
Seat 5: killerfurbel ($178.09 in chips)
flex331969: posts small blind $1
Krazy90: is sitting out
killerfurbel: posts big blind $3
*** HOLE CARDS ***
flex331969: folds
Uncalled bet ($2) returned to killerfurbel
Krazy90 leaves the table
killerfurbel collected $2 from pot
killerfurbel: doesn't show hand
*** SUMMARY ***
Total pot $2 | Rake $0
Seat 3: flex331969 (button) (small blind) folded before Flop
Seat 5: killerfurbel (big blind) collected ($2)


PokerStars Hand #149512312125:  Hold'em Limit ($3/$6 USD) - 2016/02/27 14:08:39 ET
Table 'Centaurus III' 6-max Seat #3 is the button
Seat 3: flex331969 ($238.51 in chips)
Seat 5: killerfurbel ($221.59 in chips)
flex331969: posts small blind $1
killerfurbel: posts big blind $3
*** HOLE CARDS ***
flex331969: folds
Uncalled bet ($2) returned to killerfurbel
killerfurbel collected $2 from pot
killerfurbel: doesn't show hand
*** SUMMARY ***
Total pot $2 | Rake $0
Seat 3: flex331969 (button) (small blind) folded before Flop
Seat 5: killerfurbel (big blind) collected ($2)


PokerStars Hand #149512296880:  Hold'em Limit ($3/$6 USD) - 2016/02/27 14:08:24 ET
Table 'Centaurus III' 6-max Seat #5 is the button
Seat 3: flex331969 ($253.51 in chips)
Seat 5: killerfurbel ($207.09 in chips)
killerfurbel: posts small blind $1
flex331969: posts big blind $3
*** HOLE CARDS ***
killerfurbel: raises $3 to $6
flex331969: calls $3
*** FLOP *** [6h 8c Tc]
flex331969: checks
killerfurbel: bets $3
flex331969: calls $3
*** TURN *** [6h 8c Tc] [9s]
flex331969: checks
killerfurbel: checks
*** RIVER *** [6h 8c Tc 9s] [6c]
flex331969: bets $6
killerfurbel: calls $6
*** SHOW DOWN ***
flex331969: shows [5h Qc] (a pair of Sixes)
killerfurbel: shows [3h 3c] (two pair, Sixes and Threes)
killerfurbel collected $29.50 from pot
*** SUMMARY ***
Total pot $30 | Rake $0.50
Board [6h 8c Tc 9s 6c]
Seat 3: flex331969 (big blind) showed [5h Qc] and lost with a pair of Sixes
Seat 5: killerfurbel (button) (small blind) showed [3h 3c] and won ($29.50) with two pair, Sixes and Threes


PokerStars Hand #149512291530:  Hold'em Limit ($3/$6 USD) - 2016/02/27 14:08:19 ET
Table 'Centaurus III' 6-max Seat #3 is the button
Seat 3: flex331969 ($250.51 in chips)
Seat 5: killerfurbel ($210.09 in chips)
flex331969: posts small blind $1
killerfurbel: posts big blind $3
*** HOLE CARDS ***
flex331969: raises $3 to $6
killerfurbel: folds
Uncalled bet ($3) returned to flex331969
flex331969 collected $6 from pot
flex331969: doesn't show hand
*** SUMMARY ***
Total pot $6 | Rake $0
Seat 3: flex331969 (button) (small blind) collected ($6)
Seat 5: killerfurbel (big blind) folded before Flop


PokerStars Hand #149512287108:  Hold'em Limit ($3/$6 USD) - 2016/02/27 14:08:15 ET
Table 'Centaurus III' 6-max Seat #5 is the button
Seat 3: flex331969 ($249.51 in chips)
Seat 5: killerfurbel ($211.09 in chips)
killerfurbel: posts small blind $1
flex331969: posts big blind $3
*** HOLE CARDS ***
killerfurbel: folds
Uncalled bet ($2) returned to flex331969
flex331969 collected $2 from pot
flex331969: doesn't show hand
*** SUMMARY ***
Total pot $2 | Rake $0
Seat 3: flex331969 (big blind) collected ($2)
Seat 5: killerfurbel (button) (small blind) folded before Flop


PokerStars Hand #149512272474:  Hold'em Limit ($3/$6 USD) - 2016/02/27 14:08:02 ET
Table 'Centaurus III' 6-max Seat #3 is the button
Seat 3: flex331969 ($267.51 in chips)
Seat 5: killerfurbel ($193.59 in chips)
flex331969: posts small blind $1
killerfurbel: posts big blind $3
*** HOLE CARDS ***
flex331969: raises $3 to $6
killerfurbel: calls $3
*** FLOP *** [Kd 2s 7h]
killerfurbel: checks
flex331969: bets $3
killerfurbel: raises $3 to $6
flex331969: calls $3
*** TURN *** [Kd 2s 7h] [Ts]
killerfurbel: bets $6
flex331969: calls $6
*** RIVER *** [Kd 2s 7h Ts] [Qs]
killerfurbel: bets $6
flex331969: folds
Uncalled bet ($6) returned to killerfurbel
killerfurbel collected $35.50 from pot
killerfurbel: doesn't show hand
*** SUMMARY ***
Total pot $36 | Rake $0.50
Board [Kd 2s 7h Ts Qs]
Seat 3: flex331969 (button) (small blind) folded on the River
Seat 5: killerfurbel (big blind) collected ($35.50)


PokerStars Hand #149512250149:  Hold'em Limit ($3/$6 USD) - 2016/02/27 14:07:41 ET
Table 'Centaurus III' 6-max Seat #5 is the button
Seat 3: flex331969 ($282.51 in chips)
Seat 5: killerfurbel ($179.09 in chips)
killerfurbel: posts small blind $1
soakas was removed from the table for failing to post
flex331969: posts big blind $3
*** HOLE CARDS ***
killerfurbel: raises $3 to $6
flex331969: calls $3
*** FLOP *** [4d 6c 6s]
flex331969: checks
killerfurbel: bets $3
flex331969: calls $3
*** TURN *** [4d 6c 6s] [2h]
flex331969: checks
killerfurbel: checks
*** RIVER *** [4d 6c 6s 2h] [5c]
flex331969: checks
killerfurbel: bets $6
flex331969: calls $6
*** SHOW DOWN ***
killerfurbel: shows [Jc 5h] (two pair, Sixes and Fives)
flex331969: mucks hand
killerfurbel collected $29.50 from pot
*** SUMMARY ***
Total pot $30 | Rake $0.50
Board [4d 6c 6s 2h 5c]
Seat 3: flex331969 (big blind) mucked
Seat 5: killerfurbel (button) (small blind) showed [Jc 5h] and won ($29.50) with two pair, Sixes and Fives


PokerStars Hand #149512317513:  Hold'em Limit ($3/$6 USD) - 2016/02/27 14:08:44 ET
Table 'Centaurus III' 6-max Seat #5 is the button
Seat 3: flex331969 ($237.51 in chips)
Seat 5: killerfurbel ($222.59 in chips)
killerfurbel: posts small blind $1
flex331969: posts big blind $3
*** HOLE CARDS ***
killerfurbel: raises $3 to $6
flex331969: calls $3
*** FLOP *** [6s Qh Ac]
flex331969: checks
killerfurbel: bets $3
flex331969: folds
Uncalled bet ($3) returned to killerfurbel
killerfurbel collected $11.76 from pot
killerfurbel: doesn't show hand
*** SUMMARY ***
Total pot $12 | Rake $0.24
Board [6s Qh Ac]
Seat 3: flex331969 (big blind) folded on the Flop
Seat 5: killerfurbel (button) (small blind) collected ($11.76)


PokerStars Hand #149512380683:  Hold'em Limit ($3/$6 USD) - 2016/02/27 14:09:42 ET
Table 'Centaurus III' 6-max Seat #3 is the button
Seat 3: flex331969 ($268.51 in chips)
Seat 5: killerfurbel ($190.11 in chips)
flex331969: posts small blind $1
killerfurbel: posts big blind $3
*** HOLE CARDS ***
flex331969: raises $3 to $6
killerfurbel: folds
Uncalled bet ($3) returned to flex331969
flex331969 collected $6 from pot
flex331969: doesn't show hand
*** SUMMARY ***
Total pot $6 | Rake $0
Seat 3: flex331969 (button) (small blind) collected ($6)
Seat 5: killerfurbel (big blind) folded before Flop


PokerStars Hand #149512360553:  Hold'em Limit ($3/$6 USD) - 2016/02/27 14:09:23 ET
Table 'Centaurus III' 6-max Seat #5 is the button
Seat 3: flex331969 ($245.01 in chips)
Seat 5: killerfurbel ($214.11 in chips)
killerfurbel: posts small blind $1
flex331969: posts big blind $3
*** HOLE CARDS ***
killerfurbel: raises $3 to $6
flex331969: raises $3 to $9
killerfurbel: calls $3
*** FLOP *** [Ks Th Jd]
flex331969: bets $3
killerfurbel: calls $3
*** TURN *** [Ks Th Jd] [2h]
flex331969: bets $6
killerfurbel: calls $6
*** RIVER *** [Ks Th Jd 2h] [Kh]
flex331969: checks
killerfurbel: bets $6
flex331969: calls $6
*** SHOW DOWN ***
killerfurbel: shows [8c Qs] (a pair of Kings)
flex331969: shows [Ah 3d] (a pair of Kings - Ace kicker)
flex331969 collected $47.50 from pot
*** SUMMARY ***
Total pot $48 | Rake $0.50
Board [Ks Th Jd 2h Kh]
Seat 3: flex331969 (big blind) showed [Ah 3d] and won ($47.50) with a pair of Kings
Seat 5: killerfurbel (button) (small blind) showed [8c Qs] and lost with a pair of Kings


PokerStars Hand #149512355512:  Hold'em Limit ($3/$6 USD) - 2016/02/27 14:09:19 ET
Table 'Centaurus III' 6-max Seat #3 is the button
Seat 3: flex331969 ($246.01 in chips)
Seat 5: killerfurbel ($213.11 in chips)
flex331969: posts small blind $1
killerfurbel: posts big blind $3
*** HOLE CARDS ***
flex331969: folds
Uncalled bet ($2) returned to killerfurbel
killerfurbel collected $2 from pot
killerfurbel: doesn't show hand
*** SUMMARY ***
Total pot $2 | Rake $0
Seat 3: flex331969 (button) (small blind) folded before Flop
Seat 5: killerfurbel (big blind) collected ($2)


PokerStars Hand #149512345196:  Hold'em Limit ($3/$6 USD) - 2016/02/27 14:09:09 ET
Table 'Centaurus III' 6-max Seat #5 is the button
Seat 3: flex331969 ($252.01 in chips)
Seat 5: killerfurbel ($207.35 in chips)
killerfurbel: posts small blind $1
flex331969: posts big blind $3
*** HOLE CARDS ***
killerfurbel: raises $3 to $6
flex331969: calls $3
*** FLOP *** [9h 3h 2h]
flex331969: checks
killerfurbel: bets $3
flex331969: folds
Uncalled bet ($3) returned to killerfurbel
killerfurbel collected $11.76 from pot
killerfurbel: doesn't show hand
*** SUMMARY ***
Total pot $12 | Rake $0.24
Board [9h 3h 2h]
Seat 3: flex331969 (big blind) folded on the Flop
Seat 5: killerfurbel (button) (small blind) collected ($11.76)


PokerStars Hand #149512327319:  Hold'em Limit ($3/$6 USD) - 2016/02/27 14:08:53 ET
Table 'Centaurus III' 6-max Seat #3 is the button
Seat 3: flex331969 ($231.51 in chips)
Seat 5: killerfurbel ($228.35 in chips)
flex331969: posts small blind $1
killerfurbel: posts big blind $3
*** HOLE CARDS ***
flex331969: raises $3 to $6
killerfurbel: calls $3
*** FLOP *** [7h 5d Ts]
killerfurbel: checks
flex331969: bets $3
killerfurbel: raises $3 to $6
flex331969: raises $3 to $9
killerfurbel: calls $3
*** TURN *** [7h 5d Ts] [2c]
killerfurbel: checks
flex331969: bets $6
killerfurbel: calls $6
*** RIVER *** [7h 5d Ts 2c] [9c]
killerfurbel: checks
flex331969: checks
*** SHOW DOWN ***
killerfurbel: shows [4s 6s] (high card Ten)
flex331969: shows [Ad 5h] (a pair of Fives)
flex331969 collected $41.50 from pot
*** SUMMARY ***
Total pot $42 | Rake $0.50
Board [7h 5d Ts 2c 9c]
Seat 3: flex331969 (button) (small blind) showed [Ad 5h] and won ($41.50) with a pair of Fives
Seat 5: killerfurbel (big blind) showed [4s 6s] and lost with high card Ten


PokerStars Hand #149512391437:  Hold'em Limit ($3/$6 USD) - 2016/02/27 14:09:52 ET
Table 'Centaurus III' 6-max Seat #3 is the button
Seat 3: flex331969 ($272.51 in chips)
Seat 5: killerfurbel ($186.11 in chips)
flex331969: posts small blind $1
killerfurbel: posts big blind $3
*** HOLE CARDS ***
flex331969: raises $3 to $6
killerfurbel: folds
Uncalled bet ($3) returned to flex331969
flex331969 collected $6 from pot
flex331969: doesn't show hand
*** SUMMARY ***
Total pot $6 | Rake $0
Seat 3: flex331969 (button) (small blind) collected ($6)
Seat 5: killerfurbel (big blind) folded before Flop


PokerStars Hand #149512386046:  Hold'em Limit ($3/$6 USD) - 2016/02/27 14:09:47 ET
Table 'Centaurus III' 6-max Seat #5 is the button
Seat 3: flex331969 ($271.51 in chips)
Seat 5: killerfurbel ($187.11 in chips)
killerfurbel: posts small blind $1
flex331969: posts big blind $3
*** HOLE CARDS ***
killerfurbel: folds
Uncalled bet ($2) returned to flex331969
flex331969 collected $2 from pot
flex331969: doesn't show hand
*** SUMMARY ***
Total pot $2 | Rake $0
Seat 3: flex331969 (big blind) collected ($2)
Seat 5: killerfurbel (button) (small blind) folded before Flop


PokerStars Hand #149512412149:  Hold'em Limit ($3/$6 USD) - 2016/02/27 14:10:11 ET
Table 'Centaurus III' 6-max Seat #5 is the button
Seat 3: flex331969 ($268.51 in chips)
Seat 5: killerfurbel ($189.87 in chips)
killerfurbel: posts small blind $1
flex331969: posts big blind $3
*** HOLE CARDS ***
killerfurbel: raises $3 to $6
flex331969: folds
Uncalled bet ($3) returned to killerfurbel
killerfurbel collected $6 from pot
killerfurbel: doesn't show hand
*** SUMMARY ***
Total pot $6 | Rake $0
Seat 3: flex331969 (big blind) folded before Flop
Seat 5: killerfurbel (button) (small blind) collected ($6)


PokerStars Hand #149512406758:  Hold'em Limit ($3/$6 USD) - 2016/02/27 14:10:07 ET
Table 'Centaurus III' 6-max Seat #3 is the button
Seat 3: flex331969 ($269.51 in chips)
Seat 5: killerfurbel ($188.87 in chips)
flex331969: posts small blind $1
killerfurbel: posts big blind $3
*** HOLE CARDS ***
flex331969: folds
Uncalled bet ($2) returned to killerfurbel
BuzovaPro joins the table at seat #4
killerfurbel collected $2 from pot
killerfurbel: doesn't show hand
*** SUMMARY ***
Total pot $2 | Rake $0
Seat 3: flex331969 (button) (small blind) folded before Flop
Seat 5: killerfurbel (big blind) collected ($2)


PokerStars Hand #149512397209:  Hold'em Limit ($3/$6 USD) - 2016/02/27 14:09:58 ET
Table 'Centaurus III' 6-max Seat #5 is the button
Seat 3: flex331969 ($275.51 in chips)
Seat 5: killerfurbel ($183.11 in chips)
killerfurbel: posts small blind $1
flex331969: posts big blind $3
*** HOLE CARDS ***
killerfurbel: raises $3 to $6
flex331969: calls $3
*** FLOP *** [7c As 3c]
flex331969: checks
killerfurbel: bets $3
flex331969: folds
Uncalled bet ($3) returned to killerfurbel
killerfurbel collected $11.76 from pot
killerfurbel: doesn't show hand
*** SUMMARY ***
Total pot $12 | Rake $0.24
Board [7c As 3c]
Seat 3: flex331969 (big blind) folded on the Flop
Seat 5: killerfurbel (button) (small blind) collected ($11.76)


PokerStars Hand #149514840613:  Hold'em Limit ($3/$6 USD) - 2016/02/27 14:48:26 ET
Table 'Centaurus III' 6-max Seat #4 is the button
Seat 4: AzureCaper ($150.47 in chips)
Seat 5: killerfurbel ($224.23 in chips)
AzureCaper: posts small blind $1
killerfurbel: posts big blind $3
*** HOLE CARDS ***
AzureCaper: folds
Uncalled bet ($2) returned to killerfurbel
killerfurbel collected $2 from pot
killerfurbel: doesn't show hand
*** SUMMARY ***
Total pot $2 | Rake $0
Seat 4: AzureCaper (button) (small blind) folded before Flop
Seat 5: killerfurbel (big blind) collected ($2)


PokerStars Hand #149514835304:  Hold'em Limit ($3/$6 USD) - 2016/02/27 14:48:21 ET
Table 'Centaurus III' 6-max Seat #5 is the button
Seat 4: AzureCaper ($149.47 in chips)
Seat 5: killerfurbel ($225.23 in chips)
killerfurbel: posts small blind $1
flex331969: is sitting out
AzureCaper: posts big blind $3
*** HOLE CARDS ***
killerfurbel: folds
Uncalled bet ($2) returned to AzureCaper
AzureCaper collected $2 from pot
AzureCaper: doesn't show hand
*** SUMMARY ***
Total pot $2 | Rake $0
Seat 4: AzureCaper (big blind) collected ($2)
Seat 5: killerfurbel (button) (small blind) folded before Flop


