PokerStars Hand #146713155338:  Hold'em Limit ($3/$6 USD) - 2016/01/08 20:02:19 ET
Table 'Centenaria' 2-max Seat #1 is the button
Seat 1: kaputnikoff ($80.28 in chips)
Seat 2: winyku4eto ($58.40 in chips)
kaputnikoff: posts small blind $1
winyku4eto: posts big blind $3
*** HOLE CARDS ***
kaputnikoff: raises $3 to $6
winyku4eto: folds
Uncalled bet ($3) returned to kaputnikoff
kaputnikoff collected $6 from pot
kaputnikoff: doesn't show hand
*** SUMMARY ***
Total pot $6 | Rake $0
Seat 1: kaputnikoff (button) (small blind) collected ($6)
Seat 2: winyku4eto (big blind) folded before Flop


PokerStars Hand #146713141398:  Hold'em Limit ($3/$6 USD) - 2016/01/08 20:01:59 ET
Table 'Centenaria' 2-max Seat #2 is the button
Seat 1: kaputnikoff ($68.76 in chips)
Seat 2: winyku4eto ($70.40 in chips)
winyku4eto: posts small blind $1
kaputnikoff: posts big blind $3
*** HOLE CARDS ***
winyku4eto: raises $3 to $6
kaputnikoff: raises $3 to $9
winyku4eto: calls $3
*** FLOP *** [Tc 5d 4h]
kaputnikoff: bets $3
winyku4eto: calls $3
*** TURN *** [Tc 5d 4h] [8c]
kaputnikoff: checks
winyku4eto: checks
*** RIVER *** [Tc 5d 4h 8c] [As]
kaputnikoff: checks
winyku4eto: checks
*** SHOW DOWN ***
kaputnikoff: shows [Kc Qh] (high card Ace)
winyku4eto: mucks hand
kaputnikoff collected $23.52 from pot
*** SUMMARY ***
Total pot $24 | Rake $0.48
Board [Tc 5d 4h 8c As]
Seat 1: kaputnikoff (big blind) showed [Kc Qh] and won ($23.52) with high card Ace
Seat 2: winyku4eto (button) (small blind) mucked


PokerStars Hand #146713136211:  Hold'em Limit ($3/$6 USD) - 2016/01/08 20:01:52 ET
Table 'Centenaria' 2-max Seat #1 is the button
Seat 1: kaputnikoff ($65.76 in chips)
Seat 2: winyku4eto ($73.40 in chips)
kaputnikoff: posts small blind $1
winyku4eto: posts big blind $3
*** HOLE CARDS ***
kaputnikoff: raises $3 to $6
winyku4eto: folds
Uncalled bet ($3) returned to kaputnikoff
kaputnikoff collected $6 from pot
kaputnikoff: doesn't show hand
*** SUMMARY ***
Total pot $6 | Rake $0
Seat 1: kaputnikoff (button) (small blind) collected ($6)
Seat 2: winyku4eto (big blind) folded before Flop


PokerStars Hand #146713120496:  Hold'em Limit ($3/$6 USD) - 2016/01/08 20:01:29 ET
Table 'Centenaria' 2-max Seat #2 is the button
Seat 1: kaputnikoff ($60 in chips)
Seat 2: winyku4eto ($79.40 in chips)
winyku4eto: posts small blind $1
kaputnikoff: posts big blind $3
*** HOLE CARDS ***
winyku4eto: raises $3 to $6
kaputnikoff: calls $3
*** FLOP *** [Qc 9s 5s]
kaputnikoff: checks
winyku4eto: checks
*** TURN *** [Qc 9s 5s] [2c]
kaputnikoff: checks
winyku4eto: checks
*** RIVER *** [Qc 9s 5s 2c] [7h]
kaputnikoff: checks
winyku4eto: checks
*** SHOW DOWN ***
kaputnikoff: shows [As 6h] (high card Ace)
winyku4eto: mucks hand
kaputnikoff collected $11.76 from pot
*** SUMMARY ***
Total pot $12 | Rake $0.24
Board [Qc 9s 5s 2c 7h]
Seat 1: kaputnikoff (big blind) showed [As 6h] and won ($11.76) with high card Ace
Seat 2: winyku4eto (button) (small blind) mucked


PokerStars Hand #146713184859:  Hold'em Limit ($3/$6 USD) - 2016/01/08 20:03:02 ET
Table 'Centenaria' 2-max Seat #2 is the button
Seat 1: kaputnikoff ($62.28 in chips)
Seat 2: winyku4eto ($75.56 in chips)
winyku4eto: posts small blind $1
kaputnikoff: posts big blind $3
*** HOLE CARDS ***
winyku4eto: raises $3 to $6
kaputnikoff: calls $3
*** FLOP *** [5h Jc Ad]
kaputnikoff: checks
winyku4eto: bets $3
kaputnikoff: folds
Uncalled bet ($3) returned to winyku4eto
winyku4eto collected $11.76 from pot
winyku4eto: doesn't show hand
*** SUMMARY ***
Total pot $12 | Rake $0.24
Board [5h Jc Ad]
Seat 1: kaputnikoff (big blind) folded on the Flop
Seat 2: winyku4eto (button) (small blind) collected ($11.76)


PokerStars Hand #146713172202:  Hold'em Limit ($3/$6 USD) - 2016/01/08 20:02:44 ET
Table 'Centenaria' 2-max Seat #1 is the button
Seat 1: kaputnikoff ($71.28 in chips)
Seat 2: winyku4eto ($66.92 in chips)
kaputnikoff: posts small blind $1
winyku4eto: posts big blind $3
*** HOLE CARDS ***
kaputnikoff: raises $3 to $6
winyku4eto: calls $3
*** FLOP *** [5d Ah Th]
winyku4eto: checks
kaputnikoff: bets $3
winyku4eto: calls $3
*** TURN *** [5d Ah Th] [2d]
winyku4eto: checks
kaputnikoff: checks
*** RIVER *** [5d Ah Th 2d] [3c]
winyku4eto: bets $6
kaputnikoff: folds
Uncalled bet ($6) returned to winyku4eto
winyku4eto collected $17.64 from pot
winyku4eto: doesn't show hand
*** SUMMARY ***
Total pot $18 | Rake $0.36
Board [5d Ah Th 2d 3c]
Seat 1: kaputnikoff (button) (small blind) folded on the River
Seat 2: winyku4eto (big blind) collected ($17.64)


PokerStars Hand #146713159830:  Hold'em Limit ($3/$6 USD) - 2016/01/08 20:02:26 ET
Table 'Centenaria' 2-max Seat #2 is the button
Seat 1: kaputnikoff ($83.28 in chips)
Seat 2: winyku4eto ($55.40 in chips)
winyku4eto: posts small blind $1
kaputnikoff: posts big blind $3
*** HOLE CARDS ***
winyku4eto: raises $3 to $6
kaputnikoff: calls $3
*** FLOP *** [2s 7c Jc]
kaputnikoff: checks
winyku4eto: checks
*** TURN *** [2s 7c Jc] [3h]
kaputnikoff: bets $6
winyku4eto: calls $6
*** RIVER *** [2s 7c Jc 3h] [Ac]
kaputnikoff: checks
winyku4eto: checks
*** SHOW DOWN ***
kaputnikoff: shows [Qc 2h] (a pair of Deuces)
winyku4eto: shows [4h 7s] (a pair of Sevens)
winyku4eto collected $23.52 from pot
*** SUMMARY ***
Total pot $24 | Rake $0.48
Board [2s 7c Jc 3h Ac]
Seat 1: kaputnikoff (big blind) showed [Qc 2h] and lost with a pair of Deuces
Seat 2: winyku4eto (button) (small blind) showed [4h 7s] and won ($23.52) with a pair of Sevens


PokerStars Hand #146713238027:  Hold'em Limit ($3/$6 USD) - 2016/01/08 20:04:18 ET
Table 'Centenaria' 2-max Seat #2 is the button
Seat 1: kaputnikoff ($60 in chips)
Seat 2: winyku4eto ($89.48 in chips)
winyku4eto: posts small blind $1
kaputnikoff: posts big blind $3
*** HOLE CARDS ***
winyku4eto: raises $3 to $6
kaputnikoff: folds
Uncalled bet ($3) returned to winyku4eto
winyku4eto collected $6 from pot
winyku4eto: doesn't show hand
*** SUMMARY ***
Total pot $6 | Rake $0
Seat 1: kaputnikoff (big blind) folded before Flop
Seat 2: winyku4eto (button) (small blind) collected ($6)


PokerStars Hand #146713224185:  Hold'em Limit ($3/$6 USD) - 2016/01/08 20:03:58 ET
Table 'Centenaria' 2-max Seat #1 is the button
Seat 1: kaputnikoff ($71.52 in chips)
Seat 2: winyku4eto ($77.96 in chips)
kaputnikoff: posts small blind $1
winyku4eto: posts big blind $3
*** HOLE CARDS ***
kaputnikoff: raises $3 to $6
winyku4eto: raises $3 to $9
kaputnikoff: calls $3
*** FLOP *** [As Qs 9c]
winyku4eto: bets $3
kaputnikoff: calls $3
*** TURN *** [As Qs 9c] [Ks]
winyku4eto: checks
kaputnikoff: checks
*** RIVER *** [As Qs 9c Ks] [6d]
winyku4eto: bets $6
kaputnikoff: folds
Uncalled bet ($6) returned to winyku4eto
winyku4eto collected $23.52 from pot
winyku4eto: doesn't show hand
*** SUMMARY ***
Total pot $24 | Rake $0.48
Board [As Qs 9c Ks 6d]
Seat 1: kaputnikoff (button) (small blind) folded on the River
Seat 2: winyku4eto (big blind) collected ($23.52)


PokerStars Hand #146713211984:  Hold'em Limit ($3/$6 USD) - 2016/01/08 20:03:41 ET
Table 'Centenaria' 2-max Seat #2 is the button
Seat 1: kaputnikoff ($60 in chips)
Seat 2: winyku4eto ($89.96 in chips)
winyku4eto: posts small blind $1
kaputnikoff: posts big blind $3
*** HOLE CARDS ***
winyku4eto: raises $3 to $6
kaputnikoff: raises $3 to $9
winyku4eto: calls $3
*** FLOP *** [7d 8h 8c]
kaputnikoff: bets $3
winyku4eto: calls $3
*** TURN *** [7d 8h 8c] [Tc]
kaputnikoff: checks
winyku4eto: checks
*** RIVER *** [7d 8h 8c Tc] [5h]
kaputnikoff: checks
winyku4eto: checks
*** SHOW DOWN ***
kaputnikoff: shows [Jd As] (a pair of Eights)
winyku4eto: mucks hand
kaputnikoff collected $23.52 from pot
*** SUMMARY ***
Total pot $24 | Rake $0.48
Board [7d 8h 8c Tc 5h]
Seat 1: kaputnikoff (big blind) showed [Jd As] and won ($23.52) with a pair of Eights
Seat 2: winyku4eto (button) (small blind) mucked


PokerStars Hand #146713198421:  Hold'em Limit ($3/$6 USD) - 2016/01/08 20:03:21 ET
Table 'Centenaria' 2-max Seat #1 is the button
Seat 1: kaputnikoff ($60 in chips)
Seat 2: winyku4eto ($81.32 in chips)
kaputnikoff: posts small blind $1
winyku4eto: posts big blind $3
*** HOLE CARDS ***
kaputnikoff: raises $3 to $6
winyku4eto: calls $3
*** FLOP *** [Kd Qc Qd]
winyku4eto: checks
kaputnikoff: bets $3
winyku4eto: calls $3
*** TURN *** [Kd Qc Qd] [Jc]
winyku4eto: checks
kaputnikoff: checks
*** RIVER *** [Kd Qc Qd Jc] [6h]
winyku4eto: bets $6
kaputnikoff: folds
Uncalled bet ($6) returned to winyku4eto
winyku4eto collected $17.64 from pot
winyku4eto: doesn't show hand
*** SUMMARY ***
Total pot $18 | Rake $0.36
Board [Kd Qc Qd Jc 6h]
Seat 1: kaputnikoff (button) (small blind) folded on the River
Seat 2: winyku4eto (big blind) collected ($17.64)


PokerStars Hand #146713275717:  Hold'em Limit ($3/$6 USD) - 2016/01/08 20:05:12 ET
Table 'Centenaria' 2-max Seat #1 is the button
Seat 1: kaputnikoff ($64 in chips)
Seat 2: winyku4eto ($91.24 in chips)
kaputnikoff: posts small blind $1
winyku4eto: posts big blind $3
*** HOLE CARDS ***
kaputnikoff: raises $3 to $6
winyku4eto: folds
Uncalled bet ($3) returned to kaputnikoff
kaputnikoff collected $6 from pot
kaputnikoff: doesn't show hand
*** SUMMARY ***
Total pot $6 | Rake $0
Seat 1: kaputnikoff (button) (small blind) collected ($6)
Seat 2: winyku4eto (big blind) folded before Flop


PokerStars Hand #146713271689:  Hold'em Limit ($3/$6 USD) - 2016/01/08 20:05:06 ET
Table 'Centenaria' 2-max Seat #2 is the button
Seat 1: kaputnikoff ($63 in chips)
Seat 2: winyku4eto ($92.24 in chips)
winyku4eto: posts small blind $1
kaputnikoff: posts big blind $3
*** HOLE CARDS ***
winyku4eto: folds
Uncalled bet ($2) returned to kaputnikoff
kaputnikoff collected $2 from pot
kaputnikoff: doesn't show hand
*** SUMMARY ***
Total pot $2 | Rake $0
Seat 1: kaputnikoff (big blind) collected ($2)
Seat 2: winyku4eto (button) (small blind) folded before Flop


PokerStars Hand #146713266406:  Hold'em Limit ($3/$6 USD) - 2016/01/08 20:04:59 ET
Table 'Centenaria' 2-max Seat #1 is the button
Seat 1: kaputnikoff ($60 in chips)
Seat 2: winyku4eto ($95.24 in chips)
kaputnikoff: posts small blind $1
winyku4eto: posts big blind $3
*** HOLE CARDS ***
kaputnikoff: raises $3 to $6
winyku4eto: folds
Uncalled bet ($3) returned to kaputnikoff
kaputnikoff collected $6 from pot
kaputnikoff: doesn't show hand
*** SUMMARY ***
Total pot $6 | Rake $0
Seat 1: kaputnikoff (button) (small blind) collected ($6)
Seat 2: winyku4eto (big blind) folded before Flop


PokerStars Hand #146713252679:  Hold'em Limit ($3/$6 USD) - 2016/01/08 20:04:39 ET
Table 'Centenaria' 2-max Seat #2 is the button
Seat 1: kaputnikoff ($63 in chips)
Seat 2: winyku4eto ($89.48 in chips)
winyku4eto: posts small blind $1
kaputnikoff: posts big blind $3
*** HOLE CARDS ***
winyku4eto: raises $3 to $6
kaputnikoff: calls $3
*** FLOP *** [4h 8c Ad]
kaputnikoff: checks
winyku4eto: checks
*** TURN *** [4h 8c Ad] [Qh]
kaputnikoff: checks
winyku4eto: bets $6
kaputnikoff: folds
Uncalled bet ($6) returned to winyku4eto
winyku4eto collected $11.76 from pot
winyku4eto: doesn't show hand
*** SUMMARY ***
Total pot $12 | Rake $0.24
Board [4h 8c Ad Qh]
Seat 1: kaputnikoff (big blind) folded on the Turn
Seat 2: winyku4eto (button) (small blind) collected ($11.76)


PokerStars Hand #146713246300:  Hold'em Limit ($3/$6 USD) - 2016/01/08 20:04:30 ET
Table 'Centenaria' 2-max Seat #1 is the button
Seat 1: kaputnikoff ($60 in chips)
Seat 2: winyku4eto ($92.48 in chips)
kaputnikoff: posts small blind $1
winyku4eto: posts big blind $3
*** HOLE CARDS ***
kaputnikoff: raises $3 to $6
winyku4eto: folds
Uncalled bet ($3) returned to kaputnikoff
kaputnikoff collected $6 from pot
kaputnikoff: doesn't show hand
*** SUMMARY ***
Total pot $6 | Rake $0
Seat 1: kaputnikoff (button) (small blind) collected ($6)
Seat 2: winyku4eto (big blind) folded before Flop


PokerStars Hand #146713320211:  Hold'em Limit ($3/$6 USD) - 2016/01/08 20:06:17 ET
Table 'Centenaria' 2-max Seat #2 is the button
Seat 1: kaputnikoff ($63 in chips)
Seat 2: winyku4eto ($102.74 in chips)
winyku4eto: posts small blind $1
kaputnikoff: posts big blind $3
*** HOLE CARDS ***
winyku4eto: folds
Uncalled bet ($2) returned to kaputnikoff
kaputnikoff collected $2 from pot
kaputnikoff: doesn't show hand
*** SUMMARY ***
Total pot $2 | Rake $0
Seat 1: kaputnikoff (big blind) collected ($2)
Seat 2: winyku4eto (button) (small blind) folded before Flop


PokerStars Hand #146713304537:  Hold'em Limit ($3/$6 USD) - 2016/01/08 20:05:54 ET
Table 'Centenaria' 2-max Seat #1 is the button
Seat 1: kaputnikoff ($60 in chips)
Seat 2: winyku4eto ($105.74 in chips)
kaputnikoff: posts small blind $1
winyku4eto: posts big blind $3
*** HOLE CARDS ***
kaputnikoff: raises $3 to $6
winyku4eto: folds
Uncalled bet ($3) returned to kaputnikoff
kaputnikoff collected $6 from pot
kaputnikoff: doesn't show hand
*** SUMMARY ***
Total pot $6 | Rake $0
Seat 1: kaputnikoff (button) (small blind) collected ($6)
Seat 2: winyku4eto (big blind) folded before Flop


PokerStars Hand #146713280814:  Hold'em Limit ($3/$6 USD) - 2016/01/08 20:05:20 ET
Table 'Centenaria' 2-max Seat #2 is the button
Seat 1: kaputnikoff ($67 in chips)
Seat 2: winyku4eto ($88.24 in chips)
winyku4eto: posts small blind $1
kaputnikoff: posts big blind $3
*** HOLE CARDS ***
winyku4eto: raises $3 to $6
kaputnikoff: calls $3
*** FLOP *** [7d 8h 6h]
kaputnikoff: checks
winyku4eto: checks
*** TURN *** [7d 8h 6h] [6d]
kaputnikoff: checks
winyku4eto: bets $6
kaputnikoff: calls $6
*** RIVER *** [7d 8h 6h 6d] [Jc]
kaputnikoff: checks
winyku4eto: bets $6
kaputnikoff: calls $6
*** SHOW DOWN ***
winyku4eto: shows [3c 3s] (two pair, Sixes and Threes)
kaputnikoff: mucks hand
winyku4eto collected $35.50 from pot
*** SUMMARY ***
Total pot $36 | Rake $0.50
Board [7d 8h 6h 6d Jc]
Seat 1: kaputnikoff (big blind) mucked
Seat 2: winyku4eto (button) (small blind) showed [3c 3s] and won ($35.50) with two pair, Sixes and Threes


PokerStars Hand #146713331774:  Hold'em Limit ($3/$6 USD) - 2016/01/08 20:06:34 ET
Table 'Centenaria' 2-max Seat #1 is the button
Seat 1: kaputnikoff ($64 in chips)
Seat 2: winyku4eto ($101.74 in chips)
kaputnikoff: posts small blind $1
winyku4eto: posts big blind $3
*** HOLE CARDS ***
kaputnikoff: raises $3 to $6
winyku4eto: calls $3
*** FLOP *** [Kc Td 2c]
winyku4eto: checks
kaputnikoff: bets $3
winyku4eto: folds
Uncalled bet ($3) returned to kaputnikoff
kaputnikoff collected $11.76 from pot
kaputnikoff: doesn't show hand
*** SUMMARY ***
Total pot $12 | Rake $0.24
Board [Kc Td 2c]
Seat 1: kaputnikoff (button) (small blind) collected ($11.76)
Seat 2: winyku4eto (big blind) folded on the Flop


PokerStars Hand #146713403879:  Hold'em Limit ($3/$6 USD) - 2016/01/08 20:08:18 ET
Table 'Centenaria' 2-max Seat #1 is the button
Seat 1: kaputnikoff ($60 in chips)
Seat 2: winyku4eto ($121.74 in chips)
kaputnikoff: posts small blind $1
winyku4eto: posts big blind $3
*** HOLE CARDS ***
kaputnikoff: raises $3 to $6
winyku4eto: calls $3
*** FLOP *** [2d 6c Qs]
winyku4eto: checks
kaputnikoff: bets $3
winyku4eto: folds
Uncalled bet ($3) returned to kaputnikoff
kaputnikoff collected $11.76 from pot
kaputnikoff: doesn't show hand
*** SUMMARY ***
Total pot $12 | Rake $0.24
Board [2d 6c Qs]
Seat 1: kaputnikoff (button) (small blind) collected ($11.76)
Seat 2: winyku4eto (big blind) folded on the Flop


PokerStars Hand #146713384939:  Hold'em Limit ($3/$6 USD) - 2016/01/08 20:07:51 ET
Table 'Centenaria' 2-max Seat #2 is the button
Seat 1: kaputnikoff ($63 in chips)
Seat 2: winyku4eto ($107.24 in chips)
winyku4eto: posts small blind $1
kaputnikoff: posts big blind $3
*** HOLE CARDS ***
winyku4eto: raises $3 to $6
kaputnikoff: calls $3
*** FLOP *** [Kh 7d Tc]
kaputnikoff: checks
winyku4eto: bets $3
kaputnikoff: calls $3
*** TURN *** [Kh 7d Tc] [7c]
kaputnikoff: checks
winyku4eto: bets $6
kaputnikoff: calls $6
*** RIVER *** [Kh 7d Tc 7c] [Ad]
kaputnikoff: checks
winyku4eto: bets $6
kaputnikoff: folds
Uncalled bet ($6) returned to winyku4eto
winyku4eto collected $29.50 from pot
winyku4eto: doesn't show hand
*** SUMMARY ***
Total pot $30 | Rake $0.50
Board [Kh 7d Tc 7c Ad]
Seat 1: kaputnikoff (big blind) folded on the River
Seat 2: winyku4eto (button) (small blind) collected ($29.50)


PokerStars Hand #146713379357:  Hold'em Limit ($3/$6 USD) - 2016/01/08 20:07:42 ET
Table 'Centenaria' 2-max Seat #1 is the button
Seat 1: kaputnikoff ($60 in chips)
Seat 2: winyku4eto ($110.24 in chips)
kaputnikoff: posts small blind $1
winyku4eto: posts big blind $3
*** HOLE CARDS ***
kaputnikoff: raises $3 to $6
winyku4eto: folds
Uncalled bet ($3) returned to kaputnikoff
kaputnikoff collected $6 from pot
kaputnikoff: doesn't show hand
*** SUMMARY ***
Total pot $6 | Rake $0
Seat 1: kaputnikoff (button) (small blind) collected ($6)
Seat 2: winyku4eto (big blind) folded before Flop


PokerStars Hand #146713342649:  Hold'em Limit ($3/$6 USD) - 2016/01/08 20:06:49 ET
Table 'Centenaria' 2-max Seat #2 is the button
Seat 1: kaputnikoff ($69.76 in chips)
Seat 2: winyku4eto ($95.74 in chips)
winyku4eto: posts small blind $1
kaputnikoff: posts big blind $3
*** HOLE CARDS ***
winyku4eto: raises $3 to $6
kaputnikoff: calls $3
*** FLOP *** [2s 7s As]
kaputnikoff: checks
winyku4eto: bets $3
kaputnikoff: calls $3
*** TURN *** [2s 7s As] [8s]
kaputnikoff: checks
winyku4eto is disconnected
winyku4eto is connected
winyku4eto: checks
*** RIVER *** [2s 7s As 8s] [9c]
kaputnikoff: checks
winyku4eto: bets $6
kaputnikoff: calls $6
*** SHOW DOWN ***
winyku4eto: shows [9h Ah] (two pair, Aces and Nines)
kaputnikoff: mucks hand
winyku4eto collected $29.50 from pot
*** SUMMARY ***
Total pot $30 | Rake $0.50
Board [2s 7s As 8s 9c]
Seat 1: kaputnikoff (big blind) mucked
Seat 2: winyku4eto (button) (small blind) showed [9h Ah] and won ($29.50) with two pair, Aces and Nines


PokerStars Hand #146713433228:  Hold'em Limit ($3/$6 USD) - 2016/01/08 20:09:01 ET
Table 'Centenaria' 2-max Seat #2 is the button
Seat 1: kaputnikoff ($74.52 in chips)
Seat 2: winyku4eto ($106.74 in chips)
winyku4eto: posts small blind $1
kaputnikoff: posts big blind $3
*** HOLE CARDS ***
winyku4eto: raises $3 to $6
kaputnikoff: raises $3 to $9
winyku4eto: calls $3
*** FLOP *** [4h 5c Kd]
kaputnikoff: bets $3
winyku4eto: calls $3
*** TURN *** [4h 5c Kd] [7d]
kaputnikoff: checks
winyku4eto: bets $6
kaputnikoff: calls $6
*** RIVER *** [4h 5c Kd 7d] [Jh]
kaputnikoff: checks
winyku4eto: bets $6
kaputnikoff: folds
Uncalled bet ($6) returned to winyku4eto
winyku4eto collected $35.50 from pot
winyku4eto: doesn't show hand
*** SUMMARY ***
Total pot $36 | Rake $0.50
Board [4h 5c Kd 7d Jh]
Seat 1: kaputnikoff (big blind) folded on the River
Seat 2: winyku4eto (button) (small blind) collected ($35.50)


PokerStars Hand #146713427795:  Hold'em Limit ($3/$6 USD) - 2016/01/08 20:08:53 ET
Table 'Centenaria' 2-max Seat #1 is the button
Seat 1: kaputnikoff ($71.52 in chips)
Seat 2: winyku4eto ($109.74 in chips)
kaputnikoff: posts small blind $1
winyku4eto: posts big blind $3
*** HOLE CARDS ***
kaputnikoff: raises $3 to $6
winyku4eto: folds
Uncalled bet ($3) returned to kaputnikoff
kaputnikoff collected $6 from pot
kaputnikoff: doesn't show hand
*** SUMMARY ***
Total pot $6 | Rake $0
Seat 1: kaputnikoff (button) (small blind) collected ($6)
Seat 2: winyku4eto (big blind) folded before Flop


PokerStars Hand #146713412702:  Hold'em Limit ($3/$6 USD) - 2016/01/08 20:08:31 ET
Table 'Centenaria' 2-max Seat #2 is the button
Seat 1: kaputnikoff ($65.76 in chips)
Seat 2: winyku4eto ($115.74 in chips)
winyku4eto: posts small blind $1
kaputnikoff: posts big blind $3
*** HOLE CARDS ***
winyku4eto: raises $3 to $6
kaputnikoff: calls $3
*** FLOP *** [Jd 4d 2c]
kaputnikoff: checks
winyku4eto: checks
*** TURN *** [Jd 4d 2c] [6s]
kaputnikoff: bets $6
winyku4eto: folds
Uncalled bet ($6) returned to kaputnikoff
kaputnikoff collected $11.76 from pot
kaputnikoff: doesn't show hand
*** SUMMARY ***
Total pot $12 | Rake $0.24
Board [Jd 4d 2c 6s]
Seat 1: kaputnikoff (big blind) collected ($11.76)
Seat 2: winyku4eto (button) (small blind) folded on the Turn


PokerStars Hand #146713481049:  Hold'em Limit ($3/$6 USD) - 2016/01/08 20:10:12 ET
Table 'Centenaria' 2-max Seat #2 is the button
Seat 1: kaputnikoff ($63 in chips)
Seat 2: winyku4eto ($129.76 in chips)
winyku4eto: posts small blind $1
kaputnikoff: posts big blind $3
*** HOLE CARDS ***
winyku4eto: raises $3 to $6
kaputnikoff: calls $3
*** FLOP *** [6s 6d 3c]
kaputnikoff: checks
winyku4eto: bets $3
kaputnikoff: calls $3
*** TURN *** [6s 6d 3c] [Ac]
kaputnikoff: checks
winyku4eto: checks
*** RIVER *** [6s 6d 3c Ac] [4c]
kaputnikoff: checks
winyku4eto: checks
*** SHOW DOWN ***
kaputnikoff: shows [8c Qd] (a pair of Sixes)
winyku4eto: shows [Ks 8s] (a pair of Sixes - Ace+King kicker)
winyku4eto collected $17.64 from pot
*** SUMMARY ***
Total pot $18 | Rake $0.36
Board [6s 6d 3c Ac 4c]
Seat 1: kaputnikoff (big blind) showed [8c Qd] and lost with a pair of Sixes
Seat 2: winyku4eto (button) (small blind) showed [Ks 8s] and won ($17.64) with a pair of Sixes


PokerStars Hand #146713475794:  Hold'em Limit ($3/$6 USD) - 2016/01/08 20:10:04 ET
Table 'Centenaria' 2-max Seat #1 is the button
Seat 1: kaputnikoff ($60 in chips)
Seat 2: winyku4eto ($132.76 in chips)
kaputnikoff: posts small blind $1
winyku4eto: posts big blind $3
*** HOLE CARDS ***
kaputnikoff: raises $3 to $6
winyku4eto: folds
Uncalled bet ($3) returned to kaputnikoff
kaputnikoff collected $6 from pot
kaputnikoff: doesn't show hand
*** SUMMARY ***
Total pot $6 | Rake $0
Seat 1: kaputnikoff (button) (small blind) collected ($6)
Seat 2: winyku4eto (big blind) folded before Flop


PokerStars Hand #146713457422:  Hold'em Limit ($3/$6 USD) - 2016/01/08 20:09:37 ET
Table 'Centenaria' 2-max Seat #2 is the button
Seat 1: kaputnikoff ($63 in chips)
Seat 2: winyku4eto ($121.24 in chips)
winyku4eto: posts small blind $1
kaputnikoff: posts big blind $3
*** HOLE CARDS ***
winyku4eto: raises $3 to $6
kaputnikoff: calls $3
*** FLOP *** [5h 2d 3d]
kaputnikoff: checks
winyku4eto: checks
*** TURN *** [5h 2d 3d] [6d]
kaputnikoff: checks
winyku4eto: checks
*** RIVER *** [5h 2d 3d 6d] [2h]
kaputnikoff: bets $6
winyku4eto: calls $6
*** SHOW DOWN ***
kaputnikoff: shows [9s Qd] (a pair of Deuces)
winyku4eto: shows [Ks 6h] (two pair, Sixes and Deuces)
winyku4eto collected $23.52 from pot
*** SUMMARY ***
Total pot $24 | Rake $0.48
Board [5h 2d 3d 6d 2h]
Seat 1: kaputnikoff (big blind) showed [9s Qd] and lost with a pair of Deuces
Seat 2: winyku4eto (button) (small blind) showed [Ks 6h] and won ($23.52) with two pair, Sixes and Deuces


PokerStars Hand #146713453112:  Hold'em Limit ($3/$6 USD) - 2016/01/08 20:09:31 ET
Table 'Centenaria' 2-max Seat #1 is the button
Seat 1: kaputnikoff ($60 in chips)
Seat 2: winyku4eto ($124.24 in chips)
kaputnikoff: posts small blind $1
winyku4eto: posts big blind $3
*** HOLE CARDS ***
kaputnikoff: raises $3 to $6
winyku4eto: folds
Uncalled bet ($3) returned to kaputnikoff
kaputnikoff collected $6 from pot
kaputnikoff: doesn't show hand
*** SUMMARY ***
Total pot $6 | Rake $0
Seat 1: kaputnikoff (button) (small blind) collected ($6)
Seat 2: winyku4eto (big blind) folded before Flop


PokerStars Hand #146713509008:  Hold'em Limit ($3/$6 USD) - 2016/01/08 20:10:54 ET
Table 'Centenaria' 2-max Seat #2 is the button
Seat 1: kaputnikoff ($60 in chips)
Seat 2: winyku4eto ($138.15 in chips)
winyku4eto: posts small blind $1
kaputnikoff: posts big blind $3
*** HOLE CARDS ***
winyku4eto: raises $3 to $6
kaputnikoff: calls $3
*** FLOP *** [Qd 3d 5h]
kaputnikoff: checks
winyku4eto: checks
*** TURN *** [Qd 3d 5h] [3c]
kaputnikoff: bets $6
winyku4eto: folds
Uncalled bet ($6) returned to kaputnikoff
kaputnikoff collected $11.76 from pot
kaputnikoff: doesn't show hand
*** SUMMARY ***
Total pot $12 | Rake $0.24
Board [Qd 3d 5h 3c]
Seat 1: kaputnikoff (big blind) collected ($11.76)
Seat 2: winyku4eto (button) (small blind) folded on the Turn


PokerStars Hand #146713493201:  Hold'em Limit ($3/$6 USD) - 2016/01/08 20:10:30 ET
Table 'Centenaria' 2-max Seat #1 is the button
Seat 1: kaputnikoff ($60 in chips)
Seat 2: winyku4eto ($138.40 in chips)
kaputnikoff: posts small blind $1
winyku4eto: posts big blind $3
*** HOLE CARDS ***
kaputnikoff: raises $3 to $6
winyku4eto: raises $3 to $9
kaputnikoff: calls $3
*** FLOP *** [6h Tc 8d]
winyku4eto: checks
kaputnikoff: checks
*** TURN *** [6h Tc 8d] [Td]
winyku4eto: bets $6
kaputnikoff: calls $6
*** RIVER *** [6h Tc 8d Td] [8c]
winyku4eto: bets $6
kaputnikoff: calls $6
*** SHOW DOWN ***
winyku4eto: shows [3c Ac] (two pair, Tens and Eights)
kaputnikoff: shows [Ad 3h] (two pair, Tens and Eights)
winyku4eto collected $20.75 from pot
kaputnikoff collected $20.75 from pot
*** SUMMARY ***
Total pot $42 | Rake $0.50
Board [6h Tc 8d Td 8c]
Seat 1: kaputnikoff (button) (small blind) showed [Ad 3h] and won ($20.75) with two pair, Tens and Eights
Seat 2: winyku4eto (big blind) showed [3c Ac] and won ($20.75) with two pair, Tens and Eights


PokerStars Hand #146713569343:  Hold'em Limit ($3/$6 USD) - 2016/01/08 20:12:25 ET
Table 'Centenaria' 2-max Seat #1 is the button
Seat 1: kaputnikoff ($61 in chips)
Seat 2: winyku4eto ($139.43 in chips)
kaputnikoff: posts small blind $1
winyku4eto: posts big blind $3
*** HOLE CARDS ***
kaputnikoff: raises $3 to $6
winyku4eto: folds
Uncalled bet ($3) returned to kaputnikoff
kaputnikoff collected $6 from pot
kaputnikoff: doesn't show hand
*** SUMMARY ***
Total pot $6 | Rake $0
Seat 1: kaputnikoff (button) (small blind) collected ($6)
Seat 2: winyku4eto (big blind) folded before Flop


PokerStars Hand #146713564909:  Hold'em Limit ($3/$6 USD) - 2016/01/08 20:12:18 ET
Table 'Centenaria' 2-max Seat #2 is the button
Seat 1: kaputnikoff ($60 in chips)
Seat 2: winyku4eto ($140.43 in chips)
winyku4eto: posts small blind $1
kaputnikoff: posts big blind $3
*** HOLE CARDS ***
winyku4eto: folds
Uncalled bet ($2) returned to kaputnikoff
kaputnikoff collected $2 from pot
kaputnikoff: doesn't show hand
*** SUMMARY ***
Total pot $2 | Rake $0
Seat 1: kaputnikoff (big blind) collected ($2)
Seat 2: winyku4eto (button) (small blind) folded before Flop


PokerStars Hand #146713551442:  Hold'em Limit ($3/$6 USD) - 2016/01/08 20:11:58 ET
Table 'Centenaria' 2-max Seat #1 is the button
Seat 1: kaputnikoff ($68.64 in chips)
Seat 2: winyku4eto ($131.79 in chips)
kaputnikoff: posts small blind $1
winyku4eto: posts big blind $3
*** HOLE CARDS ***
kaputnikoff: raises $3 to $6
winyku4eto: raises $3 to $9
kaputnikoff: calls $3
*** FLOP *** [6d Td As]
winyku4eto: bets $3
kaputnikoff: folds
Uncalled bet ($3) returned to winyku4eto
winyku4eto collected $17.64 from pot
winyku4eto: doesn't show hand
*** SUMMARY ***
Total pot $18 | Rake $0.36
Board [6d Td As]
Seat 1: kaputnikoff (button) (small blind) folded on the Flop
Seat 2: winyku4eto (big blind) collected ($17.64)


PokerStars Hand #146713538543:  Hold'em Limit ($3/$6 USD) - 2016/01/08 20:11:38 ET
Table 'Centenaria' 2-max Seat #2 is the button
Seat 1: kaputnikoff ($60 in chips)
Seat 2: winyku4eto ($140.79 in chips)
winyku4eto: posts small blind $1
kaputnikoff: posts big blind $3
*** HOLE CARDS ***
winyku4eto: raises $3 to $6
kaputnikoff: calls $3
*** FLOP *** [Jc 3s Tc]
kaputnikoff: checks
winyku4eto: bets $3
kaputnikoff: raises $3 to $6
winyku4eto: folds
Uncalled bet ($3) returned to kaputnikoff
kaputnikoff collected $17.64 from pot
kaputnikoff: doesn't show hand
*** SUMMARY ***
Total pot $18 | Rake $0.36
Board [Jc 3s Tc]
Seat 1: kaputnikoff (big blind) collected ($17.64)
Seat 2: winyku4eto (button) (small blind) folded on the Flop


PokerStars Hand #146713521122:  Hold'em Limit ($3/$6 USD) - 2016/01/08 20:11:12 ET
Table 'Centenaria' 2-max Seat #1 is the button
Seat 1: kaputnikoff ($65.76 in chips)
Seat 2: winyku4eto ($132.15 in chips)
kaputnikoff: posts small blind $1
winyku4eto: posts big blind $3
*** HOLE CARDS ***
kaputnikoff: raises $3 to $6
winyku4eto: calls $3
*** FLOP *** [5d 6d Qc]
winyku4eto: checks
kaputnikoff: bets $3
winyku4eto: calls $3
*** TURN *** [5d 6d Qc] [3c]
winyku4eto: checks
kaputnikoff: checks
*** RIVER *** [5d 6d Qc 3c] [Td]
winyku4eto: bets $6
kaputnikoff: folds
Uncalled bet ($6) returned to winyku4eto
winyku4eto collected $17.64 from pot
winyku4eto: doesn't show hand
*** SUMMARY ***
Total pot $18 | Rake $0.36
Board [5d 6d Qc 3c Td]
Seat 1: kaputnikoff (button) (small blind) folded on the River
Seat 2: winyku4eto (big blind) collected ($17.64)


PokerStars Hand #146713594505:  Hold'em Limit ($3/$6 USD) - 2016/01/08 20:13:03 ET
Table 'Centenaria' 2-max Seat #2 is the button
Seat 1: kaputnikoff ($60 in chips)
Seat 2: winyku4eto ($149.93 in chips)
winyku4eto: posts small blind $1
kaputnikoff: posts big blind $3
*** HOLE CARDS ***
winyku4eto: raises $3 to $6
kaputnikoff: calls $3
*** FLOP *** [9d 8h 5c]
kaputnikoff: checks
winyku4eto: checks
*** TURN *** [9d 8h 5c] [9s]
kaputnikoff: bets $6
winyku4eto: calls $6
*** RIVER *** [9d 8h 5c 9s] [Qd]
kaputnikoff: checks
winyku4eto: checks
*** SHOW DOWN ***
kaputnikoff: shows [3h 7h] (a pair of Nines)
winyku4eto: shows [Ac Ks] (a pair of Nines - Ace kicker)
winyku4eto collected $23.52 from pot
*** SUMMARY ***
Total pot $24 | Rake $0.48
Board [9d 8h 5c 9s Qd]
Seat 1: kaputnikoff (big blind) showed [3h 7h] and lost with a pair of Nines
Seat 2: winyku4eto (button) (small blind) showed [Ac Ks] and won ($23.52) with a pair of Nines


PokerStars Hand #146713578704:  Hold'em Limit ($3/$6 USD) - 2016/01/08 20:12:39 ET
Table 'Centenaria' 2-max Seat #1 is the button
Seat 1: kaputnikoff ($65 in chips)
Seat 2: winyku4eto ($135.43 in chips)
kaputnikoff: posts small blind $1
winyku4eto: posts big blind $3
*** HOLE CARDS ***
kaputnikoff: raises $3 to $6
winyku4eto: calls $3
*** FLOP *** [5h 2h As]
winyku4eto: checks
kaputnikoff: bets $3
winyku4eto: calls $3
*** TURN *** [5h 2h As] [8c]
winyku4eto: checks
kaputnikoff: bets $6
winyku4eto: raises $6 to $12
kaputnikoff: folds
Uncalled bet ($6) returned to winyku4eto
winyku4eto collected $29.50 from pot
winyku4eto: doesn't show hand
*** SUMMARY ***
Total pot $30 | Rake $0.50
Board [5h 2h As 8c]
Seat 1: kaputnikoff (button) (small blind) folded on the Turn
Seat 2: winyku4eto (big blind) collected ($29.50)


PokerStars Hand #146713575436:  Hold'em Limit ($3/$6 USD) - 2016/01/08 20:12:34 ET
Table 'Centenaria' 2-max Seat #2 is the button
Seat 1: kaputnikoff ($64 in chips)
Seat 2: winyku4eto ($136.43 in chips)
winyku4eto: posts small blind $1
kaputnikoff: posts big blind $3
*** HOLE CARDS ***
winyku4eto: folds
Uncalled bet ($2) returned to kaputnikoff
kaputnikoff collected $2 from pot
kaputnikoff: doesn't show hand
*** SUMMARY ***
Total pot $2 | Rake $0
Seat 1: kaputnikoff (big blind) collected ($2)
Seat 2: winyku4eto (button) (small blind) folded before Flop


PokerStars Hand #146713646522:  Hold'em Limit ($3/$6 USD) - 2016/01/08 20:14:21 ET
Table 'Centenaria' 2-max Seat #1 is the button
Seat 1: kaputnikoff ($62.76 in chips)
Seat 2: winyku4eto ($158.09 in chips)
kaputnikoff: posts small blind $1
winyku4eto: posts big blind $3
*** HOLE CARDS ***
kaputnikoff: raises $3 to $6
winyku4eto: folds
Uncalled bet ($3) returned to kaputnikoff
kaputnikoff collected $6 from pot
kaputnikoff: doesn't show hand
*** SUMMARY ***
Total pot $6 | Rake $0
Seat 1: kaputnikoff (button) (small blind) collected ($6)
Seat 2: winyku4eto (big blind) folded before Flop


PokerStars Hand #146713635760:  Hold'em Limit ($3/$6 USD) - 2016/01/08 20:14:05 ET
Table 'Centenaria' 2-max Seat #2 is the button
Seat 1: kaputnikoff ($71.76 in chips)
Seat 2: winyku4eto ($149.45 in chips)
winyku4eto: posts small blind $1
kaputnikoff: posts big blind $3
*** HOLE CARDS ***
winyku4eto: raises $3 to $6
kaputnikoff: calls $3
*** FLOP *** [Qc As 3d]
kaputnikoff: checks
winyku4eto: bets $3
kaputnikoff: calls $3
*** TURN *** [Qc As 3d] [4s]
kaputnikoff: checks
winyku4eto: bets $6
kaputnikoff: folds
Uncalled bet ($6) returned to winyku4eto
winyku4eto collected $17.64 from pot
winyku4eto: doesn't show hand
*** SUMMARY ***
Total pot $18 | Rake $0.36
Board [Qc As 3d 4s]
Seat 1: kaputnikoff (big blind) folded on the Turn
Seat 2: winyku4eto (button) (small blind) collected ($17.64)


PokerStars Hand #146713631614:  Hold'em Limit ($3/$6 USD) - 2016/01/08 20:13:59 ET
Table 'Centenaria' 2-max Seat #1 is the button
Seat 1: kaputnikoff ($68.76 in chips)
Seat 2: winyku4eto ($152.45 in chips)
kaputnikoff: posts small blind $1
winyku4eto: posts big blind $3
*** HOLE CARDS ***
kaputnikoff: raises $3 to $6
winyku4eto: folds
Uncalled bet ($3) returned to kaputnikoff
kaputnikoff collected $6 from pot
kaputnikoff: doesn't show hand
*** SUMMARY ***
Total pot $6 | Rake $0
Seat 1: kaputnikoff (button) (small blind) collected ($6)
Seat 2: winyku4eto (big blind) folded before Flop


PokerStars Hand #146713621432:  Hold'em Limit ($3/$6 USD) - 2016/01/08 20:13:43 ET
Table 'Centenaria' 2-max Seat #2 is the button
Seat 1: kaputnikoff ($63 in chips)
Seat 2: winyku4eto ($158.45 in chips)
winyku4eto: posts small blind $1
kaputnikoff: posts big blind $3
*** HOLE CARDS ***
winyku4eto: raises $3 to $6
kaputnikoff: calls $3
*** FLOP *** [8d 6c 2c]
kaputnikoff: checks
winyku4eto: checks
*** TURN *** [8d 6c 2c] [9c]
kaputnikoff: bets $6
winyku4eto: folds
Uncalled bet ($6) returned to kaputnikoff
kaputnikoff collected $11.76 from pot
kaputnikoff: doesn't show hand
*** SUMMARY ***
Total pot $12 | Rake $0.24
Board [8d 6c 2c 9c]
Seat 1: kaputnikoff (big blind) collected ($11.76)
Seat 2: winyku4eto (button) (small blind) folded on the Turn


PokerStars Hand #146713616162:  Hold'em Limit ($3/$6 USD) - 2016/01/08 20:13:35 ET
Table 'Centenaria' 2-max Seat #1 is the button
Seat 1: kaputnikoff ($60 in chips)
Seat 2: winyku4eto ($161.45 in chips)
kaputnikoff: posts small blind $1
winyku4eto: posts big blind $3
*** HOLE CARDS ***
kaputnikoff: raises $3 to $6
winyku4eto: folds
Uncalled bet ($3) returned to kaputnikoff
kaputnikoff collected $6 from pot
kaputnikoff: doesn't show hand
*** SUMMARY ***
Total pot $6 | Rake $0
Seat 1: kaputnikoff (button) (small blind) collected ($6)
Seat 2: winyku4eto (big blind) folded before Flop


PokerStars Hand #146713684480:  Hold'em Limit ($3/$6 USD) - 2016/01/08 20:15:19 ET
Table 'Centenaria' 2-max Seat #1 is the button
Seat 1: kaputnikoff ($61 in chips)
Seat 2: winyku4eto ($204.23 in chips)
kaputnikoff: posts small blind $1
winyku4eto: posts big blind $3
*** HOLE CARDS ***
kaputnikoff: raises $3 to $6
winyku4eto: calls $3
*** FLOP *** [Th 7h Kd]
winyku4eto: checks
kaputnikoff: bets $3
winyku4eto: calls $3
*** TURN *** [Th 7h Kd] [Qs]
winyku4eto: checks
kaputnikoff: checks
*** RIVER *** [Th 7h Kd Qs] [Qd]
winyku4eto: checks
kaputnikoff: checks
*** SHOW DOWN ***
winyku4eto: shows [8s 6d] (a pair of Queens)
kaputnikoff: shows [9h 7c] (two pair, Queens and Sevens)
kaputnikoff collected $17.64 from pot
*** SUMMARY ***
Total pot $18 | Rake $0.36
Board [Th 7h Kd Qs Qd]
Seat 1: kaputnikoff (button) (small blind) showed [9h 7c] and won ($17.64) with two pair, Queens and Sevens
Seat 2: winyku4eto (big blind) showed [8s 6d] and lost with a pair of Queens


PokerStars Hand #146713680690:  Hold'em Limit ($3/$6 USD) - 2016/01/08 20:15:14 ET
Table 'Centenaria' 2-max Seat #2 is the button
Seat 1: kaputnikoff ($60 in chips)
Seat 2: winyku4eto ($205.23 in chips)
winyku4eto: posts small blind $1
kaputnikoff: posts big blind $3
*** HOLE CARDS ***
winyku4eto: folds
Uncalled bet ($2) returned to kaputnikoff
kaputnikoff collected $2 from pot
kaputnikoff: doesn't show hand
*** SUMMARY ***
Total pot $2 | Rake $0
Seat 1: kaputnikoff (big blind) collected ($2)
Seat 2: winyku4eto (button) (small blind) folded before Flop


PokerStars Hand #146713667666:  Hold'em Limit ($3/$6 USD) - 2016/01/08 20:14:54 ET
Table 'Centenaria' 2-max Seat #1 is the button
Seat 1: kaputnikoff ($60 in chips)
Seat 2: winyku4eto ($196.59 in chips)
kaputnikoff: posts small blind $1
winyku4eto: posts big blind $3
*** HOLE CARDS ***
kaputnikoff: raises $3 to $6
winyku4eto: calls $3
*** FLOP *** [3c 9d Td]
winyku4eto: checks
kaputnikoff: bets $3
winyku4eto: calls $3
*** TURN *** [3c 9d Td] [Ad]
winyku4eto: checks
kaputnikoff: checks
*** RIVER *** [3c 9d Td Ad] [5d]
winyku4eto: bets $6
kaputnikoff: folds
Uncalled bet ($6) returned to winyku4eto
winyku4eto collected $17.64 from pot
winyku4eto: doesn't show hand
*** SUMMARY ***
Total pot $18 | Rake $0.36
Board [3c 9d Td Ad 5d]
Seat 1: kaputnikoff (button) (small blind) folded on the River
Seat 2: winyku4eto (big blind) collected ($17.64)


PokerStars Hand #146713651714:  Hold'em Limit ($3/$6 USD) - 2016/01/08 20:14:29 ET
Table 'Centenaria' 2-max Seat #2 is the button
Seat 1: kaputnikoff ($65.76 in chips)
Seat 2: winyku4eto ($155.09 in chips)
winyku4eto: posts small blind $1
kaputnikoff: posts big blind $3
*** HOLE CARDS ***
winyku4eto: raises $3 to $6
kaputnikoff: raises $3 to $9
winyku4eto: calls $3
*** FLOP *** [Qd 7c Ks]
kaputnikoff: bets $3
winyku4eto: calls $3
*** TURN *** [Qd 7c Ks] [6s]
kaputnikoff: bets $6
winyku4eto: raises $6 to $12
kaputnikoff: raises $6 to $18
winyku4eto: raises $6 to $24
Betting is capped
kaputnikoff: calls $6
*** RIVER *** [Qd 7c Ks 6s] [3s]
kaputnikoff: checks
winyku4eto: bets $6
kaputnikoff: calls $6
*** SHOW DOWN ***
winyku4eto: shows [7h Kc] (two pair, Kings and Sevens)
kaputnikoff: mucks hand
winyku4eto collected $83.50 from pot
*** SUMMARY ***
Total pot $84 | Rake $0.50
Board [Qd 7c Ks 6s 3s]
Seat 1: kaputnikoff (big blind) mucked
Seat 2: winyku4eto (button) (small blind) showed [7h Kc] and won ($83.50) with two pair, Kings and Sevens


PokerStars Hand #146713709069:  Hold'em Limit ($3/$6 USD) - 2016/01/08 20:15:57 ET
Table 'Centenaria' 2-max Seat #2 is the button
Seat 1: kaputnikoff ($76.40 in chips)
Seat 2: winyku4eto ($188.23 in chips)
winyku4eto: posts small blind $1
kaputnikoff: posts big blind $3
*** HOLE CARDS ***
winyku4eto: raises $3 to $6
kaputnikoff: raises $3 to $9
winyku4eto: raises $3 to $12
Betting is capped
kaputnikoff: calls $3
*** FLOP *** [7h 8d Kh]
kaputnikoff: checks
winyku4eto: bets $3
kaputnikoff: calls $3
*** TURN *** [7h 8d Kh] [Qs]
kaputnikoff: checks
winyku4eto: checks
*** RIVER *** [7h 8d Kh Qs] [6s]
kaputnikoff: checks
winyku4eto: bets $6
kaputnikoff: folds
Uncalled bet ($6) returned to winyku4eto
winyku4eto collected $29.50 from pot
winyku4eto: doesn't show hand
*** SUMMARY ***
Total pot $30 | Rake $0.50
Board [7h 8d Kh Qs 6s]
Seat 1: kaputnikoff (big blind) folded on the River
Seat 2: winyku4eto (button) (small blind) collected ($29.50)


PokerStars Hand #146713700879:  Hold'em Limit ($3/$6 USD) - 2016/01/08 20:15:44 ET
Table 'Centenaria' 2-max Seat #1 is the button
Seat 1: kaputnikoff ($70.64 in chips)
Seat 2: winyku4eto ($194.23 in chips)
kaputnikoff: posts small blind $1
winyku4eto: posts big blind $3
*** HOLE CARDS ***
kaputnikoff: raises $3 to $6
winyku4eto: calls $3
*** FLOP *** [Ah 6c 7s]
winyku4eto: checks
kaputnikoff: bets $3
winyku4eto: folds
Uncalled bet ($3) returned to kaputnikoff
kaputnikoff collected $11.76 from pot
kaputnikoff: doesn't show hand
*** SUMMARY ***
Total pot $12 | Rake $0.24
Board [Ah 6c 7s]
Seat 1: kaputnikoff (button) (small blind) collected ($11.76)
Seat 2: winyku4eto (big blind) folded on the Flop


PokerStars Hand #146713697468:  Hold'em Limit ($3/$6 USD) - 2016/01/08 20:15:39 ET
Table 'Centenaria' 2-max Seat #2 is the button
Seat 1: kaputnikoff ($69.64 in chips)
Seat 2: winyku4eto ($195.23 in chips)
winyku4eto: posts small blind $1
kaputnikoff: posts big blind $3
*** HOLE CARDS ***
winyku4eto: folds
Uncalled bet ($2) returned to kaputnikoff
kaputnikoff collected $2 from pot
kaputnikoff: doesn't show hand
*** SUMMARY ***
Total pot $2 | Rake $0
Seat 1: kaputnikoff (big blind) collected ($2)
Seat 2: winyku4eto (button) (small blind) folded before Flop


PokerStars Hand #146713770414:  Hold'em Limit ($3/$6 USD) - 2016/01/08 20:17:30 ET
Table 'Centenaria' 2-max Seat #1 is the button
Seat 1: kaputnikoff ($61 in chips)
Seat 2: winyku4eto ($229.87 in chips)
kaputnikoff: posts small blind $1
winyku4eto: posts big blind $3
*** HOLE CARDS ***
kaputnikoff: raises $3 to $6
winyku4eto: folds
Uncalled bet ($3) returned to kaputnikoff
kaputnikoff collected $6 from pot
kaputnikoff: doesn't show hand
*** SUMMARY ***
Total pot $6 | Rake $0
Seat 1: kaputnikoff (button) (small blind) collected ($6)
Seat 2: winyku4eto (big blind) folded before Flop


PokerStars Hand #146713767202:  Hold'em Limit ($3/$6 USD) - 2016/01/08 20:17:26 ET
Table 'Centenaria' 2-max Seat #2 is the button
Seat 1: kaputnikoff ($60 in chips)
Seat 2: winyku4eto ($230.87 in chips)
winyku4eto: posts small blind $1
kaputnikoff: posts big blind $3
*** HOLE CARDS ***
winyku4eto: folds
Uncalled bet ($2) returned to kaputnikoff
kaputnikoff collected $2 from pot
kaputnikoff: doesn't show hand
*** SUMMARY ***
Total pot $2 | Rake $0
Seat 1: kaputnikoff (big blind) collected ($2)
Seat 2: winyku4eto (button) (small blind) folded before Flop


PokerStars Hand #146713758410:  Hold'em Limit ($3/$6 USD) - 2016/01/08 20:17:12 ET
Table 'Centenaria' 2-max Seat #1 is the button
Seat 1: kaputnikoff ($64 in chips)
Seat 2: winyku4eto ($222.23 in chips)
kaputnikoff: posts small blind $1
winyku4eto: posts big blind $3
*** HOLE CARDS ***
kaputnikoff: raises $3 to $6
winyku4eto: raises $3 to $9
kaputnikoff: calls $3
*** FLOP *** [8s Ks 5d]
winyku4eto: bets $3
kaputnikoff: folds
Uncalled bet ($3) returned to winyku4eto
winyku4eto collected $17.64 from pot
winyku4eto: doesn't show hand
*** SUMMARY ***
Total pot $18 | Rake $0.36
Board [8s Ks 5d]
Seat 1: kaputnikoff (button) (small blind) folded on the Flop
Seat 2: winyku4eto (big blind) collected ($17.64)


PokerStars Hand #146713755043:  Hold'em Limit ($3/$6 USD) - 2016/01/08 20:17:07 ET
Table 'Centenaria' 2-max Seat #2 is the button
Seat 1: kaputnikoff ($63 in chips)
Seat 2: winyku4eto ($223.23 in chips)
winyku4eto: posts small blind $1
kaputnikoff: posts big blind $3
*** HOLE CARDS ***
winyku4eto: folds
Uncalled bet ($2) returned to kaputnikoff
kaputnikoff collected $2 from pot
kaputnikoff: doesn't show hand
*** SUMMARY ***
Total pot $2 | Rake $0
Seat 1: kaputnikoff (big blind) collected ($2)
Seat 2: winyku4eto (button) (small blind) folded before Flop


PokerStars Hand #146713750180:  Hold'em Limit ($3/$6 USD) - 2016/01/08 20:17:00 ET
Table 'Centenaria' 2-max Seat #1 is the button
Seat 1: kaputnikoff ($60 in chips)
Seat 2: winyku4eto ($226.23 in chips)
kaputnikoff: posts small blind $1
winyku4eto: posts big blind $3
*** HOLE CARDS ***
kaputnikoff: raises $3 to $6
winyku4eto: folds
Uncalled bet ($3) returned to kaputnikoff
kaputnikoff collected $6 from pot
kaputnikoff: doesn't show hand
*** SUMMARY ***
Total pot $6 | Rake $0
Seat 1: kaputnikoff (button) (small blind) collected ($6)
Seat 2: winyku4eto (big blind) folded before Flop


PokerStars Hand #146713745692:  Hold'em Limit ($3/$6 USD) - 2016/01/08 20:16:53 ET
Table 'Centenaria' 2-max Seat #2 is the button
Seat 1: kaputnikoff ($60 in chips)
Seat 2: winyku4eto ($223.23 in chips)
winyku4eto: posts small blind $1
kaputnikoff: posts big blind $3
*** HOLE CARDS ***
winyku4eto: raises $3 to $6
kaputnikoff: folds
Uncalled bet ($3) returned to winyku4eto
winyku4eto collected $6 from pot
winyku4eto: doesn't show hand
*** SUMMARY ***
Total pot $6 | Rake $0
Seat 1: kaputnikoff (big blind) folded before Flop
Seat 2: winyku4eto (button) (small blind) collected ($6)


PokerStars Hand #146713728237:  Hold'em Limit ($3/$6 USD) - 2016/01/08 20:16:26 ET
Table 'Centenaria' 2-max Seat #1 is the button
Seat 1: kaputnikoff ($61.40 in chips)
Seat 2: winyku4eto ($202.73 in chips)
kaputnikoff: posts small blind $1
winyku4eto: posts big blind $3
*** HOLE CARDS ***
kaputnikoff: raises $3 to $6
winyku4eto: calls $3
*** FLOP *** [2d 9d 3h]
winyku4eto: checks
kaputnikoff: bets $3
winyku4eto: calls $3
*** TURN *** [2d 9d 3h] [8d]
winyku4eto: checks
kaputnikoff: checks
*** RIVER *** [2d 9d 3h 8d] [7s]
winyku4eto: bets $6
kaputnikoff: raises $6 to $12
winyku4eto: raises $6 to $18
kaputnikoff: folds
Uncalled bet ($6) returned to winyku4eto
winyku4eto collected $41.50 from pot
winyku4eto: doesn't show hand
*** SUMMARY ***
Total pot $42 | Rake $0.50
Board [2d 9d 3h 8d 7s]
Seat 1: kaputnikoff (button) (small blind) folded on the River
Seat 2: winyku4eto (big blind) collected ($41.50)


PokerStars Hand #146713799596:  Hold'em Limit ($3/$6 USD) - 2016/01/08 20:18:15 ET
Table 'Centenaria' 2-max Seat #1 is the button
Seat 1: kaputnikoff ($64 in chips)
Seat 2: winyku4eto ($240.37 in chips)
kaputnikoff: posts small blind $1
winyku4eto: posts big blind $3
*** HOLE CARDS ***
kaputnikoff: raises $3 to $6
winyku4eto: folds
Uncalled bet ($3) returned to kaputnikoff
kaputnikoff collected $6 from pot
kaputnikoff: doesn't show hand
*** SUMMARY ***
Total pot $6 | Rake $0
Seat 1: kaputnikoff (button) (small blind) collected ($6)
Seat 2: winyku4eto (big blind) folded before Flop


PokerStars Hand #146713796155:  Hold'em Limit ($3/$6 USD) - 2016/01/08 20:18:10 ET
Table 'Centenaria' 2-max Seat #2 is the button
Seat 1: kaputnikoff ($63 in chips)
Seat 2: winyku4eto ($241.37 in chips)
winyku4eto: posts small blind $1
kaputnikoff: posts big blind $3
*** HOLE CARDS ***
winyku4eto: folds
Uncalled bet ($2) returned to kaputnikoff
kaputnikoff collected $2 from pot
kaputnikoff: doesn't show hand
*** SUMMARY ***
Total pot $2 | Rake $0
Seat 1: kaputnikoff (big blind) collected ($2)
Seat 2: winyku4eto (button) (small blind) folded before Flop


PokerStars Hand #146713790128:  Hold'em Limit ($3/$6 USD) - 2016/01/08 20:18:01 ET
Table 'Centenaria' 2-max Seat #1 is the button
Seat 1: kaputnikoff ($60 in chips)
Seat 2: winyku4eto ($244.37 in chips)
kaputnikoff: posts small blind $1
winyku4eto: posts big blind $3
*** HOLE CARDS ***
kaputnikoff: raises $3 to $6
winyku4eto: folds
Uncalled bet ($3) returned to kaputnikoff
kaputnikoff collected $6 from pot
kaputnikoff: doesn't show hand
*** SUMMARY ***
Total pot $6 | Rake $0
Seat 1: kaputnikoff (button) (small blind) collected ($6)
Seat 2: winyku4eto (big blind) folded before Flop


PokerStars Hand #146713775921:  Hold'em Limit ($3/$6 USD) - 2016/01/08 20:17:39 ET
Table 'Centenaria' 2-max Seat #2 is the button
Seat 1: kaputnikoff ($64 in chips)
Seat 2: winyku4eto ($226.87 in chips)
winyku4eto: posts small blind $1
kaputnikoff: posts big blind $3
*** HOLE CARDS ***
winyku4eto: raises $3 to $6
kaputnikoff: raises $3 to $9
winyku4eto: calls $3
*** FLOP *** [4h As Jh]
kaputnikoff: bets $3
winyku4eto: calls $3
*** TURN *** [4h As Jh] [5c]
kaputnikoff: checks
winyku4eto: checks
*** RIVER *** [4h As Jh 5c] [Ks]
kaputnikoff: checks
winyku4eto: bets $6
kaputnikoff: calls $6
*** SHOW DOWN ***
winyku4eto: shows [Kc Jd] (two pair, Kings and Jacks)
kaputnikoff: mucks hand
winyku4eto collected $35.50 from pot
*** SUMMARY ***
Total pot $36 | Rake $0.50
Board [4h As Jh 5c Ks]
Seat 1: kaputnikoff (big blind) mucked
Seat 2: winyku4eto (button) (small blind) showed [Kc Jd] and won ($35.50) with two pair, Kings and Jacks


PokerStars Hand #146713834709:  Hold'em Limit ($3/$6 USD) - 2016/01/08 20:19:09 ET
Table 'Centenaria' 2-max Seat #2 is the button
Seat 1: kaputnikoff ($74.50 in chips)
Seat 2: winyku4eto ($245.87 in chips)
winyku4eto: posts small blind $1
kaputnikoff: posts big blind $3
*** HOLE CARDS ***
winyku4eto: raises $3 to $6
kaputnikoff: calls $3
*** FLOP *** [Kh Ah 5h]
kaputnikoff: bets $3
winyku4eto: calls $3
*** TURN *** [Kh Ah 5h] [Th]
kaputnikoff: checks
winyku4eto: checks
*** RIVER *** [Kh Ah 5h Th] [9h]
kaputnikoff: checks
winyku4eto: bets $6
kaputnikoff: calls $6
*** SHOW DOWN ***
winyku4eto: shows [9d 9s] (a flush, Ace high)
kaputnikoff: shows [Ac 2d] (a flush, Ace high)
kaputnikoff collected $14.75 from pot
winyku4eto collected $14.75 from pot
*** SUMMARY ***
Total pot $30 | Rake $0.50
Board [Kh Ah 5h Th 9h]
Seat 1: kaputnikoff (big blind) showed [Ac 2d] and won ($14.75) with a flush, Ace high
Seat 2: winyku4eto (button) (small blind) showed [9d 9s] and won ($14.75) with a flush, Ace high


PokerStars Hand #146713821826:  Hold'em Limit ($3/$6 USD) - 2016/01/08 20:18:49 ET
Table 'Centenaria' 2-max Seat #1 is the button
Seat 1: kaputnikoff ($60 in chips)
Seat 2: winyku4eto ($260.87 in chips)
kaputnikoff: posts small blind $1
winyku4eto: posts big blind $3
*** HOLE CARDS ***
kaputnikoff: raises $3 to $6
winyku4eto: calls $3
*** FLOP *** [4d Jc 8c]
winyku4eto: checks
kaputnikoff: bets $3
winyku4eto: calls $3
*** TURN *** [4d Jc 8c] [8d]
winyku4eto: checks
kaputnikoff: checks
*** RIVER *** [4d Jc 8c 8d] [6s]
winyku4eto: bets $6
kaputnikoff: calls $6
*** SHOW DOWN ***
winyku4eto: shows [5h 6h] (two pair, Eights and Sixes)
kaputnikoff: shows [6c Kd] (two pair, Eights and Sixes - King kicker)
kaputnikoff collected $29.50 from pot
*** SUMMARY ***
Total pot $30 | Rake $0.50
Board [4d Jc 8c 8d 6s]
Seat 1: kaputnikoff (button) (small blind) showed [6c Kd] and won ($29.50) with two pair, Eights and Sixes
Seat 2: winyku4eto (big blind) showed [5h 6h] and lost with two pair, Eights and Sixes


PokerStars Hand #146713804676:  Hold'em Limit ($3/$6 USD) - 2016/01/08 20:18:23 ET
Table 'Centenaria' 2-max Seat #2 is the button
Seat 1: kaputnikoff ($67 in chips)
Seat 2: winyku4eto ($237.37 in chips)
winyku4eto: posts small blind $1
kaputnikoff: posts big blind $3
*** HOLE CARDS ***
winyku4eto: raises $3 to $6
kaputnikoff: calls $3
*** FLOP *** [Jh 6s Kd]
kaputnikoff: checks
winyku4eto: checks
*** TURN *** [Jh 6s Kd] [8d]
kaputnikoff: bets $6
winyku4eto: raises $6 to $12
kaputnikoff: calls $6
*** RIVER *** [Jh 6s Kd 8d] [5c]
kaputnikoff: checks
winyku4eto: bets $6
kaputnikoff: calls $6
*** SHOW DOWN ***
winyku4eto: shows [Tc Kc] (a pair of Kings)
kaputnikoff: mucks hand
winyku4eto collected $47.50 from pot
*** SUMMARY ***
Total pot $48 | Rake $0.50
Board [Jh 6s Kd 8d 5c]
Seat 1: kaputnikoff (big blind) mucked
Seat 2: winyku4eto (button) (small blind) showed [Tc Kc] and won ($47.50) with a pair of Kings


PokerStars Hand #146713848822:  Hold'em Limit ($3/$6 USD) - 2016/01/08 20:19:31 ET
Table 'Centenaria' 2-max Seat #1 is the button
Seat 1: kaputnikoff ($74.25 in chips)
Seat 2: winyku4eto ($245.62 in chips)
kaputnikoff: posts small blind $1
winyku4eto: posts big blind $3
*** HOLE CARDS ***
kaputnikoff: raises $3 to $6
winyku4eto: calls $3
*** FLOP *** [8s 4c 7h]
winyku4eto: checks
kaputnikoff: bets $3
winyku4eto: raises $3 to $6
kaputnikoff: calls $3
*** TURN *** [8s 4c 7h] [3h]
winyku4eto: bets $6
kaputnikoff: calls $6
*** RIVER *** [8s 4c 7h 3h] [9h]
winyku4eto: checks
kaputnikoff: bets $6
winyku4eto: calls $6
*** SHOW DOWN ***
kaputnikoff: shows [6d Ts] (a straight, Six to Ten)
winyku4eto: mucks hand
kaputnikoff collected $47.50 from pot
*** SUMMARY ***
Total pot $48 | Rake $0.50
Board [8s 4c 7h 3h 9h]
Seat 1: kaputnikoff (button) (small blind) showed [6d Ts] and won ($47.50) with a straight, Six to Ten
Seat 2: winyku4eto (big blind) mucked


PokerStars Hand #146713866958:  Hold'em Limit ($3/$6 USD) - 2016/01/08 20:19:59 ET
Table 'Centenaria' 2-max Seat #2 is the button
Seat 1: kaputnikoff ($97.75 in chips)
Seat 2: winyku4eto ($221.62 in chips)
winyku4eto: posts small blind $1
kaputnikoff: posts big blind $3
*** HOLE CARDS ***
winyku4eto: calls $2
kaputnikoff: checks
*** FLOP *** [9c 7c 6s]
kaputnikoff: checks
winyku4eto: bets $3
kaputnikoff: raises $3 to $6
winyku4eto: calls $3
*** TURN *** [9c 7c 6s] [3c]
kaputnikoff: bets $6
winyku4eto: folds
Uncalled bet ($6) returned to kaputnikoff
kaputnikoff collected $17.64 from pot
kaputnikoff: doesn't show hand
*** SUMMARY ***
Total pot $18 | Rake $0.36
Board [9c 7c 6s 3c]
Seat 1: kaputnikoff (big blind) collected ($17.64)
Seat 2: winyku4eto (button) (small blind) folded on the Turn


