PokerStars Hand #144493942082:  Hold'em Limit ($3/$6 USD) - 2015/11/28 1:58:42 ET
Table 'Centaurus' 6-max Seat #1 is the button
Seat 1: VolkovDmitri ($122.76 in chips)
Seat 2: Tsoy777 ($57 in chips)
VolkovDmitri: posts small blind $1
Tsoy777: posts big blind $3
*** HOLE CARDS ***
VolkovDmitri: raises $3 to $6
Tsoy777: calls $3
*** FLOP *** [6h 3h Td]
Tsoy777: checks
VolkovDmitri: bets $3
Tsoy777: calls $3
*** TURN *** [6h 3h Td] [Kc]
Tsoy777: checks
VolkovDmitri: bets $6
Tsoy777: calls $6
*** RIVER *** [6h 3h Td Kc] [Jc]
Tsoy777: checks
VolkovDmitri: checks
*** SHOW DOWN ***
Tsoy777: shows [3s Js] (two pair, Jacks and Threes)
VolkovDmitri: mucks hand
Tsoy777 collected $29.50 from pot
*** SUMMARY ***
Total pot $30 | Rake $0.50
Board [6h 3h Td Kc Jc]
Seat 1: VolkovDmitri (button) (small blind) mucked
Seat 2: Tsoy777 (big blind) showed [3s Js] and won ($29.50) with two pair, Jacks and Threes


PokerStars Hand #144493940331:  Hold'em Limit ($3/$6 USD) - 2015/11/28 1:58:34 ET
Table 'Centaurus' 6-max Seat #2 is the button
Seat 1: VolkovDmitri ($125.76 in chips)
Seat 2: Tsoy777 ($54 in chips)
Tsoy777: posts small blind $1
VolkovDmitri: posts big blind $3
*** HOLE CARDS ***
Tsoy777: raises $3 to $6
VolkovDmitri: folds
Uncalled bet ($3) returned to Tsoy777
Tsoy777 collected $6 from pot
Tsoy777: doesn't show hand
*** SUMMARY ***
Total pot $6 | Rake $0
Seat 1: VolkovDmitri (big blind) folded before Flop
Seat 2: Tsoy777 (button) (small blind) collected ($6)


PokerStars Hand #144493951241:  Hold'em Limit ($3/$6 USD) - 2015/11/28 1:59:21 ET
Table 'Centaurus' 6-max Seat #2 is the button
Seat 1: VolkovDmitri ($120 in chips)
Seat 2: Tsoy777 ($71.50 in chips)
Tsoy777: posts small blind $1
VolkovDmitri: posts big blind $3
*** HOLE CARDS ***
Tsoy777: raises $3 to $6
VolkovDmitri: folds
Uncalled bet ($3) returned to Tsoy777
Tsoy777 collected $6 from pot
Tsoy777: doesn't show hand
*** SUMMARY ***
Total pot $6 | Rake $0
Seat 1: VolkovDmitri (big blind) folded before Flop
Seat 2: Tsoy777 (button) (small blind) collected ($6)


