PokerStars Hand #150785965286:  Hold'em Limit ($3/$6 USD) - 2016/03/22 20:44:28 ET
Table 'Centaurus II' 6-max Seat #6 is the button
Seat 4: RaisemyNut$ ($197.13 in chips)
Seat 6: bentinck113 ($136.06 in chips)
bentinck113: posts small blind $1
RaisemyNut$: posts big blind $3
*** HOLE CARDS ***
bentinck113: raises $3 to $6
RaisemyNut$: calls $3
*** FLOP *** [2d 8h Ks]
RaisemyNut$: checks
bentinck113: checks
*** TURN *** [2d 8h Ks] [3c]
RaisemyNut$: bets $6
bentinck113: folds
Uncalled bet ($6) returned to RaisemyNut$
RaisemyNut$ collected $11.76 from pot
RaisemyNut$: doesn't show hand
*** SUMMARY ***
Total pot $12 | Rake $0.24
Board [2d 8h Ks 3c]
Seat 4: RaisemyNut$ (big blind) collected ($11.76)
Seat 6: bentinck113 (button) (small blind) folded on the Turn


PokerStars Hand #150785957457:  Hold'em Limit ($3/$6 USD) - 2016/03/22 20:44:14 ET
Table 'Centaurus II' 6-max Seat #4 is the button
Seat 4: RaisemyNut$ ($194.13 in chips)
Seat 6: bentinck113 ($139.06 in chips)
RaisemyNut$: posts small blind $1
bentinck113: posts big blind $3
*** HOLE CARDS ***
RaisemyNut$: raises $3 to $6
bentinck113: folds
Uncalled bet ($3) returned to RaisemyNut$
RaisemyNut$ collected $6 from pot
RaisemyNut$: doesn't show hand
*** SUMMARY ***
Total pot $6 | Rake $0
Seat 4: RaisemyNut$ (button) (small blind) collected ($6)
Seat 6: bentinck113 (big blind) folded before Flop


