PokerStars Hand #162521580170:  Hold'em Limit ($3/$6 USD) - 2016/12/06 15:32:46 ET
Table 'Centaurus II' 6-max Seat #3 is the button
Seat 3: pr0pl0s0 ($30.74 in chips)
Seat 4: kolaz03 ($72 in chips)
pr0pl0s0: posts small blind $1
kolaz03: posts big blind $3
*** HOLE CARDS ***
pr0pl0s0: raises $3 to $6
kolaz03: calls $3
*** FLOP *** [4d 3c 9c]
kolaz03: checks
pr0pl0s0: bets $3
kolaz03: calls $3
*** TURN *** [4d 3c 9c] [Tc]
kolaz03: checks
pr0pl0s0: bets $6
kolaz03: calls $6
*** RIVER *** [4d 3c 9c Tc] [Ad]
kolaz03: checks
pr0pl0s0: bets $6
kolaz03: calls $6
*** SHOW DOWN ***
pr0pl0s0: shows [2c Kd] (high card Ace)
kolaz03: shows [4h Js] (a pair of Fours)
kolaz03 collected $41.50 from pot
*** SUMMARY ***
Total pot $42 | Rake $0.50
Board [4d 3c 9c Tc Ad]
Seat 3: pr0pl0s0 (button) (small blind) showed [2c Kd] and lost with high card Ace
Seat 4: kolaz03 (big blind) showed [4h Js] and won ($41.50) with a pair of Fours


PokerStars Hand #162521628999:  Hold'em Limit ($3/$6 USD) - 2016/12/06 15:33:37 ET
Table 'Centaurus II' 6-max Seat #4 is the button
Seat 3: pr0pl0s0 ($9.74 in chips)
Seat 4: kolaz03 ($92.50 in chips)
kolaz03: posts small blind $1
pr0pl0s0: posts big blind $3
*** HOLE CARDS ***
kolaz03: raises $3 to $6
pr0pl0s0: calls $3
*** FLOP *** [4d 5d 7c]
pr0pl0s0: bets $3
kolaz03: raises $3 to $6
pr0pl0s0: calls $0.74 and is all-in
Uncalled bet ($2.26) returned to kolaz03
*** TURN *** [4d 5d 7c] [4h]
*** RIVER *** [4d 5d 7c 4h] [8c]
*** SHOW DOWN ***
pr0pl0s0: shows [3c 7s] (two pair, Sevens and Fours)
kolaz03: shows [8h Qc] (two pair, Eights and Fours)
kolaz03 collected $19.09 from pot
*** SUMMARY ***
Total pot $19.48 | Rake $0.39
Board [4d 5d 7c 4h 8c]
Seat 3: pr0pl0s0 (big blind) showed [3c 7s] and lost with two pair, Sevens and Fours
Seat 4: kolaz03 (button) (small blind) showed [8h Qc] and won ($19.09) with two pair, Eights and Fours


PokerStars Hand #162521769823:  Hold'em Limit ($3/$6 USD) - 2016/12/06 15:36:00 ET
Table 'Centaurus II' 6-max Seat #4 is the button
Seat 3: pr0pl0s0 ($21.20 in chips)
Seat 4: BuzovaPro ($80.64 in chips)
BuzovaPro: posts small blind $1
pr0pl0s0: posts big blind $3
*** HOLE CARDS ***
BuzovaPro: raises $3 to $6
pr0pl0s0: folds
Uncalled bet ($3) returned to BuzovaPro
BuzovaPro collected $6 from pot
BuzovaPro: doesn't show hand
*** SUMMARY ***
Total pot $6 | Rake $0
Seat 3: pr0pl0s0 (big blind) folded before Flop
Seat 4: BuzovaPro (button) (small blind) collected ($6)


PokerStars Hand #162521717249:  Hold'em Limit ($3/$6 USD) - 2016/12/06 15:35:06 ET
Table 'Centaurus II' 6-max Seat #3 is the button
Seat 3: pr0pl0s0 ($30.20 in chips)
Seat 4: BuzovaPro ($72 in chips)
pr0pl0s0: posts small blind $1
BuzovaPro: posts big blind $3
*** HOLE CARDS ***
pr0pl0s0: calls $2
BuzovaPro: raises $3 to $6
pr0pl0s0: calls $3
*** FLOP *** [7h 7c Ad]
BuzovaPro: bets $3
pr0pl0s0: calls $3
*** TURN *** [7h 7c Ad] [Tc]
BuzovaPro: checks
pr0pl0s0: checks
*** RIVER *** [7h 7c Ad Tc] [Jh]
BuzovaPro: bets $6
pr0pl0s0: folds
Uncalled bet ($6) returned to BuzovaPro
BuzovaPro collected $17.64 from pot
BuzovaPro: doesn't show hand
*** SUMMARY ***
Total pot $18 | Rake $0.36
Board [7h 7c Ad Tc Jh]
Seat 3: pr0pl0s0 (button) (small blind) folded on the River
Seat 4: BuzovaPro (big blind) collected ($17.64)


PokerStars Hand #162521777313:  Hold'em Limit ($3/$6 USD) - 2016/12/06 15:36:07 ET
Table 'Centaurus II' 6-max Seat #3 is the button
Seat 3: pr0pl0s0 ($18.20 in chips)
Seat 4: BuzovaPro ($83.64 in chips)
pr0pl0s0: posts small blind $1
BuzovaPro: posts big blind $3
*** HOLE CARDS ***
pr0pl0s0: raises $3 to $6
BuzovaPro: folds
Uncalled bet ($3) returned to pr0pl0s0
pr0pl0s0 collected $6 from pot
pr0pl0s0: doesn't show hand
*** SUMMARY ***
Total pot $6 | Rake $0
Seat 3: pr0pl0s0 (button) (small blind) collected ($6)
Seat 4: BuzovaPro (big blind) folded before Flop


PokerStars Hand #162521791583:  Hold'em Limit ($3/$6 USD) - 2016/12/06 15:36:22 ET
Table 'Centaurus II' 6-max Seat #4 is the button
Seat 3: pr0pl0s0 ($21.20 in chips)
Seat 4: BuzovaPro ($80.64 in chips)
BuzovaPro: posts small blind $1
pr0pl0s0: posts big blind $3
*** HOLE CARDS ***
BuzovaPro: raises $3 to $6
pr0pl0s0: calls $3
*** FLOP *** [Jc Kc Tc]
pr0pl0s0: checks
BuzovaPro: bets $3
pr0pl0s0: raises $3 to $6
BuzovaPro: calls $3
*** TURN *** [Jc Kc Tc] [9h]
pr0pl0s0: bets $6
BuzovaPro: calls $6
*** RIVER *** [Jc Kc Tc 9h] [4s]
pr0pl0s0: bets $3.20 and is all-in
BuzovaPro: calls $3.20
*** SHOW DOWN ***
pr0pl0s0: shows [8s Th] (a pair of Tens)
BuzovaPro: shows [Ah Jh] (a pair of Jacks)
BuzovaPro collected $41.90 from pot
*** SUMMARY ***
Total pot $42.40 | Rake $0.50
Board [Jc Kc Tc 9h 4s]
Seat 3: pr0pl0s0 (big blind) showed [8s Th] and lost with a pair of Tens
Seat 4: BuzovaPro (button) (small blind) showed [Ah Jh] and won ($41.90) with a pair of Jacks


PokerStars Hand #162521940393:  Hold'em Limit ($3/$6 USD) - 2016/12/06 15:38:53 ET
Table 'Centaurus II' 6-max Seat #2 is the button
Seat 2: perten ($72.12 in chips)
Seat 3: ToDaFelt ($105 in chips)
perten: posts small blind $1
ToDaFelt: posts big blind $3
*** HOLE CARDS ***
perten: folds
Uncalled bet ($2) returned to ToDaFelt
ToDaFelt collected $2 from pot
ToDaFelt: doesn't show hand
*** SUMMARY ***
Total pot $2 | Rake $0
Seat 2: perten (button) (small blind) folded before Flop
Seat 3: ToDaFelt (big blind) collected ($2)


PokerStars Hand #162521915601:  Hold'em Limit ($3/$6 USD) - 2016/12/06 15:38:28 ET
Table 'Centaurus II' 6-max Seat #3 is the button
Seat 2: perten ($60.60 in chips)
Seat 3: ToDaFelt ($117 in chips)
ToDaFelt: posts small blind $1
perten: posts big blind $3
*** HOLE CARDS ***
ToDaFelt: raises $3 to $6
perten: calls $3
*** FLOP *** [Kh Kc Jd]
perten: checks
ToDaFelt: checks
*** TURN *** [Kh Kc Jd] [7s]
perten: bets $6
ToDaFelt: calls $6
*** RIVER *** [Kh Kc Jd 7s] [9s]
screeno997 joins the table at seat #5
perten: checks
ToDaFelt: checks
*** SHOW DOWN ***
perten: shows [9h 7c] (two pair, Kings and Nines)
ToDaFelt: mucks hand
perten collected $23.52 from pot
*** SUMMARY ***
Total pot $24 | Rake $0.48
Board [Kh Kc Jd 7s 9s]
Seat 2: perten (big blind) showed [9h 7c] and won ($23.52) with two pair, Kings and Nines
Seat 3: ToDaFelt (button) (small blind) mucked


PokerStars Hand #162521893786:  Hold'em Limit ($3/$6 USD) - 2016/12/06 15:38:05 ET
Table 'Centaurus II' 6-max Seat #3 is the button
Seat 2: perten ($57.84 in chips)
Seat 3: ToDaFelt ($120 in chips)
ToDaFelt: posts small blind $1
perten: posts big blind $3
*** HOLE CARDS ***
ToDaFelt: raises $3 to $6
perten: folds
Uncalled bet ($3) returned to ToDaFelt
ToDaFelt collected $6 from pot
ToDaFelt: doesn't show hand
*** SUMMARY ***
Total pot $6 | Rake $0
Seat 2: perten (big blind) folded before Flop
Seat 3: ToDaFelt (button) (small blind) collected ($6)


PokerStars Hand #162521903245:  Hold'em Limit ($3/$6 USD) - 2016/12/06 15:38:15 ET
Table 'Centaurus II' 6-max Seat #2 is the button
Seat 2: perten ($54.84 in chips)
Seat 3: ToDaFelt ($123 in chips)
perten: posts small blind $1
ToDaFelt: posts big blind $3
*** HOLE CARDS ***
perten: raises $3 to $6
ToDaFelt: calls $3
*** FLOP *** [6c Kc Jc]
ToDaFelt: checks
perten: bets $3
ToDaFelt: folds
Uncalled bet ($3) returned to perten
perten collected $11.76 from pot
perten: doesn't show hand
*** SUMMARY ***
Total pot $12 | Rake $0.24
Board [6c Kc Jc]
Seat 2: perten (button) (small blind) collected ($11.76)
Seat 3: ToDaFelt (big blind) folded on the Flop


