PokerStars Hand #170587877938:  Hold'em Limit ($3/$6 USD) - 2017/05/18 13:11:19 ET
Table 'Centaurus III' 6-max Seat #2 is the button
Seat 2: cola26licht ($105.40 in chips)
Seat 4: Agrotait ($72 in chips)
cola26licht: posts small blind $1
SashaYuvelir joins the table at seat #3
Agrotait: posts big blind $3
*** HOLE CARDS ***
cola26licht: raises $3 to $6
Agrotait: calls $3
*** FLOP *** [5d 2c Kh]
Agrotait: checks
cola26licht: bets $3
Agrotait: calls $3
*** TURN *** [5d 2c Kh] [3d]
Agrotait: checks
cola26licht: bets $6
RaisemyNut$ joins the table at seat #6
Agrotait: calls $6
*** RIVER *** [5d 2c Kh 3d] [7d]
Agrotait: checks
cola26licht: bets $6
Agrotait: folds
Uncalled bet ($6) returned to cola26licht
cola26licht collected $29.50 from pot
cola26licht: doesn't show hand
*** SUMMARY ***
Total pot $30 | Rake $0.50
Board [5d 2c Kh 3d 7d]
Seat 2: cola26licht (button) (small blind) collected ($29.50)
Seat 4: Agrotait (big blind) folded on the River


PokerStars Hand #170588577563:  Hold'em Limit ($3/$6 USD) - 2017/05/18 13:26:18 ET
Table 'Centaurus III' 6-max Seat #6 is the button
Seat 2: schwatter82 ($16.45 in chips)
Seat 6: RaisemyNut$ ($190.93 in chips)
RaisemyNut$: posts small blind $1
rascal_319: is sitting out
schwatter82: posts big blind $3
*** HOLE CARDS ***
vestimokrec joins the table at seat #3
RaisemyNut$: raises $3 to $6
schwatter82: raises $3 to $9
RaisemyNut$: calls $3
*** FLOP *** [Jd Kh 8h]
schwatter82: checks
RaisemyNut$: bets $3
schwatter82: calls $3
*** TURN *** [Jd Kh 8h] [4s]
schwatter82: checks
RaisemyNut$: bets $6
schwatter82: calls $4.45 and is all-in
Uncalled bet ($1.55) returned to RaisemyNut$
*** RIVER *** [Jd Kh 8h 4s] [4c]
*** SHOW DOWN ***
schwatter82: shows [Td Qc] (a pair of Fours)
RaisemyNut$: shows [Th 9h] (a pair of Fours - lower kicker)
schwatter82 collected $32.40 from pot
*** SUMMARY ***
Total pot $32.90 | Rake $0.50
Board [Jd Kh 8h 4s 4c]
Seat 2: schwatter82 (big blind) showed [Td Qc] and won ($32.40) with a pair of Fours
Seat 6: RaisemyNut$ (button) (small blind) showed [Th 9h] and lost with a pair of Fours


PokerStars Hand #170588609414:  Hold'em Limit ($3/$6 USD) - 2017/05/18 13:26:58 ET
Table 'Centaurus III' 6-max Seat #2 is the button
Seat 2: schwatter82 ($32.40 in chips)
Seat 6: RaisemyNut$ ($174.48 in chips)
schwatter82: posts small blind $1
RaisemyNut$: posts big blind $3
*** HOLE CARDS ***
schwatter82: raises $3 to $6
RaisemyNut$: calls $3
*** FLOP *** [3d 9s Kd]
RaisemyNut$: checks
schwatter82: checks
*** TURN *** [3d 9s Kd] [7d]
RaisemyNut$: bets $6
schwatter82: calls $6
*** RIVER *** [3d 9s Kd 7d] [5s]
RaisemyNut$: bets $6
schwatter82: raises $6 to $12
RaisemyNut$: calls $6
*** SHOW DOWN ***
schwatter82: shows [9h 9d] (three of a kind, Nines)
RaisemyNut$: mucks hand
schwatter82 collected $47.50 from pot
*** SUMMARY ***
Total pot $48 | Rake $0.50
Board [3d 9s Kd 7d 5s]
Seat 2: schwatter82 (button) (small blind) showed [9h 9d] and won ($47.50) with three of a kind, Nines
Seat 6: RaisemyNut$ (big blind) mucked


PokerStars Hand #170590222219:  Hold'em Limit ($3/$6 USD) - 2017/05/18 14:01:56 ET
Table 'Centaurus III' 6-max Seat #6 is the button
Seat 2: schwatter82 ($66.43 in chips)
Seat 6: RaisemyNut$ ($60 in chips)
RaisemyNut$: posts small blind $1
schwatter82: posts big blind $3
*** HOLE CARDS ***
RaisemyNut$: raises $3 to $6
schwatter82: calls $3
*** FLOP *** [Jc Kd 2s]
schwatter82: checks
RaisemyNut$: bets $3
schwatter82: calls $3
*** TURN *** [Jc Kd 2s] [Ks]
schwatter82: checks
rascal_319 is disconnected
RaisemyNut$: checks
*** RIVER *** [Jc Kd 2s Ks] [4d]
schwatter82: bets $6
RaisemyNut$: folds
Uncalled bet ($6) returned to schwatter82
schwatter82 collected $17.64 from pot
*** SUMMARY ***
Total pot $18 | Rake $0.36
Board [Jc Kd 2s Ks 4d]
Seat 2: schwatter82 (big blind) collected ($17.64)
Seat 6: RaisemyNut$ (button) (small blind) folded on the River


PokerStars Hand #170590357572:  Hold'em Limit ($3/$6 USD) - 2017/05/18 14:04:39 ET
Table 'Centaurus III' 6-max Seat #1 is the button
Seat 1: rascal_319 ($83.07 in chips)
Seat 6: RaisemyNut$ ($71.37 in chips)
rascal_319: posts small blind $1
vestimokrec: is sitting out
RaisemyNut$: posts big blind $3
*** HOLE CARDS ***
rascal_319: calls $2
RaisemyNut$: checks
*** FLOP *** [3d 3h Jd]
RaisemyNut$: checks
rascal_319: checks
*** TURN *** [3d 3h Jd] [Ad]
RaisemyNut$: checks
rascal_319: checks
*** RIVER *** [3d 3h Jd Ad] [Ks]
RaisemyNut$: bets $6
rascal_319: folds
Uncalled bet ($6) returned to RaisemyNut$
RaisemyNut$ collected $5.88 from pot
RaisemyNut$: doesn't show hand
*** SUMMARY ***
Total pot $6 | Rake $0.12
Board [3d 3h Jd Ad Ks]
Seat 1: rascal_319 (button) (small blind) folded on the River
Seat 6: RaisemyNut$ (big blind) collected ($5.88)


PokerStars Hand #170590380915:  Hold'em Limit ($3/$6 USD) - 2017/05/18 14:05:07 ET
Table 'Centaurus III' 6-max Seat #6 is the button
Seat 1: rascal_319 ($80.07 in chips)
Seat 6: RaisemyNut$ ($74.25 in chips)
RaisemyNut$: posts small blind $1
rascal_319: posts big blind $3
*** HOLE CARDS ***
RaisemyNut$: folds
Uncalled bet ($2) returned to rascal_319
rascal_319 collected $2 from pot
rascal_319: doesn't show hand
*** SUMMARY ***
Total pot $2 | Rake $0
Seat 1: rascal_319 (big blind) collected ($2)
Seat 6: RaisemyNut$ (button) (small blind) folded before Flop


