PokerStars Hand #169573698118:  Hold'em Limit ($3/$6 USD) - 2017/04/26 4:56:00 ET
Table 'Centesima' 6-max Seat #3 is the button
Seat 3: Voldemaras50 ($64.09 in chips)
Seat 4: Agrotait ($72 in chips)
Voldemaras50: posts small blind $1
Agrotait: posts big blind $3
*** HOLE CARDS ***
Voldemaras50: raises $3 to $6
Agrotait: folds
Uncalled bet ($3) returned to Voldemaras50
Voldemaras50 collected $6 from pot
*** SUMMARY ***
Total pot $6 | Rake $0
Seat 3: Voldemaras50 (button) (small blind) collected ($6)
Seat 4: Agrotait (big blind) folded before Flop


PokerStars Hand #169573707759:  Hold'em Limit ($3/$6 USD) - 2017/04/26 4:56:32 ET
Table 'Centesima' 6-max Seat #4 is the button
Seat 3: Voldemaras50 ($80.59 in chips)
Seat 4: Agrotait ($73 in chips)
Agrotait: posts small blind $1
Voldemaras50: posts big blind $3
*** HOLE CARDS ***
Agrotait: raises $3 to $6
Voldemaras50: calls $3
*** FLOP *** [7s 5c 2h]
Voldemaras50: checks
Agrotait: bets $3
Voldemaras50: calls $3
*** TURN *** [7s 5c 2h] [3h]
Voldemaras50: checks
Agrotait: bets $6
Voldemaras50: calls $6
*** RIVER *** [7s 5c 2h 3h] [7c]
Voldemaras50: checks
Agrotait: bets $6
Voldemaras50: folds
Uncalled bet ($6) returned to Agrotait
Agrotait collected $29.50 from pot
Agrotait: doesn't show hand
*** SUMMARY ***
Total pot $30 | Rake $0.50
Board [7s 5c 2h 3h 7c]
Seat 3: Voldemaras50 (big blind) folded on the River
Seat 4: Agrotait (button) (small blind) collected ($29.50)


PokerStars Hand #169573706387:  Hold'em Limit ($3/$6 USD) - 2017/04/26 4:56:27 ET
Table 'Centesima' 6-max Seat #3 is the button
Seat 3: Voldemaras50 ($81.59 in chips)
Seat 4: Agrotait ($72 in chips)
Voldemaras50: posts small blind $1
Agrotait: posts big blind $3
*** HOLE CARDS ***
Voldemaras50: folds
Uncalled bet ($2) returned to Agrotait
Agrotait collected $2 from pot
Agrotait: doesn't show hand
*** SUMMARY ***
Total pot $2 | Rake $0
Seat 3: Voldemaras50 (button) (small blind) folded before Flop
Seat 4: Agrotait (big blind) collected ($2)


PokerStars Hand #169573700877:  Hold'em Limit ($3/$6 USD) - 2017/04/26 4:56:09 ET
Table 'Centesima' 6-max Seat #4 is the button
Seat 3: Voldemaras50 ($67.09 in chips)
Seat 4: Agrotait ($69 in chips)
Agrotait: posts small blind $1
Voldemaras50: posts big blind $3
*** HOLE CARDS ***
Agrotait: raises $3 to $6
Voldemaras50: calls $3
*** FLOP *** [Jc Th Kd]
Voldemaras50: checks
Agrotait: bets $3
Voldemaras50: calls $3
*** TURN *** [Jc Th Kd] [9c]
Voldemaras50: checks
Agrotait: checks
*** RIVER *** [Jc Th Kd 9c] [Js]
Voldemaras50: bets $6
Agrotait: calls $6
*** SHOW DOWN ***
Voldemaras50: shows [Jd 5h] (three of a kind, Jacks)
Agrotait: mucks hand
Voldemaras50 collected $29.50 from pot
*** SUMMARY ***
Total pot $30 | Rake $0.50
Board [Jc Th Kd 9c Js]
Seat 3: Voldemaras50 (big blind) showed [Jd 5h] and won ($29.50) with three of a kind, Jacks
Seat 4: Agrotait (button) (small blind) mucked


PokerStars Hand #169573727225:  Hold'em Limit ($3/$6 USD) - 2017/04/26 4:57:34 ET
Table 'Centesima' 6-max Seat #4 is the button
Seat 3: Voldemaras50 ($80.09 in chips)
Seat 4: Agrotait ($72.50 in chips)
Agrotait: posts small blind $1
Voldemaras50: posts big blind $3
*** HOLE CARDS ***
Agrotait: folds
Uncalled bet ($2) returned to Voldemaras50
Voldemaras50 collected $2 from pot
*** SUMMARY ***
Total pot $2 | Rake $0
Seat 3: Voldemaras50 (big blind) collected ($2)
Seat 4: Agrotait (button) (small blind) folded before Flop


PokerStars Hand #169573716191:  Hold'em Limit ($3/$6 USD) - 2017/04/26 4:56:59 ET
Table 'Centesima' 6-max Seat #3 is the button
Seat 3: Voldemaras50 ($65.59 in chips)
Seat 4: Agrotait ($87.50 in chips)
Voldemaras50: posts small blind $1
Agrotait: posts big blind $3
*** HOLE CARDS ***
Voldemaras50: raises $3 to $6
Agrotait: calls $3
*** FLOP *** [Jc 9s 7h]
Agrotait: checks
Voldemaras50: bets $3
Agrotait: calls $3
*** TURN *** [Jc 9s 7h] [Kh]
Agrotait: checks
Voldemaras50: bets $6
Agrotait: calls $6
*** RIVER *** [Jc 9s 7h Kh] [Th]
Agrotait: checks
Voldemaras50: checks
*** SHOW DOWN ***
Agrotait: shows [Ts 4h] (a pair of Tens)
Voldemaras50: shows [9d 7s] (two pair, Nines and Sevens)
Voldemaras50 collected $29.50 from pot
*** SUMMARY ***
Total pot $30 | Rake $0.50
Board [Jc 9s 7h Kh Th]
Seat 3: Voldemaras50 (button) (small blind) showed [9d 7s] and won ($29.50) with two pair, Nines and Sevens
Seat 4: Agrotait (big blind) showed [Ts 4h] and lost with a pair of Tens


PokerStars Hand #169573728687:  Hold'em Limit ($3/$6 USD) - 2017/04/26 4:57:39 ET
Table 'Centesima' 6-max Seat #3 is the button
Seat 3: Voldemaras50 ($81.09 in chips)
Seat 4: Agrotait ($71.50 in chips)
Voldemaras50: posts small blind $1
Agrotait: posts big blind $3
*** HOLE CARDS ***
Voldemaras50: raises $3 to $6
Agrotait: calls $3
*** FLOP *** [8h 2c Qh]
Agrotait: checks
Voldemaras50: bets $3
Agrotait: calls $3
*** TURN *** [8h 2c Qh] [Qs]
Agrotait: checks
Voldemaras50: checks
*** RIVER *** [8h 2c Qh Qs] [8d]
Agrotait: checks
Voldemaras50: bets $6
Agrotait: calls $6
*** SHOW DOWN ***
Voldemaras50: shows [Jh 5h] (two pair, Queens and Eights)
Agrotait: shows [Kd Tc] (two pair, Queens and Eights - King kicker)
Agrotait collected $29.50 from pot
*** SUMMARY ***
Total pot $30 | Rake $0.50
Board [8h 2c Qh Qs 8d]
Seat 3: Voldemaras50 (button) (small blind) showed [Jh 5h] and lost with two pair, Queens and Eights
Seat 4: Agrotait (big blind) showed [Kd Tc] and won ($29.50) with two pair, Queens and Eights


PokerStars Hand #169573752278:  Hold'em Limit ($3/$6 USD) - 2017/04/26 4:58:56 ET
Table 'Centesima' 6-max Seat #3 is the button
Seat 3: Voldemaras50 ($61.59 in chips)
Seat 4: Agrotait ($89.50 in chips)
Voldemaras50: posts small blind $1
Agrotait: posts big blind $3
*** HOLE CARDS ***
Voldemaras50: raises $3 to $6
Agrotait: folds
Uncalled bet ($3) returned to Voldemaras50
Voldemaras50 collected $6 from pot
*** SUMMARY ***
Total pot $6 | Rake $0
Seat 3: Voldemaras50 (button) (small blind) collected ($6)
Seat 4: Agrotait (big blind) folded before Flop


PokerStars Hand #169573743968:  Hold'em Limit ($3/$6 USD) - 2017/04/26 4:58:29 ET
Table 'Centesima' 6-max Seat #3 is the button
Seat 3: Voldemaras50 ($89.59 in chips)
Seat 4: Agrotait ($62 in chips)
Voldemaras50: posts small blind $1
Agrotait: posts big blind $3
*** HOLE CARDS ***
Voldemaras50: folds
Uncalled bet ($2) returned to Agrotait
Agrotait collected $2 from pot
Agrotait: doesn't show hand
*** SUMMARY ***
Total pot $2 | Rake $0
Seat 3: Voldemaras50 (button) (small blind) folded before Flop
Seat 4: Agrotait (big blind) collected ($2)


PokerStars Hand #169573745528:  Hold'em Limit ($3/$6 USD) - 2017/04/26 4:58:34 ET
Table 'Centesima' 6-max Seat #4 is the button
Seat 3: Voldemaras50 ($88.59 in chips)
Seat 4: Agrotait ($63 in chips)
Agrotait: posts small blind $1
Voldemaras50: posts big blind $3
*** HOLE CARDS ***
Agrotait: raises $3 to $6
Voldemaras50: calls $3
*** FLOP *** [2h 5h Ac]
Voldemaras50: checks
Agrotait: bets $3
Voldemaras50: raises $3 to $6
Agrotait: raises $3 to $9
Voldemaras50: calls $3
*** TURN *** [2h 5h Ac] [Qs]
Voldemaras50: checks
Agrotait: bets $6
Voldemaras50: calls $6
*** RIVER *** [2h 5h Ac Qs] [8c]
Voldemaras50: checks
Agrotait: bets $6
Voldemaras50: calls $6
*** SHOW DOWN ***
Agrotait: shows [5c Qc] (two pair, Queens and Fives)
Voldemaras50: mucks hand
Agrotait collected $53.50 from pot
*** SUMMARY ***
Total pot $54 | Rake $0.50
Board [2h 5h Ac Qs 8c]
Seat 3: Voldemaras50 (big blind) mucked
Seat 4: Agrotait (button) (small blind) showed [5c Qc] and won ($53.50) with two pair, Queens and Fives


PokerStars Hand #169573735646:  Hold'em Limit ($3/$6 USD) - 2017/04/26 4:58:02 ET
Table 'Centesima' 6-max Seat #4 is the button
Seat 3: Voldemaras50 ($66.09 in chips)
Seat 4: Agrotait ($86 in chips)
Agrotait: posts small blind $1
Voldemaras50: posts big blind $3
*** HOLE CARDS ***
Agrotait: raises $3 to $6
Voldemaras50: raises $3 to $9
Agrotait: calls $3
*** FLOP *** [2d 6s 4c]
Voldemaras50: bets $3
Agrotait: calls $3
*** TURN *** [2d 6s 4c] [Kh]
Voldemaras50: bets $6
Agrotait: calls $6
*** RIVER *** [2d 6s 4c Kh] [7c]
Voldemaras50: bets $6
Agrotait: calls $6
*** SHOW DOWN ***
Voldemaras50: shows [9d 9s] (a pair of Nines)
Agrotait: mucks hand
Voldemaras50 collected $47.50 from pot
*** SUMMARY ***
Total pot $48 | Rake $0.50
Board [2d 6s 4c Kh 7c]
Seat 3: Voldemaras50 (big blind) showed [9d 9s] and won ($47.50) with a pair of Nines
Seat 4: Agrotait (button) (small blind) mucked


PokerStars Hand #169573758859:  Hold'em Limit ($3/$6 USD) - 2017/04/26 4:59:17 ET
Table 'Centesima' 6-max Seat #3 is the button
Seat 3: Voldemaras50 ($58.59 in chips)
Seat 4: Agrotait ($92.26 in chips)
Voldemaras50: posts small blind $1
Agrotait: posts big blind $3
*** HOLE CARDS ***
Voldemaras50: folds
Uncalled bet ($2) returned to Agrotait
Agrotait collected $2 from pot
Agrotait: doesn't show hand
*** SUMMARY ***
Total pot $2 | Rake $0
Seat 3: Voldemaras50 (button) (small blind) folded before Flop
Seat 4: Agrotait (big blind) collected ($2)


PokerStars Hand #169573755809:  Hold'em Limit ($3/$6 USD) - 2017/04/26 4:59:07 ET
Table 'Centesima' 6-max Seat #4 is the button
Seat 3: Voldemaras50 ($64.59 in chips)
Seat 4: Agrotait ($86.50 in chips)
Agrotait: posts small blind $1
Voldemaras50: posts big blind $3
*** HOLE CARDS ***
Agrotait: raises $3 to $6
Voldemaras50: calls $3
*** FLOP *** [7s 2h Td]
Voldemaras50: checks
Agrotait: bets $3
Voldemaras50: folds
Uncalled bet ($3) returned to Agrotait
Agrotait collected $11.76 from pot
Agrotait: doesn't show hand
*** SUMMARY ***
Total pot $12 | Rake $0.24
Board [7s 2h Td]
Seat 3: Voldemaras50 (big blind) folded on the Flop
Seat 4: Agrotait (button) (small blind) collected ($11.76)


PokerStars Hand #169573766389:  Hold'em Limit ($3/$6 USD) - 2017/04/26 4:59:42 ET
Table 'Centesima' 6-max Seat #3 is the button
Seat 3: Voldemaras50 ($48.59 in chips)
Seat 4: Agrotait ($101.90 in chips)
Voldemaras50: posts small blind $1
Agrotait: posts big blind $3
*** HOLE CARDS ***
Voldemaras50: raises $3 to $6
Agrotait: calls $3
*** FLOP *** [Tc Kh 7c]
Agrotait: checks
Voldemaras50: bets $3
Agrotait: folds
Uncalled bet ($3) returned to Voldemaras50
Voldemaras50 collected $11.76 from pot
*** SUMMARY ***
Total pot $12 | Rake $0.24
Board [Tc Kh 7c]
Seat 3: Voldemaras50 (button) (small blind) collected ($11.76)
Seat 4: Agrotait (big blind) folded on the Flop


PokerStars Hand #169573760275:  Hold'em Limit ($3/$6 USD) - 2017/04/26 4:59:22 ET
Table 'Centesima' 6-max Seat #4 is the button
Seat 3: Voldemaras50 ($57.59 in chips)
Seat 4: Agrotait ($93.26 in chips)
Agrotait: posts small blind $1
Voldemaras50: posts big blind $3
*** HOLE CARDS ***
Agrotait: raises $3 to $6
Voldemaras50: calls $3
*** FLOP *** [2h Qd 2c]
Voldemaras50: bets $3
Agrotait: raises $3 to $6
Voldemaras50: folds
Uncalled bet ($3) returned to Agrotait
Agrotait collected $17.64 from pot
Agrotait: doesn't show hand
*** SUMMARY ***
Total pot $18 | Rake $0.36
Board [2h Qd 2c]
Seat 3: Voldemaras50 (big blind) folded on the Flop
Seat 4: Agrotait (button) (small blind) collected ($17.64)


PokerStars Hand #169573779444:  Hold'em Limit ($3/$6 USD) - 2017/04/26 5:00:24 ET
Table 'Centesima' 6-max Seat #3 is the button
Seat 3: Voldemaras50 ($42.35 in chips)
Seat 4: Agrotait ($107.42 in chips)
Voldemaras50: posts small blind $1
Agrotait: posts big blind $3
*** HOLE CARDS ***
Voldemaras50: raises $3 to $6
Agrotait: calls $3
*** FLOP *** [Ks Jd 9d]
Agrotait: checks
Voldemaras50: bets $3
Agrotait: calls $3
*** TURN *** [Ks Jd 9d] [Qs]
Agrotait: checks
Voldemaras50: checks
*** RIVER *** [Ks Jd 9d Qs] [Kc]
Agrotait: bets $6
Voldemaras50: calls $6
*** SHOW DOWN ***
Agrotait: shows [Jc 5h] (two pair, Kings and Jacks)
Voldemaras50: shows [Jh 8h] (two pair, Kings and Jacks)
Agrotait collected $14.75 from pot
Voldemaras50 collected $14.75 from pot
*** SUMMARY ***
Total pot $30 | Rake $0.50
Board [Ks Jd 9d Qs Kc]
Seat 3: Voldemaras50 (button) (small blind) showed [Jh 8h] and won ($14.75) with two pair, Kings and Jacks
Seat 4: Agrotait (big blind) showed [Jc 5h] and won ($14.75) with two pair, Kings and Jacks


PokerStars Hand #169573773544:  Hold'em Limit ($3/$6 USD) - 2017/04/26 5:00:05 ET
Table 'Centesima' 6-max Seat #4 is the button
Seat 3: Voldemaras50 ($54.35 in chips)
Seat 4: Agrotait ($95.90 in chips)
Agrotait: posts small blind $1
Voldemaras50: posts big blind $3
*** HOLE CARDS ***
Agrotait: raises $3 to $6
Voldemaras50: raises $3 to $9
Agrotait: calls $3
*** FLOP *** [9c 4c Kc]
Voldemaras50: bets $3
Agrotait: calls $3
*** TURN *** [9c 4c Kc] [8h]
Voldemaras50: checks
Agrotait: bets $6
Voldemaras50: folds
Uncalled bet ($6) returned to Agrotait
Agrotait collected $23.52 from pot
Agrotait: doesn't show hand
*** SUMMARY ***
Total pot $24 | Rake $0.48
Board [9c 4c Kc 8h]
Seat 3: Voldemaras50 (big blind) folded on the Turn
Seat 4: Agrotait (button) (small blind) collected ($23.52)


PokerStars Hand #169573786260:  Hold'em Limit ($3/$6 USD) - 2017/04/26 5:00:45 ET
Table 'Centesima' 6-max Seat #4 is the button
Seat 3: Voldemaras50 ($42.10 in chips)
Seat 4: Agrotait ($107.17 in chips)
Agrotait: posts small blind $1
Voldemaras50: posts big blind $3
*** HOLE CARDS ***
Agrotait: raises $3 to $6
Voldemaras50: calls $3
*** FLOP *** [8h Th Td]
Voldemaras50: checks
Agrotait: checks
*** TURN *** [8h Th Td] [4s]
Voldemaras50: bets $6
Agrotait: calls $6
*** RIVER *** [8h Th Td 4s] [Qs]
Voldemaras50: bets $6
Agrotait: calls $6
*** SHOW DOWN ***
Voldemaras50: shows [9s Qh] (two pair, Queens and Tens)
Agrotait: mucks hand
Voldemaras50 collected $35.50 from pot
*** SUMMARY ***
Total pot $36 | Rake $0.50
Board [8h Th Td 4s Qs]
Seat 3: Voldemaras50 (big blind) showed [9s Qh] and won ($35.50) with two pair, Queens and Tens
Seat 4: Agrotait (button) (small blind) mucked


PokerStars Hand #169573805672:  Hold'em Limit ($3/$6 USD) - 2017/04/26 5:01:43 ET
Table 'Centesima' 6-max Seat #4 is the button
Seat 3: Voldemaras50 ($47.60 in chips)
Seat 4: Agrotait ($100.69 in chips)
Agrotait: posts small blind $1
Voldemaras50: posts big blind $3
*** HOLE CARDS ***
Agrotait: raises $3 to $6
Voldemaras50: folds
Uncalled bet ($3) returned to Agrotait
Agrotait collected $6 from pot
Agrotait: doesn't show hand
*** SUMMARY ***
Total pot $6 | Rake $0
Seat 3: Voldemaras50 (big blind) folded before Flop
Seat 4: Agrotait (button) (small blind) collected ($6)


PokerStars Hand #169573796516:  Hold'em Limit ($3/$6 USD) - 2017/04/26 5:01:16 ET
Table 'Centesima' 6-max Seat #3 is the button
Seat 3: Voldemaras50 ($59.60 in chips)
Seat 4: Agrotait ($89.17 in chips)
Voldemaras50: posts small blind $1
Agrotait: posts big blind $3
*** HOLE CARDS ***
Voldemaras50: raises $3 to $6
Agrotait: calls $3
*** FLOP *** [Jh 3c 8s]
Agrotait: checks
Voldemaras50: checks
*** TURN *** [Jh 3c 8s] [3s]
Agrotait: bets $6
Voldemaras50: calls $6
*** RIVER *** [Jh 3c 8s 3s] [Ad]
Agrotait: checks
Voldemaras50: checks
*** SHOW DOWN ***
Agrotait: shows [3d Ks] (three of a kind, Threes)
Voldemaras50: mucks hand
Agrotait collected $23.52 from pot
*** SUMMARY ***
Total pot $24 | Rake $0.48
Board [Jh 3c 8s 3s Ad]
Seat 3: Voldemaras50 (button) (small blind) mucked
Seat 4: Agrotait (big blind) showed [3d Ks] and won ($23.52) with three of a kind, Threes


PokerStars Hand #169573825856:  Hold'em Limit ($3/$6 USD) - 2017/04/26 5:02:43 ET
Table 'Centesima' 6-max Seat #4 is the button
Seat 3: Voldemaras50 ($20.60 in chips)
Seat 4: Agrotait ($127.19 in chips)
Agrotait: posts small blind $1
Voldemaras50: posts big blind $3
*** HOLE CARDS ***
Agrotait: raises $3 to $6
Voldemaras50: folds
Uncalled bet ($3) returned to Agrotait
Agrotait collected $6 from pot
Agrotait: doesn't show hand
*** SUMMARY ***
Total pot $6 | Rake $0
Seat 3: Voldemaras50 (big blind) folded before Flop
Seat 4: Agrotait (button) (small blind) collected ($6)


PokerStars Hand #169573807667:  Hold'em Limit ($3/$6 USD) - 2017/04/26 5:01:49 ET
Table 'Centesima' 6-max Seat #3 is the button
Seat 3: Voldemaras50 ($44.60 in chips)
Seat 4: Agrotait ($103.69 in chips)
Voldemaras50: posts small blind $1
Agrotait: posts big blind $3
*** HOLE CARDS ***
Voldemaras50: raises $3 to $6
Agrotait: raises $3 to $9
Voldemaras50: calls $3
*** FLOP *** [4s 7s 8c]
Agrotait: bets $3
Voldemaras50: calls $3
*** TURN *** [4s 7s 8c] [5s]
Agrotait: checks
Voldemaras50: bets $6
Agrotait: calls $6
*** RIVER *** [4s 7s 8c 5s] [9c]
Agrotait: checks
Voldemaras50: bets $6
Agrotait: calls $6
*** SHOW DOWN ***
Voldemaras50: shows [Qc Th] (high card Queen)
Agrotait: shows [Ac 7c] (a pair of Sevens)
Agrotait collected $47.50 from pot
*** SUMMARY ***
Total pot $48 | Rake $0.50
Board [4s 7s 8c 5s 9c]
Seat 3: Voldemaras50 (button) (small blind) showed [Qc Th] and lost with high card Queen
Seat 4: Agrotait (big blind) showed [Ac 7c] and won ($47.50) with a pair of Sevens


PokerStars Hand #169573850604:  Hold'em Limit ($3/$6 USD) - 2017/04/26 5:03:56 ET
Table 'Centesima' 6-max Seat #3 is the button
Seat 3: Voldemaras50 ($39.34 in chips)
Seat 4: Agrotait ($107.59 in chips)
Voldemaras50: posts small blind $1
Agrotait: posts big blind $3
*** HOLE CARDS ***
Voldemaras50: folds
Uncalled bet ($2) returned to Agrotait
Agrotait collected $2 from pot
Agrotait: doesn't show hand
*** SUMMARY ***
Total pot $2 | Rake $0
Seat 3: Voldemaras50 (button) (small blind) folded before Flop
Seat 4: Agrotait (big blind) collected ($2)


PokerStars Hand #169573848127:  Hold'em Limit ($3/$6 USD) - 2017/04/26 5:03:49 ET
Table 'Centesima' 6-max Seat #4 is the button
Seat 3: Voldemaras50 ($42.34 in chips)
Seat 4: Agrotait ($104.59 in chips)
Agrotait: posts small blind $1
Voldemaras50: posts big blind $3
*** HOLE CARDS ***
Agrotait: raises $3 to $6
Voldemaras50: folds
Uncalled bet ($3) returned to Agrotait
Agrotait collected $6 from pot
Agrotait: doesn't show hand
*** SUMMARY ***
Total pot $6 | Rake $0
Seat 3: Voldemaras50 (big blind) folded before Flop
Seat 4: Agrotait (button) (small blind) collected ($6)


PokerStars Hand #169573846535:  Hold'em Limit ($3/$6 USD) - 2017/04/26 5:03:44 ET
Table 'Centesima' 6-max Seat #3 is the button
Seat 3: Voldemaras50 ($43.34 in chips)
Seat 4: Agrotait ($103.59 in chips)
Voldemaras50: posts small blind $1
Agrotait: posts big blind $3
*** HOLE CARDS ***
Voldemaras50: folds
Uncalled bet ($2) returned to Agrotait
Agrotait collected $2 from pot
Agrotait: doesn't show hand
*** SUMMARY ***
Total pot $2 | Rake $0
Seat 3: Voldemaras50 (button) (small blind) folded before Flop
Seat 4: Agrotait (big blind) collected ($2)


PokerStars Hand #169573838648:  Hold'em Limit ($3/$6 USD) - 2017/04/26 5:03:21 ET
Table 'Centesima' 6-max Seat #4 is the button
Seat 3: Voldemaras50 ($34.70 in chips)
Seat 4: Agrotait ($112.59 in chips)
Agrotait: posts small blind $1
Voldemaras50: posts big blind $3
*** HOLE CARDS ***
Agrotait: raises $3 to $6
Voldemaras50: calls $3
*** FLOP *** [8c As 8h]
Voldemaras50: checks
Agrotait: bets $3
Voldemaras50: calls $3
*** TURN *** [8c As 8h] [Qs]
Voldemaras50: checks
Agrotait: checks
*** RIVER *** [8c As 8h Qs] [Kd]
Voldemaras50: bets $6
Agrotait: folds
Uncalled bet ($6) returned to Voldemaras50
Voldemaras50 collected $17.64 from pot
*** SUMMARY ***
Total pot $18 | Rake $0.36
Board [8c As 8h Qs Kd]
Seat 3: Voldemaras50 (big blind) collected ($17.64)
Seat 4: Agrotait (button) (small blind) folded on the River


PokerStars Hand #169573830827:  Hold'em Limit ($3/$6 USD) - 2017/04/26 5:02:58 ET
Table 'Centesima' 6-max Seat #3 is the button
Seat 3: Voldemaras50 ($17.60 in chips)
Seat 4: Agrotait ($130.19 in chips)
Voldemaras50: posts small blind $1
Agrotait: posts big blind $3
*** HOLE CARDS ***
Voldemaras50: raises $3 to $6
Agrotait: raises $3 to $9
Voldemaras50: raises $3 to $12
Betting is capped
Agrotait: calls $3
*** FLOP *** [8h 9d 8c]
Agrotait: checks
Voldemaras50: bets $3
Agrotait: calls $3
*** TURN *** [8h 9d 8c] [Ah]
Agrotait: checks
Voldemaras50: bets $2.60 and is all-in
Agrotait: calls $2.60
*** RIVER *** [8h 9d 8c Ah] [Tc]
*** SHOW DOWN ***
Agrotait: shows [4s 4d] (two pair, Eights and Fours)
Voldemaras50: shows [Ac Qc] (two pair, Aces and Eights)
Voldemaras50 collected $34.70 from pot
*** SUMMARY ***
Total pot $35.20 | Rake $0.50
Board [8h 9d 8c Ah Tc]
Seat 3: Voldemaras50 (button) (small blind) showed [Ac Qc] and won ($34.70) with two pair, Aces and Eights
Seat 4: Agrotait (big blind) showed [4s 4d] and lost with two pair, Eights and Fours


PokerStars Hand #169573858732:  Hold'em Limit ($3/$6 USD) - 2017/04/26 5:04:20 ET
Table 'Centesima' 6-max Seat #3 is the button
Seat 3: Voldemaras50 ($44.10 in chips)
Seat 4: Agrotait ($102.59 in chips)
Voldemaras50: posts small blind $1
Agrotait: posts big blind $3
*** HOLE CARDS ***
Voldemaras50: calls $2
Agrotait: checks
*** FLOP *** [8d 3h Js]
Agrotait: bets $3
Voldemaras50: folds
Uncalled bet ($3) returned to Agrotait
Agrotait collected $5.88 from pot
Agrotait: doesn't show hand
*** SUMMARY ***
Total pot $6 | Rake $0.12
Board [8d 3h Js]
Seat 3: Voldemaras50 (button) (small blind) folded on the Flop
Seat 4: Agrotait (big blind) collected ($5.88)


PokerStars Hand #169573865932:  Hold'em Limit ($3/$6 USD) - 2017/04/26 5:04:41 ET
Table 'Centesima' 6-max Seat #4 is the button
Seat 3: Voldemaras50 ($37.10 in chips)
Seat 4: Agrotait ($109.47 in chips)
Agrotait: posts small blind $1
Voldemaras50: posts big blind $3
*** HOLE CARDS ***
Agrotait: raises $3 to $6
Voldemaras50: calls $3
*** FLOP *** [4c Jh 2h]
Voldemaras50: checks
Agrotait: bets $3
Voldemaras50: raises $3 to $6
Agrotait: raises $3 to $9
Voldemaras50: calls $3
*** TURN *** [4c Jh 2h] [3h]
Voldemaras50: checks
Agrotait: checks
*** RIVER *** [4c Jh 2h 3h] [Qh]
Voldemaras50: bets $6
Agrotait: calls $6
*** SHOW DOWN ***
Voldemaras50: shows [7c Qc] (a pair of Queens)
Agrotait: shows [4h Js] (a flush, Queen high)
Agrotait collected $41.50 from pot
*** SUMMARY ***
Total pot $42 | Rake $0.50
Board [4c Jh 2h 3h Qh]
Seat 3: Voldemaras50 (big blind) showed [7c Qc] and lost with a pair of Queens
Seat 4: Agrotait (button) (small blind) showed [4h Js] and won ($41.50) with a flush, Queen high


PokerStars Hand #169573864323:  Hold'em Limit ($3/$6 USD) - 2017/04/26 5:04:36 ET
Table 'Centesima' 6-max Seat #3 is the button
Seat 3: Voldemaras50 ($38.10 in chips)
Seat 4: Agrotait ($108.47 in chips)
Voldemaras50: posts small blind $1
Agrotait: posts big blind $3
*** HOLE CARDS ***
Voldemaras50: folds
Uncalled bet ($2) returned to Agrotait
Agrotait collected $2 from pot
Agrotait: doesn't show hand
*** SUMMARY ***
Total pot $2 | Rake $0
Seat 3: Voldemaras50 (button) (small blind) folded before Flop
Seat 4: Agrotait (big blind) collected ($2)


PokerStars Hand #169573862020:  Hold'em Limit ($3/$6 USD) - 2017/04/26 5:04:30 ET
Table 'Centesima' 6-max Seat #4 is the button
Seat 3: Voldemaras50 ($41.10 in chips)
Seat 4: Agrotait ($105.47 in chips)
Agrotait: posts small blind $1
Voldemaras50: posts big blind $3
*** HOLE CARDS ***
Agrotait: raises $3 to $6
Voldemaras50: folds
Uncalled bet ($3) returned to Agrotait
Agrotait collected $6 from pot
Agrotait: doesn't show hand
*** SUMMARY ***
Total pot $6 | Rake $0
Seat 3: Voldemaras50 (big blind) folded before Flop
Seat 4: Agrotait (button) (small blind) collected ($6)


PokerStars Hand #169573852261:  Hold'em Limit ($3/$6 USD) - 2017/04/26 5:04:01 ET
Table 'Centesima' 6-max Seat #4 is the button
Seat 3: Voldemaras50 ($38.34 in chips)
Seat 4: Agrotait ($108.59 in chips)
Agrotait: posts small blind $1
Voldemaras50: posts big blind $3
*** HOLE CARDS ***
Agrotait: raises $3 to $6
Voldemaras50: calls $3
*** FLOP *** [Kd 9h Jh]
Voldemaras50: bets $3
Agrotait: folds
Uncalled bet ($3) returned to Voldemaras50
Voldemaras50 collected $11.76 from pot
*** SUMMARY ***
Total pot $12 | Rake $0.24
Board [Kd 9h Jh]
Seat 3: Voldemaras50 (big blind) collected ($11.76)
Seat 4: Agrotait (button) (small blind) folded on the Flop


PokerStars Hand #169573873559:  Hold'em Limit ($3/$6 USD) - 2017/04/26 5:05:03 ET
Table 'Centesima' 6-max Seat #3 is the button
Seat 3: Voldemaras50 ($16.10 in chips)
Seat 4: Agrotait ($129.97 in chips)
Voldemaras50: posts small blind $1
Agrotait: posts big blind $3
*** HOLE CARDS ***
Voldemaras50: raises $3 to $6
Agrotait: raises $3 to $9
Voldemaras50: calls $3
*** FLOP *** [Qc 2s 2h]
Agrotait: bets $3
Voldemaras50: calls $3
*** TURN *** [Qc 2s 2h] [Kh]
Agrotait: bets $6
Voldemaras50: calls $4.10 and is all-in
Uncalled bet ($1.90) returned to Agrotait
*** RIVER *** [Qc 2s 2h Kh] [5c]
*** SHOW DOWN ***
Agrotait: shows [7s 7h] (two pair, Sevens and Deuces)
Voldemaras50: shows [4h 9h] (a pair of Deuces)
Agrotait collected $31.70 from pot
*** SUMMARY ***
Total pot $32.20 | Rake $0.50
Board [Qc 2s 2h Kh 5c]
Seat 3: Voldemaras50 (button) (small blind) showed [4h 9h] and lost with a pair of Deuces
Seat 4: Agrotait (big blind) showed [7s 7h] and won ($31.70) with two pair, Sevens and Deuces


