PokerStars Hand #151774443357:  Hold'em Limit ($3/$6 USD) - 2016/04/11 14:51:34 ET
Table 'Centesima III' 6-max Seat #2 is the button
Seat 1: MantelioAA ($65.22 in chips)
Seat 2: Zubasa07 ($505.20 in chips)
Zubasa07: posts small blind $1
Hirolex: is sitting out
MantelioAA: posts big blind $3
*** HOLE CARDS ***
Hirolex leaves the table
Zubasa07: raises $3 to $6
MantelioAA: calls $3
*** FLOP *** [As 8h Kd]
MantelioAA: checks
Zubasa07: bets $3
MantelioAA: calls $3
*** TURN *** [As 8h Kd] [Ad]
MantelioAA: checks
Zubasa07: bets $6
MantelioAA: folds
Uncalled bet ($6) returned to Zubasa07
Zubasa07 collected $17.64 from pot
Zubasa07: doesn't show hand
*** SUMMARY ***
Total pot $18 | Rake $0.36
Board [As 8h Kd Ad]
Seat 1: MantelioAA (big blind) folded on the Turn
Seat 2: Zubasa07 (button) (small blind) collected ($17.64)


PokerStars Hand #151774462927:  Hold'em Limit ($3/$6 USD) - 2016/04/11 14:51:54 ET
Table 'Centesima III' 6-max Seat #1 is the button
Seat 1: MantelioAA ($56.22 in chips)
Seat 2: Zubasa07 ($513.84 in chips)
MantelioAA: posts small blind $1
Zubasa07: posts big blind $3
*** HOLE CARDS ***
MantelioAA: raises $3 to $6
Zubasa07: raises $3 to $9
MantelioAA: raises $3 to $12
Betting is capped
Zubasa07: calls $3
*** FLOP *** [7c 3h Js]
Zubasa07: checks
MantelioAA: bets $3
Zubasa07: raises $3 to $6
MantelioAA: folds
Uncalled bet ($3) returned to Zubasa07
Zubasa07 collected $29.50 from pot
Zubasa07: doesn't show hand
*** SUMMARY ***
Total pot $30 | Rake $0.50
Board [7c 3h Js]
Seat 1: MantelioAA (button) (small blind) folded on the Flop
Seat 2: Zubasa07 (big blind) collected ($29.50)


PokerStars Hand #151774493728:  Hold'em Limit ($3/$6 USD) - 2016/04/11 14:52:26 ET
Table 'Centesima III' 6-max Seat #1 is the button
Seat 1: MantelioAA ($35.22 in chips)
Seat 2: Zubasa07 ($534.10 in chips)
MantelioAA: posts small blind $1
Zubasa07: posts big blind $3
*** HOLE CARDS ***
MantelioAA: folds
Uncalled bet ($2) returned to Zubasa07
Zubasa07 collected $2 from pot
Zubasa07: doesn't show hand
*** SUMMARY ***
Total pot $2 | Rake $0
Seat 1: MantelioAA (button) (small blind) folded before Flop
Seat 2: Zubasa07 (big blind) collected ($2)


PokerStars Hand #151774479178:  Hold'em Limit ($3/$6 USD) - 2016/04/11 14:52:11 ET
Table 'Centesima III' 6-max Seat #2 is the button
Seat 1: MantelioAA ($41.22 in chips)
Seat 2: Zubasa07 ($528.34 in chips)
Zubasa07: posts small blind $1
MantelioAA: posts big blind $3
*** HOLE CARDS ***
Slava1961 joins the table at seat #4
Zubasa07: raises $3 to $6
MantelioAA: calls $3
*** FLOP *** [2h Kh 7s]
MantelioAA: checks
Zubasa07: bets $3
MantelioAA: folds
Uncalled bet ($3) returned to Zubasa07
Zubasa07 collected $11.76 from pot
Zubasa07: doesn't show hand
*** SUMMARY ***
Total pot $12 | Rake $0.24
Board [2h Kh 7s]
Seat 1: MantelioAA (big blind) folded on the Flop
Seat 2: Zubasa07 (button) (small blind) collected ($11.76)


PokerStars Hand #151774584141:  Hold'em Limit ($3/$6 USD) - 2016/04/11 14:54:01 ET
Table 'Centesima III' 6-max Seat #1 is the button
Seat 1: MantelioAA ($4.22 in chips)
Seat 2: Zubasa07 ($537.81 in chips)
MantelioAA: posts small blind $1
Zubasa07: posts big blind $3
*** HOLE CARDS ***
MARIBORO8 joins the table at seat #6
MantelioAA: raises $1.22 to $4.22 and is all-in
Zubasa07: calls $1.22
*** FLOP *** [Td Ks Jc]
*** TURN *** [Td Ks Jc] [Qc]
*** RIVER *** [Td Ks Jc Qc] [3c]
*** SHOW DOWN ***
Zubasa07: shows [Ac 5h] (a straight, Ten to Ace)
MantelioAA: shows [8c 4d] (high card King)
Zubasa07 collected $8.27 from pot
*** SUMMARY ***
Total pot $8.44 | Rake $0.17
Board [Td Ks Jc Qc 3c]
Seat 1: MantelioAA (button) (small blind) showed [8c 4d] and lost with high card King
Seat 2: Zubasa07 (big blind) showed [Ac 5h] and won ($8.27) with a straight, Ten to Ace


PokerStars Hand #151774621725:  Hold'em Limit ($3/$6 USD) - 2016/04/11 14:54:41 ET
Table 'Centesima III' 6-max Seat #6 is the button
Seat 2: Zubasa07 ($523.86 in chips)
Seat 6: MARIBORO8 ($47.50 in chips)
MARIBORO8: posts small blind $1
Zubasa07: posts big blind $3
*** HOLE CARDS ***
MARIBORO8: raises $3 to $6
Zubasa07: calls $3
*** FLOP *** [4s 9d Kh]
Zubasa07: checks
MARIBORO8: bets $3
Zubasa07: calls $3
*** TURN *** [4s 9d Kh] [3s]
Zubasa07: checks
MARIBORO8: checks
*** RIVER *** [4s 9d Kh 3s] [7s]
TbIP-TbIP 88 joins the table at seat #1
Zubasa07: checks
MARIBORO8: bets $6
Zubasa07: calls $6
*** SHOW DOWN ***
MARIBORO8: shows [7c 8c] (a pair of Sevens)
Zubasa07: mucks hand
MARIBORO8 collected $29.50 from pot
*** SUMMARY ***
Total pot $30 | Rake $0.50
Board [4s 9d Kh 3s 7s]
Seat 2: Zubasa07 (big blind) mucked
Seat 6: MARIBORO8 (button) (small blind) showed [7c 8c] and won ($29.50) with a pair of Sevens


PokerStars Hand #151774595077:  Hold'em Limit ($3/$6 USD) - 2016/04/11 14:54:13 ET
Table 'Centesima III' 6-max Seat #2 is the button
Seat 2: Zubasa07 ($541.86 in chips)
Seat 6: MARIBORO8 ($30 in chips)
Zubasa07: posts small blind $1
MARIBORO8: posts big blind $3
*** HOLE CARDS ***
Zubasa07: raises $3 to $6
MantelioAA leaves the table
MARIBORO8: raises $3 to $9
Zubasa07: calls $3
*** FLOP *** [As 4h Ts]
MARIBORO8: bets $3
Zubasa07: calls $3
*** TURN *** [As 4h Ts] [Kh]
MARIBORO8: bets $6
Zubasa07: calls $6
*** RIVER *** [As 4h Ts Kh] [Js]
MARIBORO8: bets $6
Zubasa07: folds
Uncalled bet ($6) returned to MARIBORO8
MARIBORO8 collected $35.50 from pot
MARIBORO8: doesn't show hand
*** SUMMARY ***
Total pot $36 | Rake $0.50
Board [As 4h Ts Kh Js]
Seat 2: Zubasa07 (button) (small blind) folded on the River
Seat 6: MARIBORO8 (big blind) collected ($35.50)


PokerStars Hand #151774651545:  Hold'em Limit ($3/$6 USD) - 2016/04/11 14:55:14 ET
Table 'Centesima III' 6-max Seat #2 is the button
Seat 2: Zubasa07 ($508.86 in chips)
Seat 6: MARIBORO8 ($62 in chips)
Zubasa07: posts small blind $1
MARIBORO8: posts big blind $3
*** HOLE CARDS ***
Zubasa07: raises $3 to $6
MARIBORO8: calls $3
*** FLOP *** [6h Qs 8c]
GoliafUa leaves the table
MARIBORO8: checks
Zubasa07: bets $3
Ale4o joins the table at seat #3
MARIBORO8: folds
Uncalled bet ($3) returned to Zubasa07
Zubasa07 collected $11.76 from pot
Zubasa07: doesn't show hand
*** SUMMARY ***
Total pot $12 | Rake $0.24
Board [6h Qs 8c]
Seat 2: Zubasa07 (button) (small blind) collected ($11.76)
Seat 6: MARIBORO8 (big blind) folded on the Flop


PokerStars Hand #151776755353:  Hold'em Limit ($3/$6 USD) - 2016/04/11 15:31:50 ET
Table 'Centesima III' 6-max Seat #6 is the button
Seat 5: Yell0wBack ($368.99 in chips)
Seat 6: MissEKAmouse ($168.74 in chips)
MissEKAmouse: posts small blind $1
Yell0wBack: posts big blind $3
*** HOLE CARDS ***
HAOYUN88888 leaves the table
MissEKAmouse: folds
Uncalled bet ($2) returned to Yell0wBack
Yell0wBack collected $2 from pot
Yell0wBack: doesn't show hand
*** SUMMARY ***
Total pot $2 | Rake $0
Seat 5: Yell0wBack (big blind) collected ($2)
Seat 6: MissEKAmouse (button) (small blind) folded before Flop


