PokerStars Hand #170042080796:  Hold'em Limit ($3/$6 USD) - 2017/05/06 14:13:57 ET
Table 'Ceplecha' 6-max Seat #5 is the button
Seat 1: jacklemmon ($284.30 in chips)
Seat 5: GoliafUa ($154.40 in chips)
GoliafUa: posts small blind $1
jacklemmon: posts big blind $3
*** HOLE CARDS ***
GoliafUa: raises $3 to $6
jacklemmon: calls $3
*** FLOP *** [7h 8h Kh]
jacklemmon: checks
GoliafUa: bets $3
jacklemmon: folds
Uncalled bet ($3) returned to GoliafUa
GoliafUa collected $11.76 from pot
GoliafUa: doesn't show hand
*** SUMMARY ***
Total pot $12 | Rake $0.24
Board [7h 8h Kh]
Seat 1: jacklemmon (big blind) folded on the Flop
Seat 5: GoliafUa (button) (small blind) collected ($11.76)


PokerStars Hand #170042070786:  Hold'em Limit ($3/$6 USD) - 2017/05/06 14:13:44 ET
Table 'Ceplecha' 6-max Seat #1 is the button
Seat 1: jacklemmon ($299.30 in chips)
Seat 5: GoliafUa ($139.90 in chips)
jacklemmon: posts small blind $1
GoliafUa: posts big blind $3
*** HOLE CARDS ***
jacklemmon: raises $3 to $6
Pete81 joins the table at seat #2
GoliafUa: calls $3
*** FLOP *** [Jh 2s 7s]
GoliafUa: checks
jacklemmon: bets $3
GoliafUa: calls $3
*** TURN *** [Jh 2s 7s] [2d]
GoliafUa: checks
jacklemmon: checks
*** RIVER *** [Jh 2s 7s 2d] [Th]
GoliafUa: bets $6
jacklemmon: calls $6
*** SHOW DOWN ***
GoliafUa: shows [Qc 2h] (three of a kind, Deuces)
jacklemmon: mucks hand
GoliafUa collected $29.50 from pot
*** SUMMARY ***
Total pot $30 | Rake $0.50
Board [Jh 2s 7s 2d Th]
Seat 1: jacklemmon (button) (small blind) mucked
Seat 5: GoliafUa (big blind) showed [Qc 2h] and won ($29.50) with three of a kind, Deuces


PokerStars Hand #170042056764:  Hold'em Limit ($3/$6 USD) - 2017/05/06 14:13:26 ET
Table 'Ceplecha' 6-max Seat #5 is the button
Seat 1: jacklemmon ($326.30 in chips)
Seat 5: GoliafUa ($113.40 in chips)
GoliafUa: posts small blind $1
jacklemmon: posts big blind $3
*** HOLE CARDS ***
GoliafUa: raises $3 to $6
jacklemmon: calls $3
*** FLOP *** [Jd 3h 3d]
jacklemmon: checks
GoliafUa: bets $3
jacklemmon: calls $3
*** TURN *** [Jd 3h 3d] [2h]
jacklemmon: checks
GoliafUa: bets $6
jacklemmon: raises $6 to $12
GoliafUa: calls $6
*** RIVER *** [Jd 3h 3d 2h] [Ac]
jacklemmon: bets $6
GoliafUa: raises $6 to $12
jacklemmon: folds
Uncalled bet ($6) returned to GoliafUa
GoliafUa collected $53.50 from pot
GoliafUa: doesn't show hand
*** SUMMARY ***
Total pot $54 | Rake $0.50
Board [Jd 3h 3d 2h Ac]
Seat 1: jacklemmon (big blind) folded on the River
Seat 5: GoliafUa (button) (small blind) collected ($53.50)


PokerStars Hand #170042045458:  Hold'em Limit ($3/$6 USD) - 2017/05/06 14:13:12 ET
Table 'Ceplecha' 6-max Seat #1 is the button
Seat 1: jacklemmon ($320.54 in chips)
Seat 5: GoliafUa ($119.40 in chips)
jacklemmon: posts small blind $1
GoliafUa: posts big blind $3
*** HOLE CARDS ***
jacklemmon: calls $2
GoliafUa: checks
*** FLOP *** [Th Ac 7h]
GoliafUa: bets $3
jacklemmon: raises $3 to $6
GoliafUa: folds
Uncalled bet ($3) returned to jacklemmon
jacklemmon collected $11.76 from pot
jacklemmon: doesn't show hand
*** SUMMARY ***
Total pot $12 | Rake $0.24
Board [Th Ac 7h]
Seat 1: jacklemmon (button) (small blind) collected ($11.76)
Seat 5: GoliafUa (big blind) folded on the Flop


PokerStars Hand #170042142322:  Hold'em Limit ($3/$6 USD) - 2017/05/06 14:15:14 ET
Table 'Ceplecha' 6-max Seat #1 is the button
Seat 1: jacklemmon ($247.09 in chips)
Seat 2: Pete81 ($93 in chips)
jacklemmon: posts small blind $1
Pete81: posts big blind $3
*** HOLE CARDS ***
jacklemmon: raises $3 to $6
Pete81: folds
Uncalled bet ($3) returned to jacklemmon
jacklemmon collected $6 from pot
jacklemmon: doesn't show hand
*** SUMMARY ***
Total pot $6 | Rake $0
Seat 1: jacklemmon (button) (small blind) collected ($6)
Seat 2: Pete81 (big blind) folded before Flop


PokerStars Hand #170042138453:  Hold'em Limit ($3/$6 USD) - 2017/05/06 14:15:09 ET
Table 'Ceplecha' 6-max Seat #2 is the button
Seat 1: jacklemmon ($246.09 in chips)
Seat 2: Pete81 ($94 in chips)
Pete81: posts small blind $1
GoliafUa: is sitting out
jacklemmon: posts big blind $3
*** HOLE CARDS ***
Pete81: folds
Uncalled bet ($2) returned to jacklemmon
jacklemmon collected $2 from pot
jacklemmon: doesn't show hand
*** SUMMARY ***
Total pot $2 | Rake $0
Seat 1: jacklemmon (big blind) collected ($2)
Seat 2: Pete81 (button) (small blind) folded before Flop


PokerStars Hand #170042146653:  Hold'em Limit ($3/$6 USD) - 2017/05/06 14:15:19 ET
Table 'Ceplecha' 6-max Seat #2 is the button
Seat 1: jacklemmon ($250.09 in chips)
Seat 2: Pete81 ($90 in chips)
Pete81: posts small blind $1
jacklemmon: posts big blind $3
*** HOLE CARDS ***
Pete81: folds
Uncalled bet ($2) returned to jacklemmon
jacklemmon collected $2 from pot
jacklemmon: doesn't show hand
*** SUMMARY ***
Total pot $2 | Rake $0
Seat 1: jacklemmon (big blind) collected ($2)
Seat 2: Pete81 (button) (small blind) folded before Flop


PokerStars Hand #170042150437:  Hold'em Limit ($3/$6 USD) - 2017/05/06 14:15:24 ET
Table 'Ceplecha' 6-max Seat #1 is the button
Seat 1: jacklemmon ($251.09 in chips)
Seat 2: Pete81 ($89 in chips)
jacklemmon: posts small blind $1
Pete81: posts big blind $3
*** HOLE CARDS ***
jacklemmon: raises $3 to $6
Pete81: calls $3
*** FLOP *** [2s 2h 7h]
Pete81: checks
jacklemmon: bets $3
Pete81: raises $3 to $6
jacklemmon: calls $3
*** TURN *** [2s 2h 7h] [Jh]
Pete81: bets $6
jacklemmon: raises $6 to $12
Pete81: raises $6 to $18
jacklemmon: raises $6 to $24
Betting is capped
Pete81: calls $6
*** RIVER *** [2s 2h 7h Jh] [3d]
Pete81: checks
jacklemmon: checks
*** SHOW DOWN ***
Pete81: shows [Jd 7d] (two pair, Jacks and Sevens)
jacklemmon: mucks hand
Pete81 collected $71.50 from pot
*** SUMMARY ***
Total pot $72 | Rake $0.50
Board [2s 2h 7h Jh 3d]
Seat 1: jacklemmon (button) (small blind) mucked
Seat 2: Pete81 (big blind) showed [Jd 7d] and won ($71.50) with two pair, Jacks and Sevens


PokerStars Hand #170042165230:  Hold'em Limit ($3/$6 USD) - 2017/05/06 14:15:42 ET
Table 'Ceplecha' 6-max Seat #2 is the button
Seat 1: jacklemmon ($215.09 in chips)
Seat 2: Pete81 ($124.50 in chips)
Pete81: posts small blind $1
jacklemmon: posts big blind $3
*** HOLE CARDS ***
Pete81: raises $3 to $6
jacklemmon: raises $3 to $9
Pete81: calls $3
*** FLOP *** [5s Td 5h]
jacklemmon: bets $3
Pete81: folds
Uncalled bet ($3) returned to jacklemmon
jacklemmon collected $17.64 from pot
jacklemmon: doesn't show hand
*** SUMMARY ***
Total pot $18 | Rake $0.36
Board [5s Td 5h]
Seat 1: jacklemmon (big blind) collected ($17.64)
Seat 2: Pete81 (button) (small blind) folded on the Flop


PokerStars Hand #170042179426:  Hold'em Limit ($3/$6 USD) - 2017/05/06 14:16:00 ET
Table 'Ceplecha' 6-max Seat #1 is the button
Seat 1: jacklemmon ($223.73 in chips)
Seat 2: Pete81 ($115.50 in chips)
jacklemmon: posts small blind $1
Pete81: posts big blind $3
*** HOLE CARDS ***
jacklemmon: raises $3 to $6
Pete81: calls $3
*** FLOP *** [Ac Qh 9c]
Pete81: checks
jacklemmon: bets $3
Pete81: calls $3
*** TURN *** [Ac Qh 9c] [2c]
Pete81: checks
jacklemmon: bets $6
Pete81: folds
Uncalled bet ($6) returned to jacklemmon
jacklemmon collected $17.64 from pot
jacklemmon: doesn't show hand
*** SUMMARY ***
Total pot $18 | Rake $0.36
Board [Ac Qh 9c 2c]
Seat 1: jacklemmon (button) (small blind) collected ($17.64)
Seat 2: Pete81 (big blind) folded on the Turn


PokerStars Hand #170042190750:  Hold'em Limit ($3/$6 USD) - 2017/05/06 14:16:14 ET
Table 'Ceplecha' 6-max Seat #2 is the button
Seat 1: jacklemmon ($232.37 in chips)
Seat 2: Pete81 ($106.50 in chips)
Pete81: posts small blind $1
jacklemmon: posts big blind $3
*** HOLE CARDS ***
Pete81: raises $3 to $6
jacklemmon: calls $3
*** FLOP *** [Kc Ks 3h]
jacklemmon: checks
Pete81: bets $3
jacklemmon: calls $3
*** TURN *** [Kc Ks 3h] [7d]
jacklemmon: checks
Pete81: bets $6
jacklemmon: calls $6
*** RIVER *** [Kc Ks 3h 7d] [Kd]
jacklemmon: checks
Pete81: checks
*** SHOW DOWN ***
jacklemmon: shows [2h 3c] (a full house, Kings full of Threes)
Pete81: mucks hand
jacklemmon collected $29.50 from pot
*** SUMMARY ***
Total pot $30 | Rake $0.50
Board [Kc Ks 3h 7d Kd]
Seat 1: jacklemmon (big blind) showed [2h 3c] and won ($29.50) with a full house, Kings full of Threes
Seat 2: Pete81 (button) (small blind) mucked


PokerStars Hand #170042201865:  Hold'em Limit ($3/$6 USD) - 2017/05/06 14:16:28 ET
Table 'Ceplecha' 6-max Seat #1 is the button
Seat 1: jacklemmon ($246.87 in chips)
Seat 2: Pete81 ($91.50 in chips)
jacklemmon: posts small blind $1
Pete81: posts big blind $3
*** HOLE CARDS ***
jacklemmon: calls $2
Pete81: raises $3 to $6
jacklemmon: calls $3
*** FLOP *** [Tc 3h 4s]
Pete81: bets $3
jacklemmon: calls $3
*** TURN *** [Tc 3h 4s] [7s]
Pete81: bets $6
jacklemmon: raises $6 to $12
Pete81: calls $6
*** RIVER *** [Tc 3h 4s 7s] [9h]
Pete81: checks
jacklemmon: bets $6
Pete81: calls $6
*** SHOW DOWN ***
jacklemmon: shows [4d 3c] (two pair, Fours and Threes)
Pete81: mucks hand
jacklemmon collected $53.50 from pot
*** SUMMARY ***
Total pot $54 | Rake $0.50
Board [Tc 3h 4s 7s 9h]
Seat 1: jacklemmon (button) (small blind) showed [4d 3c] and won ($53.50) with two pair, Fours and Threes
Seat 2: Pete81 (big blind) mucked


PokerStars Hand #170042224081:  Hold'em Limit ($3/$6 USD) - 2017/05/06 14:16:55 ET
Table 'Ceplecha' 6-max Seat #1 is the button
Seat 1: jacklemmon ($258.37 in chips)
Seat 2: Pete81 ($79 in chips)
jacklemmon: posts small blind $1
Pete81: posts big blind $3
*** HOLE CARDS ***
jacklemmon: raises $3 to $6
Pete81: folds
Uncalled bet ($3) returned to jacklemmon
jacklemmon collected $6 from pot
jacklemmon: doesn't show hand
*** SUMMARY ***
Total pot $6 | Rake $0
Seat 1: jacklemmon (button) (small blind) collected ($6)
Seat 2: Pete81 (big blind) folded before Flop


PokerStars Hand #170042213912:  Hold'em Limit ($3/$6 USD) - 2017/05/06 14:16:43 ET
Table 'Ceplecha' 6-max Seat #2 is the button
Seat 1: jacklemmon ($273.37 in chips)
Seat 2: Pete81 ($64.50 in chips)
Pete81: posts small blind $1
jacklemmon: posts big blind $3
*** HOLE CARDS ***
Pete81: raises $3 to $6
jacklemmon: calls $3
*** FLOP *** [6c 8s 6s]
jacklemmon: checks
Pete81: bets $3
jacklemmon: calls $3
*** TURN *** [6c 8s 6s] [5c]
jacklemmon: checks
Pete81: bets $6
jacklemmon: calls $6
*** RIVER *** [6c 8s 6s 5c] [6h]
jacklemmon: checks
Pete81: checks
*** SHOW DOWN ***
jacklemmon: shows [Td 9s] (three of a kind, Sixes)
Pete81: shows [2s 2c] (a full house, Sixes full of Deuces)
Pete81 collected $29.50 from pot
*** SUMMARY ***
Total pot $30 | Rake $0.50
Board [6c 8s 6s 5c 6h]
Seat 1: jacklemmon (big blind) showed [Td 9s] and lost with three of a kind, Sixes
Seat 2: Pete81 (button) (small blind) showed [2s 2c] and won ($29.50) with a full house, Sixes full of Deuces


PokerStars Hand #170042228582:  Hold'em Limit ($3/$6 USD) - 2017/05/06 14:17:01 ET
Table 'Ceplecha' 6-max Seat #2 is the button
Seat 1: jacklemmon ($261.37 in chips)
Seat 2: Pete81 ($76 in chips)
Pete81: posts small blind $1
jacklemmon: posts big blind $3
*** HOLE CARDS ***
Pete81: raises $3 to $6
jacklemmon: calls $3
*** FLOP *** [Qc 2d 8c]
jacklemmon: checks
Pete81: bets $3
jacklemmon: calls $3
*** TURN *** [Qc 2d 8c] [2c]
jacklemmon: checks
Pete81: bets $6
jacklemmon: folds
Uncalled bet ($6) returned to Pete81
Pete81 collected $17.64 from pot
Pete81: doesn't show hand
*** SUMMARY ***
Total pot $18 | Rake $0.36
Board [Qc 2d 8c 2c]
Seat 1: jacklemmon (big blind) folded on the Turn
Seat 2: Pete81 (button) (small blind) collected ($17.64)


PokerStars Hand #170042244842:  Hold'em Limit ($3/$6 USD) - 2017/05/06 14:17:21 ET
Table 'Ceplecha' 6-max Seat #1 is the button
Seat 1: jacklemmon ($252.37 in chips)
Seat 2: Pete81 ($84.64 in chips)
jacklemmon: posts small blind $1
Pete81: posts big blind $3
*** HOLE CARDS ***
jacklemmon: raises $3 to $6
Pete81: calls $3
*** FLOP *** [Td 6s 8d]
Pete81: checks
jacklemmon: checks
*** TURN *** [Td 6s 8d] [9c]
Pete81: bets $6
jacklemmon: folds
Uncalled bet ($6) returned to Pete81
Pete81 collected $11.76 from pot
Pete81: doesn't show hand
*** SUMMARY ***
Total pot $12 | Rake $0.24
Board [Td 6s 8d 9c]
Seat 1: jacklemmon (button) (small blind) folded on the Turn
Seat 2: Pete81 (big blind) collected ($11.76)


PokerStars Hand #170042253934:  Hold'em Limit ($3/$6 USD) - 2017/05/06 14:17:32 ET
Table 'Ceplecha' 6-max Seat #2 is the button
Seat 1: jacklemmon ($246.37 in chips)
Seat 2: Pete81 ($90.40 in chips)
Pete81: posts small blind $1
jacklemmon: posts big blind $3
*** HOLE CARDS ***
Pete81: raises $3 to $6
jacklemmon: calls $3
*** FLOP *** [6d 2d 3d]
jacklemmon: checks
Pete81: bets $3
jacklemmon: calls $3
*** TURN *** [6d 2d 3d] [Ah]
jacklemmon: checks
Pete81: bets $6
jacklemmon: calls $6
*** RIVER *** [6d 2d 3d Ah] [8h]
jacklemmon: checks
Pete81: bets $6
jacklemmon: folds
Uncalled bet ($6) returned to Pete81
Pete81 collected $29.50 from pot
Pete81: doesn't show hand
*** SUMMARY ***
Total pot $30 | Rake $0.50
Board [6d 2d 3d Ah 8h]
Seat 1: jacklemmon (big blind) folded on the River
Seat 2: Pete81 (button) (small blind) collected ($29.50)


PokerStars Hand #170042265813:  Hold'em Limit ($3/$6 USD) - 2017/05/06 14:17:47 ET
Table 'Ceplecha' 6-max Seat #1 is the button
Seat 1: jacklemmon ($231.37 in chips)
Seat 2: Pete81 ($104.90 in chips)
jacklemmon: posts small blind $1
Pete81: posts big blind $3
*** HOLE CARDS ***
jacklemmon: raises $3 to $6
Pete81: folds
Uncalled bet ($3) returned to jacklemmon
jacklemmon collected $6 from pot
jacklemmon: doesn't show hand
*** SUMMARY ***
Total pot $6 | Rake $0
Seat 1: jacklemmon (button) (small blind) collected ($6)
Seat 2: Pete81 (big blind) folded before Flop


PokerStars Hand #170042270971:  Hold'em Limit ($3/$6 USD) - 2017/05/06 14:17:54 ET
Table 'Ceplecha' 6-max Seat #2 is the button
Seat 1: jacklemmon ($234.37 in chips)
Seat 2: Pete81 ($101.90 in chips)
Pete81: posts small blind $1
jacklemmon: posts big blind $3
*** HOLE CARDS ***
Pete81: raises $3 to $6
jacklemmon: raises $3 to $9
Pete81: calls $3
*** FLOP *** [3h 6s Qd]
jacklemmon: bets $3
Pete81: calls $3
*** TURN *** [3h 6s Qd] [9h]
jacklemmon: bets $6
Pete81: calls $6
*** RIVER *** [3h 6s Qd 9h] [8d]
jacklemmon: bets $6
Pete81: calls $6
*** SHOW DOWN ***
jacklemmon: shows [5h Th] (high card Queen)
Pete81: shows [As 7c] (high card Ace)
Pete81 collected $47.50 from pot
*** SUMMARY ***
Total pot $48 | Rake $0.50
Board [3h 6s Qd 9h 8d]
Seat 1: jacklemmon (big blind) showed [5h Th] and lost with high card Queen
Seat 2: Pete81 (button) (small blind) showed [As 7c] and won ($47.50) with high card Ace


PokerStars Hand #170042287072:  Hold'em Limit ($3/$6 USD) - 2017/05/06 14:18:14 ET
Table 'Ceplecha' 6-max Seat #2 is the button
Seat 1: jacklemmon ($213.37 in chips)
Seat 2: Pete81 ($122.40 in chips)
Pete81: posts small blind $1
jacklemmon: posts big blind $3
*** HOLE CARDS ***
Pete81: folds
Uncalled bet ($2) returned to jacklemmon
jacklemmon collected $2 from pot
jacklemmon: doesn't show hand
*** SUMMARY ***
Total pot $2 | Rake $0
Seat 1: jacklemmon (big blind) collected ($2)
Seat 2: Pete81 (button) (small blind) folded before Flop


PokerStars Hand #170042282086:  Hold'em Limit ($3/$6 USD) - 2017/05/06 14:18:07 ET
Table 'Ceplecha' 6-max Seat #1 is the button
Seat 1: jacklemmon ($210.37 in chips)
Seat 2: Pete81 ($125.40 in chips)
jacklemmon: posts small blind $1
Pete81: posts big blind $3
*** HOLE CARDS ***
jacklemmon: raises $3 to $6
Pete81: folds
Uncalled bet ($3) returned to jacklemmon
jacklemmon collected $6 from pot
jacklemmon: doesn't show hand
*** SUMMARY ***
Total pot $6 | Rake $0
Seat 1: jacklemmon (button) (small blind) collected ($6)
Seat 2: Pete81 (big blind) folded before Flop


PokerStars Hand #170042291077:  Hold'em Limit ($3/$6 USD) - 2017/05/06 14:18:19 ET
Table 'Ceplecha' 6-max Seat #1 is the button
Seat 1: jacklemmon ($214.37 in chips)
Seat 2: Pete81 ($121.40 in chips)
jacklemmon: posts small blind $1
Pete81: posts big blind $3
*** HOLE CARDS ***
jacklemmon: raises $3 to $6
Pete81: raises $3 to $9
jacklemmon: calls $3
*** FLOP *** [Qc Ad 9s]
Pete81: bets $3
jacklemmon: folds
Uncalled bet ($3) returned to Pete81
Pete81 collected $17.64 from pot
Pete81: doesn't show hand
*** SUMMARY ***
Total pot $18 | Rake $0.36
Board [Qc Ad 9s]
Seat 1: jacklemmon (button) (small blind) folded on the Flop
Seat 2: Pete81 (big blind) collected ($17.64)


PokerStars Hand #170042298687:  Hold'em Limit ($3/$6 USD) - 2017/05/06 14:18:28 ET
Table 'Ceplecha' 6-max Seat #2 is the button
Seat 1: jacklemmon ($205.37 in chips)
Seat 2: Pete81 ($130.04 in chips)
Pete81: posts small blind $1
jacklemmon: posts big blind $3
*** HOLE CARDS ***
Pete81: raises $3 to $6
jacklemmon: calls $3
*** FLOP *** [9d 3d Ac]
jacklemmon: checks
Pete81: bets $3
jacklemmon: folds
Uncalled bet ($3) returned to Pete81
Pete81 collected $11.76 from pot
Pete81: doesn't show hand
*** SUMMARY ***
Total pot $12 | Rake $0.24
Board [9d 3d Ac]
Seat 1: jacklemmon (big blind) folded on the Flop
Seat 2: Pete81 (button) (small blind) collected ($11.76)


PokerStars Hand #170042305744:  Hold'em Limit ($3/$6 USD) - 2017/05/06 14:18:37 ET
Table 'Ceplecha' 6-max Seat #1 is the button
Seat 1: jacklemmon ($199.37 in chips)
Seat 2: Pete81 ($135.80 in chips)
jacklemmon: posts small blind $1
Pete81: posts big blind $3
*** HOLE CARDS ***
jacklemmon: raises $3 to $6
Pete81: calls $3
*** FLOP *** [7d Ac Tc]
Pete81: checks
jacklemmon: bets $3
Pete81: folds
Uncalled bet ($3) returned to jacklemmon
jacklemmon collected $11.76 from pot
jacklemmon: doesn't show hand
*** SUMMARY ***
Total pot $12 | Rake $0.24
Board [7d Ac Tc]
Seat 1: jacklemmon (button) (small blind) collected ($11.76)
Seat 2: Pete81 (big blind) folded on the Flop


PokerStars Hand #170042312440:  Hold'em Limit ($3/$6 USD) - 2017/05/06 14:18:45 ET
Table 'Ceplecha' 6-max Seat #2 is the button
Seat 1: jacklemmon ($205.13 in chips)
Seat 2: Pete81 ($129.80 in chips)
Pete81: posts small blind $1
jacklemmon: posts big blind $3
*** HOLE CARDS ***
Pete81: raises $3 to $6
jacklemmon: raises $3 to $9
Pete81: calls $3
*** FLOP *** [Kc As 4s]
jacklemmon: bets $3
Pete81: calls $3
*** TURN *** [Kc As 4s] [6d]
jacklemmon: bets $6
Pete81: folds
Uncalled bet ($6) returned to jacklemmon
jacklemmon collected $23.52 from pot
jacklemmon: doesn't show hand
*** SUMMARY ***
Total pot $24 | Rake $0.48
Board [Kc As 4s 6d]
Seat 1: jacklemmon (big blind) collected ($23.52)
Seat 2: Pete81 (button) (small blind) folded on the Turn


PokerStars Hand #170042321525:  Hold'em Limit ($3/$6 USD) - 2017/05/06 14:18:57 ET
Table 'Ceplecha' 6-max Seat #1 is the button
Seat 1: jacklemmon ($216.65 in chips)
Seat 2: Pete81 ($117.80 in chips)
jacklemmon: posts small blind $1
Pete81: posts big blind $3
*** HOLE CARDS ***
jacklemmon: raises $3 to $6
Pete81: raises $3 to $9
jacklemmon: calls $3
*** FLOP *** [Qh Tc Kh]
Pete81: bets $3
jacklemmon: calls $3
*** TURN *** [Qh Tc Kh] [3d]
Pete81: bets $6
jacklemmon: calls $6
*** RIVER *** [Qh Tc Kh 3d] [4h]
Pete81: checks
jacklemmon: checks
*** SHOW DOWN ***
Pete81: shows [Ac 9h] (high card Ace)
jacklemmon: shows [Qs 8c] (a pair of Queens)
jacklemmon collected $35.50 from pot
*** SUMMARY ***
Total pot $36 | Rake $0.50
Board [Qh Tc Kh 3d 4h]
Seat 1: jacklemmon (button) (small blind) showed [Qs 8c] and won ($35.50) with a pair of Queens
Seat 2: Pete81 (big blind) showed [Ac 9h] and lost with high card Ace


PokerStars Hand #170042332421:  Hold'em Limit ($3/$6 USD) - 2017/05/06 14:19:10 ET
Table 'Ceplecha' 6-max Seat #2 is the button
Seat 1: jacklemmon ($234.15 in chips)
Seat 2: Pete81 ($99.80 in chips)
Pete81: posts small blind $1
jacklemmon: posts big blind $3
*** HOLE CARDS ***
Pete81: folds
Uncalled bet ($2) returned to jacklemmon
jacklemmon collected $2 from pot
jacklemmon: doesn't show hand
*** SUMMARY ***
Total pot $2 | Rake $0
Seat 1: jacklemmon (big blind) collected ($2)
Seat 2: Pete81 (button) (small blind) folded before Flop


PokerStars Hand #170042336284:  Hold'em Limit ($3/$6 USD) - 2017/05/06 14:19:15 ET
Table 'Ceplecha' 6-max Seat #1 is the button
Seat 1: jacklemmon ($235.15 in chips)
Seat 2: Pete81 ($98.80 in chips)
jacklemmon: posts small blind $1
Pete81: posts big blind $3
*** HOLE CARDS ***
jacklemmon: raises $3 to $6
Pete81: raises $3 to $9
jacklemmon: raises $3 to $12
Betting is capped
Pete81: calls $3
*** FLOP *** [Ks 5d 2h]
Pete81: checks
jacklemmon: bets $3
Pete81: raises $3 to $6
jacklemmon: calls $3
*** TURN *** [Ks 5d 2h] [Js]
Pete81: bets $6
jacklemmon: raises $6 to $12
Pete81: calls $6
*** RIVER *** [Ks 5d 2h Js] [Tc]
Pete81: checks
jacklemmon: checks
*** SHOW DOWN ***
Pete81: shows [4h 4d] (a pair of Fours)
jacklemmon: shows [3h 5s] (a pair of Fives)
jacklemmon collected $59.50 from pot
*** SUMMARY ***
Total pot $60 | Rake $0.50
Board [Ks 5d 2h Js Tc]
Seat 1: jacklemmon (button) (small blind) showed [3h 5s] and won ($59.50) with a pair of Fives
Seat 2: Pete81 (big blind) showed [4h 4d] and lost with a pair of Fours


PokerStars Hand #170042360584:  Hold'em Limit ($3/$6 USD) - 2017/05/06 14:19:46 ET
Table 'Ceplecha' 6-max Seat #1 is the button
Seat 1: jacklemmon ($258.65 in chips)
Seat 2: Pete81 ($74.56 in chips)
jacklemmon: posts small blind $1
Pete81: posts big blind $3
*** HOLE CARDS ***
jacklemmon: folds
Uncalled bet ($2) returned to Pete81
Pete81 collected $2 from pot
Pete81: doesn't show hand
*** SUMMARY ***
Total pot $2 | Rake $0
Seat 1: jacklemmon (button) (small blind) folded before Flop
Seat 2: Pete81 (big blind) collected ($2)


PokerStars Hand #170042352182:  Hold'em Limit ($3/$6 USD) - 2017/05/06 14:19:35 ET
Table 'Ceplecha' 6-max Seat #2 is the button
Seat 1: jacklemmon ($264.65 in chips)
Seat 2: Pete81 ($68.80 in chips)
Pete81: posts small blind $1
jacklemmon: posts big blind $3
*** HOLE CARDS ***
Pete81: raises $3 to $6
jacklemmon: calls $3
*** FLOP *** [Qd 4c 7d]
jacklemmon: checks
Pete81: bets $3
DECAlpha joins the table at seat #3
jacklemmon: folds
Uncalled bet ($3) returned to Pete81
Pete81 collected $11.76 from pot
Pete81: doesn't show hand
*** SUMMARY ***
Total pot $12 | Rake $0.24
Board [Qd 4c 7d]
Seat 1: jacklemmon (big blind) folded on the Flop
Seat 2: Pete81 (button) (small blind) collected ($11.76)


PokerStars Hand #170048417729:  Hold'em Limit ($3/$6 USD) - 2017/05/06 16:25:12 ET
Table 'Ceplecha' 6-max Seat #2 is the button
Seat 2: EVBET ($96.37 in chips)
Seat 3: RaisemyNut$ ($224.92 in chips)
EVBET: posts small blind $1
RaisemyNut$: posts big blind $3
*** HOLE CARDS ***
EVBET: folds
Uncalled bet ($2) returned to RaisemyNut$
EVBET leaves the table
RaisemyNut$ collected $2 from pot
RaisemyNut$: doesn't show hand
*** SUMMARY ***
Total pot $2 | Rake $0
Seat 2: EVBET (button) (small blind) folded before Flop
Seat 3: RaisemyNut$ (big blind) collected ($2)


PokerStars Hand #170048402093:  Hold'em Limit ($3/$6 USD) - 2017/05/06 16:24:53 ET
Table 'Ceplecha' 6-max Seat #3 is the button
Seat 2: EVBET ($96.61 in chips)
Seat 3: RaisemyNut$ ($225.16 in chips)
RaisemyNut$: posts small blind $1
EVBET: posts big blind $3
*** HOLE CARDS ***
RaisemyNut$: raises $3 to $6
EVBET: calls $3
*** FLOP *** [4s 8c 7d]
EVBET: checks
RaisemyNut$: bets $3
EVBET: raises $3 to $6
RaisemyNut$: calls $3
*** TURN *** [4s 8c 7d] [5s]
EVBET: checks
RaisemyNut$: checks
*** RIVER *** [4s 8c 7d 5s] [6c]
EVBET: checks
RaisemyNut$: checks
*** SHOW DOWN ***
EVBET: shows [Qs 7c] (a straight, Four to Eight)
RaisemyNut$: shows [Qd Jd] (a straight, Four to Eight)
EVBET collected $11.76 from pot
RaisemyNut$ collected $11.76 from pot
*** SUMMARY ***
Total pot $24 | Rake $0.48
Board [4s 8c 7d 5s 6c]
Seat 2: EVBET (big blind) showed [Qs 7c] and won ($11.76) with a straight, Four to Eight
Seat 3: RaisemyNut$ (button) (small blind) showed [Qd Jd] and won ($11.76) with a straight, Four to Eight


