PokerStars Hand #172778935838:  Hold'em Limit ($3/$6 USD) - 2017/07/08 17:29:27 ET
Table 'Ceplecha' 6-max Seat #2 is the button
Seat 2: SANKO2009 ($101.43 in chips)
Seat 3: simper11 ($90 in chips)
SANKO2009: posts small blind $1
simper11: posts big blind $3
*** HOLE CARDS ***
SANKO2009: raises $3 to $6
simper11: raises $3 to $9
SANKO2009: raises $3 to $12
Betting is capped
simper11: calls $3
*** FLOP *** [Jh 4d 5d]
simper11: bets $3
SANKO2009: raises $3 to $6
simper11: raises $3 to $9
SANKO2009: raises $3 to $12
Betting is capped
simper11: calls $3
*** TURN *** [Jh 4d 5d] [Jd]
simper11: checks
SANKO2009: bets $6
simper11: calls $6
*** RIVER *** [Jh 4d 5d Jd] [7d]
simper11: checks
SANKO2009: bets $6
simper11: raises $6 to $12
SANKO2009: raises $6 to $18
simper11: calls $6
*** SHOW DOWN ***
SANKO2009: shows [5h 5s] (a full house, Fives full of Jacks)
simper11: mucks hand
SANKO2009 collected $95.50 from pot
*** SUMMARY ***
Total pot $96 | Rake $0.50
Board [Jh 4d 5d Jd 7d]
Seat 2: SANKO2009 (button) (small blind) showed [5h 5s] and won ($95.50) with a full house, Fives full of Jacks
Seat 3: simper11 (big blind) mucked


PokerStars Hand #172778965458:  Hold'em Limit ($3/$6 USD) - 2017/07/08 17:30:02 ET
Table 'Ceplecha' 6-max Seat #3 is the button
Seat 2: SANKO2009 ($148.93 in chips)
Seat 3: simper11 ($90 in chips)
simper11: posts small blind $1
SANKO2009: posts big blind $3
*** HOLE CARDS ***
simper11: raises $3 to $6
SANKO2009: calls $3
*** FLOP *** [4c 9h 9c]
SANKO2009: checks
simper11: bets $3
SANKO2009: calls $3
*** TURN *** [4c 9h 9c] [Qd]
SANKO2009: checks
simper11: bets $6
SANKO2009: folds
Uncalled bet ($6) returned to simper11
simper11 collected $17.64 from pot
simper11: doesn't show hand
*** SUMMARY ***
Total pot $18 | Rake $0.36
Board [4c 9h 9c Qd]
Seat 2: SANKO2009 (big blind) folded on the Turn
Seat 3: simper11 (button) (small blind) collected ($17.64)


PokerStars Hand #172778976104:  Hold'em Limit ($3/$6 USD) - 2017/07/08 17:30:17 ET
Table 'Ceplecha' 6-max Seat #2 is the button
Seat 2: SANKO2009 ($139.93 in chips)
Seat 3: simper11 ($98.64 in chips)
SANKO2009: posts small blind $1
simper11: posts big blind $3
*** HOLE CARDS ***
SANKO2009: raises $3 to $6
simper11: calls $3
*** FLOP *** [8s As 7d]
simper11: checks
SANKO2009: bets $3
simper11: raises $3 to $6
SANKO2009: raises $3 to $9
simper11: calls $3
*** TURN *** [8s As 7d] [7h]
simper11: checks
SANKO2009: checks
*** RIVER *** [8s As 7d 7h] [6h]
simper11: bets $6
SANKO2009: folds
Uncalled bet ($6) returned to simper11
simper11 collected $29.50 from pot
simper11: doesn't show hand
*** SUMMARY ***
Total pot $30 | Rake $0.50
Board [8s As 7d 7h 6h]
Seat 2: SANKO2009 (button) (small blind) folded on the River
Seat 3: simper11 (big blind) collected ($29.50)


PokerStars Hand #172778989341:  Hold'em Limit ($3/$6 USD) - 2017/07/08 17:30:35 ET
Table 'Ceplecha' 6-max Seat #3 is the button
Seat 2: SANKO2009 ($124.93 in chips)
Seat 3: simper11 ($113.14 in chips)
simper11: posts small blind $1
SANKO2009: posts big blind $3
*** HOLE CARDS ***
simper11: raises $3 to $6
SANKO2009: calls $3
*** FLOP *** [Qs Ts 4c]
SANKO2009: bets $3
simper11: raises $3 to $6
SANKO2009: calls $3
*** TURN *** [Qs Ts 4c] [Jc]
SANKO2009: bets $6
simper11: raises $6 to $12
SANKO2009: raises $6 to $18
simper11: calls $6
*** RIVER *** [Qs Ts 4c Jc] [3h]
SANKO2009: bets $6
simper11: calls $6
*** SHOW DOWN ***
SANKO2009: shows [4s Jd] (two pair, Jacks and Fours)
simper11: mucks hand
SANKO2009 collected $71.50 from pot
*** SUMMARY ***
Total pot $72 | Rake $0.50
Board [Qs Ts 4c Jc 3h]
Seat 2: SANKO2009 (big blind) showed [4s Jd] and won ($71.50) with two pair, Jacks and Fours
Seat 3: simper11 (button) (small blind) mucked


PokerStars Hand #172779024290:  Hold'em Limit ($3/$6 USD) - 2017/07/08 17:31:24 ET
Table 'Ceplecha' 6-max Seat #2 is the button
Seat 2: SANKO2009 ($164.43 in chips)
Seat 3: simper11 ($90 in chips)
SANKO2009: posts small blind $1
simper11: posts big blind $3
*** HOLE CARDS ***
SANKO2009: folds
Uncalled bet ($2) returned to simper11
simper11 collected $2 from pot
simper11: doesn't show hand
*** SUMMARY ***
Total pot $2 | Rake $0
Seat 2: SANKO2009 (button) (small blind) folded before Flop
Seat 3: simper11 (big blind) collected ($2)


PokerStars Hand #172779020254:  Hold'em Limit ($3/$6 USD) - 2017/07/08 17:31:18 ET
Table 'Ceplecha' 6-max Seat #3 is the button
Seat 2: SANKO2009 ($163.43 in chips)
Seat 3: simper11 ($90 in chips)
simper11: posts small blind $1
SANKO2009: posts big blind $3
*** HOLE CARDS ***
EVBET joins the table at seat #4
simper11: folds
Uncalled bet ($2) returned to SANKO2009
SANKO2009 collected $2 from pot
*** SUMMARY ***
Total pot $2 | Rake $0
Seat 2: SANKO2009 (big blind) collected ($2)
Seat 3: simper11 (button) (small blind) folded before Flop


PokerStars Hand #172779004083:  Hold'em Limit ($3/$6 USD) - 2017/07/08 17:30:55 ET
Table 'Ceplecha' 6-max Seat #2 is the button
Seat 2: SANKO2009 ($160.43 in chips)
Seat 3: simper11 ($90 in chips)
SANKO2009: posts small blind $1
simper11: posts big blind $3
*** HOLE CARDS ***
SANKO2009: raises $3 to $6
simper11 said, "ahahah"
simper11 said, "ahahaha"
simper11 said, "hahaha"
simper11 said, "hahaha"
simper11 said, "hahaha"
simper11 said, "hahah"
simper11 said, "slyxi sin"
simper11 said, "chtob tvoya mat' sdoxla"
simper11: folds
Uncalled bet ($3) returned to SANKO2009
SANKO2009 collected $6 from pot
*** SUMMARY ***
Total pot $6 | Rake $0
Seat 2: SANKO2009 (button) (small blind) collected ($6)
Seat 3: simper11 (big blind) folded before Flop


PokerStars Hand #172780662562:  Hold'em Limit ($3/$6 USD) - 2017/07/08 18:11:19 ET
Table 'Ceplecha' 6-max Seat #6 is the button
Seat 4: EVBET ($371.42 in chips)
Seat 6: favorita83DE ($30.42 in chips)
favorita83DE: posts small blind $1
BunnyFizness: is sitting out
EVBET: posts big blind $3
*** HOLE CARDS ***
favorita83DE: raises $3 to $6
EVBET: raises $3 to $9
favorita83DE: calls $3
*** FLOP *** [Qc 5c 6c]
EVBET: bets $3
favorita83DE: raises $3 to $6
EVBET: calls $3
*** TURN *** [Qc 5c 6c] [3d]
EVBET: checks
favorita83DE: bets $6
EVBET: calls $6
*** RIVER *** [Qc 5c 6c 3d] [6s]
EVBET: checks
favorita83DE: bets $6
EVBET: calls $6
*** SHOW DOWN ***
favorita83DE: shows [2d As] (a pair of Sixes)
EVBET: shows [7s 7h] (two pair, Sevens and Sixes)
EVBET collected $53.50 from pot
*** SUMMARY ***
Total pot $54 | Rake $0.50
Board [Qc 5c 6c 3d 6s]
Seat 4: EVBET (big blind) showed [7s 7h] and won ($53.50) with two pair, Sevens and Sixes
Seat 6: favorita83DE (button) (small blind) showed [2d As] and lost with a pair of Sixes


PokerStars Hand #172780698489:  Hold'em Limit ($3/$6 USD) - 2017/07/08 18:12:12 ET
Table 'Ceplecha' 6-max Seat #4 is the button
Seat 4: EVBET ($397.92 in chips)
Seat 6: favorita83DE ($3.42 in chips)
EVBET: posts small blind $1
favorita83DE: posts big blind $3
*** HOLE CARDS ***
BunnyFizness leaves the table
EVBET: raises $3 to $6
favorita83DE: calls $0.42 and is all-in
Uncalled bet ($2.58) returned to EVBET
*** FLOP *** [9d Ts 8c]
*** TURN *** [9d Ts 8c] [3c]
*** RIVER *** [9d Ts 8c 3c] [4h]
*** SHOW DOWN ***
favorita83DE: shows [5d 6d] (high card Ten)
EVBET: shows [3s 4s] (two pair, Fours and Threes)
EVBET collected $6.70 from pot
*** SUMMARY ***
Total pot $6.84 | Rake $0.14
Board [9d Ts 8c 3c 4h]
Seat 4: EVBET (button) (small blind) showed [3s 4s] and won ($6.70) with two pair, Fours and Threes
Seat 6: favorita83DE (big blind) showed [5d 6d] and lost with high card Ten


