PokerStars Hand #144307062531:  Hold'em Limit ($3/$6 USD) - 2015/11/24 7:48:28 ET
Table 'Ceplecha' 6-max Seat #2 is the button
Seat 1: nik1718 ($41.39 in chips)
Seat 2: steinchen ($81.43 in chips)
steinchen: posts small blind $1
Actionni13: is sitting out
MAGER911: is sitting out
nik1718: posts big blind $3
*** HOLE CARDS ***
steinchen: folds
Uncalled bet ($2) returned to nik1718
nik1718 collected $2 from pot
*** SUMMARY ***
Total pot $2 | Rake $0
Seat 1: nik1718 (big blind) collected ($2)
Seat 2: steinchen (button) (small blind) folded before Flop


PokerStars Hand #144307068086:  Hold'em Limit ($3/$6 USD) - 2015/11/24 7:48:39 ET
Table 'Ceplecha' 6-max Seat #1 is the button
Seat 1: nik1718 ($42.39 in chips)
Seat 2: steinchen ($80.43 in chips)
nik1718: posts small blind $1
steinchen: posts big blind $3
*** HOLE CARDS ***
nik1718: raises $3 to $6
steinchen: calls $3
*** FLOP *** [Ac 2c 8s]
MAGER911 leaves the table
steinchen: checks
nik1718: bets $3
72bestcard joins the table at seat #6
steinchen: calls $3
*** TURN *** [Ac 2c 8s] [5h]
72bestcard leaves the table
steinchen: checks
nik1718: bets $6
steinchen: folds
Uncalled bet ($6) returned to nik1718
Fabulous108 joins the table at seat #6
nik1718 collected $17.64 from pot
*** SUMMARY ***
Total pot $18 | Rake $0.36
Board [Ac 2c 8s 5h]
Seat 1: nik1718 (button) (small blind) collected ($17.64)
Seat 2: steinchen (big blind) folded on the Turn


PokerStars Hand #144309723369:  Hold'em Limit ($3/$6 USD) - 2015/11/24 9:08:23 ET
Table 'Ceplecha' 6-max Seat #6 is the button
Seat 5: steinchen ($129.39 in chips)
Seat 6: tomacampi ($129.07 in chips)
tomacampi: posts small blind $1
nik1718: is sitting out
steinchen: posts big blind $3
*** HOLE CARDS ***
tomacampi: raises $3 to $6
steinchen: calls $3
*** FLOP *** [2c 7h 5h]
steinchen: checks
tomacampi: bets $3
steinchen: folds
Uncalled bet ($3) returned to tomacampi
tomacampi collected $11.76 from pot
tomacampi: doesn't show hand
*** SUMMARY ***
Total pot $12 | Rake $0.24
Board [2c 7h 5h]
Seat 5: steinchen (big blind) folded on the Flop
Seat 6: tomacampi (button) (small blind) collected ($11.76)


