PokerStars Hand #175688854404:  Hold'em Limit ($3/$6 USD) - 2017/09/15 16:40:45 ET
Table 'Ceplecha' 6-max Seat #2 is the button
Seat 2: partyalex92 ($120 in chips)
Seat 3: Ag3r0n ($72 in chips)
partyalex92: posts small blind $1
Ag3r0n: posts big blind $3
*** HOLE CARDS ***
partyalex92: raises $3 to $6
Ag3r0n: raises $3 to $9
partyalex92: calls $3
*** FLOP *** [5h 4h 8c]
Ag3r0n: checks
partyalex92: bets $3
Ag3r0n: calls $3
*** TURN *** [5h 4h 8c] [7h]
vestimokrec joins the table at seat #4
Ag3r0n: checks
partyalex92: bets $6
Ag3r0n: folds
Uncalled bet ($6) returned to partyalex92
partyalex92 collected $23.52 from pot
*** SUMMARY ***
Total pot $24 | Rake $0.48
Board [5h 4h 8c 7h]
Seat 2: partyalex92 (button) (small blind) collected ($23.52)
Seat 3: Ag3r0n (big blind) folded on the Turn


PokerStars Hand #175693406080:  Hold'em Limit ($3/$6 USD) - 2017/09/15 18:21:31 ET
Table 'Ceplecha' 6-max Seat #4 is the button
Seat 3: B_loJkl ($151.11 in chips)
Seat 4: favete lin ($72 in chips)
favete lin: posts small blind $1
B_loJkl: posts big blind $3
*** HOLE CARDS ***
favete lin: raises $3 to $6
B_loJkl: calls $3
*** FLOP *** [Qh 4s Ah]
B_loJkl: checks
favete lin: bets $3
B_loJkl: folds
Uncalled bet ($3) returned to favete lin
favete lin collected $11.76 from pot
favete lin: doesn't show hand
*** SUMMARY ***
Total pot $12 | Rake $0.24
Board [Qh 4s Ah]
Seat 3: B_loJkl (big blind) folded on the Flop
Seat 4: favete lin (button) (small blind) collected ($11.76)


PokerStars Hand #175693418315:  Hold'em Limit ($3/$6 USD) - 2017/09/15 18:21:48 ET
Table 'Ceplecha' 6-max Seat #3 is the button
Seat 3: B_loJkl ($145.11 in chips)
Seat 4: favete lin ($77.76 in chips)
B_loJkl: posts small blind $1
favete lin: posts big blind $3
*** HOLE CARDS ***
B_loJkl: raises $3 to $6
favete lin: calls $3
*** FLOP *** [3d 8d As]
favete lin: checks
B_loJkl: bets $3
favete lin: folds
Uncalled bet ($3) returned to B_loJkl
B_loJkl collected $11.76 from pot
B_loJkl: doesn't show hand
*** SUMMARY ***
Total pot $12 | Rake $0.24
Board [3d 8d As]
Seat 3: B_loJkl (button) (small blind) collected ($11.76)
Seat 4: favete lin (big blind) folded on the Flop


PokerStars Hand #175693488145:  Hold'em Limit ($3/$6 USD) - 2017/09/15 18:23:28 ET
Table 'Ceplecha' 6-max Seat #4 is the button
Seat 1: 1BETEP1 ($231.52 in chips)
Seat 4: favete lin ($72 in chips)
favete lin: posts small blind $1
1BETEP1: posts big blind $3
*** HOLE CARDS ***
favete lin: raises $3 to $6
1BETEP1: calls $3
*** FLOP *** [8d 5h 6c]
1BETEP1: checks
favete lin: checks
*** TURN *** [8d 5h 6c] [3h]
1BETEP1: bets $6
favete lin: calls $6
*** RIVER *** [8d 5h 6c 3h] [As]
1BETEP1: bets $6
favete lin: calls $6
*** SHOW DOWN ***
1BETEP1: shows [3c Qd] (a pair of Threes)
favete lin: mucks hand
1BETEP1 collected $35.50 from pot
*** SUMMARY ***
Total pot $36 | Rake $0.50
Board [8d 5h 6c 3h As]
Seat 1: 1BETEP1 (big blind) showed [3c Qd] and won ($35.50) with a pair of Threes
Seat 4: favete lin (button) (small blind) mucked


PokerStars Hand #175693502478:  Hold'em Limit ($3/$6 USD) - 2017/09/15 18:23:48 ET
Table 'Ceplecha' 6-max Seat #1 is the button
Seat 1: 1BETEP1 ($249.02 in chips)
Seat 4: favete lin ($72 in chips)
1BETEP1: posts small blind $1
favete lin: posts big blind $3
*** HOLE CARDS ***
1BETEP1: raises $3 to $6
favete lin: calls $3
*** FLOP *** [8h 8s 6h]
Tante Hilda joins the table at seat #5
favete lin: checks
1BETEP1: bets $3
favete lin: raises $3 to $6
1BETEP1: calls $3
*** TURN *** [8h 8s 6h] [4c]
favete lin: bets $6
1BETEP1: raises $6 to $12
favete lin: calls $6
*** RIVER *** [8h 8s 6h 4c] [6d]
favete lin: checks
1BETEP1: bets $6
favete lin: calls $6
vestimokrec joins the table at seat #6
*** SHOW DOWN ***
1BETEP1: shows [8c Ks] (a full house, Eights full of Sixes)
favete lin: mucks hand
Tante Hilda leaves the table
1BETEP1 collected $59.50 from pot
*** SUMMARY ***
Total pot $60 | Rake $0.50
Board [8h 8s 6h 4c 6d]
Seat 1: 1BETEP1 (button) (small blind) showed [8c Ks] and won ($59.50) with a full house, Eights full of Sixes
Seat 4: favete lin (big blind) mucked


PokerStars Hand #175693522758:  Hold'em Limit ($3/$6 USD) - 2017/09/15 18:24:17 ET
Table 'Ceplecha' 6-max Seat #4 is the button
Seat 1: 1BETEP1 ($278.52 in chips)
Seat 4: favete lin ($72 in chips)
favete lin: posts small blind $1
1BETEP1: posts big blind $3
*** HOLE CARDS ***
favete lin: raises $3 to $6
1BETEP1: calls $3
*** FLOP *** [9s 2h 5c]
vestimokrec leaves the table
1BETEP1: checks
favete lin: bets $3
1BETEP1: raises $3 to $6
favete lin: raises $3 to $9
1BETEP1: calls $3
*** TURN *** [9s 2h 5c] [Ac]
1BETEP1: checks
favete lin: bets $6
1BETEP1: folds
Uncalled bet ($6) returned to favete lin
favete lin collected $29.50 from pot
favete lin: doesn't show hand
*** SUMMARY ***
Total pot $30 | Rake $0.50
Board [9s 2h 5c Ac]
Seat 1: 1BETEP1 (big blind) folded on the Turn
Seat 4: favete lin (button) (small blind) collected ($29.50)


PokerStars Hand #175693535957:  Hold'em Limit ($3/$6 USD) - 2017/09/15 18:24:36 ET
Table 'Ceplecha' 6-max Seat #1 is the button
Seat 1: 1BETEP1 ($263.52 in chips)
Seat 4: favete lin ($86.50 in chips)
1BETEP1: posts small blind $1
favete lin: posts big blind $3
*** HOLE CARDS ***
1BETEP1: raises $3 to $6
favete lin: calls $3
*** FLOP *** [Ah Ks 5h]
favete lin: checks
1BETEP1: bets $3
favete lin: calls $3
*** TURN *** [Ah Ks 5h] [Jc]
favete lin: checks
1BETEP1: checks
*** RIVER *** [Ah Ks 5h Jc] [Qs]
favete lin: checks
1BETEP1: checks
*** SHOW DOWN ***
favete lin: shows [Kd 4c] (a pair of Kings)
1BETEP1: mucks hand
favete lin collected $17.64 from pot
Tante Hilda joins the table at seat #5
*** SUMMARY ***
Total pot $18 | Rake $0.36
Board [Ah Ks 5h Jc Qs]
Seat 1: 1BETEP1 (button) (small blind) mucked
Seat 4: favete lin (big blind) showed [Kd 4c] and won ($17.64) with a pair of Kings


