PokerStars Hand #169403808049:  Hold'em Limit ($3/$6 USD) - 2017/04/22 12:39:47 ET
Table 'Ceraskia' 10-max Seat #10 is the button
Seat 7: bangolfaren ($87 in chips)
Seat 10: MTails ($152.26 in chips)
MTails: posts small blind $1
bangolfaren: posts big blind $3
*** HOLE CARDS ***
MTails: raises $3 to $6
bangolfaren: raises $3 to $9
MTails: calls $3
*** FLOP *** [7c 8h Jc]
bangolfaren: bets $3
MTails: calls $3
*** TURN *** [7c 8h Jc] [Qc]
bangolfaren: bets $6
MTails: folds
Uncalled bet ($6) returned to bangolfaren
bangolfaren collected $23.52 from pot
*** SUMMARY ***
Total pot $24 | Rake $0.48
Board [7c 8h Jc Qc]
Seat 7: bangolfaren (big blind) collected ($23.52)
Seat 10: MTails (button) (small blind) folded on the Turn


PokerStars Hand #169403773024:  Hold'em Limit ($3/$6 USD) - 2017/04/22 12:39:02 ET
Table 'Ceraskia' 10-max Seat #10 is the button
Seat 7: bangolfaren ($112 in chips)
Seat 10: MTails ($127.76 in chips)
MTails: posts small blind $1
bangolfaren: posts big blind $3
*** HOLE CARDS ***
MTails: raises $3 to $6
bangolfaren: raises $3 to $9
MTails: calls $3
*** FLOP *** [Th 3s 6s]
bangolfaren: bets $3
MTails: calls $3
*** TURN *** [Th 3s 6s] [3c]
bangolfaren: bets $6
MTails: raises $6 to $12
bangolfaren: calls $6
*** RIVER *** [Th 3s 6s 3c] [3d]
bangolfaren: checks
MTails: bets $6
bangolfaren: folds
Uncalled bet ($6) returned to MTails
MTails collected $47.50 from pot
*** SUMMARY ***
Total pot $48 | Rake $0.50
Board [Th 3s 6s 3c 3d]
Seat 7: bangolfaren (big blind) folded on the River
Seat 10: MTails (button) (small blind) collected ($47.50)


PokerStars Hand #169403804297:  Hold'em Limit ($3/$6 USD) - 2017/04/22 12:39:42 ET
Table 'Ceraskia' 10-max Seat #7 is the button
Seat 7: bangolfaren ($88 in chips)
Seat 10: MTails ($151.26 in chips)
bangolfaren: posts small blind $1
MTails: posts big blind $3
*** HOLE CARDS ***
bangolfaren: folds
Uncalled bet ($2) returned to MTails
MTails collected $2 from pot
*** SUMMARY ***
Total pot $2 | Rake $0
Seat 7: bangolfaren (button) (small blind) folded before Flop
Seat 10: MTails (big blind) collected ($2)


