PokerStars Hand #145750537489:  Hold'em Limit ($3/$6 USD) - 2015/12/22 13:48:01 ET
Table 'Ceraskia' 2-max Seat #1 is the button
Seat 1: simper11 ($124 in chips)
Seat 2: SmellyToes4u ($133 in chips)
simper11: posts small blind $1
SmellyToes4u: posts big blind $3
*** HOLE CARDS ***
simper11: raises $3 to $6
SmellyToes4u: calls $3
*** FLOP *** [Js Ts 9c]
SmellyToes4u: checks
simper11: checks
*** TURN *** [Js Ts 9c] [8c]
SmellyToes4u: bets $6
simper11: folds
Uncalled bet ($6) returned to SmellyToes4u
SmellyToes4u collected $11.76 from pot
SmellyToes4u: doesn't show hand
*** SUMMARY ***
Total pot $12 | Rake $0.24
Board [Js Ts 9c 8c]
Seat 1: simper11 (button) (small blind) folded on the Turn
Seat 2: SmellyToes4u (big blind) collected ($11.76)


PokerStars Hand #145750532555:  Hold'em Limit ($3/$6 USD) - 2015/12/22 13:47:56 ET
Table 'Ceraskia' 2-max Seat #2 is the button
Seat 1: simper11 ($123 in chips)
Seat 2: SmellyToes4u ($134 in chips)
SmellyToes4u: posts small blind $1
simper11: posts big blind $3
*** HOLE CARDS ***
SmellyToes4u: folds
Uncalled bet ($2) returned to simper11
simper11 collected $2 from pot
simper11: doesn't show hand
*** SUMMARY ***
Total pot $2 | Rake $0
Seat 1: simper11 (big blind) collected ($2)
Seat 2: SmellyToes4u (button) (small blind) folded before Flop


PokerStars Hand #145750526144:  Hold'em Limit ($3/$6 USD) - 2015/12/22 13:47:49 ET
Table 'Ceraskia' 2-max Seat #1 is the button
Seat 1: simper11 ($120 in chips)
Seat 2: SmellyToes4u ($137 in chips)
simper11: posts small blind $1
SmellyToes4u: posts big blind $3
*** HOLE CARDS ***
simper11: raises $3 to $6
SmellyToes4u: folds
Uncalled bet ($3) returned to simper11
simper11 collected $6 from pot
simper11: doesn't show hand
*** SUMMARY ***
Total pot $6 | Rake $0
Seat 1: simper11 (button) (small blind) collected ($6)
Seat 2: SmellyToes4u (big blind) folded before Flop


PokerStars Hand #145750510291:  Hold'em Limit ($3/$6 USD) - 2015/12/22 13:47:33 ET
Table 'Ceraskia' 2-max Seat #2 is the button
Seat 1: simper11 ($125.28 in chips)
Seat 2: SmellyToes4u ($116.50 in chips)
SmellyToes4u: posts small blind $1
simper11: posts big blind $3
*** HOLE CARDS ***
SmellyToes4u: raises $3 to $6
simper11: calls $3
*** FLOP *** [3d 8d Ah]
simper11: checks
SmellyToes4u: bets $3
simper11: calls $3
*** TURN *** [3d 8d Ah] [7s]
simper11: checks
SmellyToes4u: bets $6
simper11: calls $6
*** RIVER *** [3d 8d Ah 7s] [Ad]
simper11: checks
SmellyToes4u: bets $6
simper11: calls $6
*** SHOW DOWN ***
SmellyToes4u: shows [4s 7c] (two pair, Aces and Sevens)
simper11: mucks hand
SmellyToes4u collected $41.50 from pot
*** SUMMARY ***
Total pot $42 | Rake $0.50
Board [3d 8d Ah 7s Ad]
Seat 1: simper11 (big blind) mucked
Seat 2: SmellyToes4u (button) (small blind) showed [4s 7c] and won ($41.50) with two pair, Aces and Sevens


PokerStars Hand #145750609100:  Hold'em Limit ($3/$6 USD) - 2015/12/22 13:49:14 ET
Table 'Ceraskia' 2-max Seat #1 is the button
Seat 1: simper11 ($120 in chips)
Seat 2: SmellyToes4u ($140.78 in chips)
simper11: posts small blind $1
SmellyToes4u: posts big blind $3
*** HOLE CARDS ***
simper11: folds
Uncalled bet ($2) returned to SmellyToes4u
SmellyToes4u collected $2 from pot
SmellyToes4u: doesn't show hand
*** SUMMARY ***
Total pot $2 | Rake $0
Seat 1: simper11 (button) (small blind) folded before Flop
Seat 2: SmellyToes4u (big blind) collected ($2)


PokerStars Hand #145750593520:  Hold'em Limit ($3/$6 USD) - 2015/12/22 13:48:58 ET
Table 'Ceraskia' 2-max Seat #2 is the button
Seat 1: simper11 ($146.50 in chips)
Seat 2: SmellyToes4u ($114.28 in chips)
SmellyToes4u: posts small blind $1
simper11: posts big blind $3
*** HOLE CARDS ***
SmellyToes4u: raises $3 to $6
simper11: calls $3
*** FLOP *** [Js 6h 9h]
simper11: checks
SmellyToes4u: bets $3
simper11: raises $3 to $6
SmellyToes4u: raises $3 to $9
simper11: calls $3
*** TURN *** [Js 6h 9h] [Kh]
simper11: checks
SmellyToes4u: bets $6
simper11: calls $6
*** RIVER *** [Js 6h 9h Kh] [2c]
simper11: checks
SmellyToes4u: bets $6
simper11: calls $6
*** SHOW DOWN ***
SmellyToes4u: shows [As Ah] (a pair of Aces)
simper11: mucks hand
SmellyToes4u collected $53.50 from pot
*** SUMMARY ***
Total pot $54 | Rake $0.50
Board [Js 6h 9h Kh 2c]
Seat 1: simper11 (big blind) mucked
Seat 2: SmellyToes4u (button) (small blind) showed [As Ah] and won ($53.50) with a pair of Aces


PokerStars Hand #145750588347:  Hold'em Limit ($3/$6 USD) - 2015/12/22 13:48:53 ET
Table 'Ceraskia' 2-max Seat #1 is the button
Seat 1: simper11 ($143.50 in chips)
Seat 2: SmellyToes4u ($117.28 in chips)
simper11: posts small blind $1
SmellyToes4u: posts big blind $3
*** HOLE CARDS ***
simper11: raises $3 to $6
SmellyToes4u: folds
Uncalled bet ($3) returned to simper11
simper11 collected $6 from pot
simper11: doesn't show hand
*** SUMMARY ***
Total pot $6 | Rake $0
Seat 1: simper11 (button) (small blind) collected ($6)
Seat 2: SmellyToes4u (big blind) folded before Flop


PokerStars Hand #145750572638:  Hold'em Limit ($3/$6 USD) - 2015/12/22 13:48:37 ET
Table 'Ceraskia' 2-max Seat #2 is the button
Seat 1: simper11 ($120 in chips)
Seat 2: SmellyToes4u ($141.28 in chips)
SmellyToes4u: posts small blind $1
simper11: posts big blind $3
*** HOLE CARDS ***
SmellyToes4u: raises $3 to $6
simper11: calls $3
*** FLOP *** [Th Qc Qs]
simper11: checks
SmellyToes4u: bets $3
simper11: raises $3 to $6
SmellyToes4u: calls $3
*** TURN *** [Th Qc Qs] [Kh]
simper11: bets $6
SmellyToes4u: calls $6
*** RIVER *** [Th Qc Qs Kh] [3c]
simper11: bets $6
SmellyToes4u: calls $6
*** SHOW DOWN ***
simper11: shows [Qh 7d] (three of a kind, Queens)
SmellyToes4u: mucks hand
simper11 collected $47.50 from pot
*** SUMMARY ***
Total pot $48 | Rake $0.50
Board [Th Qc Qs Kh 3c]
Seat 1: simper11 (big blind) showed [Qh 7d] and won ($47.50) with three of a kind, Queens
Seat 2: SmellyToes4u (button) (small blind) mucked


PokerStars Hand #145750562020:  Hold'em Limit ($3/$6 USD) - 2015/12/22 13:48:26 ET
Table 'Ceraskia' 2-max Seat #1 is the button
Seat 1: simper11 ($128.64 in chips)
Seat 2: SmellyToes4u ($129.76 in chips)
simper11: posts small blind $1
SmellyToes4u: posts big blind $3
*** HOLE CARDS ***
simper11: raises $3 to $6
SmellyToes4u: raises $3 to $9
simper11: calls $3
*** FLOP *** [6d 3h 3c]
SmellyToes4u: bets $3
simper11: calls $3
*** TURN *** [6d 3h 3c] [9c]
SmellyToes4u: bets $6
simper11: folds
Uncalled bet ($6) returned to SmellyToes4u
SmellyToes4u collected $23.52 from pot
SmellyToes4u: doesn't show hand
*** SUMMARY ***
Total pot $24 | Rake $0.48
Board [6d 3h 3c 9c]
Seat 1: simper11 (button) (small blind) folded on the Turn
Seat 2: SmellyToes4u (big blind) collected ($23.52)


PokerStars Hand #145750548614:  Hold'em Limit ($3/$6 USD) - 2015/12/22 13:48:12 ET
Table 'Ceraskia' 2-max Seat #2 is the button
Seat 1: simper11 ($120 in chips)
Seat 2: SmellyToes4u ($138.76 in chips)
SmellyToes4u: posts small blind $1
simper11: posts big blind $3
*** HOLE CARDS ***
SmellyToes4u: raises $3 to $6
simper11: calls $3
*** FLOP *** [Ah 2d 3s]
simper11: checks
SmellyToes4u: bets $3
simper11: calls $3
*** TURN *** [Ah 2d 3s] [Ks]
simper11: checks
SmellyToes4u: checks
*** RIVER *** [Ah 2d 3s Ks] [Jd]
simper11: bets $6
SmellyToes4u: folds
Uncalled bet ($6) returned to simper11
simper11 collected $17.64 from pot
simper11: doesn't show hand
*** SUMMARY ***
Total pot $18 | Rake $0.36
Board [Ah 2d 3s Ks Jd]
Seat 1: simper11 (big blind) collected ($17.64)
Seat 2: SmellyToes4u (button) (small blind) folded on the River


PokerStars Hand #145750650799:  Hold'em Limit ($3/$6 USD) - 2015/12/22 13:49:57 ET
Table 'Ceraskia' 2-max Seat #2 is the button
Seat 1: simper11 ($125.76 in chips)
Seat 2: SmellyToes4u ($162.28 in chips)
SmellyToes4u: posts small blind $1
simper11: posts big blind $3
*** HOLE CARDS ***
SmellyToes4u: raises $3 to $6
simper11: raises $3 to $9
SmellyToes4u: calls $3
*** FLOP *** [5c 2c 3d]
simper11: bets $3
SmellyToes4u: calls $3
*** TURN *** [5c 2c 3d] [Kh]
simper11: bets $6
SmellyToes4u: calls $6
*** RIVER *** [5c 2c 3d Kh] [9s]
simper11: bets $6
SmellyToes4u: raises $6 to $12
simper11: calls $6
*** SHOW DOWN ***
SmellyToes4u: shows [Qh Qc] (a pair of Queens)
simper11: mucks hand
SmellyToes4u collected $59.50 from pot
*** SUMMARY ***
Total pot $60 | Rake $0.50
Board [5c 2c 3d Kh 9s]
Seat 1: simper11 (big blind) mucked
Seat 2: SmellyToes4u (button) (small blind) showed [Qh Qc] and won ($59.50) with a pair of Queens


PokerStars Hand #145750641143:  Hold'em Limit ($3/$6 USD) - 2015/12/22 13:49:47 ET
Table 'Ceraskia' 2-max Seat #1 is the button
Seat 1: simper11 ($120 in chips)
Seat 2: SmellyToes4u ($168.28 in chips)
simper11: posts small blind $1
SmellyToes4u: posts big blind $3
*** HOLE CARDS ***
simper11: raises $3 to $6
SmellyToes4u: calls $3
*** FLOP *** [9h 7h 4c]
SmellyToes4u: checks
simper11: bets $3
SmellyToes4u: folds
Uncalled bet ($3) returned to simper11
simper11 collected $11.76 from pot
simper11: doesn't show hand
*** SUMMARY ***
Total pot $12 | Rake $0.24
Board [9h 7h 4c]
Seat 1: simper11 (button) (small blind) collected ($11.76)
Seat 2: SmellyToes4u (big blind) folded on the Flop


PokerStars Hand #145750635577:  Hold'em Limit ($3/$6 USD) - 2015/12/22 13:49:41 ET
Table 'Ceraskia' 2-max Seat #2 is the button
Seat 1: simper11 ($120 in chips)
Seat 2: SmellyToes4u ($165.28 in chips)
SmellyToes4u: posts small blind $1
simper11: posts big blind $3
*** HOLE CARDS ***
SmellyToes4u: raises $3 to $6
simper11: folds
Uncalled bet ($3) returned to SmellyToes4u
SmellyToes4u collected $6 from pot
SmellyToes4u: doesn't show hand
*** SUMMARY ***
Total pot $6 | Rake $0
Seat 1: simper11 (big blind) folded before Flop
Seat 2: SmellyToes4u (button) (small blind) collected ($6)


PokerStars Hand #145750618830:  Hold'em Limit ($3/$6 USD) - 2015/12/22 13:49:24 ET
Table 'Ceraskia' 2-max Seat #1 is the button
Seat 1: simper11 ($120 in chips)
Seat 2: SmellyToes4u ($144.78 in chips)
simper11: posts small blind $1
SmellyToes4u: posts big blind $3
*** HOLE CARDS ***
simper11: raises $3 to $6
SmellyToes4u: calls $3
*** FLOP *** [6d 4d Jd]
SmellyToes4u: checks
simper11: bets $3
SmellyToes4u: calls $3
*** TURN *** [6d 4d Jd] [9c]
SmellyToes4u: checks
simper11: bets $6
SmellyToes4u: calls $6
*** RIVER *** [6d 4d Jd 9c] [8s]
SmellyToes4u: checks
simper11: bets $6
SmellyToes4u: calls $6
*** SHOW DOWN ***
simper11: shows [3h 8h] (a pair of Eights)
SmellyToes4u: shows [2c Jc] (a pair of Jacks)
SmellyToes4u collected $41.50 from pot
*** SUMMARY ***
Total pot $42 | Rake $0.50
Board [6d 4d Jd 9c 8s]
Seat 1: simper11 (button) (small blind) showed [3h 8h] and lost with a pair of Eights
Seat 2: SmellyToes4u (big blind) showed [2c Jc] and won ($41.50) with a pair of Jacks


PokerStars Hand #145750613700:  Hold'em Limit ($3/$6 USD) - 2015/12/22 13:49:19 ET
Table 'Ceraskia' 2-max Seat #2 is the button
Seat 1: simper11 ($120 in chips)
Seat 2: SmellyToes4u ($141.78 in chips)
SmellyToes4u: posts small blind $1
simper11: posts big blind $3
*** HOLE CARDS ***
SmellyToes4u: raises $3 to $6
simper11: folds
Uncalled bet ($3) returned to SmellyToes4u
SmellyToes4u collected $6 from pot
SmellyToes4u: doesn't show hand
*** SUMMARY ***
Total pot $6 | Rake $0
Seat 1: simper11 (big blind) folded before Flop
Seat 2: SmellyToes4u (button) (small blind) collected ($6)


PokerStars Hand #145750723144:  Hold'em Limit ($3/$6 USD) - 2015/12/22 13:51:11 ET
Table 'Ceraskia' 2-max Seat #2 is the button
Seat 1: simper11 ($120 in chips)
Seat 2: SmellyToes4u ($255.42 in chips)
SmellyToes4u: posts small blind $1
simper11: posts big blind $3
*** HOLE CARDS ***
SmellyToes4u: folds
Uncalled bet ($2) returned to simper11
simper11 collected $2 from pot
simper11: doesn't show hand
*** SUMMARY ***
Total pot $2 | Rake $0
Seat 1: simper11 (big blind) collected ($2)
Seat 2: SmellyToes4u (button) (small blind) folded before Flop


PokerStars Hand #145750706726:  Hold'em Limit ($3/$6 USD) - 2015/12/22 13:50:54 ET
Table 'Ceraskia' 2-max Seat #1 is the button
Seat 1: simper11 ($120 in chips)
Seat 2: SmellyToes4u ($225.92 in chips)
simper11: posts small blind $1
SmellyToes4u: posts big blind $3
*** HOLE CARDS ***
simper11: raises $3 to $6
SmellyToes4u: raises $3 to $9
simper11: calls $3
*** FLOP *** [Ad 2c Td]
SmellyToes4u: bets $3
simper11: calls $3
*** TURN *** [Ad 2c Td] [Ac]
SmellyToes4u: bets $6
simper11: raises $6 to $12
SmellyToes4u: raises $6 to $18
simper11: calls $6
*** RIVER *** [Ad 2c Td Ac] [As]
SmellyToes4u: checks
simper11: checks
*** SHOW DOWN ***
SmellyToes4u: shows [9c Jd] (three of a kind, Aces)
simper11: mucks hand
SmellyToes4u collected $59.50 from pot
*** SUMMARY ***
Total pot $60 | Rake $0.50
Board [Ad 2c Td Ac As]
Seat 1: simper11 (button) (small blind) mucked
Seat 2: SmellyToes4u (big blind) showed [9c Jd] and won ($59.50) with three of a kind, Aces


PokerStars Hand #145750701699:  Hold'em Limit ($3/$6 USD) - 2015/12/22 13:50:49 ET
Table 'Ceraskia' 2-max Seat #2 is the button
Seat 1: simper11 ($120 in chips)
Seat 2: SmellyToes4u ($222.92 in chips)
SmellyToes4u: posts small blind $1
simper11: posts big blind $3
*** HOLE CARDS ***
SmellyToes4u: raises $3 to $6
simper11: folds
Uncalled bet ($3) returned to SmellyToes4u
SmellyToes4u collected $6 from pot
SmellyToes4u: doesn't show hand
*** SUMMARY ***
Total pot $6 | Rake $0
Seat 1: simper11 (big blind) folded before Flop
Seat 2: SmellyToes4u (button) (small blind) collected ($6)


PokerStars Hand #145750684886:  Hold'em Limit ($3/$6 USD) - 2015/12/22 13:50:32 ET
Table 'Ceraskia' 2-max Seat #1 is the button
Seat 1: simper11 ($121 in chips)
Seat 2: SmellyToes4u ($199.42 in chips)
simper11: posts small blind $1
SmellyToes4u: posts big blind $3
*** HOLE CARDS ***
simper11: raises $3 to $6
SmellyToes4u: raises $3 to $9
simper11: calls $3
*** FLOP *** [3d 8c 2c]
SmellyToes4u: bets $3
simper11: calls $3
*** TURN *** [3d 8c 2c] [Ah]
SmellyToes4u: bets $6
simper11: calls $6
*** RIVER *** [3d 8c 2c Ah] [Qs]
SmellyToes4u: bets $6
simper11: calls $6
*** SHOW DOWN ***
SmellyToes4u: shows [Jc Qh] (a pair of Queens)
simper11: mucks hand
SmellyToes4u collected $47.50 from pot
*** SUMMARY ***
Total pot $48 | Rake $0.50
Board [3d 8c 2c Ah Qs]
Seat 1: simper11 (button) (small blind) mucked
Seat 2: SmellyToes4u (big blind) showed [Jc Qh] and won ($47.50) with a pair of Queens


PokerStars Hand #145750680303:  Hold'em Limit ($3/$6 USD) - 2015/12/22 13:50:27 ET
Table 'Ceraskia' 2-max Seat #2 is the button
Seat 1: simper11 ($120 in chips)
Seat 2: SmellyToes4u ($200.42 in chips)
SmellyToes4u: posts small blind $1
simper11: posts big blind $3
*** HOLE CARDS ***
SmellyToes4u: folds
Uncalled bet ($2) returned to simper11
simper11 collected $2 from pot
simper11: doesn't show hand
*** SUMMARY ***
Total pot $2 | Rake $0
Seat 1: simper11 (big blind) collected ($2)
Seat 2: SmellyToes4u (button) (small blind) folded before Flop


PokerStars Hand #145750667232:  Hold'em Limit ($3/$6 USD) - 2015/12/22 13:50:14 ET
Table 'Ceraskia' 2-max Seat #1 is the button
Seat 1: simper11 ($120 in chips)
Seat 2: SmellyToes4u ($191.78 in chips)
simper11: posts small blind $1
SmellyToes4u: posts big blind $3
*** HOLE CARDS ***
simper11: raises $3 to $6
SmellyToes4u: calls $3
*** FLOP *** [Ah Qh 6c]
SmellyToes4u: checks
simper11: bets $3
SmellyToes4u: raises $3 to $6
simper11: folds
Uncalled bet ($3) returned to SmellyToes4u
SmellyToes4u collected $17.64 from pot
SmellyToes4u: doesn't show hand
*** SUMMARY ***
Total pot $18 | Rake $0.36
Board [Ah Qh 6c]
Seat 1: simper11 (button) (small blind) folded on the Flop
Seat 2: SmellyToes4u (big blind) collected ($17.64)


PokerStars Hand #145750786283:  Hold'em Limit ($3/$6 USD) - 2015/12/22 13:52:16 ET
Table 'Ceraskia' 2-max Seat #2 is the button
Seat 1: simper11 ($123 in chips)
Seat 2: SmellyToes4u ($305.56 in chips)
SmellyToes4u: posts small blind $1
simper11: posts big blind $3
*** HOLE CARDS ***
SmellyToes4u: raises $3 to $6
simper11: folds
Uncalled bet ($3) returned to SmellyToes4u
SmellyToes4u collected $6 from pot
SmellyToes4u: doesn't show hand
*** SUMMARY ***
Total pot $6 | Rake $0
Seat 1: simper11 (big blind) folded before Flop
Seat 2: SmellyToes4u (button) (small blind) collected ($6)


PokerStars Hand #145750781436:  Hold'em Limit ($3/$6 USD) - 2015/12/22 13:52:11 ET
Table 'Ceraskia' 2-max Seat #1 is the button
Seat 1: simper11 ($120 in chips)
Seat 2: SmellyToes4u ($308.56 in chips)
simper11: posts small blind $1
SmellyToes4u: posts big blind $3
*** HOLE CARDS ***
simper11: raises $3 to $6
SmellyToes4u: folds
Uncalled bet ($3) returned to simper11
simper11 collected $6 from pot
simper11: doesn't show hand
*** SUMMARY ***
Total pot $6 | Rake $0
Seat 1: simper11 (button) (small blind) collected ($6)
Seat 2: SmellyToes4u (big blind) folded before Flop


PokerStars Hand #145750771783:  Hold'em Limit ($3/$6 USD) - 2015/12/22 13:52:01 ET
Table 'Ceraskia' 2-max Seat #2 is the button
Seat 1: simper11 ($120 in chips)
Seat 2: SmellyToes4u ($305.56 in chips)
SmellyToes4u: posts small blind $1
simper11: posts big blind $3
*** HOLE CARDS ***
SmellyToes4u: raises $3 to $6
simper11: folds
Uncalled bet ($3) returned to SmellyToes4u
SmellyToes4u collected $6 from pot
SmellyToes4u: doesn't show hand
*** SUMMARY ***
Total pot $6 | Rake $0
Seat 1: simper11 (big blind) folded before Flop
Seat 2: SmellyToes4u (button) (small blind) collected ($6)


PokerStars Hand #145750767501:  Hold'em Limit ($3/$6 USD) - 2015/12/22 13:51:57 ET
Table 'Ceraskia' 2-max Seat #1 is the button
Seat 1: simper11 ($120 in chips)
Seat 2: SmellyToes4u ($304.56 in chips)
simper11: posts small blind $1
SmellyToes4u: posts big blind $3
*** HOLE CARDS ***
simper11: folds
Uncalled bet ($2) returned to SmellyToes4u
SmellyToes4u collected $2 from pot
SmellyToes4u: doesn't show hand
*** SUMMARY ***
Total pot $2 | Rake $0
Seat 1: simper11 (button) (small blind) folded before Flop
Seat 2: SmellyToes4u (big blind) collected ($2)


PokerStars Hand #145750748569:  Hold'em Limit ($3/$6 USD) - 2015/12/22 13:51:38 ET
Table 'Ceraskia' 2-max Seat #2 is the button
Seat 1: simper11 ($120 in chips)
Seat 2: SmellyToes4u ($263.06 in chips)
SmellyToes4u: posts small blind $1
simper11: posts big blind $3
*** HOLE CARDS ***
SmellyToes4u: raises $3 to $6
simper11: calls $3
*** FLOP *** [4d 3d 8h]
simper11: checks
SmellyToes4u: bets $3
simper11: raises $3 to $6
SmellyToes4u: calls $3
*** TURN *** [4d 3d 8h] [5s]
simper11: bets $6
SmellyToes4u: calls $6
*** RIVER *** [4d 3d 8h 5s] [Jd]
simper11: bets $6
SmellyToes4u: raises $6 to $12
simper11: raises $6 to $18
SmellyToes4u: raises $6 to $24
Betting is capped
simper11: calls $6
*** SHOW DOWN ***
SmellyToes4u: shows [Ad Qd] (a flush, Ace high)
simper11: mucks hand
SmellyToes4u collected $83.50 from pot
*** SUMMARY ***
Total pot $84 | Rake $0.50
Board [4d 3d 8h 5s Jd]
Seat 1: simper11 (big blind) mucked
Seat 2: SmellyToes4u (button) (small blind) showed [Ad Qd] and won ($83.50) with a flush, Ace high


PokerStars Hand #145750732760:  Hold'em Limit ($3/$6 USD) - 2015/12/22 13:51:21 ET
Table 'Ceraskia' 2-max Seat #1 is the button
Seat 1: simper11 ($121 in chips)
Seat 2: SmellyToes4u ($254.42 in chips)
simper11: posts small blind $1
SmellyToes4u: posts big blind $3
*** HOLE CARDS ***
simper11: raises $3 to $6
SmellyToes4u: calls $3
*** FLOP *** [3c 9c Qd]
SmellyToes4u: checks
simper11: bets $3
SmellyToes4u: raises $3 to $6
simper11: folds
Uncalled bet ($3) returned to SmellyToes4u
SmellyToes4u collected $17.64 from pot
SmellyToes4u: doesn't show hand
*** SUMMARY ***
Total pot $18 | Rake $0.36
Board [3c 9c Qd]
Seat 1: simper11 (button) (small blind) folded on the Flop
Seat 2: SmellyToes4u (big blind) collected ($17.64)


PokerStars Hand #145750835661:  Hold'em Limit ($3/$6 USD) - 2015/12/22 13:53:07 ET
Table 'Ceraskia' 2-max Seat #1 is the button
Seat 1: simper11 ($128.50 in chips)
Seat 2: SmellyToes4u ($305.82 in chips)
simper11: posts small blind $1
SmellyToes4u: posts big blind $3
*** HOLE CARDS ***
simper11: folds
Uncalled bet ($2) returned to SmellyToes4u
SmellyToes4u collected $2 from pot
SmellyToes4u: doesn't show hand
*** SUMMARY ***
Total pot $2 | Rake $0
Seat 1: simper11 (button) (small blind) folded before Flop
Seat 2: SmellyToes4u (big blind) collected ($2)


PokerStars Hand #145750821431:  Hold'em Limit ($3/$6 USD) - 2015/12/22 13:52:53 ET
Table 'Ceraskia' 2-max Seat #2 is the button
Seat 1: simper11 ($143.50 in chips)
Seat 2: SmellyToes4u ($291.32 in chips)
SmellyToes4u: posts small blind $1
simper11: posts big blind $3
*** HOLE CARDS ***
SmellyToes4u: raises $3 to $6
simper11: calls $3
*** FLOP *** [6d 7h Js]
simper11: checks
SmellyToes4u: bets $3
simper11: calls $3
*** TURN *** [6d 7h Js] [4h]
simper11: checks
SmellyToes4u: bets $6
simper11: calls $6
*** RIVER *** [6d 7h Js 4h] [5c]
simper11: checks
SmellyToes4u: checks
*** SHOW DOWN ***
simper11: shows [Ks 6s] (a pair of Sixes)
SmellyToes4u: shows [Th 7d] (a pair of Sevens)
SmellyToes4u collected $29.50 from pot
*** SUMMARY ***
Total pot $30 | Rake $0.50
Board [6d 7h Js 4h 5c]
Seat 1: simper11 (big blind) showed [Ks 6s] and lost with a pair of Sixes
Seat 2: SmellyToes4u (button) (small blind) showed [Th 7d] and won ($29.50) with a pair of Sevens


PokerStars Hand #145750804580:  Hold'em Limit ($3/$6 USD) - 2015/12/22 13:52:35 ET
Table 'Ceraskia' 2-max Seat #1 is the button
Seat 1: simper11 ($120 in chips)
Seat 2: SmellyToes4u ($315.32 in chips)
simper11: posts small blind $1
SmellyToes4u: posts big blind $3
*** HOLE CARDS ***
simper11: raises $3 to $6
SmellyToes4u: calls $3
*** FLOP *** [9h 5s Ad]
SmellyToes4u: checks
simper11: bets $3
SmellyToes4u: raises $3 to $6
simper11: calls $3
*** TURN *** [9h 5s Ad] [3s]
SmellyToes4u: bets $6
simper11: raises $6 to $12
SmellyToes4u: calls $6
*** RIVER *** [9h 5s Ad 3s] [3d]
SmellyToes4u: checks
simper11: bets $6
SmellyToes4u: folds
Uncalled bet ($6) returned to simper11
simper11 collected $47.50 from pot
simper11: doesn't show hand
*** SUMMARY ***
Total pot $48 | Rake $0.50
Board [9h 5s Ad 3s 3d]
Seat 1: simper11 (button) (small blind) collected ($47.50)
Seat 2: SmellyToes4u (big blind) folded on the River


PokerStars Hand #145750796701:  Hold'em Limit ($3/$6 USD) - 2015/12/22 13:52:27 ET
Table 'Ceraskia' 2-max Seat #2 is the button
Seat 1: simper11 ($120 in chips)
Seat 2: SmellyToes4u ($309.56 in chips)
SmellyToes4u: posts small blind $1
simper11: posts big blind $3
*** HOLE CARDS ***
SmellyToes4u: raises $3 to $6
simper11: calls $3
*** FLOP *** [Qc 7c 7s]
simper11: checks
SmellyToes4u: bets $3
simper11: folds
Uncalled bet ($3) returned to SmellyToes4u
SmellyToes4u collected $11.76 from pot
SmellyToes4u: doesn't show hand
*** SUMMARY ***
Total pot $12 | Rake $0.24
Board [Qc 7c 7s]
Seat 1: simper11 (big blind) folded on the Flop
Seat 2: SmellyToes4u (button) (small blind) collected ($11.76)


PokerStars Hand #145750791681:  Hold'em Limit ($3/$6 USD) - 2015/12/22 13:52:22 ET
Table 'Ceraskia' 2-max Seat #1 is the button
Seat 1: simper11 ($120 in chips)
Seat 2: SmellyToes4u ($308.56 in chips)
simper11: posts small blind $1
SmellyToes4u: posts big blind $3
*** HOLE CARDS ***
simper11: folds
Uncalled bet ($2) returned to SmellyToes4u
SmellyToes4u collected $2 from pot
SmellyToes4u: doesn't show hand
*** SUMMARY ***
Total pot $2 | Rake $0
Seat 1: simper11 (button) (small blind) folded before Flop
Seat 2: SmellyToes4u (big blind) collected ($2)


PokerStars Hand #145750895176:  Hold'em Limit ($3/$6 USD) - 2015/12/22 13:54:08 ET
Table 'Ceraskia' 2-max Seat #2 is the button
Seat 1: simper11 ($133.65 in chips)
Seat 2: SmellyToes4u ($299.33 in chips)
SmellyToes4u: posts small blind $1
simper11: posts big blind $3
*** HOLE CARDS ***
SmellyToes4u: raises $3 to $6
simper11: calls $3
*** FLOP *** [Kd Jd 5d]
simper11: checks
SmellyToes4u: bets $3
simper11: raises $3 to $6
SmellyToes4u: calls $3
*** TURN *** [Kd Jd 5d] [6d]
simper11: bets $6
SmellyToes4u: folds
Uncalled bet ($6) returned to simper11
simper11 collected $23.52 from pot
simper11: doesn't show hand
*** SUMMARY ***
Total pot $24 | Rake $0.48
Board [Kd Jd 5d 6d]
Seat 1: simper11 (big blind) collected ($23.52)
Seat 2: SmellyToes4u (button) (small blind) folded on the Turn


PokerStars Hand #145750890896:  Hold'em Limit ($3/$6 USD) - 2015/12/22 13:54:04 ET
Table 'Ceraskia' 2-max Seat #1 is the button
Seat 1: simper11 ($134.65 in chips)
Seat 2: SmellyToes4u ($298.33 in chips)
simper11: posts small blind $1
SmellyToes4u: posts big blind $3
*** HOLE CARDS ***
simper11: folds
Uncalled bet ($2) returned to SmellyToes4u
SmellyToes4u collected $2 from pot
SmellyToes4u: doesn't show hand
*** SUMMARY ***
Total pot $2 | Rake $0
Seat 1: simper11 (button) (small blind) folded before Flop
Seat 2: SmellyToes4u (big blind) collected ($2)


PokerStars Hand #145750875048:  Hold'em Limit ($3/$6 USD) - 2015/12/22 13:53:48 ET
Table 'Ceraskia' 2-max Seat #2 is the button
Seat 1: simper11 ($134.90 in chips)
Seat 2: SmellyToes4u ($298.58 in chips)
SmellyToes4u: posts small blind $1
simper11: posts big blind $3
*** HOLE CARDS ***
SmellyToes4u: raises $3 to $6
simper11: calls $3
*** FLOP *** [5s 5h 4s]
simper11: checks
SmellyToes4u: bets $3
simper11: raises $3 to $6
SmellyToes4u: calls $3
*** TURN *** [5s 5h 4s] [8s]
simper11: bets $6
SmellyToes4u: calls $6
*** RIVER *** [5s 5h 4s 8s] [8h]
simper11: bets $6
SmellyToes4u: raises $6 to $12
simper11: calls $6
*** SHOW DOWN ***
SmellyToes4u: shows [Ks 5d] (a full house, Fives full of Eights)
simper11: shows [5c Js] (a full house, Fives full of Eights)
simper11 collected $29.75 from pot
SmellyToes4u collected $29.75 from pot
*** SUMMARY ***
Total pot $60 | Rake $0.50
Board [5s 5h 4s 8s 8h]
Seat 1: simper11 (big blind) showed [5c Js] and won ($29.75) with a full house, Fives full of Eights
Seat 2: SmellyToes4u (button) (small blind) showed [Ks 5d] and won ($29.75) with a full house, Fives full of Eights


PokerStars Hand #145750866687:  Hold'em Limit ($3/$6 USD) - 2015/12/22 13:53:39 ET
Table 'Ceraskia' 2-max Seat #1 is the button
Seat 1: simper11 ($129.14 in chips)
Seat 2: SmellyToes4u ($304.58 in chips)
simper11: posts small blind $1
SmellyToes4u: posts big blind $3
*** HOLE CARDS ***
simper11: raises $3 to $6
SmellyToes4u: calls $3
*** FLOP *** [3c 8d 9d]
SmellyToes4u: checks
simper11: bets $3
SmellyToes4u: folds
Uncalled bet ($3) returned to simper11
simper11 collected $11.76 from pot
simper11: doesn't show hand
*** SUMMARY ***
Total pot $12 | Rake $0.24
Board [3c 8d 9d]
Seat 1: simper11 (button) (small blind) collected ($11.76)
Seat 2: SmellyToes4u (big blind) folded on the Flop


PokerStars Hand #145750857891:  Hold'em Limit ($3/$6 USD) - 2015/12/22 13:53:30 ET
Table 'Ceraskia' 2-max Seat #2 is the button
Seat 1: simper11 ($135.14 in chips)
Seat 2: SmellyToes4u ($298.82 in chips)
SmellyToes4u: posts small blind $1
simper11: posts big blind $3
*** HOLE CARDS ***
SmellyToes4u: raises $3 to $6
simper11: calls $3
*** FLOP *** [Kc 2s Ts]
simper11: checks
SmellyToes4u: bets $3
simper11: folds
Uncalled bet ($3) returned to SmellyToes4u
SmellyToes4u collected $11.76 from pot
SmellyToes4u: doesn't show hand
*** SUMMARY ***
Total pot $12 | Rake $0.24
Board [Kc 2s Ts]
Seat 1: simper11 (big blind) folded on the Flop
Seat 2: SmellyToes4u (button) (small blind) collected ($11.76)


PokerStars Hand #145750853603:  Hold'em Limit ($3/$6 USD) - 2015/12/22 13:53:26 ET
Table 'Ceraskia' 2-max Seat #1 is the button
Seat 1: simper11 ($136.14 in chips)
Seat 2: SmellyToes4u ($297.82 in chips)
simper11: posts small blind $1
SmellyToes4u: posts big blind $3
*** HOLE CARDS ***
simper11: folds
Uncalled bet ($2) returned to SmellyToes4u
SmellyToes4u collected $2 from pot
SmellyToes4u: doesn't show hand
*** SUMMARY ***
Total pot $2 | Rake $0
Seat 1: simper11 (button) (small blind) folded before Flop
Seat 2: SmellyToes4u (big blind) collected ($2)


PokerStars Hand #145750839736:  Hold'em Limit ($3/$6 USD) - 2015/12/22 13:53:11 ET
Table 'Ceraskia' 2-max Seat #2 is the button
Seat 1: simper11 ($127.50 in chips)
Seat 2: SmellyToes4u ($306.82 in chips)
SmellyToes4u: posts small blind $1
simper11: posts big blind $3
*** HOLE CARDS ***
SmellyToes4u: raises $3 to $6
simper11: calls $3
*** FLOP *** [3d 9h Ts]
simper11: checks
SmellyToes4u: bets $3
simper11: calls $3
*** TURN *** [3d 9h Ts] [As]
simper11: checks
SmellyToes4u: checks
*** RIVER *** [3d 9h Ts As] [6h]
simper11: bets $6
SmellyToes4u: folds
Uncalled bet ($6) returned to simper11
simper11 collected $17.64 from pot
simper11: doesn't show hand
*** SUMMARY ***
Total pot $18 | Rake $0.36
Board [3d 9h Ts As 6h]
Seat 1: simper11 (big blind) collected ($17.64)
Seat 2: SmellyToes4u (button) (small blind) folded on the River


PokerStars Hand #145750946714:  Hold'em Limit ($3/$6 USD) - 2015/12/22 13:55:01 ET
Table 'Ceraskia' 2-max Seat #2 is the button
Seat 1: simper11 ($120 in chips)
Seat 2: SmellyToes4u ($322.33 in chips)
SmellyToes4u: posts small blind $1
simper11: posts big blind $3
*** HOLE CARDS ***
SmellyToes4u: raises $3 to $6
simper11: calls $3
*** FLOP *** [9c 6d Jh]
simper11: checks
SmellyToes4u: bets $3
simper11: calls $3
*** TURN *** [9c 6d Jh] [8s]
simper11: checks
SmellyToes4u: bets $6
simper11: calls $6
*** RIVER *** [9c 6d Jh 8s] [Jc]
simper11: checks
SmellyToes4u: bets $6
simper11: folds
Uncalled bet ($6) returned to SmellyToes4u
SmellyToes4u collected $29.50 from pot
SmellyToes4u: doesn't show hand
*** SUMMARY ***
Total pot $30 | Rake $0.50
Board [9c 6d Jh 8s Jc]
Seat 1: simper11 (big blind) folded on the River
Seat 2: SmellyToes4u (button) (small blind) collected ($29.50)


PokerStars Hand #145750931915:  Hold'em Limit ($3/$6 USD) - 2015/12/22 13:54:46 ET
Table 'Ceraskia' 2-max Seat #1 is the button
Seat 1: simper11 ($129.93 in chips)
Seat 2: SmellyToes4u ($301.83 in chips)
simper11: posts small blind $1
SmellyToes4u: posts big blind $3
*** HOLE CARDS ***
simper11: raises $3 to $6
SmellyToes4u: calls $3
*** FLOP *** [4c 6d 6c]
SmellyToes4u: checks
simper11: bets $3
SmellyToes4u: calls $3
*** TURN *** [4c 6d 6c] [6h]
SmellyToes4u: checks
simper11: bets $6
SmellyToes4u: calls $6
*** RIVER *** [4c 6d 6c 6h] [9c]
SmellyToes4u: checks
simper11: bets $6
SmellyToes4u: calls $6
*** SHOW DOWN ***
simper11: shows [Qd Kd] (three of a kind, Sixes)
SmellyToes4u: shows [5c Qc] (a flush, Queen high)
SmellyToes4u collected $41.50 from pot
*** SUMMARY ***
Total pot $42 | Rake $0.50
Board [4c 6d 6c 6h 9c]
Seat 1: simper11 (button) (small blind) showed [Qd Kd] and lost with three of a kind, Sixes
Seat 2: SmellyToes4u (big blind) showed [5c Qc] and won ($41.50) with a flush, Queen high


PokerStars Hand #145750914388:  Hold'em Limit ($3/$6 USD) - 2015/12/22 13:54:28 ET
Table 'Ceraskia' 2-max Seat #2 is the button
Seat 1: simper11 ($150.93 in chips)
Seat 2: SmellyToes4u ($281.33 in chips)
SmellyToes4u: posts small blind $1
simper11: posts big blind $3
*** HOLE CARDS ***
SmellyToes4u: raises $3 to $6
simper11: calls $3
*** FLOP *** [Ts 8h 7d]
simper11: checks
SmellyToes4u: bets $3
simper11: calls $3
*** TURN *** [Ts 8h 7d] [4c]
simper11: checks
SmellyToes4u: bets $6
simper11: calls $6
*** RIVER *** [Ts 8h 7d 4c] [Ks]
simper11: checks
SmellyToes4u: bets $6
simper11: calls $6
*** SHOW DOWN ***
SmellyToes4u: shows [Js 8s] (a pair of Eights)
simper11: mucks hand
SmellyToes4u collected $41.50 from pot
*** SUMMARY ***
Total pot $42 | Rake $0.50
Board [Ts 8h 7d 4c Ks]
Seat 1: simper11 (big blind) mucked
Seat 2: SmellyToes4u (button) (small blind) showed [Js 8s] and won ($41.50) with a pair of Eights


PokerStars Hand #145750906313:  Hold'em Limit ($3/$6 USD) - 2015/12/22 13:54:20 ET
Table 'Ceraskia' 2-max Seat #1 is the button
Seat 1: simper11 ($145.17 in chips)
Seat 2: SmellyToes4u ($287.33 in chips)
simper11: posts small blind $1
SmellyToes4u: posts big blind $3
*** HOLE CARDS ***
simper11: raises $3 to $6
SmellyToes4u: calls $3
*** FLOP *** [Ks 3c Th]
SmellyToes4u: checks
simper11: bets $3
SmellyToes4u: folds
Uncalled bet ($3) returned to simper11
simper11 collected $11.76 from pot
simper11: doesn't show hand
*** SUMMARY ***
Total pot $12 | Rake $0.24
Board [Ks 3c Th]
Seat 1: simper11 (button) (small blind) collected ($11.76)
Seat 2: SmellyToes4u (big blind) folded on the Flop


PokerStars Hand #145750989745:  Hold'em Limit ($3/$6 USD) - 2015/12/22 13:55:56 ET
Table 'Ceraskia' 2-max Seat #2 is the button
Seat 1: simper11 ($140.16 in chips)
Seat 2: SmellyToes4u ($315.83 in chips)
SmellyToes4u: posts small blind $1
simper11: posts big blind $3
*** HOLE CARDS ***
SmellyToes4u: raises $3 to $6
simper11: calls $3
*** FLOP *** [4c 2s 5d]
simper11: checks
SmellyToes4u: bets $3
simper11: calls $3
*** TURN *** [4c 2s 5d] [Kd]
simper11: checks
SmellyToes4u: bets $6
simper11: calls $6
*** RIVER *** [4c 2s 5d Kd] [5c]
simper11: checks
SmellyToes4u: bets $6
simper11: folds
Uncalled bet ($6) returned to SmellyToes4u
SmellyToes4u collected $29.50 from pot
SmellyToes4u: doesn't show hand
*** SUMMARY ***
Total pot $30 | Rake $0.50
Board [4c 2s 5d Kd 5c]
Seat 1: simper11 (big blind) folded on the River
Seat 2: SmellyToes4u (button) (small blind) collected ($29.50)


PokerStars Hand #145750983188:  Hold'em Limit ($3/$6 USD) - 2015/12/22 13:55:47 ET
Table 'Ceraskia' 2-max Seat #1 is the button
Seat 1: simper11 ($134.40 in chips)
Seat 2: SmellyToes4u ($321.83 in chips)
simper11: posts small blind $1
SmellyToes4u: posts big blind $3
*** HOLE CARDS ***
simper11: raises $3 to $6
SmellyToes4u: calls $3
*** FLOP *** [Jd 4s Kc]
SmellyToes4u: checks
simper11: bets $3
SmellyToes4u: folds
Uncalled bet ($3) returned to simper11
simper11 collected $11.76 from pot
simper11: doesn't show hand
*** SUMMARY ***
Total pot $12 | Rake $0.24
Board [Jd 4s Kc]
Seat 1: simper11 (button) (small blind) collected ($11.76)
Seat 2: SmellyToes4u (big blind) folded on the Flop


PokerStars Hand #145750970126:  Hold'em Limit ($3/$6 USD) - 2015/12/22 13:55:29 ET
Table 'Ceraskia' 2-max Seat #2 is the button
Seat 1: simper11 ($125.76 in chips)
Seat 2: SmellyToes4u ($330.83 in chips)
SmellyToes4u: posts small blind $1
simper11: posts big blind $3
*** HOLE CARDS ***
SmellyToes4u: raises $3 to $6
simper11: calls $3
*** FLOP *** [6d 3h Td]
simper11: checks
SmellyToes4u: bets $3
simper11: calls $3
*** TURN *** [6d 3h Td] [3d]
simper11: checks
SmellyToes4u: checks
*** RIVER *** [6d 3h Td 3d] [4c]
simper11: checks
SmellyToes4u: checks
*** SHOW DOWN ***
simper11: shows [Qh 9d] (a pair of Threes)
SmellyToes4u: mucks hand
simper11 collected $17.64 from pot
*** SUMMARY ***
Total pot $18 | Rake $0.36
Board [6d 3h Td 3d 4c]
Seat 1: simper11 (big blind) showed [Qh 9d] and won ($17.64) with a pair of Threes
Seat 2: SmellyToes4u (button) (small blind) mucked


PokerStars Hand #145750963493:  Hold'em Limit ($3/$6 USD) - 2015/12/22 13:55:20 ET
Table 'Ceraskia' 2-max Seat #1 is the button
Seat 1: simper11 ($120 in chips)
Seat 2: SmellyToes4u ($336.83 in chips)
simper11: posts small blind $1
SmellyToes4u: posts big blind $3
*** HOLE CARDS ***
simper11: raises $3 to $6
SmellyToes4u: calls $3
*** FLOP *** [Js Ts Jd]
SmellyToes4u: checks
simper11: bets $3
SmellyToes4u: folds
Uncalled bet ($3) returned to simper11
simper11 collected $11.76 from pot
simper11: doesn't show hand
*** SUMMARY ***
Total pot $12 | Rake $0.24
Board [Js Ts Jd]
Seat 1: simper11 (button) (small blind) collected ($11.76)
Seat 2: SmellyToes4u (big blind) folded on the Flop


PokerStars Hand #145751039397:  Hold'em Limit ($3/$6 USD) - 2015/12/22 13:57:02 ET
Table 'Ceraskia' 2-max Seat #2 is the button
Seat 1: simper11 ($131.64 in chips)
Seat 2: SmellyToes4u ($326.97 in chips)
SmellyToes4u: posts small blind $1
simper11: posts big blind $3
*** HOLE CARDS ***
SmellyToes4u: raises $3 to $6
simper11: calls $3
*** FLOP *** [Kh 3s Ah]
simper11: checks
SmellyToes4u: bets $3
simper11: folds
Uncalled bet ($3) returned to SmellyToes4u
SmellyToes4u collected $11.76 from pot
SmellyToes4u: doesn't show hand
*** SUMMARY ***
Total pot $12 | Rake $0.24
Board [Kh 3s Ah]
Seat 1: simper11 (big blind) folded on the Flop
Seat 2: SmellyToes4u (button) (small blind) collected ($11.76)


PokerStars Hand #145751034795:  Hold'em Limit ($3/$6 USD) - 2015/12/22 13:56:56 ET
Table 'Ceraskia' 2-max Seat #1 is the button
Seat 1: simper11 ($128.64 in chips)
Seat 2: SmellyToes4u ($329.97 in chips)
simper11: posts small blind $1
SmellyToes4u: posts big blind $3
*** HOLE CARDS ***
simper11: raises $3 to $6
SmellyToes4u: folds
Uncalled bet ($3) returned to simper11
simper11 collected $6 from pot
simper11: doesn't show hand
*** SUMMARY ***
Total pot $6 | Rake $0
Seat 1: simper11 (button) (small blind) collected ($6)
Seat 2: SmellyToes4u (big blind) folded before Flop


PokerStars Hand #145751023275:  Hold'em Limit ($3/$6 USD) - 2015/12/22 13:56:40 ET
Table 'Ceraskia' 2-max Seat #2 is the button
Seat 1: simper11 ($120 in chips)
Seat 2: SmellyToes4u ($338.97 in chips)
SmellyToes4u: posts small blind $1
simper11: posts big blind $3
*** HOLE CARDS ***
SmellyToes4u: raises $3 to $6
simper11: calls $3
*** FLOP *** [Jc Ah 6s]
simper11: checks
SmellyToes4u: bets $3
simper11: calls $3
*** TURN *** [Jc Ah 6s] [2d]
simper11: checks
SmellyToes4u: checks
*** RIVER *** [Jc Ah 6s 2d] [Kc]
simper11: checks
SmellyToes4u: checks
*** SHOW DOWN ***
simper11: shows [6d Qs] (a pair of Sixes)
SmellyToes4u: mucks hand
simper11 collected $17.64 from pot
*** SUMMARY ***
Total pot $18 | Rake $0.36
Board [Jc Ah 6s 2d Kc]
Seat 1: simper11 (big blind) showed [6d Qs] and won ($17.64) with a pair of Sixes
Seat 2: SmellyToes4u (button) (small blind) mucked


PokerStars Hand #145751006963:  Hold'em Limit ($3/$6 USD) - 2015/12/22 13:56:19 ET
Table 'Ceraskia' 2-max Seat #1 is the button
Seat 1: simper11 ($125.16 in chips)
Seat 2: SmellyToes4u ($330.33 in chips)
simper11: posts small blind $1
SmellyToes4u: posts big blind $3
*** HOLE CARDS ***
simper11: raises $3 to $6
SmellyToes4u: calls $3
*** FLOP *** [Ad Ts 5c]
SmellyToes4u: checks
simper11: bets $3
SmellyToes4u: calls $3
*** TURN *** [Ad Ts 5c] [Kc]
SmellyToes4u: checks
simper11: checks
*** RIVER *** [Ad Ts 5c Kc] [4s]
SmellyToes4u: bets $6
simper11: folds
Uncalled bet ($6) returned to SmellyToes4u
SmellyToes4u collected $17.64 from pot
SmellyToes4u: doesn't show hand
*** SUMMARY ***
Total pot $18 | Rake $0.36
Board [Ad Ts 5c Kc 4s]
Seat 1: simper11 (button) (small blind) folded on the River
Seat 2: SmellyToes4u (big blind) collected ($17.64)


PokerStars Hand #145751098495:  Hold'em Limit ($3/$6 USD) - 2015/12/22 13:58:19 ET
Table 'Ceraskia' 2-max Seat #1 is the button
Seat 1: simper11 ($121.14 in chips)
Seat 2: SmellyToes4u ($335.77 in chips)
simper11: posts small blind $1
SmellyToes4u: posts big blind $3
*** HOLE CARDS ***
simper11: raises $3 to $6
SmellyToes4u: folds
Uncalled bet ($3) returned to simper11
simper11 collected $6 from pot
simper11: doesn't show hand
*** SUMMARY ***
Total pot $6 | Rake $0
Seat 1: simper11 (button) (small blind) collected ($6)
Seat 2: SmellyToes4u (big blind) folded before Flop


PokerStars Hand #145751091702:  Hold'em Limit ($3/$6 USD) - 2015/12/22 13:58:10 ET
Table 'Ceraskia' 2-max Seat #2 is the button
Seat 1: simper11 ($127.14 in chips)
Seat 2: SmellyToes4u ($330.01 in chips)
SmellyToes4u: posts small blind $1
simper11: posts big blind $3
*** HOLE CARDS ***
SmellyToes4u: raises $3 to $6
simper11: calls $3
*** FLOP *** [8c Qc Tc]
simper11: checks
SmellyToes4u: bets $3
simper11: folds
Uncalled bet ($3) returned to SmellyToes4u
SmellyToes4u collected $11.76 from pot
SmellyToes4u: doesn't show hand
*** SUMMARY ***
Total pot $12 | Rake $0.24
Board [8c Qc Tc]
Seat 1: simper11 (big blind) folded on the Flop
Seat 2: SmellyToes4u (button) (small blind) collected ($11.76)


PokerStars Hand #145751087857:  Hold'em Limit ($3/$6 USD) - 2015/12/22 13:58:05 ET
Table 'Ceraskia' 2-max Seat #1 is the button
Seat 1: simper11 ($128.14 in chips)
Seat 2: SmellyToes4u ($329.01 in chips)
simper11: posts small blind $1
SmellyToes4u: posts big blind $3
*** HOLE CARDS ***
simper11: folds
Uncalled bet ($2) returned to SmellyToes4u
SmellyToes4u collected $2 from pot
SmellyToes4u: doesn't show hand
*** SUMMARY ***
Total pot $2 | Rake $0
Seat 1: simper11 (button) (small blind) folded before Flop
Seat 2: SmellyToes4u (big blind) collected ($2)


PokerStars Hand #145751077889:  Hold'em Limit ($3/$6 USD) - 2015/12/22 13:57:52 ET
Table 'Ceraskia' 2-max Seat #2 is the button
Seat 1: simper11 ($137.14 in chips)
Seat 2: SmellyToes4u ($320.37 in chips)
SmellyToes4u: posts small blind $1
simper11: posts big blind $3
*** HOLE CARDS ***
SmellyToes4u: raises $3 to $6
simper11: calls $3
*** FLOP *** [2c Ts 3d]
simper11: checks
SmellyToes4u: bets $3
simper11: calls $3
*** TURN *** [2c Ts 3d] [3s]
simper11: checks
SmellyToes4u: bets $6
simper11: folds
Uncalled bet ($6) returned to SmellyToes4u
SmellyToes4u collected $17.64 from pot
SmellyToes4u: doesn't show hand
*** SUMMARY ***
Total pot $18 | Rake $0.36
Board [2c Ts 3d 3s]
Seat 1: simper11 (big blind) folded on the Turn
Seat 2: SmellyToes4u (button) (small blind) collected ($17.64)


PokerStars Hand #145751067557:  Hold'em Limit ($3/$6 USD) - 2015/12/22 13:57:38 ET
Table 'Ceraskia' 2-max Seat #1 is the button
Seat 1: simper11 ($146.14 in chips)
Seat 2: SmellyToes4u ($311.73 in chips)
simper11: posts small blind $1
SmellyToes4u: posts big blind $3
*** HOLE CARDS ***
simper11: raises $3 to $6
SmellyToes4u: calls $3
*** FLOP *** [Qc 2c 2d]
SmellyToes4u: checks
simper11: bets $3
SmellyToes4u: raises $3 to $6
simper11: folds
Uncalled bet ($3) returned to SmellyToes4u
SmellyToes4u collected $17.64 from pot
SmellyToes4u: doesn't show hand
*** SUMMARY ***
Total pot $18 | Rake $0.36
Board [Qc 2c 2d]
Seat 1: simper11 (button) (small blind) folded on the Flop
Seat 2: SmellyToes4u (big blind) collected ($17.64)


PokerStars Hand #145751062935:  Hold'em Limit ($3/$6 USD) - 2015/12/22 13:57:32 ET
Table 'Ceraskia' 2-max Seat #2 is the button
Seat 1: simper11 ($149.14 in chips)
Seat 2: SmellyToes4u ($308.73 in chips)
SmellyToes4u: posts small blind $1
simper11: posts big blind $3
*** HOLE CARDS ***
SmellyToes4u: raises $3 to $6
simper11: folds
Uncalled bet ($3) returned to SmellyToes4u
SmellyToes4u collected $6 from pot
SmellyToes4u: doesn't show hand
*** SUMMARY ***
Total pot $6 | Rake $0
Seat 1: simper11 (big blind) folded before Flop
Seat 2: SmellyToes4u (button) (small blind) collected ($6)


PokerStars Hand #145751048254:  Hold'em Limit ($3/$6 USD) - 2015/12/22 13:57:13 ET
Table 'Ceraskia' 2-max Seat #1 is the button
Seat 1: simper11 ($125.64 in chips)
Seat 2: SmellyToes4u ($332.73 in chips)
simper11: posts small blind $1
SmellyToes4u: posts big blind $3
*** HOLE CARDS ***
simper11: raises $3 to $6
SmellyToes4u: raises $3 to $9
simper11: calls $3
*** FLOP *** [Qs As Ts]
SmellyToes4u: bets $3
simper11: calls $3
*** TURN *** [Qs As Ts] [4d]
SmellyToes4u: checks
simper11: bets $6
SmellyToes4u: calls $6
*** RIVER *** [Qs As Ts 4d] [2d]
SmellyToes4u: checks
simper11: bets $6
SmellyToes4u: calls $6
*** SHOW DOWN ***
simper11: shows [9d Qc] (a pair of Queens)
SmellyToes4u: mucks hand
simper11 collected $47.50 from pot
*** SUMMARY ***
Total pot $48 | Rake $0.50
Board [Qs As Ts 4d 2d]
Seat 1: simper11 (button) (small blind) showed [9d Qc] and won ($47.50) with a pair of Queens
Seat 2: SmellyToes4u (big blind) mucked


PokerStars Hand #145751130331:  Hold'em Limit ($3/$6 USD) - 2015/12/22 13:59:00 ET
Table 'Ceraskia' 2-max Seat #2 is the button
Seat 1: simper11 ($168.16 in chips)
Seat 2: SmellyToes4u ($287.77 in chips)
SmellyToes4u: posts small blind $1
simper11: posts big blind $3
*** HOLE CARDS ***
SmellyToes4u: raises $3 to $6
simper11: calls $3
*** FLOP *** [8h Ad Js]
simper11: checks
SmellyToes4u: bets $3
simper11: folds
Uncalled bet ($3) returned to SmellyToes4u
SmellyToes4u collected $11.76 from pot
SmellyToes4u: doesn't show hand
*** SUMMARY ***
Total pot $12 | Rake $0.24
Board [8h Ad Js]
Seat 1: simper11 (big blind) folded on the Flop
Seat 2: SmellyToes4u (button) (small blind) collected ($11.76)


PokerStars Hand #145751113918:  Hold'em Limit ($3/$6 USD) - 2015/12/22 13:58:39 ET
Table 'Ceraskia' 2-max Seat #1 is the button
Seat 1: simper11 ($135.66 in chips)
Seat 2: SmellyToes4u ($320.77 in chips)
simper11: posts small blind $1
SmellyToes4u: posts big blind $3
*** HOLE CARDS ***
simper11: raises $3 to $6
SmellyToes4u: calls $3
*** FLOP *** [Qc 7c 7h]
SmellyToes4u: checks
simper11: bets $3
SmellyToes4u: calls $3
*** TURN *** [Qc 7c 7h] [Qs]
SmellyToes4u: checks
simper11: bets $6
SmellyToes4u: calls $6
*** RIVER *** [Qc 7c 7h Qs] [Ks]
SmellyToes4u: checks
simper11: bets $6
SmellyToes4u: raises $6 to $12
simper11: raises $6 to $18
SmellyToes4u: calls $6
*** SHOW DOWN ***
simper11: shows [Js Qh] (a full house, Queens full of Sevens)
SmellyToes4u: mucks hand
simper11 collected $65.50 from pot
*** SUMMARY ***
Total pot $66 | Rake $0.50
Board [Qc 7c 7h Qs Ks]
Seat 1: simper11 (button) (small blind) showed [Js Qh] and won ($65.50) with a full house, Queens full of Sevens
Seat 2: SmellyToes4u (big blind) mucked


PokerStars Hand #145751102130:  Hold'em Limit ($3/$6 USD) - 2015/12/22 13:58:24 ET
Table 'Ceraskia' 2-max Seat #2 is the button
Seat 1: simper11 ($124.14 in chips)
Seat 2: SmellyToes4u ($332.77 in chips)
SmellyToes4u: posts small blind $1
simper11: posts big blind $3
*** HOLE CARDS ***
SmellyToes4u: raises $3 to $6
simper11: calls $3
*** FLOP *** [Ts Th 2c]
simper11: checks
SmellyToes4u: bets $3
simper11: raises $3 to $6
SmellyToes4u: calls $3
*** TURN *** [Ts Th 2c] [4d]
simper11: bets $6
SmellyToes4u: folds
Uncalled bet ($6) returned to simper11
simper11 collected $23.52 from pot
simper11: doesn't show hand
*** SUMMARY ***
Total pot $24 | Rake $0.48
Board [Ts Th 2c 4d]
Seat 1: simper11 (big blind) collected ($23.52)
Seat 2: SmellyToes4u (button) (small blind) folded on the Turn


PokerStars Hand #145751172948:  Hold'em Limit ($3/$6 USD) - 2015/12/22 13:59:56 ET
Table 'Ceraskia' 2-max Seat #2 is the button
Seat 1: simper11 ($175.66 in chips)
Seat 2: SmellyToes4u ($279.17 in chips)
SmellyToes4u: posts small blind $1
simper11: posts big blind $3
*** HOLE CARDS ***
SmellyToes4u: raises $3 to $6
simper11: calls $3
*** FLOP *** [5c 8c 4s]
simper11: checks
SmellyToes4u: bets $3
simper11: folds
Uncalled bet ($3) returned to SmellyToes4u
SmellyToes4u collected $11.76 from pot
SmellyToes4u: doesn't show hand
*** SUMMARY ***
Total pot $12 | Rake $0.24
Board [5c 8c 4s]
Seat 1: simper11 (big blind) folded on the Flop
Seat 2: SmellyToes4u (button) (small blind) collected ($11.76)


PokerStars Hand #145751163893:  Hold'em Limit ($3/$6 USD) - 2015/12/22 13:59:44 ET
Table 'Ceraskia' 2-max Seat #1 is the button
Seat 1: simper11 ($184.66 in chips)
Seat 2: SmellyToes4u ($270.53 in chips)
simper11: posts small blind $1
SmellyToes4u: posts big blind $3
*** HOLE CARDS ***
simper11: raises $3 to $6
SmellyToes4u: calls $3
*** FLOP *** [7d 2c Kh]
SmellyToes4u: checks
simper11: bets $3
SmellyToes4u: raises $3 to $6
simper11: folds
Uncalled bet ($3) returned to SmellyToes4u
SmellyToes4u collected $17.64 from pot
SmellyToes4u: doesn't show hand
*** SUMMARY ***
Total pot $18 | Rake $0.36
Board [7d 2c Kh]
Seat 1: simper11 (button) (small blind) folded on the Flop
Seat 2: SmellyToes4u (big blind) collected ($17.64)


PokerStars Hand #145751159982:  Hold'em Limit ($3/$6 USD) - 2015/12/22 13:59:39 ET
Table 'Ceraskia' 2-max Seat #2 is the button
Seat 1: simper11 ($187.66 in chips)
Seat 2: SmellyToes4u ($267.53 in chips)
SmellyToes4u: posts small blind $1
simper11: posts big blind $3
*** HOLE CARDS ***
SmellyToes4u: raises $3 to $6
simper11: folds
Uncalled bet ($3) returned to SmellyToes4u
SmellyToes4u collected $6 from pot
SmellyToes4u: doesn't show hand
*** SUMMARY ***
Total pot $6 | Rake $0
Seat 1: simper11 (big blind) folded before Flop
Seat 2: SmellyToes4u (button) (small blind) collected ($6)


PokerStars Hand #145751155615:  Hold'em Limit ($3/$6 USD) - 2015/12/22 13:59:34 ET
Table 'Ceraskia' 2-max Seat #1 is the button
Seat 1: simper11 ($188.66 in chips)
Seat 2: SmellyToes4u ($266.53 in chips)
simper11: posts small blind $1
SmellyToes4u: posts big blind $3
*** HOLE CARDS ***
simper11: folds
Uncalled bet ($2) returned to SmellyToes4u
SmellyToes4u collected $2 from pot
SmellyToes4u: doesn't show hand
*** SUMMARY ***
Total pot $2 | Rake $0
Seat 1: simper11 (button) (small blind) folded before Flop
Seat 2: SmellyToes4u (big blind) collected ($2)


PokerStars Hand #145751151716:  Hold'em Limit ($3/$6 USD) - 2015/12/22 13:59:28 ET
Table 'Ceraskia' 2-max Seat #2 is the button
Seat 1: simper11 ($191.66 in chips)
Seat 2: SmellyToes4u ($263.53 in chips)
SmellyToes4u: posts small blind $1
simper11: posts big blind $3
*** HOLE CARDS ***
SmellyToes4u: raises $3 to $6
simper11: folds
Uncalled bet ($3) returned to SmellyToes4u
SmellyToes4u collected $6 from pot
SmellyToes4u: doesn't show hand
*** SUMMARY ***
Total pot $6 | Rake $0
Seat 1: simper11 (big blind) folded before Flop
Seat 2: SmellyToes4u (button) (small blind) collected ($6)


PokerStars Hand #145751139052:  Hold'em Limit ($3/$6 USD) - 2015/12/22 13:59:12 ET
Table 'Ceraskia' 2-max Seat #1 is the button
Seat 1: simper11 ($162.16 in chips)
Seat 2: SmellyToes4u ($293.53 in chips)
simper11: posts small blind $1
SmellyToes4u: posts big blind $3
*** HOLE CARDS ***
simper11: raises $3 to $6
SmellyToes4u: calls $3
*** FLOP *** [7h 2s Jh]
SmellyToes4u: checks
simper11: bets $3
SmellyToes4u: raises $3 to $6
simper11: calls $3
*** TURN *** [7h 2s Jh] [7c]
SmellyToes4u: bets $6
simper11: raises $6 to $12
SmellyToes4u: calls $6
*** RIVER *** [7h 2s Jh 7c] [6d]
SmellyToes4u: checks
simper11: bets $6
SmellyToes4u: calls $6
*** SHOW DOWN ***
simper11: shows [9c 7d] (three of a kind, Sevens)
SmellyToes4u: mucks hand
simper11 collected $59.50 from pot
*** SUMMARY ***
Total pot $60 | Rake $0.50
Board [7h 2s Jh 7c 6d]
Seat 1: simper11 (button) (small blind) showed [9c 7d] and won ($59.50) with three of a kind, Sevens
Seat 2: SmellyToes4u (big blind) mucked


PokerStars Hand #145751235177:  Hold'em Limit ($3/$6 USD) - 2015/12/22 14:01:11 ET
Table 'Ceraskia' 2-max Seat #2 is the button
Seat 1: simper11 ($231.16 in chips)
Seat 2: SmellyToes4u ($221.93 in chips)
SmellyToes4u: posts small blind $1
simper11: posts big blind $3
*** HOLE CARDS ***
SmellyToes4u: raises $3 to $6
simper11: calls $3
*** FLOP *** [7c Ah Tc]
simper11: checks
SmellyToes4u: bets $3
simper11: folds
Uncalled bet ($3) returned to SmellyToes4u
SmellyToes4u collected $11.76 from pot
SmellyToes4u: doesn't show hand
*** SUMMARY ***
Total pot $12 | Rake $0.24
Board [7c Ah Tc]
Seat 1: simper11 (big blind) folded on the Flop
Seat 2: SmellyToes4u (button) (small blind) collected ($11.76)


PokerStars Hand #145751220209:  Hold'em Limit ($3/$6 USD) - 2015/12/22 14:00:54 ET
Table 'Ceraskia' 2-max Seat #1 is the button
Seat 1: simper11 ($207.66 in chips)
Seat 2: SmellyToes4u ($245.93 in chips)
simper11: posts small blind $1
SmellyToes4u: posts big blind $3
*** HOLE CARDS ***
simper11: raises $3 to $6
SmellyToes4u: raises $3 to $9
simper11: calls $3
*** FLOP *** [Js 8s 2s]
SmellyToes4u: bets $3
simper11: calls $3
*** TURN *** [Js 8s 2s] [Kh]
SmellyToes4u: bets $6
simper11: calls $6
*** RIVER *** [Js 8s 2s Kh] [9h]
SmellyToes4u: checks
simper11: bets $6
SmellyToes4u: calls $6
*** SHOW DOWN ***
simper11: shows [Tc Jh] (a pair of Jacks)
SmellyToes4u: mucks hand
simper11 collected $47.50 from pot
*** SUMMARY ***
Total pot $48 | Rake $0.50
Board [Js 8s 2s Kh 9h]
Seat 1: simper11 (button) (small blind) showed [Tc Jh] and won ($47.50) with a pair of Jacks
Seat 2: SmellyToes4u (big blind) mucked


PokerStars Hand #145751206683:  Hold'em Limit ($3/$6 USD) - 2015/12/22 14:00:38 ET
Table 'Ceraskia' 2-max Seat #2 is the button
Seat 1: simper11 ($193.16 in chips)
Seat 2: SmellyToes4u ($260.93 in chips)
SmellyToes4u: posts small blind $1
simper11: posts big blind $3
*** HOLE CARDS ***
SmellyToes4u: raises $3 to $6
simper11: calls $3
*** FLOP *** [Td As Jh]
simper11: checks
SmellyToes4u: bets $3
simper11: calls $3
*** TURN *** [Td As Jh] [Ks]
simper11: checks
SmellyToes4u: bets $6
simper11: calls $6
*** RIVER *** [Td As Jh Ks] [6s]
simper11: checks
SmellyToes4u: checks
*** SHOW DOWN ***
simper11: shows [9c Js] (a pair of Jacks)
SmellyToes4u: mucks hand
simper11 collected $29.50 from pot
*** SUMMARY ***
Total pot $30 | Rake $0.50
Board [Td As Jh Ks 6s]
Seat 1: simper11 (big blind) showed [9c Js] and won ($29.50) with a pair of Jacks
Seat 2: SmellyToes4u (button) (small blind) mucked


PokerStars Hand #145751202079:  Hold'em Limit ($3/$6 USD) - 2015/12/22 14:00:32 ET
Table 'Ceraskia' 2-max Seat #1 is the button
Seat 1: simper11 ($194.16 in chips)
Seat 2: SmellyToes4u ($259.93 in chips)
simper11: posts small blind $1
SmellyToes4u: posts big blind $3
*** HOLE CARDS ***
simper11: folds
Uncalled bet ($2) returned to SmellyToes4u
SmellyToes4u collected $2 from pot
*** SUMMARY ***
Total pot $2 | Rake $0
Seat 1: simper11 (button) (small blind) folded before Flop
Seat 2: SmellyToes4u (big blind) collected ($2)


PokerStars Hand #145751198065:  Hold'em Limit ($3/$6 USD) - 2015/12/22 14:00:27 ET
Table 'Ceraskia' 2-max Seat #2 is the button
Seat 1: simper11 ($193.16 in chips)
Seat 2: SmellyToes4u ($260.93 in chips)
SmellyToes4u: posts small blind $1
simper11: posts big blind $3
*** HOLE CARDS ***
SmellyToes4u: folds
Uncalled bet ($2) returned to simper11
simper11 collected $2 from pot
simper11: doesn't show hand
*** SUMMARY ***
Total pot $2 | Rake $0
Seat 1: simper11 (big blind) collected ($2)
Seat 2: SmellyToes4u (button) (small blind) folded before Flop


PokerStars Hand #145751180855:  Hold'em Limit ($3/$6 USD) - 2015/12/22 14:00:07 ET
Table 'Ceraskia' 2-max Seat #1 is the button
Seat 1: simper11 ($169.66 in chips)
Seat 2: SmellyToes4u ($284.93 in chips)
simper11: posts small blind $1
SmellyToes4u: posts big blind $3
*** HOLE CARDS ***
simper11: raises $3 to $6
SmellyToes4u: raises $3 to $9
simper11: calls $3
*** FLOP *** [Jh 8d 5c]
SmellyToes4u: bets $3
simper11: calls $3
*** TURN *** [Jh 8d 5c] [Ts]
SmellyToes4u: checks
simper11: bets $6
SmellyToes4u: calls $6
*** RIVER *** [Jh 8d 5c Ts] [Js]
SmellyToes4u: checks
simper11: bets $6
SmellyToes4u: calls $6
*** SHOW DOWN ***
simper11: shows [Tc 9d] (two pair, Jacks and Tens)
SmellyToes4u: mucks hand
simper11 collected $47.50 from pot
*** SUMMARY ***
Total pot $48 | Rake $0.50
Board [Jh 8d 5c Ts Js]
Seat 1: simper11 (button) (small blind) showed [Tc 9d] and won ($47.50) with two pair, Jacks and Tens
Seat 2: SmellyToes4u (big blind) mucked


PokerStars Hand #145751287119:  Hold'em Limit ($3/$6 USD) - 2015/12/22 14:02:09 ET
Table 'Ceraskia' 2-max Seat #2 is the button
Seat 1: simper11 ($189.16 in chips)
Seat 2: SmellyToes4u ($262.47 in chips)
SmellyToes4u: posts small blind $1
simper11: posts big blind $3
*** HOLE CARDS ***
SmellyToes4u: raises $3 to $6
simper11: calls $3
*** FLOP *** [Qh 8d 4d]
simper11: checks
SmellyToes4u: bets $3
simper11: folds
Uncalled bet ($3) returned to SmellyToes4u
SmellyToes4u collected $11.76 from pot
SmellyToes4u: doesn't show hand
*** SUMMARY ***
Total pot $12 | Rake $0.24
Board [Qh 8d 4d]
Seat 1: simper11 (big blind) folded on the Flop
Seat 2: SmellyToes4u (button) (small blind) collected ($11.76)


PokerStars Hand #145751272212:  Hold'em Limit ($3/$6 USD) - 2015/12/22 14:01:53 ET
Table 'Ceraskia' 2-max Seat #1 is the button
Seat 1: simper11 ($207.16 in chips)
Seat 2: SmellyToes4u ($244.97 in chips)
simper11: posts small blind $1
SmellyToes4u: posts big blind $3
*** HOLE CARDS ***
simper11: raises $3 to $6
SmellyToes4u: calls $3
*** FLOP *** [Td 8c 7c]
SmellyToes4u: checks
simper11: bets $3
SmellyToes4u: raises $3 to $6
simper11: calls $3
*** TURN *** [Td 8c 7c] [7h]
SmellyToes4u: bets $6
simper11: calls $6
*** RIVER *** [Td 8c 7c 7h] [Jh]
SmellyToes4u: bets $6
simper11: folds
Uncalled bet ($6) returned to SmellyToes4u
SmellyToes4u collected $35.50 from pot
SmellyToes4u: doesn't show hand
*** SUMMARY ***
Total pot $36 | Rake $0.50
Board [Td 8c 7c 7h Jh]
Seat 1: simper11 (button) (small blind) folded on the River
Seat 2: SmellyToes4u (big blind) collected ($35.50)


PokerStars Hand #145751261277:  Hold'em Limit ($3/$6 USD) - 2015/12/22 14:01:41 ET
Table 'Ceraskia' 2-max Seat #2 is the button
Seat 1: simper11 ($219.16 in chips)
Seat 2: SmellyToes4u ($233.45 in chips)
SmellyToes4u: posts small blind $1
simper11: posts big blind $3
*** HOLE CARDS ***
SmellyToes4u: raises $3 to $6
simper11: raises $3 to $9
SmellyToes4u: calls $3
*** FLOP *** [Jc 4s 4h]
simper11: bets $3
SmellyToes4u: raises $3 to $6
simper11: folds
Uncalled bet ($3) returned to SmellyToes4u
SmellyToes4u collected $23.52 from pot
SmellyToes4u: doesn't show hand
*** SUMMARY ***
Total pot $24 | Rake $0.48
Board [Jc 4s 4h]
Seat 1: simper11 (big blind) folded on the Flop
Seat 2: SmellyToes4u (button) (small blind) collected ($23.52)


PokerStars Hand #145751245335:  Hold'em Limit ($3/$6 USD) - 2015/12/22 14:01:23 ET
Table 'Ceraskia' 2-max Seat #1 is the button
Seat 1: simper11 ($225.16 in chips)
Seat 2: SmellyToes4u ($227.69 in chips)
simper11: posts small blind $1
SmellyToes4u: posts big blind $3
*** HOLE CARDS ***
simper11: raises $3 to $6
SmellyToes4u: calls $3
*** FLOP *** [Js 2d Ts]
SmellyToes4u: checks
simper11: checks
*** TURN *** [Js 2d Ts] [4s]
SmellyToes4u: bets $6
simper11: folds
Uncalled bet ($6) returned to SmellyToes4u
SmellyToes4u collected $11.76 from pot
SmellyToes4u: doesn't show hand
*** SUMMARY ***
Total pot $12 | Rake $0.24
Board [Js 2d Ts 4s]
Seat 1: simper11 (button) (small blind) folded on the Turn
Seat 2: SmellyToes4u (big blind) collected ($11.76)


PokerStars Hand #145751302454:  Hold'em Limit ($3/$6 USD) - 2015/12/22 14:02:25 ET
Table 'Ceraskia' 2-max Seat #2 is the button
Seat 1: simper11 ($182.16 in chips)
Seat 2: SmellyToes4u ($269.23 in chips)
SmellyToes4u: posts small blind $1
simper11: posts big blind $3
*** HOLE CARDS ***
SmellyToes4u: folds
Uncalled bet ($2) returned to simper11
simper11 collected $2 from pot
simper11: doesn't show hand
*** SUMMARY ***
Total pot $2 | Rake $0
Seat 1: simper11 (big blind) collected ($2)
Seat 2: SmellyToes4u (button) (small blind) folded before Flop


PokerStars Hand #145751298096:  Hold'em Limit ($3/$6 USD) - 2015/12/22 14:02:21 ET
Table 'Ceraskia' 2-max Seat #1 is the button
Seat 1: simper11 ($183.16 in chips)
Seat 2: SmellyToes4u ($268.23 in chips)
simper11: posts small blind $1
SmellyToes4u: posts big blind $3
*** HOLE CARDS ***
simper11: folds
Uncalled bet ($2) returned to SmellyToes4u
SmellyToes4u collected $2 from pot
SmellyToes4u: doesn't show hand
*** SUMMARY ***
Total pot $2 | Rake $0
Seat 1: simper11 (button) (small blind) folded before Flop
Seat 2: SmellyToes4u (big blind) collected ($2)


PokerStars Hand #145751306898:  Hold'em Limit ($3/$6 USD) - 2015/12/22 14:02:30 ET
Table 'Ceraskia' 2-max Seat #1 is the button
Seat 1: simper11 ($183.16 in chips)
Seat 2: SmellyToes4u ($268.23 in chips)
simper11: posts small blind $1
SmellyToes4u: posts big blind $3
*** HOLE CARDS ***
simper11: raises $3 to $6
SmellyToes4u: calls $3
*** FLOP *** [9h Tc Kd]
SmellyToes4u: checks
simper11: bets $3
SmellyToes4u: folds
Uncalled bet ($3) returned to simper11
simper11 collected $11.76 from pot
simper11: doesn't show hand
*** SUMMARY ***
Total pot $12 | Rake $0.24
Board [9h Tc Kd]
Seat 1: simper11 (button) (small blind) collected ($11.76)
Seat 2: SmellyToes4u (big blind) folded on the Flop


PokerStars Hand #145751316957:  Hold'em Limit ($3/$6 USD) - 2015/12/22 14:02:40 ET
Table 'Ceraskia' 2-max Seat #2 is the button
Seat 1: simper11 ($188.92 in chips)
Seat 2: SmellyToes4u ($262.23 in chips)
SmellyToes4u: posts small blind $1
simper11: posts big blind $3
*** HOLE CARDS ***
SmellyToes4u: raises $3 to $6
simper11: raises $3 to $9
SmellyToes4u: calls $3
*** FLOP *** [5s 8c 2h]
simper11: bets $3
SmellyToes4u: calls $3
*** TURN *** [5s 8c 2h] [6c]
simper11: checks
SmellyToes4u: bets $6
simper11: folds
Uncalled bet ($6) returned to SmellyToes4u
SmellyToes4u collected $23.52 from pot
SmellyToes4u: doesn't show hand
*** SUMMARY ***
Total pot $24 | Rake $0.48
Board [5s 8c 2h 6c]
Seat 1: simper11 (big blind) folded on the Turn
Seat 2: SmellyToes4u (button) (small blind) collected ($23.52)


PokerStars Hand #145751339272:  Hold'em Limit ($3/$6 USD) - 2015/12/22 14:03:02 ET
Table 'Ceraskia' 2-max Seat #1 is the button
Seat 1: simper11 ($176.92 in chips)
Seat 2: SmellyToes4u ($273.75 in chips)
simper11: posts small blind $1
SmellyToes4u: posts big blind $3
*** HOLE CARDS ***
simper11: raises $3 to $6
SmellyToes4u: calls $3
*** FLOP *** [8c 9c Jh]
SmellyToes4u: checks
simper11: bets $3
SmellyToes4u: calls $3
*** TURN *** [8c 9c Jh] [Jd]
SmellyToes4u: checks
simper11: bets $6
SmellyToes4u: calls $6
*** RIVER *** [8c 9c Jh Jd] [Kd]
SmellyToes4u: checks
simper11: checks
*** SHOW DOWN ***
SmellyToes4u: shows [9d 7h] (two pair, Jacks and Nines)
simper11: mucks hand
SmellyToes4u collected $29.50 from pot
*** SUMMARY ***
Total pot $30 | Rake $0.50
Board [8c 9c Jh Jd Kd]
Seat 1: simper11 (button) (small blind) mucked
Seat 2: SmellyToes4u (big blind) showed [9d 7h] and won ($29.50) with two pair, Jacks and Nines


PokerStars Hand #145751362282:  Hold'em Limit ($3/$6 USD) - 2015/12/22 14:03:26 ET
Table 'Ceraskia' 2-max Seat #2 is the button
Seat 1: simper11 ($161.92 in chips)
Seat 2: SmellyToes4u ($288.25 in chips)
SmellyToes4u: posts small blind $1
simper11: posts big blind $3
*** HOLE CARDS ***
SmellyToes4u: raises $3 to $6
simper11: calls $3
*** FLOP *** [9h 8h 9d]
simper11: checks
SmellyToes4u: bets $3
simper11: folds
Uncalled bet ($3) returned to SmellyToes4u
SmellyToes4u collected $11.76 from pot
SmellyToes4u: doesn't show hand
*** SUMMARY ***
Total pot $12 | Rake $0.24
Board [9h 8h 9d]
Seat 1: simper11 (big blind) folded on the Flop
Seat 2: SmellyToes4u (button) (small blind) collected ($11.76)


PokerStars Hand #145751377819:  Hold'em Limit ($3/$6 USD) - 2015/12/22 14:03:42 ET
Table 'Ceraskia' 2-max Seat #1 is the button
Seat 1: simper11 ($155.92 in chips)
Seat 2: SmellyToes4u ($294.01 in chips)
simper11: posts small blind $1
SmellyToes4u: posts big blind $3
*** HOLE CARDS ***
simper11: raises $3 to $6
SmellyToes4u: raises $3 to $9
simper11: calls $3
*** FLOP *** [Jd 5s 2d]
SmellyToes4u: bets $3
simper11: folds
Uncalled bet ($3) returned to SmellyToes4u
SmellyToes4u collected $17.64 from pot
SmellyToes4u: doesn't show hand
*** SUMMARY ***
Total pot $18 | Rake $0.36
Board [Jd 5s 2d]
Seat 1: simper11 (button) (small blind) folded on the Flop
Seat 2: SmellyToes4u (big blind) collected ($17.64)


PokerStars Hand #145751394530:  Hold'em Limit ($3/$6 USD) - 2015/12/22 14:03:59 ET
Table 'Ceraskia' 2-max Seat #2 is the button
Seat 1: simper11 ($146.92 in chips)
Seat 2: SmellyToes4u ($302.65 in chips)
SmellyToes4u: posts small blind $1
simper11: posts big blind $3
*** HOLE CARDS ***
SmellyToes4u: raises $3 to $6
simper11: calls $3
*** FLOP *** [6c Kh Ac]
simper11: checks
SmellyToes4u: bets $3
simper11: calls $3
*** TURN *** [6c Kh Ac] [Qd]
simper11: checks
SmellyToes4u: bets $6
simper11: calls $6
*** RIVER *** [6c Kh Ac Qd] [3s]
simper11: checks
SmellyToes4u: bets $6
simper11: calls $6
*** SHOW DOWN ***
SmellyToes4u: shows [Ad Th] (a pair of Aces)
simper11: mucks hand
SmellyToes4u collected $41.50 from pot
*** SUMMARY ***
Total pot $42 | Rake $0.50
Board [6c Kh Ac Qd 3s]
Seat 1: simper11 (big blind) mucked
Seat 2: SmellyToes4u (button) (small blind) showed [Ad Th] and won ($41.50) with a pair of Aces


PokerStars Hand #145751591672:  Hold'em Limit ($3/$6 USD) - 2015/12/22 14:07:17 ET
Table 'Ceraskia' 2-max Seat #1 is the button
Seat 1: simper11 ($125.92 in chips)
Seat 2: SmellyToes4u ($323.15 in chips)
simper11: posts small blind $1
SmellyToes4u: posts big blind $3
*** HOLE CARDS ***
simper11: folds
Uncalled bet ($2) returned to SmellyToes4u
SmellyToes4u collected $2 from pot
SmellyToes4u: doesn't show hand
*** SUMMARY ***
Total pot $2 | Rake $0
Seat 1: simper11 (button) (small blind) folded before Flop
Seat 2: SmellyToes4u (big blind) collected ($2)


PokerStars Hand #145751601027:  Hold'em Limit ($3/$6 USD) - 2015/12/22 14:07:26 ET
Table 'Ceraskia' 2-max Seat #2 is the button
Seat 1: simper11 ($124.92 in chips)
Seat 2: SmellyToes4u ($324.15 in chips)
SmellyToes4u: posts small blind $1
simper11: posts big blind $3
*** HOLE CARDS ***
SmellyToes4u: raises $3 to $6
simper11: calls $3
*** FLOP *** [4d Jh Tc]
simper11: checks
SmellyToes4u: bets $3
simper11: folds
Uncalled bet ($3) returned to SmellyToes4u
SmellyToes4u collected $11.76 from pot
SmellyToes4u: doesn't show hand
*** SUMMARY ***
Total pot $12 | Rake $0.24
Board [4d Jh Tc]
Seat 1: simper11 (big blind) folded on the Flop
Seat 2: SmellyToes4u (button) (small blind) collected ($11.76)


PokerStars Hand #145751628657:  Hold'em Limit ($3/$6 USD) - 2015/12/22 14:07:54 ET
Table 'Ceraskia' 2-max Seat #1 is the button
Seat 1: simper11 ($120 in chips)
Seat 2: SmellyToes4u ($329.91 in chips)
simper11: posts small blind $1
SmellyToes4u: posts big blind $3
*** HOLE CARDS ***
simper11: raises $3 to $6
SmellyToes4u: calls $3
*** FLOP *** [8c 3c 2h]
SmellyToes4u: checks
simper11: bets $3
SmellyToes4u: folds
Uncalled bet ($3) returned to simper11
simper11 collected $11.76 from pot
simper11: doesn't show hand
*** SUMMARY ***
Total pot $12 | Rake $0.24
Board [8c 3c 2h]
Seat 1: simper11 (button) (small blind) collected ($11.76)
Seat 2: SmellyToes4u (big blind) folded on the Flop


PokerStars Hand #145751656974:  Hold'em Limit ($3/$6 USD) - 2015/12/22 14:08:23 ET
Table 'Ceraskia' 2-max Seat #2 is the button
Seat 1: simper11 ($125.76 in chips)
Seat 2: SmellyToes4u ($323.91 in chips)
SmellyToes4u: posts small blind $1
simper11: posts big blind $3
*** HOLE CARDS ***
SmellyToes4u: folds
Uncalled bet ($2) returned to simper11
simper11 collected $2 from pot
simper11: doesn't show hand
*** SUMMARY ***
Total pot $2 | Rake $0
Seat 1: simper11 (big blind) collected ($2)
Seat 2: SmellyToes4u (button) (small blind) folded before Flop


PokerStars Hand #145751663364:  Hold'em Limit ($3/$6 USD) - 2015/12/22 14:08:29 ET
Table 'Ceraskia' 2-max Seat #1 is the button
Seat 1: simper11 ($126.76 in chips)
Seat 2: SmellyToes4u ($322.91 in chips)
simper11: posts small blind $1
SmellyToes4u: posts big blind $3
*** HOLE CARDS ***
simper11: raises $3 to $6
SmellyToes4u: calls $3
*** FLOP *** [7s Ts Td]
SmellyToes4u: checks
simper11: bets $3
SmellyToes4u: raises $3 to $6
simper11: folds
Uncalled bet ($3) returned to SmellyToes4u
SmellyToes4u collected $17.64 from pot
SmellyToes4u: doesn't show hand
*** SUMMARY ***
Total pot $18 | Rake $0.36
Board [7s Ts Td]
Seat 1: simper11 (button) (small blind) folded on the Flop
Seat 2: SmellyToes4u (big blind) collected ($17.64)


PokerStars Hand #145751696536:  Hold'em Limit ($3/$6 USD) - 2015/12/22 14:09:02 ET
Table 'Ceraskia' 2-max Seat #2 is the button
Seat 1: simper11 ($120 in chips)
Seat 2: SmellyToes4u ($331.55 in chips)
SmellyToes4u: posts small blind $1
simper11: posts big blind $3
*** HOLE CARDS ***
SmellyToes4u: raises $3 to $6
simper11: calls $3
*** FLOP *** [Tc 4c 5h]
simper11: checks
SmellyToes4u: bets $3
simper11: raises $3 to $6
SmellyToes4u: calls $3
*** TURN *** [Tc 4c 5h] [6c]
simper11: bets $6
SmellyToes4u: calls $6
*** RIVER *** [Tc 4c 5h 6c] [4d]
simper11: bets $6
SmellyToes4u: raises $6 to $12
simper11: calls $6
*** SHOW DOWN ***
SmellyToes4u: shows [4s 8s] (three of a kind, Fours)
simper11: mucks hand
SmellyToes4u collected $59.50 from pot
*** SUMMARY ***
Total pot $60 | Rake $0.50
Board [Tc 4c 5h 6c 4d]
Seat 1: simper11 (big blind) mucked
Seat 2: SmellyToes4u (button) (small blind) showed [4s 8s] and won ($59.50) with three of a kind, Fours


PokerStars Hand #145751718678:  Hold'em Limit ($3/$6 USD) - 2015/12/22 14:09:25 ET
Table 'Ceraskia' 2-max Seat #1 is the button
Seat 1: simper11 ($120 in chips)
Seat 2: SmellyToes4u ($361.05 in chips)
simper11: posts small blind $1
SmellyToes4u: posts big blind $3
*** HOLE CARDS ***
simper11: raises $3 to $6
SmellyToes4u: calls $3
*** FLOP *** [Qd Qh 9s]
SmellyToes4u: checks
simper11: bets $3
SmellyToes4u: folds
Uncalled bet ($3) returned to simper11
simper11 collected $11.76 from pot
simper11: doesn't show hand
*** SUMMARY ***
Total pot $12 | Rake $0.24
Board [Qd Qh 9s]
Seat 1: simper11 (button) (small blind) collected ($11.76)
Seat 2: SmellyToes4u (big blind) folded on the Flop


PokerStars Hand #145751730229:  Hold'em Limit ($3/$6 USD) - 2015/12/22 14:09:36 ET
Table 'Ceraskia' 2-max Seat #2 is the button
Seat 1: simper11 ($125.76 in chips)
Seat 2: SmellyToes4u ($355.05 in chips)
SmellyToes4u: posts small blind $1
simper11: posts big blind $3
*** HOLE CARDS ***
SmellyToes4u: raises $3 to $6
simper11: raises $3 to $9
SmellyToes4u: calls $3
*** FLOP *** [9c 5h Kh]
simper11: bets $3
SmellyToes4u: folds
Uncalled bet ($3) returned to simper11
simper11 collected $17.64 from pot
simper11: doesn't show hand
*** SUMMARY ***
Total pot $18 | Rake $0.36
Board [9c 5h Kh]
Seat 1: simper11 (big blind) collected ($17.64)
Seat 2: SmellyToes4u (button) (small blind) folded on the Flop


PokerStars Hand #145751751152:  Hold'em Limit ($3/$6 USD) - 2015/12/22 14:09:57 ET
Table 'Ceraskia' 2-max Seat #1 is the button
Seat 1: simper11 ($134.40 in chips)
Seat 2: SmellyToes4u ($346.05 in chips)
simper11: posts small blind $1
SmellyToes4u: posts big blind $3
*** HOLE CARDS ***
simper11: raises $3 to $6
SmellyToes4u: calls $3
*** FLOP *** [Kh 3s Jh]
SmellyToes4u: checks
simper11: bets $3
SmellyToes4u: calls $3
*** TURN *** [Kh 3s Jh] [Qh]
SmellyToes4u: checks
simper11: bets $6
SmellyToes4u: calls $6
*** RIVER *** [Kh 3s Jh Qh] [3d]
SmellyToes4u: checks
simper11: checks
*** SHOW DOWN ***
SmellyToes4u: shows [Kc Ac] (two pair, Kings and Threes)
simper11: mucks hand
SmellyToes4u collected $29.50 from pot
*** SUMMARY ***
Total pot $30 | Rake $0.50
Board [Kh 3s Jh Qh 3d]
Seat 1: simper11 (button) (small blind) mucked
Seat 2: SmellyToes4u (big blind) showed [Kc Ac] and won ($29.50) with two pair, Kings and Threes


PokerStars Hand #145751771295:  Hold'em Limit ($3/$6 USD) - 2015/12/22 14:10:18 ET
Table 'Ceraskia' 2-max Seat #2 is the button
Seat 1: simper11 ($120 in chips)
Seat 2: SmellyToes4u ($360.55 in chips)
SmellyToes4u: posts small blind $1
simper11: posts big blind $3
*** HOLE CARDS ***
SmellyToes4u: raises $3 to $6
simper11: calls $3
*** FLOP *** [Tc 2d Ah]
simper11: checks
SmellyToes4u: bets $3
simper11: raises $3 to $6
SmellyToes4u: calls $3
*** TURN *** [Tc 2d Ah] [Ad]
simper11: bets $6
SmellyToes4u: calls $6
*** RIVER *** [Tc 2d Ah Ad] [Ks]
simper11: bets $6
SmellyToes4u: calls $6
*** SHOW DOWN ***
simper11: shows [4d Ac] (three of a kind, Aces)
SmellyToes4u: mucks hand
simper11 collected $47.50 from pot
*** SUMMARY ***
Total pot $48 | Rake $0.50
Board [Tc 2d Ah Ad Ks]
Seat 1: simper11 (big blind) showed [4d Ac] and won ($47.50) with three of a kind, Aces
Seat 2: SmellyToes4u (button) (small blind) mucked


PokerStars Hand #145751787849:  Hold'em Limit ($3/$6 USD) - 2015/12/22 14:10:35 ET
Table 'Ceraskia' 2-max Seat #1 is the button
Seat 1: simper11 ($143.50 in chips)
Seat 2: SmellyToes4u ($336.55 in chips)
simper11: posts small blind $1
SmellyToes4u: posts big blind $3
*** HOLE CARDS ***
simper11: raises $3 to $6
SmellyToes4u: calls $3
*** FLOP *** [Qc Js 8h]
SmellyToes4u: checks
simper11: bets $3
SmellyToes4u: folds
Uncalled bet ($3) returned to simper11
simper11 collected $11.76 from pot
simper11: doesn't show hand
*** SUMMARY ***
Total pot $12 | Rake $0.24
Board [Qc Js 8h]
Seat 1: simper11 (button) (small blind) collected ($11.76)
Seat 2: SmellyToes4u (big blind) folded on the Flop


PokerStars Hand #145751798111:  Hold'em Limit ($3/$6 USD) - 2015/12/22 14:10:45 ET
Table 'Ceraskia' 2-max Seat #2 is the button
Seat 1: simper11 ($149.26 in chips)
Seat 2: SmellyToes4u ($330.55 in chips)
SmellyToes4u: posts small blind $1
simper11: posts big blind $3
*** HOLE CARDS ***
SmellyToes4u: raises $3 to $6
simper11: calls $3
*** FLOP *** [3c 8d 7d]
simper11: checks
SmellyToes4u: bets $3
simper11: raises $3 to $6
SmellyToes4u: calls $3
*** TURN *** [3c 8d 7d] [4d]
simper11: bets $6
SmellyToes4u: calls $6
*** RIVER *** [3c 8d 7d 4d] [9d]
simper11: bets $6
SmellyToes4u: folds
Uncalled bet ($6) returned to simper11
simper11 collected $35.50 from pot
simper11: doesn't show hand
*** SUMMARY ***
Total pot $36 | Rake $0.50
Board [3c 8d 7d 4d 9d]
Seat 1: simper11 (big blind) collected ($35.50)
Seat 2: SmellyToes4u (button) (small blind) folded on the River


PokerStars Hand #145751818086:  Hold'em Limit ($3/$6 USD) - 2015/12/22 14:11:05 ET
Table 'Ceraskia' 2-max Seat #1 is the button
Seat 1: simper11 ($166.76 in chips)
Seat 2: SmellyToes4u ($312.55 in chips)
simper11: posts small blind $1
SmellyToes4u: posts big blind $3
*** HOLE CARDS ***
simper11: folds
Uncalled bet ($2) returned to SmellyToes4u
SmellyToes4u collected $2 from pot
SmellyToes4u: doesn't show hand
*** SUMMARY ***
Total pot $2 | Rake $0
Seat 1: simper11 (button) (small blind) folded before Flop
Seat 2: SmellyToes4u (big blind) collected ($2)


PokerStars Hand #145751825359:  Hold'em Limit ($3/$6 USD) - 2015/12/22 14:11:13 ET
Table 'Ceraskia' 2-max Seat #2 is the button
Seat 1: simper11 ($165.76 in chips)
Seat 2: SmellyToes4u ($313.55 in chips)
SmellyToes4u: posts small blind $1
simper11: posts big blind $3
*** HOLE CARDS ***
SmellyToes4u: raises $3 to $6
simper11: calls $3
*** FLOP *** [Ah Qd 8c]
simper11: checks
SmellyToes4u: bets $3
simper11: raises $3 to $6
SmellyToes4u: calls $3
*** TURN *** [Ah Qd 8c] [6s]
simper11: bets $6
SmellyToes4u: calls $6
*** RIVER *** [Ah Qd 8c 6s] [9c]
simper11: bets $6
SmellyToes4u: calls $6
*** SHOW DOWN ***
simper11: shows [As 4s] (a pair of Aces)
SmellyToes4u: mucks hand
simper11 collected $47.50 from pot
*** SUMMARY ***
Total pot $48 | Rake $0.50
Board [Ah Qd 8c 6s 9c]
Seat 1: simper11 (big blind) showed [As 4s] and won ($47.50) with a pair of Aces
Seat 2: SmellyToes4u (button) (small blind) mucked


PokerStars Hand #145751844703:  Hold'em Limit ($3/$6 USD) - 2015/12/22 14:11:32 ET
Table 'Ceraskia' 2-max Seat #1 is the button
Seat 1: simper11 ($189.26 in chips)
Seat 2: SmellyToes4u ($289.55 in chips)
simper11: posts small blind $1
SmellyToes4u: posts big blind $3
*** HOLE CARDS ***
simper11: raises $3 to $6
SmellyToes4u: calls $3
*** FLOP *** [4d 6c Kc]
SmellyToes4u: checks
simper11: bets $3
SmellyToes4u: folds
Uncalled bet ($3) returned to simper11
simper11 collected $11.76 from pot
simper11: doesn't show hand
*** SUMMARY ***
Total pot $12 | Rake $0.24
Board [4d 6c Kc]
Seat 1: simper11 (button) (small blind) collected ($11.76)
Seat 2: SmellyToes4u (big blind) folded on the Flop


PokerStars Hand #145751858014:  Hold'em Limit ($3/$6 USD) - 2015/12/22 14:11:46 ET
Table 'Ceraskia' 2-max Seat #2 is the button
Seat 1: simper11 ($195.02 in chips)
Seat 2: SmellyToes4u ($283.55 in chips)
SmellyToes4u: posts small blind $1
simper11: posts big blind $3
*** HOLE CARDS ***
SmellyToes4u: folds
Uncalled bet ($2) returned to simper11
simper11 collected $2 from pot
simper11: doesn't show hand
*** SUMMARY ***
Total pot $2 | Rake $0
Seat 1: simper11 (big blind) collected ($2)
Seat 2: SmellyToes4u (button) (small blind) folded before Flop


PokerStars Hand #145751862944:  Hold'em Limit ($3/$6 USD) - 2015/12/22 14:11:51 ET
Table 'Ceraskia' 2-max Seat #1 is the button
Seat 1: simper11 ($196.02 in chips)
Seat 2: SmellyToes4u ($282.55 in chips)
simper11: posts small blind $1
SmellyToes4u: posts big blind $3
*** HOLE CARDS ***
simper11: raises $3 to $6
SmellyToes4u: calls $3
*** FLOP *** [Jh Qs 8c]
SmellyToes4u: checks
simper11: bets $3
SmellyToes4u: folds
Uncalled bet ($3) returned to simper11
simper11 collected $11.76 from pot
simper11: doesn't show hand
*** SUMMARY ***
Total pot $12 | Rake $0.24
Board [Jh Qs 8c]
Seat 1: simper11 (button) (small blind) collected ($11.76)
Seat 2: SmellyToes4u (big blind) folded on the Flop


PokerStars Hand #145751882322:  Hold'em Limit ($3/$6 USD) - 2015/12/22 14:12:10 ET
Table 'Ceraskia' 2-max Seat #1 is the button
Seat 1: simper11 ($195.78 in chips)
Seat 2: SmellyToes4u ($282.31 in chips)
simper11: posts small blind $1
SmellyToes4u: posts big blind $3
*** HOLE CARDS ***
simper11: folds
Uncalled bet ($2) returned to SmellyToes4u
SmellyToes4u collected $2 from pot
SmellyToes4u: doesn't show hand
*** SUMMARY ***
Total pot $2 | Rake $0
Seat 1: simper11 (button) (small blind) folded before Flop
Seat 2: SmellyToes4u (big blind) collected ($2)


PokerStars Hand #145751872250:  Hold'em Limit ($3/$6 USD) - 2015/12/22 14:12:00 ET
Table 'Ceraskia' 2-max Seat #2 is the button
Seat 1: simper11 ($201.78 in chips)
Seat 2: SmellyToes4u ($276.55 in chips)
SmellyToes4u: posts small blind $1
simper11: posts big blind $3
*** HOLE CARDS ***
SmellyToes4u: raises $3 to $6
simper11: calls $3
*** FLOP *** [Kh 3h 2h]
simper11: checks
SmellyToes4u: bets $3
simper11: folds
Uncalled bet ($3) returned to SmellyToes4u
SmellyToes4u collected $11.76 from pot
SmellyToes4u: doesn't show hand
*** SUMMARY ***
Total pot $12 | Rake $0.24
Board [Kh 3h 2h]
Seat 1: simper11 (big blind) folded on the Flop
Seat 2: SmellyToes4u (button) (small blind) collected ($11.76)


PokerStars Hand #145751887212:  Hold'em Limit ($3/$6 USD) - 2015/12/22 14:12:15 ET
Table 'Ceraskia' 2-max Seat #2 is the button
Seat 1: simper11 ($194.78 in chips)
Seat 2: SmellyToes4u ($283.31 in chips)
SmellyToes4u: posts small blind $1
simper11: posts big blind $3
*** HOLE CARDS ***
SmellyToes4u: raises $3 to $6
simper11: folds
Uncalled bet ($3) returned to SmellyToes4u
SmellyToes4u collected $6 from pot
SmellyToes4u: doesn't show hand
*** SUMMARY ***
Total pot $6 | Rake $0
Seat 1: simper11 (big blind) folded before Flop
Seat 2: SmellyToes4u (button) (small blind) collected ($6)


PokerStars Hand #145751898296:  Hold'em Limit ($3/$6 USD) - 2015/12/22 14:12:27 ET
Table 'Ceraskia' 2-max Seat #1 is the button
Seat 1: simper11 ($191.78 in chips)
Seat 2: SmellyToes4u ($286.31 in chips)
simper11: posts small blind $1
SmellyToes4u: posts big blind $3
*** HOLE CARDS ***
simper11: folds
Uncalled bet ($2) returned to SmellyToes4u
SmellyToes4u collected $2 from pot
*** SUMMARY ***
Total pot $2 | Rake $0
Seat 1: simper11 (button) (small blind) folded before Flop
Seat 2: SmellyToes4u (big blind) collected ($2)


PokerStars Hand #145751904021:  Hold'em Limit ($3/$6 USD) - 2015/12/22 14:12:33 ET
Table 'Ceraskia' 2-max Seat #2 is the button
Seat 1: simper11 ($190.78 in chips)
Seat 2: SmellyToes4u ($287.31 in chips)
SmellyToes4u: posts small blind $1
simper11: posts big blind $3
*** HOLE CARDS ***
SmellyToes4u: folds
Uncalled bet ($2) returned to simper11
simper11 collected $2 from pot
simper11: doesn't show hand
*** SUMMARY ***
Total pot $2 | Rake $0
Seat 1: simper11 (big blind) collected ($2)
Seat 2: SmellyToes4u (button) (small blind) folded before Flop


PokerStars Hand #145751911525:  Hold'em Limit ($3/$6 USD) - 2015/12/22 14:12:40 ET
Table 'Ceraskia' 2-max Seat #1 is the button
Seat 1: simper11 ($191.78 in chips)
Seat 2: SmellyToes4u ($286.31 in chips)
simper11: posts small blind $1
SmellyToes4u: posts big blind $3
*** HOLE CARDS ***
simper11: raises $3 to $6
SmellyToes4u: calls $3
*** FLOP *** [2h 6h 9h]
SmellyToes4u: checks
simper11: bets $3
SmellyToes4u: calls $3
*** TURN *** [2h 6h 9h] [Tc]
SmellyToes4u: checks
simper11: bets $6
SmellyToes4u: folds
Uncalled bet ($6) returned to simper11
simper11 collected $17.64 from pot
simper11: doesn't show hand
*** SUMMARY ***
Total pot $18 | Rake $0.36
Board [2h 6h 9h Tc]
Seat 1: simper11 (button) (small blind) collected ($17.64)
Seat 2: SmellyToes4u (big blind) folded on the Turn


PokerStars Hand #145751926207:  Hold'em Limit ($3/$6 USD) - 2015/12/22 14:12:55 ET
Table 'Ceraskia' 2-max Seat #2 is the button
Seat 1: simper11 ($200.42 in chips)
Seat 2: SmellyToes4u ($277.31 in chips)
SmellyToes4u: posts small blind $1
simper11: posts big blind $3
*** HOLE CARDS ***
SmellyToes4u: folds
Uncalled bet ($2) returned to simper11
simper11 collected $2 from pot
simper11: doesn't show hand
*** SUMMARY ***
Total pot $2 | Rake $0
Seat 1: simper11 (big blind) collected ($2)
Seat 2: SmellyToes4u (button) (small blind) folded before Flop


PokerStars Hand #145751931732:  Hold'em Limit ($3/$6 USD) - 2015/12/22 14:13:00 ET
Table 'Ceraskia' 2-max Seat #1 is the button
Seat 1: simper11 ($201.42 in chips)
Seat 2: SmellyToes4u ($276.31 in chips)
simper11: posts small blind $1
SmellyToes4u: posts big blind $3
*** HOLE CARDS ***
simper11: raises $3 to $6
SmellyToes4u: calls $3
*** FLOP *** [Jc Ks Js]
SmellyToes4u: checks
simper11: bets $3
SmellyToes4u: calls $3
*** TURN *** [Jc Ks Js] [2d]
SmellyToes4u: checks
simper11: bets $6
SmellyToes4u: calls $6
*** RIVER *** [Jc Ks Js 2d] [6h]
SmellyToes4u: checks
simper11: checks
*** SHOW DOWN ***
SmellyToes4u: shows [8c Kc] (two pair, Kings and Jacks)
simper11: mucks hand
SmellyToes4u collected $29.50 from pot
*** SUMMARY ***
Total pot $30 | Rake $0.50
Board [Jc Ks Js 2d 6h]
Seat 1: simper11 (button) (small blind) mucked
Seat 2: SmellyToes4u (big blind) showed [8c Kc] and won ($29.50) with two pair, Kings and Jacks


PokerStars Hand #145751952572:  Hold'em Limit ($3/$6 USD) - 2015/12/22 14:13:22 ET
Table 'Ceraskia' 2-max Seat #2 is the button
Seat 1: simper11 ($186.42 in chips)
Seat 2: SmellyToes4u ($290.81 in chips)
SmellyToes4u: posts small blind $1
simper11: posts big blind $3
*** HOLE CARDS ***
SmellyToes4u: raises $3 to $6
simper11: raises $3 to $9
SmellyToes4u: calls $3
*** FLOP *** [2h 9h 4h]
simper11: bets $3
SmellyToes4u: folds
Uncalled bet ($3) returned to simper11
simper11 collected $17.64 from pot
simper11: doesn't show hand
*** SUMMARY ***
Total pot $18 | Rake $0.36
Board [2h 9h 4h]
Seat 1: simper11 (big blind) collected ($17.64)
Seat 2: SmellyToes4u (button) (small blind) folded on the Flop


PokerStars Hand #145751963755:  Hold'em Limit ($3/$6 USD) - 2015/12/22 14:13:33 ET
Table 'Ceraskia' 2-max Seat #1 is the button
Seat 1: simper11 ($195.06 in chips)
Seat 2: SmellyToes4u ($281.81 in chips)
simper11: posts small blind $1
SmellyToes4u: posts big blind $3
*** HOLE CARDS ***
simper11: raises $3 to $6
SmellyToes4u: folds
Uncalled bet ($3) returned to simper11
simper11 collected $6 from pot
simper11: doesn't show hand
*** SUMMARY ***
Total pot $6 | Rake $0
Seat 1: simper11 (button) (small blind) collected ($6)
Seat 2: SmellyToes4u (big blind) folded before Flop


PokerStars Hand #145751969410:  Hold'em Limit ($3/$6 USD) - 2015/12/22 14:13:39 ET
Table 'Ceraskia' 2-max Seat #2 is the button
Seat 1: simper11 ($198.06 in chips)
Seat 2: SmellyToes4u ($278.81 in chips)
SmellyToes4u: posts small blind $1
simper11: posts big blind $3
*** HOLE CARDS ***
SmellyToes4u: raises $3 to $6
simper11: raises $3 to $9
SmellyToes4u: calls $3
*** FLOP *** [4c 8c 7c]
simper11: bets $3
SmellyToes4u: calls $3
*** TURN *** [4c 8c 7c] [Ah]
simper11: bets $6
SmellyToes4u: calls $6
*** RIVER *** [4c 8c 7c Ah] [7h]
simper11: bets $6
SmellyToes4u: calls $6
*** SHOW DOWN ***
simper11: shows [9h 9c] (two pair, Nines and Sevens)
SmellyToes4u: shows [Kd Ks] (two pair, Kings and Sevens)
SmellyToes4u collected $47.50 from pot
*** SUMMARY ***
Total pot $48 | Rake $0.50
Board [4c 8c 7c Ah 7h]
Seat 1: simper11 (big blind) showed [9h 9c] and lost with two pair, Nines and Sevens
Seat 2: SmellyToes4u (button) (small blind) showed [Kd Ks] and won ($47.50) with two pair, Kings and Sevens


PokerStars Hand #145751986729:  Hold'em Limit ($3/$6 USD) - 2015/12/22 14:13:57 ET
Table 'Ceraskia' 2-max Seat #1 is the button
Seat 1: simper11 ($174.06 in chips)
Seat 2: SmellyToes4u ($302.31 in chips)
simper11: posts small blind $1
SmellyToes4u: posts big blind $3
*** HOLE CARDS ***
simper11: raises $3 to $6
SmellyToes4u: folds
Uncalled bet ($3) returned to simper11
simper11 collected $6 from pot
simper11: doesn't show hand
*** SUMMARY ***
Total pot $6 | Rake $0
Seat 1: simper11 (button) (small blind) collected ($6)
Seat 2: SmellyToes4u (big blind) folded before Flop


PokerStars Hand #145751991742:  Hold'em Limit ($3/$6 USD) - 2015/12/22 14:14:02 ET
Table 'Ceraskia' 2-max Seat #2 is the button
Seat 1: simper11 ($177.06 in chips)
Seat 2: SmellyToes4u ($299.31 in chips)
SmellyToes4u: posts small blind $1
simper11: posts big blind $3
*** HOLE CARDS ***
SmellyToes4u: raises $3 to $6
simper11: calls $3
*** FLOP *** [3d Th 9d]
simper11: checks
SmellyToes4u: bets $3
simper11: calls $3
*** TURN *** [3d Th 9d] [Ac]
simper11: checks
SmellyToes4u: bets $6
simper11: calls $6
*** RIVER *** [3d Th 9d Ac] [6c]
simper11: checks
SmellyToes4u: bets $6
simper11: raises $6 to $12
SmellyToes4u: calls $6
*** SHOW DOWN ***
simper11: shows [9s 6d] (two pair, Nines and Sixes)
SmellyToes4u: mucks hand
simper11 collected $53.50 from pot
*** SUMMARY ***
Total pot $54 | Rake $0.50
Board [3d Th 9d Ac 6c]
Seat 1: simper11 (big blind) showed [9s 6d] and won ($53.50) with two pair, Nines and Sixes
Seat 2: SmellyToes4u (button) (small blind) mucked


PokerStars Hand #145752007839:  Hold'em Limit ($3/$6 USD) - 2015/12/22 14:14:18 ET
Table 'Ceraskia' 2-max Seat #1 is the button
Seat 1: simper11 ($203.56 in chips)
Seat 2: SmellyToes4u ($272.31 in chips)
simper11: posts small blind $1
SmellyToes4u: posts big blind $3
*** HOLE CARDS ***
simper11: raises $3 to $6
SmellyToes4u: calls $3
*** FLOP *** [6c Jh 8h]
SmellyToes4u: checks
simper11: bets $3
SmellyToes4u: calls $3
*** TURN *** [6c Jh 8h] [Jc]
SmellyToes4u: checks
simper11: checks
*** RIVER *** [6c Jh 8h Jc] [3s]
SmellyToes4u: checks
simper11: checks
*** SHOW DOWN ***
SmellyToes4u: shows [Qs 9d] (a pair of Jacks)
simper11: shows [Kh 5c] (a pair of Jacks - King kicker)
simper11 collected $17.64 from pot
*** SUMMARY ***
Total pot $18 | Rake $0.36
Board [6c Jh 8h Jc 3s]
Seat 1: simper11 (button) (small blind) showed [Kh 5c] and won ($17.64) with a pair of Jacks
Seat 2: SmellyToes4u (big blind) showed [Qs 9d] and lost with a pair of Jacks


PokerStars Hand #145752023769:  Hold'em Limit ($3/$6 USD) - 2015/12/22 14:14:34 ET
Table 'Ceraskia' 2-max Seat #2 is the button
Seat 1: simper11 ($212.20 in chips)
Seat 2: SmellyToes4u ($263.31 in chips)
SmellyToes4u: posts small blind $1
simper11: posts big blind $3
*** HOLE CARDS ***
SmellyToes4u: raises $3 to $6
simper11: folds
Uncalled bet ($3) returned to SmellyToes4u
SmellyToes4u collected $6 from pot
SmellyToes4u: doesn't show hand
*** SUMMARY ***
Total pot $6 | Rake $0
Seat 1: simper11 (big blind) folded before Flop
Seat 2: SmellyToes4u (button) (small blind) collected ($6)


PokerStars Hand #145752039716:  Hold'em Limit ($3/$6 USD) - 2015/12/22 14:14:50 ET
Table 'Ceraskia' 2-max Seat #2 is the button
Seat 1: simper11 ($214.96 in chips)
Seat 2: SmellyToes4u ($260.31 in chips)
SmellyToes4u: posts small blind $1
simper11: posts big blind $3
*** HOLE CARDS ***
SmellyToes4u: raises $3 to $6
simper11: folds
Uncalled bet ($3) returned to SmellyToes4u
SmellyToes4u collected $6 from pot
SmellyToes4u: doesn't show hand
*** SUMMARY ***
Total pot $6 | Rake $0
Seat 1: simper11 (big blind) folded before Flop
Seat 2: SmellyToes4u (button) (small blind) collected ($6)


PokerStars Hand #145752028949:  Hold'em Limit ($3/$6 USD) - 2015/12/22 14:14:39 ET
Table 'Ceraskia' 2-max Seat #1 is the button
Seat 1: simper11 ($209.20 in chips)
Seat 2: SmellyToes4u ($266.31 in chips)
simper11: posts small blind $1
SmellyToes4u: posts big blind $3
*** HOLE CARDS ***
simper11: raises $3 to $6
SmellyToes4u: calls $3
*** FLOP *** [Kd 8s Jh]
SmellyToes4u: checks
simper11: bets $3
SmellyToes4u: folds
Uncalled bet ($3) returned to simper11
simper11 collected $11.76 from pot
simper11: doesn't show hand
*** SUMMARY ***
Total pot $12 | Rake $0.24
Board [Kd 8s Jh]
Seat 1: simper11 (button) (small blind) collected ($11.76)
Seat 2: SmellyToes4u (big blind) folded on the Flop


PokerStars Hand #145752046765:  Hold'em Limit ($3/$6 USD) - 2015/12/22 14:14:58 ET
Table 'Ceraskia' 2-max Seat #1 is the button
Seat 1: simper11 ($211.96 in chips)
Seat 2: SmellyToes4u ($263.31 in chips)
simper11: posts small blind $1
SmellyToes4u: posts big blind $3
*** HOLE CARDS ***
simper11: raises $3 to $6
SmellyToes4u: folds
Uncalled bet ($3) returned to simper11
simper11 collected $6 from pot
simper11: doesn't show hand
*** SUMMARY ***
Total pot $6 | Rake $0
Seat 1: simper11 (button) (small blind) collected ($6)
Seat 2: SmellyToes4u (big blind) folded before Flop


PokerStars Hand #145752052009:  Hold'em Limit ($3/$6 USD) - 2015/12/22 14:15:03 ET
Table 'Ceraskia' 2-max Seat #2 is the button
Seat 1: simper11 ($214.96 in chips)
Seat 2: SmellyToes4u ($260.31 in chips)
SmellyToes4u: posts small blind $1
simper11: posts big blind $3
*** HOLE CARDS ***
SmellyToes4u: raises $3 to $6
simper11: calls $3
*** FLOP *** [7c 6h Js]
simper11: checks
SmellyToes4u: bets $3
simper11: calls $3
*** TURN *** [7c 6h Js] [3s]
simper11: checks
SmellyToes4u: checks
*** RIVER *** [7c 6h Js 3s] [5d]
simper11: bets $6
SmellyToes4u: folds
Uncalled bet ($6) returned to simper11
simper11 collected $17.64 from pot
simper11: doesn't show hand
*** SUMMARY ***
Total pot $18 | Rake $0.36
Board [7c 6h Js 3s 5d]
Seat 1: simper11 (big blind) collected ($17.64)
Seat 2: SmellyToes4u (button) (small blind) folded on the River


PokerStars Hand #145752067528:  Hold'em Limit ($3/$6 USD) - 2015/12/22 14:15:18 ET
Table 'Ceraskia' 2-max Seat #1 is the button
Seat 1: simper11 ($223.60 in chips)
Seat 2: SmellyToes4u ($251.31 in chips)
simper11: posts small blind $1
SmellyToes4u: posts big blind $3
*** HOLE CARDS ***
simper11: raises $3 to $6
SmellyToes4u: calls $3
*** FLOP *** [9h Ts 8s]
SmellyToes4u: checks
simper11: checks
*** TURN *** [9h Ts 8s] [4s]
SmellyToes4u: bets $6
simper11: folds
Uncalled bet ($6) returned to SmellyToes4u
SmellyToes4u collected $11.76 from pot
SmellyToes4u: doesn't show hand
*** SUMMARY ***
Total pot $12 | Rake $0.24
Board [9h Ts 8s 4s]
Seat 1: simper11 (button) (small blind) folded on the Turn
Seat 2: SmellyToes4u (big blind) collected ($11.76)


PokerStars Hand #145752080772:  Hold'em Limit ($3/$6 USD) - 2015/12/22 14:15:32 ET
Table 'Ceraskia' 2-max Seat #2 is the button
Seat 1: simper11 ($217.60 in chips)
Seat 2: SmellyToes4u ($257.07 in chips)
SmellyToes4u: posts small blind $1
simper11: posts big blind $3
*** HOLE CARDS ***
SmellyToes4u: raises $3 to $6
simper11: raises $3 to $9
SmellyToes4u: calls $3
*** FLOP *** [6c 9c Ks]
simper11: bets $3
SmellyToes4u: folds
Uncalled bet ($3) returned to simper11
simper11 collected $17.64 from pot
simper11: doesn't show hand
*** SUMMARY ***
Total pot $18 | Rake $0.36
Board [6c 9c Ks]
Seat 1: simper11 (big blind) collected ($17.64)
Seat 2: SmellyToes4u (button) (small blind) folded on the Flop


PokerStars Hand #145752090801:  Hold'em Limit ($3/$6 USD) - 2015/12/22 14:15:42 ET
Table 'Ceraskia' 2-max Seat #1 is the button
Seat 1: simper11 ($226.24 in chips)
Seat 2: SmellyToes4u ($248.07 in chips)
simper11: posts small blind $1
SmellyToes4u: posts big blind $3
*** HOLE CARDS ***
simper11: raises $3 to $6
SmellyToes4u: calls $3
*** FLOP *** [6h Qc Ad]
SmellyToes4u: checks
simper11: bets $3
SmellyToes4u: calls $3
*** TURN *** [6h Qc Ad] [Kd]
SmellyToes4u: checks
simper11: bets $6
SmellyToes4u: calls $6
*** RIVER *** [6h Qc Ad Kd] [As]
SmellyToes4u: checks
simper11: bets $6
SmellyToes4u: calls $6
*** SHOW DOWN ***
simper11: shows [8d Kh] (two pair, Aces and Kings)
SmellyToes4u: shows [3h Kc] (two pair, Aces and Kings)
SmellyToes4u collected $20.75 from pot
simper11 collected $20.75 from pot
*** SUMMARY ***
Total pot $42 | Rake $0.50
Board [6h Qc Ad Kd As]
Seat 1: simper11 (button) (small blind) showed [8d Kh] and won ($20.75) with two pair, Aces and Kings
Seat 2: SmellyToes4u (big blind) showed [3h Kc] and won ($20.75) with two pair, Aces and Kings


PokerStars Hand #145752111527:  Hold'em Limit ($3/$6 USD) - 2015/12/22 14:16:02 ET
Table 'Ceraskia' 2-max Seat #2 is the button
Seat 1: simper11 ($225.99 in chips)
Seat 2: SmellyToes4u ($247.82 in chips)
SmellyToes4u: posts small blind $1
simper11: posts big blind $3
*** HOLE CARDS ***
SmellyToes4u: raises $3 to $6
simper11: raises $3 to $9
SmellyToes4u: calls $3
*** FLOP *** [5h Th Jc]
simper11: bets $3
SmellyToes4u: calls $3
*** TURN *** [5h Th Jc] [2h]
simper11: bets $6
SmellyToes4u: calls $6
*** RIVER *** [5h Th Jc 2h] [4h]
simper11: checks
SmellyToes4u: checks
*** SHOW DOWN ***
simper11: shows [5d 6d] (a pair of Fives)
SmellyToes4u: shows [9c Td] (a pair of Tens)
SmellyToes4u collected $35.50 from pot
*** SUMMARY ***
Total pot $36 | Rake $0.50
Board [5h Th Jc 2h 4h]
Seat 1: simper11 (big blind) showed [5d 6d] and lost with a pair of Fives
Seat 2: SmellyToes4u (button) (small blind) showed [9c Td] and won ($35.50) with a pair of Tens


PokerStars Hand #145752128842:  Hold'em Limit ($3/$6 USD) - 2015/12/22 14:16:20 ET
Table 'Ceraskia' 2-max Seat #1 is the button
Seat 1: simper11 ($207.99 in chips)
Seat 2: SmellyToes4u ($265.32 in chips)
simper11: posts small blind $1
SmellyToes4u: posts big blind $3
*** HOLE CARDS ***
simper11: raises $3 to $6
SmellyToes4u: calls $3
*** FLOP *** [Th 6h Jc]
SmellyToes4u: checks
simper11: bets $3
SmellyToes4u: folds
Uncalled bet ($3) returned to simper11
simper11 collected $11.76 from pot
simper11: doesn't show hand
*** SUMMARY ***
Total pot $12 | Rake $0.24
Board [Th 6h Jc]
Seat 1: simper11 (button) (small blind) collected ($11.76)
Seat 2: SmellyToes4u (big blind) folded on the Flop


PokerStars Hand #145752141136:  Hold'em Limit ($3/$6 USD) - 2015/12/22 14:16:32 ET
Table 'Ceraskia' 2-max Seat #2 is the button
Seat 1: simper11 ($213.75 in chips)
Seat 2: SmellyToes4u ($259.32 in chips)
SmellyToes4u: posts small blind $1
simper11: posts big blind $3
*** HOLE CARDS ***
SmellyToes4u: raises $3 to $6
simper11: calls $3
*** FLOP *** [9d Kc Jc]
simper11: checks
SmellyToes4u: bets $3
simper11: calls $3
*** TURN *** [9d Kc Jc] [6c]
simper11: checks
SmellyToes4u: bets $6
simper11: calls $6
*** RIVER *** [9d Kc Jc 6c] [2d]
simper11: checks
SmellyToes4u: bets $6
simper11: calls $6
*** SHOW DOWN ***
SmellyToes4u: shows [4c Kh] (a pair of Kings)
simper11: shows [7d Kd] (a pair of Kings - Jack+Nine+Seven kicker)
simper11 collected $41.50 from pot
*** SUMMARY ***
Total pot $42 | Rake $0.50
Board [9d Kc Jc 6c 2d]
Seat 1: simper11 (big blind) showed [7d Kd] and won ($41.50) with a pair of Kings
Seat 2: SmellyToes4u (button) (small blind) showed [4c Kh] and lost with a pair of Kings


PokerStars Hand #145752286479:  Hold'em Limit ($3/$6 USD) - 2015/12/22 14:19:00 ET
Table 'Ceraskia' 2-max Seat #1 is the button
Seat 1: simper11 ($222.25 in chips)
Seat 2: SmellyToes4u ($249.96 in chips)
simper11: posts small blind $1
SmellyToes4u: posts big blind $3
*** HOLE CARDS ***
simper11: raises $3 to $6
SmellyToes4u: raises $3 to $9
simper11: calls $3
*** FLOP *** [7d 7s 2h]
SmellyToes4u: bets $3
simper11: folds
Uncalled bet ($3) returned to SmellyToes4u
SmellyToes4u collected $17.64 from pot
SmellyToes4u: doesn't show hand
*** SUMMARY ***
Total pot $18 | Rake $0.36
Board [7d 7s 2h]
Seat 1: simper11 (button) (small blind) folded on the Flop
Seat 2: SmellyToes4u (big blind) collected ($17.64)


PokerStars Hand #145752281464:  Hold'em Limit ($3/$6 USD) - 2015/12/22 14:18:55 ET
Table 'Ceraskia' 2-max Seat #2 is the button
Seat 1: simper11 ($225.25 in chips)
Seat 2: SmellyToes4u ($246.96 in chips)
SmellyToes4u: posts small blind $1
simper11: posts big blind $3
*** HOLE CARDS ***
SmellyToes4u: raises $3 to $6
simper11: folds
Uncalled bet ($3) returned to SmellyToes4u
SmellyToes4u collected $6 from pot
SmellyToes4u: doesn't show hand
*** SUMMARY ***
Total pot $6 | Rake $0
Seat 1: simper11 (big blind) folded before Flop
Seat 2: SmellyToes4u (button) (small blind) collected ($6)


PokerStars Hand #145752258521:  Hold'em Limit ($3/$6 USD) - 2015/12/22 14:18:31 ET
Table 'Ceraskia' 2-max Seat #1 is the button
Seat 1: simper11 ($234.25 in chips)
Seat 2: SmellyToes4u ($238.32 in chips)
simper11: posts small blind $1
SmellyToes4u: posts big blind $3
*** HOLE CARDS ***
simper11: raises $3 to $6
SmellyToes4u: calls $3
*** FLOP *** [5d 8s Jd]
SmellyToes4u: checks
simper11: bets $3
SmellyToes4u: calls $3
*** TURN *** [5d 8s Jd] [Th]
SmellyToes4u: checks
simper11: checks
*** RIVER *** [5d 8s Jd Th] [3d]
SmellyToes4u: bets $6
simper11: folds
Uncalled bet ($6) returned to SmellyToes4u
SmellyToes4u collected $17.64 from pot
SmellyToes4u: doesn't show hand
*** SUMMARY ***
Total pot $18 | Rake $0.36
Board [5d 8s Jd Th 3d]
Seat 1: simper11 (button) (small blind) folded on the River
Seat 2: SmellyToes4u (big blind) collected ($17.64)


PokerStars Hand #145752341373:  Hold'em Limit ($3/$6 USD) - 2015/12/22 14:19:56 ET
Table 'Ceraskia' 2-max Seat #1 is the button
Seat 1: simper11 ($246.39 in chips)
Seat 2: SmellyToes4u ($224.60 in chips)
simper11: posts small blind $1
SmellyToes4u: posts big blind $3
*** HOLE CARDS ***
simper11: raises $3 to $6
SmellyToes4u: calls $3
*** FLOP *** [7h 9c 2s]
SmellyToes4u: checks
simper11: checks
*** TURN *** [7h 9c 2s] [Kd]
SmellyToes4u: checks
simper11: checks
*** RIVER *** [7h 9c 2s Kd] [3s]
SmellyToes4u: bets $6
simper11: folds
Uncalled bet ($6) returned to SmellyToes4u
SmellyToes4u collected $11.76 from pot
SmellyToes4u: doesn't show hand
*** SUMMARY ***
Total pot $12 | Rake $0.24
Board [7h 9c 2s Kd 3s]
Seat 1: simper11 (button) (small blind) folded on the River
Seat 2: SmellyToes4u (big blind) collected ($11.76)


PokerStars Hand #145752336542:  Hold'em Limit ($3/$6 USD) - 2015/12/22 14:19:51 ET
Table 'Ceraskia' 2-max Seat #2 is the button
Seat 1: simper11 ($245.39 in chips)
Seat 2: SmellyToes4u ($225.60 in chips)
SmellyToes4u: posts small blind $1
simper11: posts big blind $3
*** HOLE CARDS ***
SmellyToes4u: folds
Uncalled bet ($2) returned to simper11
simper11 collected $2 from pot
simper11: doesn't show hand
*** SUMMARY ***
Total pot $2 | Rake $0
Seat 1: simper11 (big blind) collected ($2)
Seat 2: SmellyToes4u (button) (small blind) folded before Flop


PokerStars Hand #145752318896:  Hold'em Limit ($3/$6 USD) - 2015/12/22 14:19:33 ET
Table 'Ceraskia' 2-max Seat #1 is the button
Seat 1: simper11 ($221.89 in chips)
Seat 2: SmellyToes4u ($249.60 in chips)
simper11: posts small blind $1
SmellyToes4u: posts big blind $3
*** HOLE CARDS ***
simper11: raises $3 to $6
SmellyToes4u: raises $3 to $9
simper11: calls $3
*** FLOP *** [6s Qs Ad]
SmellyToes4u: bets $3
simper11: calls $3
*** TURN *** [6s Qs Ad] [7h]
SmellyToes4u: bets $6
simper11: raises $6 to $12
SmellyToes4u: calls $6
*** RIVER *** [6s Qs Ad 7h] [5s]
SmellyToes4u: checks
simper11: bets $6
SmellyToes4u: folds
Uncalled bet ($6) returned to simper11
simper11 collected $47.50 from pot
simper11: doesn't show hand
*** SUMMARY ***
Total pot $48 | Rake $0.50
Board [6s Qs Ad 7h 5s]
Seat 1: simper11 (button) (small blind) collected ($47.50)
Seat 2: SmellyToes4u (big blind) folded on the River


PokerStars Hand #145752301627:  Hold'em Limit ($3/$6 USD) - 2015/12/22 14:19:15 ET
Table 'Ceraskia' 2-max Seat #2 is the button
Seat 1: simper11 ($213.25 in chips)
Seat 2: SmellyToes4u ($258.60 in chips)
SmellyToes4u: posts small blind $1
simper11: posts big blind $3
*** HOLE CARDS ***
SmellyToes4u: raises $3 to $6
simper11: calls $3
*** FLOP *** [Qs 5h 4c]
simper11: checks
SmellyToes4u: bets $3
simper11: calls $3
*** TURN *** [Qs 5h 4c] [3h]
simper11: checks
SmellyToes4u: checks
*** RIVER *** [Qs 5h 4c 3h] [2c]
simper11: bets $6
SmellyToes4u: folds
Uncalled bet ($6) returned to simper11
simper11 collected $17.64 from pot
simper11: doesn't show hand
*** SUMMARY ***
Total pot $18 | Rake $0.36
Board [Qs 5h 4c 3h 2c]
Seat 1: simper11 (big blind) collected ($17.64)
Seat 2: SmellyToes4u (button) (small blind) folded on the River


PokerStars Hand #145752400852:  Hold'em Limit ($3/$6 USD) - 2015/12/22 14:20:56 ET
Table 'Ceraskia' 2-max Seat #1 is the button
Seat 1: simper11 ($249.03 in chips)
Seat 2: SmellyToes4u ($221.36 in chips)
simper11: posts small blind $1
SmellyToes4u: posts big blind $3
*** HOLE CARDS ***
simper11: raises $3 to $6
SmellyToes4u: raises $3 to $9
simper11: calls $3
*** FLOP *** [6s Qs 9d]
SmellyToes4u: bets $3
simper11: calls $3
*** TURN *** [6s Qs 9d] [8d]
SmellyToes4u: bets $6
simper11: calls $6
*** RIVER *** [6s Qs 9d 8d] [Qd]
SmellyToes4u: bets $6
simper11: calls $6
*** SHOW DOWN ***
SmellyToes4u: shows [8c Ts] (two pair, Queens and Eights)
simper11: mucks hand
SmellyToes4u collected $47.50 from pot
*** SUMMARY ***
Total pot $48 | Rake $0.50
Board [6s Qs 9d 8d Qd]
Seat 1: simper11 (button) (small blind) mucked
Seat 2: SmellyToes4u (big blind) showed [8c Ts] and won ($47.50) with two pair, Queens and Eights


PokerStars Hand #145752395395:  Hold'em Limit ($3/$6 USD) - 2015/12/22 14:20:51 ET
Table 'Ceraskia' 2-max Seat #2 is the button
Seat 1: simper11 ($248.03 in chips)
Seat 2: SmellyToes4u ($222.36 in chips)
SmellyToes4u: posts small blind $1
simper11: posts big blind $3
*** HOLE CARDS ***
SmellyToes4u: folds
Uncalled bet ($2) returned to simper11
simper11 collected $2 from pot
simper11: doesn't show hand
*** SUMMARY ***
Total pot $2 | Rake $0
Seat 1: simper11 (big blind) collected ($2)
Seat 2: SmellyToes4u (button) (small blind) folded before Flop


PokerStars Hand #145752389205:  Hold'em Limit ($3/$6 USD) - 2015/12/22 14:20:44 ET
Table 'Ceraskia' 2-max Seat #1 is the button
Seat 1: simper11 ($245.03 in chips)
Seat 2: SmellyToes4u ($225.36 in chips)
simper11: posts small blind $1
SmellyToes4u: posts big blind $3
*** HOLE CARDS ***
simper11: raises $3 to $6
SmellyToes4u: folds
Uncalled bet ($3) returned to simper11
simper11 collected $6 from pot
simper11: doesn't show hand
*** SUMMARY ***
Total pot $6 | Rake $0
Seat 1: simper11 (button) (small blind) collected ($6)
Seat 2: SmellyToes4u (big blind) folded before Flop


PokerStars Hand #145752373262:  Hold'em Limit ($3/$6 USD) - 2015/12/22 14:20:28 ET
Table 'Ceraskia' 2-max Seat #2 is the button
Seat 1: simper11 ($236.39 in chips)
Seat 2: SmellyToes4u ($234.36 in chips)
SmellyToes4u: posts small blind $1
simper11: posts big blind $3
*** HOLE CARDS ***
SmellyToes4u: raises $3 to $6
simper11: calls $3
*** FLOP *** [9c 8h Ks]
simper11: checks
SmellyToes4u: bets $3
simper11: calls $3
*** TURN *** [9c 8h Ks] [Tc]
simper11: checks
SmellyToes4u: checks
*** RIVER *** [9c 8h Ks Tc] [7s]
simper11: bets $6
SmellyToes4u: folds
Uncalled bet ($6) returned to simper11
simper11 collected $17.64 from pot
simper11: doesn't show hand
*** SUMMARY ***
Total pot $18 | Rake $0.36
Board [9c 8h Ks Tc 7s]
Seat 1: simper11 (big blind) collected ($17.64)
Seat 2: SmellyToes4u (button) (small blind) folded on the River


PokerStars Hand #145752368916:  Hold'em Limit ($3/$6 USD) - 2015/12/22 14:20:24 ET
Table 'Ceraskia' 2-max Seat #1 is the button
Seat 1: simper11 ($237.39 in chips)
Seat 2: SmellyToes4u ($233.36 in chips)
simper11: posts small blind $1
SmellyToes4u: posts big blind $3
*** HOLE CARDS ***
simper11: folds
Uncalled bet ($2) returned to SmellyToes4u
SmellyToes4u collected $2 from pot
SmellyToes4u: doesn't show hand
*** SUMMARY ***
Total pot $2 | Rake $0
Seat 1: simper11 (button) (small blind) folded before Flop
Seat 2: SmellyToes4u (big blind) collected ($2)


PokerStars Hand #145752363208:  Hold'em Limit ($3/$6 USD) - 2015/12/22 14:20:18 ET
Table 'Ceraskia' 2-max Seat #2 is the button
Seat 1: simper11 ($240.39 in chips)
Seat 2: SmellyToes4u ($230.36 in chips)
SmellyToes4u: posts small blind $1
simper11: posts big blind $3
*** HOLE CARDS ***
SmellyToes4u: raises $3 to $6
simper11: folds
Uncalled bet ($3) returned to SmellyToes4u
SmellyToes4u collected $6 from pot
SmellyToes4u: doesn't show hand
*** SUMMARY ***
Total pot $6 | Rake $0
Seat 1: simper11 (big blind) folded before Flop
Seat 2: SmellyToes4u (button) (small blind) collected ($6)


PokerStars Hand #145752457311:  Hold'em Limit ($3/$6 USD) - 2015/12/22 14:21:54 ET
Table 'Ceraskia' 2-max Seat #1 is the button
Seat 1: simper11 ($269.03 in chips)
Seat 2: SmellyToes4u ($199.86 in chips)
simper11: posts small blind $1
SmellyToes4u: posts big blind $3
*** HOLE CARDS ***
simper11: raises $3 to $6
SmellyToes4u: calls $3
*** FLOP *** [5d 7d Ah]
SmellyToes4u: checks
simper11: bets $3
SmellyToes4u: calls $3
*** TURN *** [5d 7d Ah] [Tc]
SmellyToes4u: checks
simper11: checks
*** RIVER *** [5d 7d Ah Tc] [Kc]
SmellyToes4u: checks
simper11: checks
*** SHOW DOWN ***
SmellyToes4u: shows [8c Qh] (high card Ace)
simper11: shows [4c 4d] (a pair of Fours)
simper11 collected $17.64 from pot
*** SUMMARY ***
Total pot $18 | Rake $0.36
Board [5d 7d Ah Tc Kc]
Seat 1: simper11 (button) (small blind) showed [4c 4d] and won ($17.64) with a pair of Fours
Seat 2: SmellyToes4u (big blind) showed [8c Qh] and lost with high card Ace


PokerStars Hand #145752451510:  Hold'em Limit ($3/$6 USD) - 2015/12/22 14:21:48 ET
Table 'Ceraskia' 2-max Seat #2 is the button
Seat 1: simper11 ($272.03 in chips)
Seat 2: SmellyToes4u ($196.86 in chips)
SmellyToes4u: posts small blind $1
simper11: posts big blind $3
*** HOLE CARDS ***
SmellyToes4u: raises $3 to $6
simper11: folds
Uncalled bet ($3) returned to SmellyToes4u
SmellyToes4u collected $6 from pot
SmellyToes4u: doesn't show hand
*** SUMMARY ***
Total pot $6 | Rake $0
Seat 1: simper11 (big blind) folded before Flop
Seat 2: SmellyToes4u (button) (small blind) collected ($6)


PokerStars Hand #145752435243:  Hold'em Limit ($3/$6 USD) - 2015/12/22 14:21:31 ET
Table 'Ceraskia' 2-max Seat #1 is the button
Seat 1: simper11 ($248.53 in chips)
Seat 2: SmellyToes4u ($220.86 in chips)
simper11: posts small blind $1
SmellyToes4u: posts big blind $3
*** HOLE CARDS ***
simper11: raises $3 to $6
SmellyToes4u: calls $3
*** FLOP *** [5h 8c Jc]
SmellyToes4u: checks
simper11: bets $3
SmellyToes4u: raises $3 to $6
simper11: calls $3
*** TURN *** [5h 8c Jc] [7d]
SmellyToes4u: bets $6
simper11: raises $6 to $12
SmellyToes4u: calls $6
*** RIVER *** [5h 8c Jc 7d] [Qc]
SmellyToes4u: checks
simper11: checks
*** SHOW DOWN ***
SmellyToes4u: shows [6d 7h] (a pair of Sevens)
simper11: shows [9d 9c] (a pair of Nines)
simper11 collected $47.50 from pot
*** SUMMARY ***
Total pot $48 | Rake $0.50
Board [5h 8c Jc 7d Qc]
Seat 1: simper11 (button) (small blind) showed [9d 9c] and won ($47.50) with a pair of Nines
Seat 2: SmellyToes4u (big blind) showed [6d 7h] and lost with a pair of Sevens


PokerStars Hand #145752417077:  Hold'em Limit ($3/$6 USD) - 2015/12/22 14:21:13 ET
Table 'Ceraskia' 2-max Seat #2 is the button
Seat 1: simper11 ($225.03 in chips)
Seat 2: SmellyToes4u ($244.86 in chips)
SmellyToes4u: posts small blind $1
simper11: posts big blind $3
*** HOLE CARDS ***
SmellyToes4u: raises $3 to $6
simper11: raises $3 to $9
SmellyToes4u: calls $3
*** FLOP *** [Kd Ah Qd]
simper11: bets $3
SmellyToes4u: calls $3
*** TURN *** [Kd Ah Qd] [7d]
simper11: bets $6
SmellyToes4u: calls $6
*** RIVER *** [Kd Ah Qd 7d] [5d]
simper11: bets $6
SmellyToes4u: calls $6
*** SHOW DOWN ***
simper11: shows [Ac Td] (a flush, King high)
SmellyToes4u: mucks hand
simper11 collected $47.50 from pot
*** SUMMARY ***
Total pot $48 | Rake $0.50
Board [Kd Ah Qd 7d 5d]
Seat 1: simper11 (big blind) showed [Ac Td] and won ($47.50) with a flush, King high
Seat 2: SmellyToes4u (button) (small blind) mucked


PokerStars Hand #145752505707:  Hold'em Limit ($3/$6 USD) - 2015/12/22 14:22:43 ET
Table 'Ceraskia' 2-max Seat #2 is the button
Seat 1: simper11 ($253.31 in chips)
Seat 2: SmellyToes4u ($214.36 in chips)
SmellyToes4u: posts small blind $1
simper11: posts big blind $3
*** HOLE CARDS ***
SmellyToes4u: raises $3 to $6
simper11: calls $3
*** FLOP *** [2s 8h Qs]
simper11: checks
SmellyToes4u: bets $3
simper11: calls $3
*** TURN *** [2s 8h Qs] [5d]
simper11: checks
SmellyToes4u: bets $6
simper11: calls $6
*** RIVER *** [2s 8h Qs 5d] [4c]
simper11: checks
SmellyToes4u: bets $6
simper11: calls $6
*** SHOW DOWN ***
SmellyToes4u: shows [8s 9c] (a pair of Eights)
simper11: mucks hand
SmellyToes4u collected $41.50 from pot
*** SUMMARY ***
Total pot $42 | Rake $0.50
Board [2s 8h Qs 5d 4c]
Seat 1: simper11 (big blind) mucked
Seat 2: SmellyToes4u (button) (small blind) showed [8s 9c] and won ($41.50) with a pair of Eights


PokerStars Hand #145752488511:  Hold'em Limit ($3/$6 USD) - 2015/12/22 14:22:26 ET
Table 'Ceraskia' 2-max Seat #1 is the button
Seat 1: simper11 ($286.31 in chips)
Seat 2: SmellyToes4u ($181.86 in chips)
simper11: posts small blind $1
SmellyToes4u: posts big blind $3
*** HOLE CARDS ***
simper11: raises $3 to $6
SmellyToes4u: raises $3 to $9
simper11: calls $3
*** FLOP *** [9d 7d 6c]
SmellyToes4u: bets $3
simper11: raises $3 to $6
SmellyToes4u: calls $3
*** TURN *** [9d 7d 6c] [Ah]
SmellyToes4u: bets $6
simper11: raises $6 to $12
SmellyToes4u: calls $6
*** RIVER *** [9d 7d 6c Ah] [2s]
SmellyToes4u: checks
simper11: bets $6
SmellyToes4u: calls $6
*** SHOW DOWN ***
simper11: shows [4h Th] (high card Ace)
SmellyToes4u: shows [7h 8h] (a pair of Sevens)
SmellyToes4u collected $65.50 from pot
*** SUMMARY ***
Total pot $66 | Rake $0.50
Board [9d 7d 6c Ah 2s]
Seat 1: simper11 (button) (small blind) showed [4h Th] and lost with high card Ace
Seat 2: SmellyToes4u (big blind) showed [7h 8h] and won ($65.50) with a pair of Sevens


PokerStars Hand #145752473851:  Hold'em Limit ($3/$6 USD) - 2015/12/22 14:22:11 ET
Table 'Ceraskia' 2-max Seat #2 is the button
Seat 1: simper11 ($277.67 in chips)
Seat 2: SmellyToes4u ($190.86 in chips)
SmellyToes4u: posts small blind $1
simper11: posts big blind $3
*** HOLE CARDS ***
SmellyToes4u: raises $3 to $6
simper11: calls $3
*** FLOP *** [Ks Qd 7d]
simper11: checks
SmellyToes4u: bets $3
simper11: calls $3
*** TURN *** [Ks Qd 7d] [9s]
simper11: checks
SmellyToes4u: checks
*** RIVER *** [Ks Qd 7d 9s] [5d]
simper11: bets $6
SmellyToes4u: folds
Uncalled bet ($6) returned to simper11
simper11 collected $17.64 from pot
simper11: doesn't show hand
*** SUMMARY ***
Total pot $18 | Rake $0.36
Board [Ks Qd 7d 9s 5d]
Seat 1: simper11 (big blind) collected ($17.64)
Seat 2: SmellyToes4u (button) (small blind) folded on the River


PokerStars Hand #145752558549:  Hold'em Limit ($3/$6 USD) - 2015/12/22 14:23:36 ET
Table 'Ceraskia' 2-max Seat #2 is the button
Seat 1: simper11 ($250.59 in chips)
Seat 2: SmellyToes4u ($215.86 in chips)
SmellyToes4u: posts small blind $1
simper11: posts big blind $3
*** HOLE CARDS ***
SmellyToes4u: raises $3 to $6
simper11: calls $3
*** FLOP *** [6s 5h Kh]
simper11: checks
SmellyToes4u: bets $3
simper11: calls $3
*** TURN *** [6s 5h Kh] [5c]
simper11: checks
SmellyToes4u: bets $6
simper11: folds
Uncalled bet ($6) returned to SmellyToes4u
SmellyToes4u collected $17.64 from pot
SmellyToes4u: doesn't show hand
*** SUMMARY ***
Total pot $18 | Rake $0.36
Board [6s 5h Kh 5c]
Seat 1: simper11 (big blind) folded on the Turn
Seat 2: SmellyToes4u (button) (small blind) collected ($17.64)


PokerStars Hand #145752547861:  Hold'em Limit ($3/$6 USD) - 2015/12/22 14:23:26 ET
Table 'Ceraskia' 2-max Seat #1 is the button
Seat 1: simper11 ($244.83 in chips)
Seat 2: SmellyToes4u ($221.86 in chips)
simper11: posts small blind $1
SmellyToes4u: posts big blind $3
*** HOLE CARDS ***
simper11: raises $3 to $6
SmellyToes4u: calls $3
*** FLOP *** [Js Kh 3c]
SmellyToes4u: checks
simper11: bets $3
SmellyToes4u: folds
Uncalled bet ($3) returned to simper11
simper11 collected $11.76 from pot
simper11: doesn't show hand
*** SUMMARY ***
Total pot $12 | Rake $0.24
Board [Js Kh 3c]
Seat 1: simper11 (button) (small blind) collected ($11.76)
Seat 2: SmellyToes4u (big blind) folded on the Flop


PokerStars Hand #145752543142:  Hold'em Limit ($3/$6 USD) - 2015/12/22 14:23:21 ET
Table 'Ceraskia' 2-max Seat #2 is the button
Seat 1: simper11 ($243.83 in chips)
Seat 2: SmellyToes4u ($222.86 in chips)
SmellyToes4u: posts small blind $1
simper11: posts big blind $3
*** HOLE CARDS ***
SmellyToes4u: folds
Uncalled bet ($2) returned to simper11
simper11 collected $2 from pot
simper11: doesn't show hand
*** SUMMARY ***
Total pot $2 | Rake $0
Seat 1: simper11 (big blind) collected ($2)
Seat 2: SmellyToes4u (button) (small blind) folded before Flop


PokerStars Hand #145752527310:  Hold'em Limit ($3/$6 USD) - 2015/12/22 14:23:05 ET
Table 'Ceraskia' 2-max Seat #1 is the button
Seat 1: simper11 ($232.31 in chips)
Seat 2: SmellyToes4u ($234.86 in chips)
simper11: posts small blind $1
SmellyToes4u: posts big blind $3
*** HOLE CARDS ***
simper11: raises $3 to $6
SmellyToes4u: raises $3 to $9
simper11: calls $3
*** FLOP *** [3d Ad Th]
SmellyToes4u: bets $3
simper11: calls $3
*** TURN *** [3d Ad Th] [6d]
SmellyToes4u: checks
simper11: bets $6
SmellyToes4u: folds
Uncalled bet ($6) returned to simper11
simper11 collected $23.52 from pot
simper11: doesn't show hand
*** SUMMARY ***
Total pot $24 | Rake $0.48
Board [3d Ad Th 6d]
Seat 1: simper11 (button) (small blind) collected ($23.52)
Seat 2: SmellyToes4u (big blind) folded on the Turn


PokerStars Hand #145752603789:  Hold'em Limit ($3/$6 USD) - 2015/12/22 14:24:22 ET
Table 'Ceraskia' 2-max Seat #2 is the button
Seat 1: simper11 ($229.59 in chips)
Seat 2: SmellyToes4u ($236.02 in chips)
SmellyToes4u: posts small blind $1
simper11: posts big blind $3
*** HOLE CARDS ***
SmellyToes4u: raises $3 to $6
simper11: calls $3
*** FLOP *** [3d Qc 6c]
simper11: checks
SmellyToes4u: bets $3
simper11: calls $3
*** TURN *** [3d Qc 6c] [Kd]
simper11: checks
SmellyToes4u: checks
*** RIVER *** [3d Qc 6c Kd] [Ah]
simper11: bets $6
SmellyToes4u: raises $6 to $12
simper11: calls $6
*** SHOW DOWN ***
SmellyToes4u: shows [Ad 6s] (two pair, Aces and Sixes)
simper11: mucks hand
SmellyToes4u collected $41.50 from pot
*** SUMMARY ***
Total pot $42 | Rake $0.50
Board [3d Qc 6c Kd Ah]
Seat 1: simper11 (big blind) mucked
Seat 2: SmellyToes4u (button) (small blind) showed [Ad 6s] and won ($41.50) with two pair, Aces and Sixes


PokerStars Hand #145752581743:  Hold'em Limit ($3/$6 USD) - 2015/12/22 14:24:00 ET
Table 'Ceraskia' 2-max Seat #1 is the button
Seat 1: simper11 ($241.59 in chips)
Seat 2: SmellyToes4u ($224.50 in chips)
simper11: posts small blind $1
SmellyToes4u: posts big blind $3
*** HOLE CARDS ***
simper11: raises $3 to $6
SmellyToes4u: calls $3
*** FLOP *** [8c 2d 2c]
SmellyToes4u: checks
simper11: checks
*** TURN *** [8c 2d 2c] [Qc]
SmellyToes4u: checks
simper11: bets $6
SmellyToes4u: calls $6
*** RIVER *** [8c 2d 2c Qc] [Kh]
SmellyToes4u: checks
simper11: checks
*** SHOW DOWN ***
SmellyToes4u: shows [Kc Jd] (two pair, Kings and Deuces)
simper11: mucks hand
SmellyToes4u collected $23.52 from pot
*** SUMMARY ***
Total pot $24 | Rake $0.48
Board [8c 2d 2c Qc Kh]
Seat 1: simper11 (button) (small blind) mucked
Seat 2: SmellyToes4u (big blind) showed [Kc Jd] and won ($23.52) with two pair, Kings and Deuces


PokerStars Hand #145752700372:  Hold'em Limit ($3/$6 USD) - 2015/12/22 14:26:00 ET
Table 'Ceraskia' 2-max Seat #2 is the button
Seat 1: simper11 ($225.63 in chips)
Seat 2: SmellyToes4u ($238.28 in chips)
SmellyToes4u: posts small blind $1
simper11: posts big blind $3
*** HOLE CARDS ***
SmellyToes4u: raises $3 to $6
simper11: calls $3
*** FLOP *** [2d 9c 8c]
simper11: checks
SmellyToes4u: bets $3
simper11: folds
Uncalled bet ($3) returned to SmellyToes4u
SmellyToes4u collected $11.76 from pot
SmellyToes4u: doesn't show hand
*** SUMMARY ***
Total pot $12 | Rake $0.24
Board [2d 9c 8c]
Seat 1: simper11 (big blind) folded on the Flop
Seat 2: SmellyToes4u (button) (small blind) collected ($11.76)


PokerStars Hand #145752676864:  Hold'em Limit ($3/$6 USD) - 2015/12/22 14:25:36 ET
Table 'Ceraskia' 2-max Seat #1 is the button
Seat 1: simper11 ($214.11 in chips)
Seat 2: SmellyToes4u ($250.28 in chips)
simper11: posts small blind $1
SmellyToes4u: posts big blind $3
*** HOLE CARDS ***
simper11: raises $3 to $6
SmellyToes4u: calls $3
*** FLOP *** [Th 2s 5c]
SmellyToes4u: checks
simper11: checks
*** TURN *** [Th 2s 5c] [5d]
SmellyToes4u: bets $6
simper11: calls $6
*** RIVER *** [Th 2s 5c 5d] [5s]
SmellyToes4u: checks
simper11: checks
*** SHOW DOWN ***
SmellyToes4u: shows [6d 4c] (three of a kind, Fives)
simper11: shows [9s Ac] (three of a kind, Fives - Ace kicker)
simper11 collected $23.52 from pot
*** SUMMARY ***
Total pot $24 | Rake $0.48
Board [Th 2s 5c 5d 5s]
Seat 1: simper11 (button) (small blind) showed [9s Ac] and won ($23.52) with three of a kind, Fives
Seat 2: SmellyToes4u (big blind) showed [6d 4c] and lost with three of a kind, Fives


PokerStars Hand #145752663636:  Hold'em Limit ($3/$6 USD) - 2015/12/22 14:25:23 ET
Table 'Ceraskia' 2-max Seat #2 is the button
Seat 1: simper11 ($202.59 in chips)
Seat 2: SmellyToes4u ($262.28 in chips)
SmellyToes4u: posts small blind $1
simper11: posts big blind $3
*** HOLE CARDS ***
SmellyToes4u: raises $3 to $6
simper11: calls $3
*** FLOP *** [6s 5h As]
simper11: checks
SmellyToes4u: bets $3
simper11: raises $3 to $6
SmellyToes4u: calls $3
*** TURN *** [6s 5h As] [6h]
simper11: bets $6
SmellyToes4u: folds
Uncalled bet ($6) returned to simper11
simper11 collected $23.52 from pot
simper11: doesn't show hand
*** SUMMARY ***
Total pot $24 | Rake $0.48
Board [6s 5h As 6h]
Seat 1: simper11 (big blind) collected ($23.52)
Seat 2: SmellyToes4u (button) (small blind) folded on the Turn


PokerStars Hand #145752630876:  Hold'em Limit ($3/$6 USD) - 2015/12/22 14:24:50 ET
Table 'Ceraskia' 2-max Seat #1 is the button
Seat 1: simper11 ($208.59 in chips)
Seat 2: SmellyToes4u ($256.52 in chips)
simper11: posts small blind $1
SmellyToes4u: posts big blind $3
*** HOLE CARDS ***
simper11: raises $3 to $6
SmellyToes4u: calls $3
*** FLOP *** [6d 6c 5c]
SmellyToes4u: checks
simper11: checks
*** TURN *** [6d 6c 5c] [Ks]
SmellyToes4u: checks
simper11: checks
*** RIVER *** [6d 6c 5c Ks] [3d]
SmellyToes4u: bets $6
simper11: folds
Uncalled bet ($6) returned to SmellyToes4u
SmellyToes4u collected $11.76 from pot
SmellyToes4u: doesn't show hand
*** SUMMARY ***
Total pot $12 | Rake $0.24
Board [6d 6c 5c Ks 3d]
Seat 1: simper11 (button) (small blind) folded on the River
Seat 2: SmellyToes4u (big blind) collected ($11.76)


PokerStars Hand #145752719834:  Hold'em Limit ($3/$6 USD) - 2015/12/22 14:26:19 ET
Table 'Ceraskia' 2-max Seat #1 is the button
Seat 1: simper11 ($219.63 in chips)
Seat 2: SmellyToes4u ($244.04 in chips)
simper11: posts small blind $1
SmellyToes4u: posts big blind $3
*** HOLE CARDS ***
simper11: raises $3 to $6
SmellyToes4u: folds
Uncalled bet ($3) returned to simper11
simper11 collected $6 from pot
simper11: doesn't show hand
*** SUMMARY ***
Total pot $6 | Rake $0
Seat 1: simper11 (button) (small blind) collected ($6)
Seat 2: SmellyToes4u (big blind) folded before Flop


PokerStars Hand #145753849446:  Hold'em Limit ($3/$6 USD) - 2015/12/22 14:45:16 ET
Table 'Ceraskia' 2-max Seat #1 is the button
Seat 1: simper11 ($223.63 in chips)
Seat 2: SmellyToes4u ($240.04 in chips)
simper11: posts small blind $1
SmellyToes4u: posts big blind $3
*** HOLE CARDS ***
simper11: folds
Uncalled bet ($2) returned to SmellyToes4u
SmellyToes4u collected $2 from pot
SmellyToes4u: doesn't show hand
*** SUMMARY ***
Total pot $2 | Rake $0
Seat 1: simper11 (button) (small blind) folded before Flop
Seat 2: SmellyToes4u (big blind) collected ($2)


PokerStars Hand #145753842470:  Hold'em Limit ($3/$6 USD) - 2015/12/22 14:45:09 ET
Table 'Ceraskia' 2-max Seat #2 is the button
Seat 1: simper11 ($222.63 in chips)
Seat 2: SmellyToes4u ($241.04 in chips)
SmellyToes4u: posts small blind $1
simper11: posts big blind $3
*** HOLE CARDS ***
SmellyToes4u: folds
Uncalled bet ($2) returned to simper11
simper11 collected $2 from pot
simper11: doesn't show hand
*** SUMMARY ***
Total pot $2 | Rake $0
Seat 1: simper11 (big blind) collected ($2)
Seat 2: SmellyToes4u (button) (small blind) folded before Flop


PokerStars Hand #145753857239:  Hold'em Limit ($3/$6 USD) - 2015/12/22 14:45:24 ET
Table 'Ceraskia' 2-max Seat #2 is the button
Seat 1: simper11 ($222.63 in chips)
Seat 2: SmellyToes4u ($241.04 in chips)
SmellyToes4u: posts small blind $1
simper11: posts big blind $3
*** HOLE CARDS ***
SmellyToes4u: raises $3 to $6
simper11: folds
Uncalled bet ($3) returned to SmellyToes4u
SmellyToes4u collected $6 from pot
SmellyToes4u: doesn't show hand
*** SUMMARY ***
Total pot $6 | Rake $0
Seat 1: simper11 (big blind) folded before Flop
Seat 2: SmellyToes4u (button) (small blind) collected ($6)


PokerStars Hand #145753866161:  Hold'em Limit ($3/$6 USD) - 2015/12/22 14:45:33 ET
Table 'Ceraskia' 2-max Seat #1 is the button
Seat 1: simper11 ($219.63 in chips)
Seat 2: SmellyToes4u ($244.04 in chips)
simper11: posts small blind $1
SmellyToes4u: posts big blind $3
*** HOLE CARDS ***
simper11: raises $3 to $6
SmellyToes4u: calls $3
*** FLOP *** [6c 4h 4c]
SmellyToes4u: checks
simper11: bets $3
SmellyToes4u: folds
Uncalled bet ($3) returned to simper11
simper11 collected $11.76 from pot
simper11: doesn't show hand
*** SUMMARY ***
Total pot $12 | Rake $0.24
Board [6c 4h 4c]
Seat 1: simper11 (button) (small blind) collected ($11.76)
Seat 2: SmellyToes4u (big blind) folded on the Flop


PokerStars Hand #145753904716:  Hold'em Limit ($3/$6 USD) - 2015/12/22 14:46:12 ET
Table 'Ceraskia' 2-max Seat #1 is the button
Seat 1: simper11 ($234.03 in chips)
Seat 2: SmellyToes4u ($229.04 in chips)
simper11: posts small blind $1
SmellyToes4u: posts big blind $3
*** HOLE CARDS ***
simper11: raises $3 to $6
SmellyToes4u: folds
Uncalled bet ($3) returned to simper11
simper11 collected $6 from pot
simper11: doesn't show hand
*** SUMMARY ***
Total pot $6 | Rake $0
Seat 1: simper11 (button) (small blind) collected ($6)
Seat 2: SmellyToes4u (big blind) folded before Flop


PokerStars Hand #145753875703:  Hold'em Limit ($3/$6 USD) - 2015/12/22 14:45:43 ET
Table 'Ceraskia' 2-max Seat #2 is the button
Seat 1: simper11 ($225.39 in chips)
Seat 2: SmellyToes4u ($238.04 in chips)
SmellyToes4u: posts small blind $1
simper11: posts big blind $3
*** HOLE CARDS ***
SmellyToes4u: raises $3 to $6
simper11: raises $3 to $9
SmellyToes4u: calls $3
*** FLOP *** [8c Td Qd]
simper11: bets $3
SmellyToes4u: folds
Uncalled bet ($3) returned to simper11
simper11 collected $17.64 from pot
simper11: doesn't show hand
*** SUMMARY ***
Total pot $18 | Rake $0.36
Board [8c Td Qd]
Seat 1: simper11 (big blind) collected ($17.64)
Seat 2: SmellyToes4u (button) (small blind) folded on the Flop


PokerStars Hand #145753941148:  Hold'em Limit ($3/$6 USD) - 2015/12/22 14:46:48 ET
Table 'Ceraskia' 2-max Seat #1 is the button
Seat 1: simper11 ($251.53 in chips)
Seat 2: SmellyToes4u ($211.04 in chips)
simper11: posts small blind $1
SmellyToes4u: posts big blind $3
*** HOLE CARDS ***
simper11: folds
Uncalled bet ($2) returned to SmellyToes4u
SmellyToes4u collected $2 from pot
SmellyToes4u: doesn't show hand
*** SUMMARY ***
Total pot $2 | Rake $0
Seat 1: simper11 (button) (small blind) folded before Flop
Seat 2: SmellyToes4u (big blind) collected ($2)


PokerStars Hand #145753916011:  Hold'em Limit ($3/$6 USD) - 2015/12/22 14:46:23 ET
Table 'Ceraskia' 2-max Seat #2 is the button
Seat 1: simper11 ($237.03 in chips)
Seat 2: SmellyToes4u ($226.04 in chips)
SmellyToes4u: posts small blind $1
simper11: posts big blind $3
*** HOLE CARDS ***
SmellyToes4u: raises $3 to $6
simper11: calls $3
*** FLOP *** [5d 6c 9d]
simper11: checks
SmellyToes4u: bets $3
simper11: calls $3
*** TURN *** [5d 6c 9d] [3h]
simper11: checks
SmellyToes4u: bets $6
simper11: calls $6
*** RIVER *** [5d 6c 9d 3h] [5c]
simper11: bets $6
SmellyToes4u: folds
Uncalled bet ($6) returned to simper11
simper11 collected $29.50 from pot
simper11: doesn't show hand
*** SUMMARY ***
Total pot $30 | Rake $0.50
Board [5d 6c 9d 3h 5c]
Seat 1: simper11 (big blind) collected ($29.50)
Seat 2: SmellyToes4u (button) (small blind) folded on the River


PokerStars Hand #145753945518:  Hold'em Limit ($3/$6 USD) - 2015/12/22 14:46:52 ET
Table 'Ceraskia' 2-max Seat #2 is the button
Seat 1: simper11 ($250.53 in chips)
Seat 2: SmellyToes4u ($212.04 in chips)
SmellyToes4u: posts small blind $1
simper11: posts big blind $3
*** HOLE CARDS ***
SmellyToes4u: raises $3 to $6
simper11: calls $3
*** FLOP *** [3d 8h Qs]
simper11: checks
SmellyToes4u: bets $3
simper11: folds
Uncalled bet ($3) returned to SmellyToes4u
SmellyToes4u collected $11.76 from pot
SmellyToes4u: doesn't show hand
*** SUMMARY ***
Total pot $12 | Rake $0.24
Board [3d 8h Qs]
Seat 1: simper11 (big blind) folded on the Flop
Seat 2: SmellyToes4u (button) (small blind) collected ($11.76)


PokerStars Hand #145754001502:  Hold'em Limit ($3/$6 USD) - 2015/12/22 14:47:48 ET
Table 'Ceraskia' 2-max Seat #2 is the button
Seat 1: simper11 ($262.03 in chips)
Seat 2: SmellyToes4u ($199.80 in chips)
SmellyToes4u: posts small blind $1
simper11: posts big blind $3
*** HOLE CARDS ***
SmellyToes4u: raises $3 to $6
simper11: calls $3
*** FLOP *** [7d Jd 4c]
simper11: checks
SmellyToes4u: bets $3
simper11: folds
Uncalled bet ($3) returned to SmellyToes4u
SmellyToes4u collected $11.76 from pot
SmellyToes4u: doesn't show hand
*** SUMMARY ***
Total pot $12 | Rake $0.24
Board [7d Jd 4c]
Seat 1: simper11 (big blind) folded on the Flop
Seat 2: SmellyToes4u (button) (small blind) collected ($11.76)


PokerStars Hand #145753974262:  Hold'em Limit ($3/$6 USD) - 2015/12/22 14:47:21 ET
Table 'Ceraskia' 2-max Seat #1 is the button
Seat 1: simper11 ($244.53 in chips)
Seat 2: SmellyToes4u ($217.80 in chips)
simper11: posts small blind $1
SmellyToes4u: posts big blind $3
*** HOLE CARDS ***
simper11: raises $3 to $6
SmellyToes4u: raises $3 to $9
simper11: calls $3
*** FLOP *** [9d 2s Qd]
SmellyToes4u: bets $3
simper11: calls $3
*** TURN *** [9d 2s Qd] [Ad]
SmellyToes4u: bets $6
simper11: raises $6 to $12
SmellyToes4u: folds
Uncalled bet ($6) returned to simper11
simper11 collected $35.50 from pot
simper11: doesn't show hand
*** SUMMARY ***
Total pot $36 | Rake $0.50
Board [9d 2s Qd Ad]
Seat 1: simper11 (button) (small blind) collected ($35.50)
Seat 2: SmellyToes4u (big blind) folded on the Turn


