PokerStars Hand #149090374712:  Hold'em Limit ($3/$6 USD) - 2016/02/19 18:30:39 ET
Table 'Cerberus' 6-max Seat #4 is the button
Seat 4: drooppie ($28.52 in chips)
Seat 5: Pandakey ($148.80 in chips)
drooppie: posts small blind $1
Pandakey: posts big blind $3
*** HOLE CARDS ***
drooppie: raises $3 to $6
Pandakey: folds
Uncalled bet ($3) returned to drooppie
drooppie collected $6 from pot
drooppie: doesn't show hand
*** SUMMARY ***
Total pot $6 | Rake $0
Seat 4: drooppie (button) (small blind) collected ($6)
Seat 5: Pandakey (big blind) folded before Flop


PokerStars Hand #149090362459:  Hold'em Limit ($3/$6 USD) - 2016/02/19 18:30:24 ET
Table 'Cerberus' 6-max Seat #5 is the button
Seat 4: drooppie ($34.52 in chips)
Seat 5: Pandakey ($143.04 in chips)
Pandakey: posts small blind $1
drooppie: posts big blind $3
*** HOLE CARDS ***
Pandakey: raises $3 to $6
drooppie: calls $3
*** FLOP *** [Ah 2h Qd]
drooppie: checks
Pandakey: checks
*** TURN *** [Ah 2h Qd] [8d]
drooppie: checks
Pandakey: bets $6
drooppie: folds
Uncalled bet ($6) returned to Pandakey
Pandakey collected $11.76 from pot
Pandakey: doesn't show hand
*** SUMMARY ***
Total pot $12 | Rake $0.24
Board [Ah 2h Qd 8d]
Seat 4: drooppie (big blind) folded on the Turn
Seat 5: Pandakey (button) (small blind) collected ($11.76)


PokerStars Hand #149090349216:  Hold'em Limit ($3/$6 USD) - 2016/02/19 18:30:08 ET
Table 'Cerberus' 6-max Seat #4 is the button
Seat 4: drooppie ($46.52 in chips)
Seat 5: Pandakey ($131.52 in chips)
drooppie: posts small blind $1
Pandakey: posts big blind $3
*** HOLE CARDS ***
drooppie: raises $3 to $6
Pandakey: calls $3
*** FLOP *** [2c Tc 6s]
Pandakey: checks
drooppie: bets $3
Pandakey: raises $3 to $6
drooppie: calls $3
*** TURN *** [2c Tc 6s] [6c]
Pandakey: bets $6
drooppie: folds
Uncalled bet ($6) returned to Pandakey
Pandakey collected $23.52 from pot
Pandakey: doesn't show hand
*** SUMMARY ***
Total pot $24 | Rake $0.48
Board [2c Tc 6s 6c]
Seat 4: drooppie (button) (small blind) folded on the Turn
Seat 5: Pandakey (big blind) collected ($23.52)


PokerStars Hand #149090421808:  Hold'em Limit ($3/$6 USD) - 2016/02/19 18:31:37 ET
Table 'Cerberus' 6-max Seat #4 is the button
Seat 4: drooppie ($25.02 in chips)
Seat 5: Pandakey ($151.06 in chips)
drooppie: posts small blind $1
Pandakey: posts big blind $3
*** HOLE CARDS ***
drooppie: raises $3 to $6
Pandakey: calls $3
*** FLOP *** [9s 7d 4s]
Pandakey: checks
drooppie: checks
*** TURN *** [9s 7d 4s] [Kc]
Pandakey: bets $6
drooppie: calls $6
*** RIVER *** [9s 7d 4s Kc] [Kd]
Pandakey: bets $6
drooppie: calls $6
*** SHOW DOWN ***
Pandakey: shows [6s 9h] (two pair, Kings and Nines)
drooppie: mucks hand
Pandakey collected $35.50 from pot
*** SUMMARY ***
Total pot $36 | Rake $0.50
Board [9s 7d 4s Kc Kd]
Seat 4: drooppie (button) (small blind) mucked
Seat 5: Pandakey (big blind) showed [6s 9h] and won ($35.50) with two pair, Kings and Nines


PokerStars Hand #149090413678:  Hold'em Limit ($3/$6 USD) - 2016/02/19 18:31:27 ET
Table 'Cerberus' 6-max Seat #5 is the button
Seat 4: drooppie ($31.02 in chips)
Seat 5: Pandakey ($145.30 in chips)
Pandakey: posts small blind $1
drooppie: posts big blind $3
*** HOLE CARDS ***
Pandakey: raises $3 to $6
drooppie: calls $3
*** FLOP *** [Th 8d 3s]
drooppie: checks
Pandakey: bets $3
drooppie: folds
Uncalled bet ($3) returned to Pandakey
Pandakey collected $11.76 from pot
Pandakey: doesn't show hand
*** SUMMARY ***
Total pot $12 | Rake $0.24
Board [Th 8d 3s]
Seat 4: drooppie (big blind) folded on the Flop
Seat 5: Pandakey (button) (small blind) collected ($11.76)


PokerStars Hand #149090394522:  Hold'em Limit ($3/$6 USD) - 2016/02/19 18:31:03 ET
Table 'Cerberus' 6-max Seat #4 is the button
Seat 4: drooppie ($46.02 in chips)
Seat 5: Pandakey ($130.80 in chips)
drooppie: posts small blind $1
Pandakey: posts big blind $3
*** HOLE CARDS ***
drooppie: calls $2
Pandakey: checks
*** FLOP *** [Td 3d Jd]
Pandakey: checks
drooppie: checks
*** TURN *** [Td 3d Jd] [4c]
Pandakey: bets $6
drooppie: calls $6
*** RIVER *** [Td 3d Jd 4c] [Jh]
Pandakey: bets $6
drooppie: calls $6
*** SHOW DOWN ***
Pandakey: shows [Qd 7d] (a flush, Queen high)
drooppie: mucks hand
Pandakey collected $29.50 from pot
*** SUMMARY ***
Total pot $30 | Rake $0.50
Board [Td 3d Jd 4c Jh]
Seat 4: drooppie (button) (small blind) mucked
Seat 5: Pandakey (big blind) showed [Qd 7d] and won ($29.50) with a flush, Queen high


PokerStars Hand #149090379809:  Hold'em Limit ($3/$6 USD) - 2016/02/19 18:30:46 ET
Table 'Cerberus' 6-max Seat #5 is the button
Seat 4: drooppie ($31.52 in chips)
Seat 5: Pandakey ($145.80 in chips)
Pandakey: posts small blind $1
drooppie: posts big blind $3
*** HOLE CARDS ***
Pandakey: raises $3 to $6
drooppie: calls $3
*** FLOP *** [Js 9h Ks]
drooppie: checks
Pandakey: bets $3
drooppie: calls $3
*** TURN *** [Js 9h Ks] [9d]
drooppie: checks
Pandakey: bets $6
drooppie: raises $6 to $12
Pandakey: folds
Uncalled bet ($6) returned to drooppie
drooppie collected $29.50 from pot
drooppie: doesn't show hand
*** SUMMARY ***
Total pot $30 | Rake $0.50
Board [Js 9h Ks 9d]
Seat 4: drooppie (big blind) collected ($29.50)
Seat 5: Pandakey (button) (small blind) folded on the Turn


PokerStars Hand #149090430291:  Hold'em Limit ($3/$6 USD) - 2016/02/19 18:31:47 ET
Table 'Cerberus' 6-max Seat #5 is the button
Seat 4: drooppie ($7.02 in chips)
Seat 5: Pandakey ($168.56 in chips)
Pandakey: posts small blind $1
drooppie: posts big blind $3
*** HOLE CARDS ***
Pandakey: raises $3 to $6
drooppie: raises $1.02 to $7.02 and is all-in
Pandakey: calls $1.02
*** FLOP *** [4s Js 8h]
*** TURN *** [4s Js 8h] [6s]
*** RIVER *** [4s Js 8h 6s] [Ah]
*** SHOW DOWN ***
drooppie: shows [3s Qh] (high card Ace)
Pandakey: shows [Ac Jh] (two pair, Aces and Jacks)
Pandakey collected $13.76 from pot
drooppie leaves the table
*** SUMMARY ***
Total pot $14.04 | Rake $0.28
Board [4s Js 8h 6s Ah]
Seat 4: drooppie (big blind) showed [3s Qh] and lost with high card Ace
Seat 5: Pandakey (button) (small blind) showed [Ac Jh] and won ($13.76) with two pair, Aces and Jacks


PokerStars Hand #149091344537:  Hold'em Limit ($3/$6 USD) - 2016/02/19 18:51:12 ET
Table 'Cerberus' 6-max Seat #3 is the button
Seat 3: lixinlan1989 ($47.50 in chips)
Seat 5: Pandakey ($175.30 in chips)
lixinlan1989: posts small blind $1
Pandakey: posts big blind $3
*** HOLE CARDS ***
lixinlan1989: raises $3 to $6
Pandakey: calls $3
*** FLOP *** [6h Ts 4c]
Pandakey: checks
lixinlan1989: bets $3
Pandakey: calls $3
*** TURN *** [6h Ts 4c] [Jc]
Pandakey: checks
lixinlan1989: checks
*** RIVER *** [6h Ts 4c Jc] [3d]
Pandakey: checks
lixinlan1989: checks
*** SHOW DOWN ***
Pandakey: shows [4h Ks] (a pair of Fours)
lixinlan1989: mucks hand
Pandakey collected $17.64 from pot
*** SUMMARY ***
Total pot $18 | Rake $0.36
Board [6h Ts 4c Jc 3d]
Seat 3: lixinlan1989 (button) (small blind) mucked
Seat 5: Pandakey (big blind) showed [4h Ks] and won ($17.64) with a pair of Fours


PokerStars Hand #149091365733:  Hold'em Limit ($3/$6 USD) - 2016/02/19 18:51:39 ET
Table 'Cerberus' 6-max Seat #5 is the button
Seat 3: lixinlan1989 ($38.50 in chips)
Seat 5: Pandakey ($183.94 in chips)
Pandakey: posts small blind $1
lixinlan1989: posts big blind $3
*** HOLE CARDS ***
Pandakey: folds
Uncalled bet ($2) returned to lixinlan1989
lixinlan1989 collected $2 from pot
*** SUMMARY ***
Total pot $2 | Rake $0
Seat 3: lixinlan1989 (big blind) collected ($2)
Seat 5: Pandakey (button) (small blind) folded before Flop


PokerStars Hand #149091369711:  Hold'em Limit ($3/$6 USD) - 2016/02/19 18:51:44 ET
Table 'Cerberus' 6-max Seat #3 is the button
Seat 3: lixinlan1989 ($39.50 in chips)
Seat 5: Pandakey ($182.94 in chips)
lixinlan1989: posts small blind $1
Pandakey: posts big blind $3
*** HOLE CARDS ***
lixinlan1989: calls $2
Pandakey: raises $3 to $6
lixinlan1989: calls $3
*** FLOP *** [2c 7d 9c]
Pandakey: bets $3
lixinlan1989: calls $3
*** TURN *** [2c 7d 9c] [Th]
Pandakey: bets $6
lixinlan1989: calls $6
*** RIVER *** [2c 7d 9c Th] [3h]
Pandakey: bets $6
lixinlan1989: folds
Uncalled bet ($6) returned to Pandakey
Pandakey collected $29.50 from pot
Pandakey: doesn't show hand
*** SUMMARY ***
Total pot $30 | Rake $0.50
Board [2c 7d 9c Th 3h]
Seat 3: lixinlan1989 (button) (small blind) folded on the River
Seat 5: Pandakey (big blind) collected ($29.50)


PokerStars Hand #149091388000:  Hold'em Limit ($3/$6 USD) - 2016/02/19 18:52:07 ET
Table 'Cerberus' 6-max Seat #5 is the button
Seat 3: lixinlan1989 ($24.50 in chips)
Seat 5: Pandakey ($197.44 in chips)
Pandakey: posts small blind $1
lixinlan1989: posts big blind $3
*** HOLE CARDS ***
Pandakey: folds
Uncalled bet ($2) returned to lixinlan1989
lixinlan1989 collected $2 from pot
*** SUMMARY ***
Total pot $2 | Rake $0
Seat 3: lixinlan1989 (big blind) collected ($2)
Seat 5: Pandakey (button) (small blind) folded before Flop


PokerStars Hand #149091391656:  Hold'em Limit ($3/$6 USD) - 2016/02/19 18:52:11 ET
Table 'Cerberus' 6-max Seat #3 is the button
Seat 3: lixinlan1989 ($25.50 in chips)
Seat 5: Pandakey ($196.44 in chips)
lixinlan1989: posts small blind $1
Pandakey: posts big blind $3
*** HOLE CARDS ***
lixinlan1989: raises $3 to $6
Pandakey: raises $3 to $9
lixinlan1989: calls $3
*** FLOP *** [3d 9s 7h]
Pandakey: bets $3
lixinlan1989: calls $3
*** TURN *** [3d 9s 7h] [5c]
Pandakey: bets $6
lixinlan1989: raises $6 to $12
Pandakey: calls $6
*** RIVER *** [3d 9s 7h 5c] [6h]
Pandakey: bets $6
lixinlan1989: calls $1.50 and is all-in
Uncalled bet ($4.50) returned to Pandakey
*** SHOW DOWN ***
Pandakey: shows [8s Qs] (a straight, Five to Nine)
lixinlan1989: shows [As 5d] (a pair of Fives)
Pandakey collected $50.50 from pot
*** SUMMARY ***
Total pot $51 | Rake $0.50
Board [3d 9s 7h 5c 6h]
Seat 3: lixinlan1989 (button) (small blind) showed [As 5d] and lost with a pair of Fives
Seat 5: Pandakey (big blind) showed [8s Qs] and won ($50.50) with a straight, Five to Nine


