PokerStars Hand #173828181569:  Hold'em Limit ($3/$6 USD) - 2017/08/02 10:05:03 ET
Table 'Cerberus II' 6-max Seat #4 is the button
Seat 4: Anchig ($112 in chips)
Seat 5: swics1202 ($67.64 in chips)
Anchig: posts small blind $1
swics1202: posts big blind $3
*** HOLE CARDS ***
Anchig: folds
Uncalled bet ($2) returned to swics1202
swics1202 collected $2 from pot
swics1202: doesn't show hand
*** SUMMARY ***
Total pot $2 | Rake $0
Seat 4: Anchig (button) (small blind) folded before Flop
Seat 5: swics1202 (big blind) collected ($2)


PokerStars Hand #173828178933:  Hold'em Limit ($3/$6 USD) - 2017/08/02 10:04:58 ET
Table 'Cerberus II' 6-max Seat #5 is the button
Seat 4: Anchig ($111 in chips)
Seat 5: swics1202 ($68.64 in chips)
swics1202: posts small blind $1
Anchig: posts big blind $3
*** HOLE CARDS ***
swics1202: folds
Uncalled bet ($2) returned to Anchig
Anchig collected $2 from pot
Anchig: doesn't show hand
*** SUMMARY ***
Total pot $2 | Rake $0
Seat 4: Anchig (big blind) collected ($2)
Seat 5: swics1202 (button) (small blind) folded before Flop


PokerStars Hand #173828168474:  Hold'em Limit ($3/$6 USD) - 2017/08/02 10:04:37 ET
Table 'Cerberus II' 6-max Seat #4 is the button
Seat 4: Anchig ($120 in chips)
Seat 5: swics1202 ($60 in chips)
Anchig: posts small blind $1
swics1202: posts big blind $3
*** HOLE CARDS ***
Anchig: raises $3 to $6
swics1202: raises $3 to $9
Anchig: calls $3
*** FLOP *** [3c Ad 5d]
swics1202: bets $3
Anchig: folds
Uncalled bet ($3) returned to swics1202
swics1202 collected $17.64 from pot
swics1202: doesn't show hand
*** SUMMARY ***
Total pot $18 | Rake $0.36
Board [3c Ad 5d]
Seat 4: Anchig (button) (small blind) folded on the Flop
Seat 5: swics1202 (big blind) collected ($17.64)


PokerStars Hand #173828220665:  Hold'em Limit ($3/$6 USD) - 2017/08/02 10:06:17 ET
Table 'Cerberus II' 6-max Seat #4 is the button
Seat 4: Anchig ($75 in chips)
Seat 5: swics1202 ($103.64 in chips)
Anchig: posts small blind $1
swics1202: posts big blind $3
*** HOLE CARDS ***
Anchig: folds
Uncalled bet ($2) returned to swics1202
swics1202 collected $2 from pot
swics1202: doesn't show hand
*** SUMMARY ***
Total pot $2 | Rake $0
Seat 4: Anchig (button) (small blind) folded before Flop
Seat 5: swics1202 (big blind) collected ($2)


PokerStars Hand #173828184043:  Hold'em Limit ($3/$6 USD) - 2017/08/02 10:05:07 ET
Table 'Cerberus II' 6-max Seat #5 is the button
Seat 4: Anchig ($111 in chips)
Seat 5: swics1202 ($68.64 in chips)
swics1202: posts small blind $1
Anchig: posts big blind $3
*** HOLE CARDS ***
swics1202: raises $3 to $6
Anchig: calls $3
*** FLOP *** [Jc Th Jh]
Anchig: checks
swics1202: bets $3
Anchig: calls $3
*** TURN *** [Jc Th Jh] [Qd]
Anchig: checks
swics1202: bets $6
Anchig: calls $6
*** RIVER *** [Jc Th Jh Qd] [6s]
Anchig: checks
swics1202: bets $6
Anchig: folds
Uncalled bet ($6) returned to swics1202
swics1202 collected $29.50 from pot
swics1202: doesn't show hand
*** SUMMARY ***
Total pot $30 | Rake $0.50
Board [Jc Th Jh Qd 6s]
Seat 4: Anchig (big blind) folded on the River
Seat 5: swics1202 (button) (small blind) collected ($29.50)


PokerStars Hand #173828198115:  Hold'em Limit ($3/$6 USD) - 2017/08/02 10:05:34 ET
Table 'Cerberus II' 6-max Seat #4 is the button
Seat 4: Anchig ($96 in chips)
Seat 5: swics1202 ($83.14 in chips)
Anchig: posts small blind $1
swics1202: posts big blind $3
*** HOLE CARDS ***
Anchig: raises $3 to $6
swics1202: raises $3 to $9
Anchig: calls $3
*** FLOP *** [4d Js Tc]
swics1202: bets $3
Anchig: calls $3
*** TURN *** [4d Js Tc] [Ac]
swics1202: bets $6
Anchig: calls $6
*** RIVER *** [4d Js Tc Ac] [3h]
swics1202: bets $6
Anchig: folds
Uncalled bet ($6) returned to swics1202
swics1202 collected $35.50 from pot
swics1202: doesn't show hand
*** SUMMARY ***
Total pot $36 | Rake $0.50
Board [4d Js Tc Ac 3h]
Seat 4: Anchig (button) (small blind) folded on the River
Seat 5: swics1202 (big blind) collected ($35.50)


PokerStars Hand #173828217117:  Hold'em Limit ($3/$6 USD) - 2017/08/02 10:06:11 ET
Table 'Cerberus II' 6-max Seat #5 is the button
Seat 4: Anchig ($78 in chips)
Seat 5: swics1202 ($100.64 in chips)
swics1202: posts small blind $1
Anchig: posts big blind $3
*** HOLE CARDS ***
swics1202: raises $3 to $6
Anchig: folds
Uncalled bet ($3) returned to swics1202
swics1202 collected $6 from pot
swics1202: doesn't show hand
*** SUMMARY ***
Total pot $6 | Rake $0
Seat 4: Anchig (big blind) folded before Flop
Seat 5: swics1202 (button) (small blind) collected ($6)


PokerStars Hand #173828214334:  Hold'em Limit ($3/$6 USD) - 2017/08/02 10:06:05 ET
Table 'Cerberus II' 6-max Seat #4 is the button
Seat 4: Anchig ($79 in chips)
Seat 5: swics1202 ($99.64 in chips)
Anchig: posts small blind $1
swics1202: posts big blind $3
*** HOLE CARDS ***
Anchig: folds
Uncalled bet ($2) returned to swics1202
swics1202 collected $2 from pot
swics1202: doesn't show hand
*** SUMMARY ***
Total pot $2 | Rake $0
Seat 4: Anchig (button) (small blind) folded before Flop
Seat 5: swics1202 (big blind) collected ($2)


PokerStars Hand #173828209294:  Hold'em Limit ($3/$6 USD) - 2017/08/02 10:05:55 ET
Table 'Cerberus II' 6-max Seat #5 is the button
Seat 4: Anchig ($78 in chips)
Seat 5: swics1202 ($100.64 in chips)
swics1202: posts small blind $1
Anchig: posts big blind $3
*** HOLE CARDS ***
swics1202: folds
Uncalled bet ($2) returned to Anchig
Anchig collected $2 from pot
Anchig: doesn't show hand
*** SUMMARY ***
Total pot $2 | Rake $0
Seat 4: Anchig (big blind) collected ($2)
Seat 5: swics1202 (button) (small blind) folded before Flop


PokerStars Hand #173828223271:  Hold'em Limit ($3/$6 USD) - 2017/08/02 10:06:22 ET
Table 'Cerberus II' 6-max Seat #5 is the button
Seat 4: Anchig ($74 in chips)
Seat 5: swics1202 ($104.64 in chips)
swics1202: posts small blind $1
Anchig: posts big blind $3
*** HOLE CARDS ***
swics1202: raises $3 to $6
Anchig: calls $3
*** FLOP *** [6s Kh 9d]
Anchig: checks
swics1202: bets $3
Anchig: raises $3 to $6
swics1202: folds
Uncalled bet ($3) returned to Anchig
Anchig collected $17.64 from pot
Anchig: doesn't show hand
*** SUMMARY ***
Total pot $18 | Rake $0.36
Board [6s Kh 9d]
Seat 4: Anchig (big blind) collected ($17.64)
Seat 5: swics1202 (button) (small blind) folded on the Flop


