PokerStars Hand #145599044910:  Hold'em Limit ($3/$6 USD) - 2015/12/19 15:31:13 ET
Table 'Cerberus' 6-max Seat #1 is the button
Seat 1: andrey0709 ($103 in chips)
Seat 2: vestimokrec ($136.50 in chips)
andrey0709: posts small blind $1
vestimokrec: posts big blind $3
*** HOLE CARDS ***
scorpio04 joins the table at seat #3
andrey0709: calls $2
vestimokrec: checks
*** FLOP *** [Tc Jh Kd]
vestimokrec: checks
andrey0709: bets $3
vestimokrec: raises $3 to $6
andrey0709: calls $3
*** TURN *** [Tc Jh Kd] [Qc]
vestimokrec: bets $6
andrey0709: raises $6 to $12
vestimokrec: calls $6
*** RIVER *** [Tc Jh Kd Qc] [Kc]
vestimokrec: checks
andrey0709: bets $6
vestimokrec: calls $6
*** SHOW DOWN ***
andrey0709: shows [Ad 2s] (a straight, Ten to Ace)
vestimokrec: mucks hand
andrey0709 collected $53.50 from pot
*** SUMMARY ***
Total pot $54 | Rake $0.50
Board [Tc Jh Kd Qc Kc]
Seat 1: andrey0709 (button) (small blind) showed [Ad 2s] and won ($53.50) with a straight, Ten to Ace
Seat 2: vestimokrec (big blind) mucked


PokerStars Hand #145601283678:  Hold'em Limit ($3/$6 USD) - 2015/12/19 16:10:39 ET
Table 'Cerberus' 6-max Seat #2 is the button
Seat 1: andrey0709 ($76.94 in chips)
Seat 2: vestimokrec ($265.30 in chips)
vestimokrec: posts small blind $1
andrey0709: posts big blind $3
*** HOLE CARDS ***
vestimokrec: folds
Uncalled bet ($2) returned to andrey0709
andrey0709 collected $2 from pot
andrey0709: doesn't show hand
*** SUMMARY ***
Total pot $2 | Rake $0
Seat 1: andrey0709 (big blind) collected ($2)
Seat 2: vestimokrec (button) (small blind) folded before Flop


PokerStars Hand #145601238853:  Hold'em Limit ($3/$6 USD) - 2015/12/19 16:09:53 ET
Table 'Cerberus' 6-max Seat #1 is the button
Seat 1: andrey0709 ($66.70 in chips)
Seat 2: vestimokrec ($271.30 in chips)
andrey0709: posts small blind $1
vestimokrec: posts big blind $3
*** HOLE CARDS ***
andrey0709: calls $2
vestimokrec: checks
*** FLOP *** [Ks Jc 2c]
vestimokrec: checks
andrey0709: bets $3
PelonCabelao leaves the table
vestimokrec: calls $3
*** TURN *** [Ks Jc 2c] [Qd]
vestimokrec: checks
andrey0709: bets $6
vestimokrec: folds
Uncalled bet ($6) returned to andrey0709
andrey0709 collected $11.76 from pot
andrey0709: doesn't show hand
*** SUMMARY ***
Total pot $12 | Rake $0.24
Board [Ks Jc 2c Qd]
Seat 1: andrey0709 (button) (small blind) collected ($11.76)
Seat 2: vestimokrec (big blind) folded on the Turn


PokerStars Hand #145601194531:  Hold'em Limit ($3/$6 USD) - 2015/12/19 16:09:08 ET
Table 'Cerberus' 6-max Seat #2 is the button
Seat 1: andrey0709 ($81.70 in chips)
Seat 2: vestimokrec ($256.80 in chips)
vestimokrec: posts small blind $1
PelonCabelao: is sitting out
andrey0709: posts big blind $3
*** HOLE CARDS ***
vestimokrec: raises $3 to $6
andrey0709: calls $3
*** FLOP *** [3h 2s 3c]
andrey0709: checks
vestimokrec: bets $3
andrey0709: calls $3
*** TURN *** [3h 2s 3c] [Ad]
andrey0709: checks
vestimokrec: bets $6
andrey0709: calls $6
*** RIVER *** [3h 2s 3c Ad] [6h]
andrey0709: checks
vestimokrec: checks
*** SHOW DOWN ***
andrey0709: shows [8h 5s] (a pair of Threes)
vestimokrec: shows [Td Jd] (a pair of Threes - Ace+Jack kicker)
vestimokrec collected $29.50 from pot
*** SUMMARY ***
Total pot $30 | Rake $0.50
Board [3h 2s 3c Ad 6h]
Seat 1: andrey0709 (big blind) showed [8h 5s] and lost with a pair of Threes
Seat 2: vestimokrec (button) (small blind) showed [Td Jd] and won ($29.50) with a pair of Threes


PokerStars Hand #145601299649:  Hold'em Limit ($3/$6 USD) - 2015/12/19 16:10:56 ET
Table 'Cerberus' 6-max Seat #1 is the button
Seat 1: andrey0709 ($73.94 in chips)
Seat 2: vestimokrec ($268.30 in chips)
andrey0709: posts small blind $1
vestimokrec: posts big blind $3
*** HOLE CARDS ***
andrey0709: folds
Uncalled bet ($2) returned to vestimokrec
vestimokrec collected $2 from pot
vestimokrec: doesn't show hand
*** SUMMARY ***
Total pot $2 | Rake $0
Seat 1: andrey0709 (button) (small blind) folded before Flop
Seat 2: vestimokrec (big blind) collected ($2)


PokerStars Hand #145601292681:  Hold'em Limit ($3/$6 USD) - 2015/12/19 16:10:49 ET
Table 'Cerberus' 6-max Seat #2 is the button
Seat 1: andrey0709 ($76.94 in chips)
Seat 2: vestimokrec ($265.30 in chips)
vestimokrec: posts small blind $1
andrey0709: posts big blind $3
*** HOLE CARDS ***
vestimokrec: raises $3 to $6
andrey0709: folds
Uncalled bet ($3) returned to vestimokrec
vestimokrec collected $6 from pot
vestimokrec: doesn't show hand
*** SUMMARY ***
Total pot $6 | Rake $0
Seat 1: andrey0709 (big blind) folded before Flop
Seat 2: vestimokrec (button) (small blind) collected ($6)


PokerStars Hand #145601287958:  Hold'em Limit ($3/$6 USD) - 2015/12/19 16:10:44 ET
Table 'Cerberus' 6-max Seat #1 is the button
Seat 1: andrey0709 ($77.94 in chips)
Seat 2: vestimokrec ($264.30 in chips)
andrey0709: posts small blind $1
vestimokrec: posts big blind $3
*** HOLE CARDS ***
andrey0709: folds
Uncalled bet ($2) returned to vestimokrec
vestimokrec collected $2 from pot
vestimokrec: doesn't show hand
*** SUMMARY ***
Total pot $2 | Rake $0
Seat 1: andrey0709 (button) (small blind) folded before Flop
Seat 2: vestimokrec (big blind) collected ($2)


PokerStars Hand #145601344017:  Hold'em Limit ($3/$6 USD) - 2015/12/19 16:11:41 ET
Table 'Cerberus' 6-max Seat #1 is the button
Seat 1: andrey0709 ($66.94 in chips)
Seat 2: vestimokrec ($275.06 in chips)
andrey0709: posts small blind $1
vestimokrec: posts big blind $3
*** HOLE CARDS ***
andrey0709: folds
Uncalled bet ($2) returned to vestimokrec
vestimokrec collected $2 from pot
vestimokrec: doesn't show hand
*** SUMMARY ***
Total pot $2 | Rake $0
Seat 1: andrey0709 (button) (small blind) folded before Flop
Seat 2: vestimokrec (big blind) collected ($2)


PokerStars Hand #145601303926:  Hold'em Limit ($3/$6 USD) - 2015/12/19 16:11:00 ET
Table 'Cerberus' 6-max Seat #2 is the button
Seat 1: andrey0709 ($72.94 in chips)
Seat 2: vestimokrec ($269.30 in chips)
vestimokrec: posts small blind $1
andrey0709: posts big blind $3
*** HOLE CARDS ***
vestimokrec: raises $3 to $6
andrey0709: calls $3
*** FLOP *** [Ac 8d Jd]
andrey0709: checks
vestimokrec: checks
*** TURN *** [Ac 8d Jd] [Ah]
andrey0709: checks
vestimokrec: checks
*** RIVER *** [Ac 8d Jd Ah] [4h]
andrey0709: checks
vestimokrec: checks
*** SHOW DOWN ***
andrey0709: shows [Tc 2c] (a pair of Aces)
vestimokrec: shows [Kc 6c] (a pair of Aces - King kicker)
vestimokrec collected $11.76 from pot
*** SUMMARY ***
Total pot $12 | Rake $0.24
Board [Ac 8d Jd Ah 4h]
Seat 1: andrey0709 (big blind) showed [Tc 2c] and lost with a pair of Aces
Seat 2: vestimokrec (button) (small blind) showed [Kc 6c] and won ($11.76) with a pair of Aces


PokerStars Hand #145601348419:  Hold'em Limit ($3/$6 USD) - 2015/12/19 16:11:46 ET
Table 'Cerberus' 6-max Seat #2 is the button
Seat 1: andrey0709 ($65.94 in chips)
Seat 2: vestimokrec ($276.06 in chips)
vestimokrec: posts small blind $1
andrey0709: posts big blind $3
*** HOLE CARDS ***
vestimokrec: raises $3 to $6
andrey0709: calls $3
*** FLOP *** [4h 9s 2s]
andrey0709: checks
vestimokrec: bets $3
andrey0709: folds
Uncalled bet ($3) returned to vestimokrec
vestimokrec collected $11.76 from pot
vestimokrec: doesn't show hand
*** SUMMARY ***
Total pot $12 | Rake $0.24
Board [4h 9s 2s]
Seat 1: andrey0709 (big blind) folded on the Flop
Seat 2: vestimokrec (button) (small blind) collected ($11.76)


PokerStars Hand #145601368968:  Hold'em Limit ($3/$6 USD) - 2015/12/19 16:12:07 ET
Table 'Cerberus' 6-max Seat #1 is the button
Seat 1: andrey0709 ($59.94 in chips)
Seat 2: vestimokrec ($281.82 in chips)
andrey0709: posts small blind $1
vestimokrec: posts big blind $3
*** HOLE CARDS ***
andrey0709: folds
Uncalled bet ($2) returned to vestimokrec
vestimokrec collected $2 from pot
vestimokrec: doesn't show hand
*** SUMMARY ***
Total pot $2 | Rake $0
Seat 1: andrey0709 (button) (small blind) folded before Flop
Seat 2: vestimokrec (big blind) collected ($2)


PokerStars Hand #145601437509:  Hold'em Limit ($3/$6 USD) - 2015/12/19 16:13:17 ET
Table 'Cerberus' 6-max Seat #1 is the button
Seat 1: andrey0709 ($70.46 in chips)
Seat 2: vestimokrec ($270.82 in chips)
andrey0709: posts small blind $1
vestimokrec: posts big blind $3
*** HOLE CARDS ***
andrey0709: folds
Uncalled bet ($2) returned to vestimokrec
vestimokrec collected $2 from pot
vestimokrec: doesn't show hand
*** SUMMARY ***
Total pot $2 | Rake $0
Seat 1: andrey0709 (button) (small blind) folded before Flop
Seat 2: vestimokrec (big blind) collected ($2)


PokerStars Hand #145601373562:  Hold'em Limit ($3/$6 USD) - 2015/12/19 16:12:12 ET
Table 'Cerberus' 6-max Seat #2 is the button
Seat 1: andrey0709 ($58.94 in chips)
Seat 2: vestimokrec ($282.82 in chips)
vestimokrec: posts small blind $1
andrey0709: posts big blind $3
*** HOLE CARDS ***
vestimokrec: raises $3 to $6
andrey0709: calls $3
*** FLOP *** [5h 7c 9d]
andrey0709: checks
vestimokrec: checks
*** TURN *** [5h 7c 9d] [Kh]
andrey0709: bets $6
vestimokrec: calls $6
*** RIVER *** [5h 7c 9d Kh] [4s]
andrey0709: bets $6
vestimokrec: folds
Uncalled bet ($6) returned to andrey0709
andrey0709 collected $23.52 from pot
andrey0709: doesn't show hand
*** SUMMARY ***
Total pot $24 | Rake $0.48
Board [5h 7c 9d Kh 4s]
Seat 1: andrey0709 (big blind) collected ($23.52)
Seat 2: vestimokrec (button) (small blind) folded on the River


PokerStars Hand #145601491132:  Hold'em Limit ($3/$6 USD) - 2015/12/19 16:14:11 ET
Table 'Cerberus' 6-max Seat #1 is the button
Seat 1: andrey0709 ($50.46 in chips)
Seat 2: vestimokrec ($290.32 in chips)
andrey0709: posts small blind $1
vestimokrec: posts big blind $3
*** HOLE CARDS ***
andrey0709: folds
Uncalled bet ($2) returned to vestimokrec
artiZzt joins the table at seat #5
vestimokrec collected $2 from pot
vestimokrec: doesn't show hand
*** SUMMARY ***
Total pot $2 | Rake $0
Seat 1: andrey0709 (button) (small blind) folded before Flop
Seat 2: vestimokrec (big blind) collected ($2)


PokerStars Hand #145601486792:  Hold'em Limit ($3/$6 USD) - 2015/12/19 16:14:07 ET
Table 'Cerberus' 6-max Seat #2 is the button
Seat 1: andrey0709 ($53.46 in chips)
Seat 2: vestimokrec ($287.32 in chips)
vestimokrec: posts small blind $1
andrey0709: posts big blind $3
*** HOLE CARDS ***
vestimokrec: raises $3 to $6
andrey0709: folds
Uncalled bet ($3) returned to vestimokrec
vestimokrec collected $6 from pot
vestimokrec: doesn't show hand
*** SUMMARY ***
Total pot $6 | Rake $0
Seat 1: andrey0709 (big blind) folded before Flop
Seat 2: vestimokrec (button) (small blind) collected ($6)


PokerStars Hand #145601482420:  Hold'em Limit ($3/$6 USD) - 2015/12/19 16:14:02 ET
Table 'Cerberus' 6-max Seat #1 is the button
Seat 1: andrey0709 ($54.46 in chips)
Seat 2: vestimokrec ($286.32 in chips)
andrey0709: posts small blind $1
vestimokrec: posts big blind $3
*** HOLE CARDS ***
andrey0709: folds
Uncalled bet ($2) returned to vestimokrec
vestimokrec collected $2 from pot
vestimokrec: doesn't show hand
*** SUMMARY ***
Total pot $2 | Rake $0
Seat 1: andrey0709 (button) (small blind) folded before Flop
Seat 2: vestimokrec (big blind) collected ($2)


PokerStars Hand #145601442037:  Hold'em Limit ($3/$6 USD) - 2015/12/19 16:13:21 ET
Table 'Cerberus' 6-max Seat #2 is the button
Seat 1: andrey0709 ($69.46 in chips)
Seat 2: vestimokrec ($271.82 in chips)
vestimokrec: posts small blind $1
andrey0709: posts big blind $3
*** HOLE CARDS ***
vestimokrec: raises $3 to $6
andrey0709: calls $3
*** FLOP *** [As Ac 9c]
andrey0709: checks
vestimokrec: bets $3
andrey0709: calls $3
*** TURN *** [As Ac 9c] [8s]
andrey0709: checks
vestimokrec: checks
*** RIVER *** [As Ac 9c 8s] [6s]
andrey0709: checks
vestimokrec: bets $6
andrey0709: calls $6
*** SHOW DOWN ***
vestimokrec: shows [3c 3h] (two pair, Aces and Threes)
andrey0709: mucks hand
vestimokrec collected $29.50 from pot
*** SUMMARY ***
Total pot $30 | Rake $0.50
Board [As Ac 9c 8s 6s]
Seat 1: andrey0709 (big blind) mucked
Seat 2: vestimokrec (button) (small blind) showed [3c 3h] and won ($29.50) with two pair, Aces and Threes


