PokerStars Hand #144469470187:  Hold'em Limit ($3/$6 USD) - 2015/11/27 14:21:03 ET
Table 'Ceres' 10-max Seat #3 is the button
Seat 3: gussi5 ($106.76 in chips)
Seat 4: LukaSteel ($120 in chips)
gussi5: posts small blind $1
LukaSteel: posts big blind $3
*** HOLE CARDS ***
gussi5: calls $2
LukaSteel: raises $3 to $6
gussi5: calls $3
*** FLOP *** [9s 5d 7c]
LukaSteel: bets $3
gussi5: calls $3
*** TURN *** [9s 5d 7c] [7d]
LukaSteel: checks
gussi5: checks
*** RIVER *** [9s 5d 7c 7d] [Qh]
LukaSteel: bets $6
gussi5: calls $6
*** SHOW DOWN ***
LukaSteel: shows [Ts 3c] (a pair of Sevens)
gussi5: shows [As Jc] (a pair of Sevens - Ace kicker)
gussi5 collected $29.50 from pot
*** SUMMARY ***
Total pot $30 | Rake $0.50
Board [9s 5d 7c 7d Qh]
Seat 3: gussi5 (button) (small blind) showed [As Jc] and won ($29.50) with a pair of Sevens
Seat 4: LukaSteel (big blind) showed [Ts 3c] and lost with a pair of Sevens


PokerStars Hand #144469445505:  Hold'em Limit ($3/$6 USD) - 2015/11/27 14:20:34 ET
Table 'Ceres' 10-max Seat #4 is the button
Seat 3: gussi5 ($92.26 in chips)
Seat 4: LukaSteel ($121 in chips)
LukaSteel: posts small blind $1
gussi5: posts big blind $3
*** HOLE CARDS ***
LukaSteel: raises $3 to $6
gussi5: calls $3
*** FLOP *** [6c 5s Jh]
gussi5: checks
LukaSteel: bets $3
gussi5: calls $3
*** TURN *** [6c 5s Jh] [4d]
gussi5: checks
LukaSteel: bets $6
gussi5: calls $6
*** RIVER *** [6c 5s Jh 4d] [8d]
gussi5: checks
LukaSteel: checks
*** SHOW DOWN ***
gussi5: shows [Th 6h] (a pair of Sixes)
LukaSteel: mucks hand
gussi5 collected $29.50 from pot
*** SUMMARY ***
Total pot $30 | Rake $0.50
Board [6c 5s Jh 4d 8d]
Seat 3: gussi5 (big blind) showed [Th 6h] and won ($29.50) with a pair of Sixes
Seat 4: LukaSteel (button) (small blind) mucked


PokerStars Hand #144469440749:  Hold'em Limit ($3/$6 USD) - 2015/11/27 14:20:29 ET
Table 'Ceres' 10-max Seat #3 is the button
Seat 3: gussi5 ($93.26 in chips)
Seat 4: LukaSteel ($120 in chips)
gussi5: posts small blind $1
LukaSteel: posts big blind $3
*** HOLE CARDS ***
gussi5: folds
Uncalled bet ($2) returned to LukaSteel
LukaSteel collected $2 from pot
LukaSteel: doesn't show hand
*** SUMMARY ***
Total pot $2 | Rake $0
Seat 3: gussi5 (button) (small blind) folded before Flop
Seat 4: LukaSteel (big blind) collected ($2)


PokerStars Hand #144469507151:  Hold'em Limit ($3/$6 USD) - 2015/11/27 14:21:45 ET
Table 'Ceres' 10-max Seat #3 is the button
Seat 3: gussi5 ($129.90 in chips)
Seat 4: LukaSteel ($120 in chips)
gussi5: posts small blind $1
LukaSteel: posts big blind $3
*** HOLE CARDS ***
gussi5: folds
Uncalled bet ($2) returned to LukaSteel
LukaSteel collected $2 from pot
LukaSteel: doesn't show hand
*** SUMMARY ***
Total pot $2 | Rake $0
Seat 3: gussi5 (button) (small blind) folded before Flop
Seat 4: LukaSteel (big blind) collected ($2)


PokerStars Hand #144469490960:  Hold'em Limit ($3/$6 USD) - 2015/11/27 14:21:27 ET
Table 'Ceres' 10-max Seat #4 is the button
Seat 3: gussi5 ($121.26 in chips)
Seat 4: LukaSteel ($120 in chips)
LukaSteel: posts small blind $1
gussi5: posts big blind $3
*** HOLE CARDS ***
LukaSteel: raises $3 to $6
gussi5: calls $3
*** FLOP *** [Ks 6s 3d]
SashaYuvelir joins the table at seat #5
gussi5: checks
LukaSteel: bets $3
gussi5: calls $3
*** TURN *** [Ks 6s 3d] [4s]
gussi5: checks
LukaSteel: checks
*** RIVER *** [Ks 6s 3d 4s] [Qd]
gussi5: bets $6
LukaSteel: folds
Uncalled bet ($6) returned to gussi5
gussi5 collected $17.64 from pot
gussi5: doesn't show hand
*** SUMMARY ***
Total pot $18 | Rake $0.36
Board [Ks 6s 3d 4s Qd]
Seat 3: gussi5 (big blind) collected ($17.64)
Seat 4: LukaSteel (button) (small blind) folded on the River


PokerStars Hand #144471497334:  Hold'em Limit ($3/$6 USD) - 2015/11/27 14:59:49 ET
Table 'Ceres' 10-max Seat #3 is the button
Seat 3: SirRomanov ($72 in chips)
Seat 9: Great_Kang ($174.64 in chips)
SirRomanov: posts small blind $1
PelonCabelao: is sitting out
Chessnok: is sitting out
Great_Kang: posts big blind $3
*** HOLE CARDS ***
SirRomanov: raises $3 to $6
PelonCabelao leaves the table
Great_Kang: calls $3
*** FLOP *** [Qs 3h 6h]
Great_Kang: checks
SirRomanov: bets $3
Great_Kang: calls $3
*** TURN *** [Qs 3h 6h] [4c]
Great_Kang: checks
SirRomanov: bets $6
Great_Kang: calls $6
*** RIVER *** [Qs 3h 6h 4c] [Jc]
Great_Kang: checks
SirRomanov: bets $6
Great_Kang: calls $6
*** SHOW DOWN ***
SirRomanov: shows [Qh 9c] (a pair of Queens)
Great_Kang: mucks hand
SirRomanov collected $41.50 from pot
*** SUMMARY ***
Total pot $42 | Rake $0.50
Board [Qs 3h 6h 4c Jc]
Seat 3: SirRomanov (button) (small blind) showed [Qh 9c] and won ($41.50) with a pair of Queens
Seat 9: Great_Kang (big blind) mucked


