PokerStars Hand #175067348095:  Hold'em Limit ($3/$6 USD) - 2017/09/01 12:09:34 ET
Table 'Ceres' 6-max Seat #4 is the button
Seat 4: ANIN1337 ($47.33 in chips)
Seat 6: Mordnilap ($119.26 in chips)
ANIN1337: posts small blind $1
Mordnilap: posts big blind $3
*** HOLE CARDS ***
ANIN1337: folds
Uncalled bet ($2) returned to Mordnilap
Mordnilap collected $2 from pot
Mordnilap: doesn't show hand
*** SUMMARY ***
Total pot $2 | Rake $0
Seat 4: ANIN1337 (button) (small blind) folded before Flop
Seat 6: Mordnilap (big blind) collected ($2)


PokerStars Hand #175067322239:  Hold'em Limit ($3/$6 USD) - 2017/09/01 12:08:54 ET
Table 'Ceres' 6-max Seat #6 is the button
Seat 4: ANIN1337 ($47.76 in chips)
Seat 6: Mordnilap ($72 in chips)
Mordnilap: posts small blind $1
ANIN1337: posts big blind $3
*** HOLE CARDS ***
Mordnilap: raises $3 to $6
ANIN1337: raises $3 to $9
Mordnilap: calls $3
*** FLOP *** [Th Js 2d]
ANIN1337: bets $3
Mordnilap: calls $3
*** TURN *** [Th Js 2d] [Qd]
ANIN1337: bets $6
Mordnilap: raises $6 to $12
ANIN1337: raises $6 to $18
Mordnilap: raises $6 to $24
Betting is capped
ANIN1337: calls $6
*** RIVER *** [Th Js 2d Qd] [3c]
ANIN1337: bets $6
Mordnilap: raises $6 to $12
ANIN1337: calls $5.76 and is all-in
Uncalled bet ($0.24) returned to Mordnilap
*** SHOW DOWN ***
Mordnilap: shows [Ac Kc] (a straight, Ten to Ace)
ANIN1337: shows [Kh 9h] (a straight, Nine to King)
Mordnilap collected $95.02 from pot
*** SUMMARY ***
Total pot $95.52 | Rake $0.50
Board [Th Js 2d Qd 3c]
Seat 4: ANIN1337 (big blind) showed [Kh 9h] and lost with a straight, Nine to King
Seat 6: Mordnilap (button) (small blind) showed [Ac Kc] and won ($95.02) with a straight, Ten to Ace


PokerStars Hand #175067355043:  Hold'em Limit ($3/$6 USD) - 2017/09/01 12:09:44 ET
Table 'Ceres' 6-max Seat #6 is the button
Seat 4: ANIN1337 ($46.33 in chips)
Seat 6: Mordnilap ($120.26 in chips)
Mordnilap: posts small blind $1
ANIN1337: posts big blind $3
*** HOLE CARDS ***
Mordnilap: raises $3 to $6
ANIN1337: raises $3 to $9
Mordnilap: calls $3
*** FLOP *** [3c 3d 7d]
ANIN1337: bets $3
Mordnilap: calls $3
*** TURN *** [3c 3d 7d] [Qs]
ANIN1337: bets $6
Mordnilap: folds
Uncalled bet ($6) returned to ANIN1337
ANIN1337 collected $23.52 from pot
ANIN1337: doesn't show hand
*** SUMMARY ***
Total pot $24 | Rake $0.48
Board [3c 3d 7d Qs]
Seat 4: ANIN1337 (big blind) collected ($23.52)
Seat 6: Mordnilap (button) (small blind) folded on the Turn


PokerStars Hand #175067394792:  Hold'em Limit ($3/$6 USD) - 2017/09/01 12:10:46 ET
Table 'Ceres' 6-max Seat #6 is the button
Seat 4: ANIN1337 ($30.85 in chips)
Seat 6: Mordnilap ($134.76 in chips)
Mordnilap: posts small blind $1
ANIN1337: posts big blind $3
*** HOLE CARDS ***
Mordnilap: raises $3 to $6
ANIN1337: folds
Uncalled bet ($3) returned to Mordnilap
Mordnilap collected $6 from pot
Mordnilap: doesn't show hand
*** SUMMARY ***
Total pot $6 | Rake $0
Seat 4: ANIN1337 (big blind) folded before Flop
Seat 6: Mordnilap (button) (small blind) collected ($6)


PokerStars Hand #175067368313:  Hold'em Limit ($3/$6 USD) - 2017/09/01 12:10:05 ET
Table 'Ceres' 6-max Seat #4 is the button
Seat 4: ANIN1337 ($57.85 in chips)
Seat 6: Mordnilap ($108.26 in chips)
ANIN1337: posts small blind $1
Mordnilap: posts big blind $3
*** HOLE CARDS ***
ANIN1337: raises $3 to $6
Mordnilap: raises $3 to $9
ANIN1337: calls $3
*** FLOP *** [Td 4d 3d]
Mordnilap: bets $3
ANIN1337: raises $3 to $6
B_loJkl joins the table at seat #5
Mordnilap: calls $3
*** TURN *** [Td 4d 3d] [Jc]
Mordnilap: checks
ANIN1337: bets $6
Mordnilap: calls $6
*** RIVER *** [Td 4d 3d Jc] [Kc]
Mordnilap: checks
ANIN1337: bets $6
Mordnilap: calls $6
*** SHOW DOWN ***
ANIN1337: shows [Ad 6h] (high card Ace)
Mordnilap: shows [As Th] (a pair of Tens)
Mordnilap collected $53.50 from pot
*** SUMMARY ***
Total pot $54 | Rake $0.50
Board [Td 4d 3d Jc Kc]
Seat 4: ANIN1337 (button) (small blind) showed [Ad 6h] and lost with high card Ace
Seat 6: Mordnilap (big blind) showed [As Th] and won ($53.50) with a pair of Tens


