PokerStars Hand #147598250583:  Hold'em Limit ($3/$6 USD) - 2016/01/24 11:17:40 ET
Table 'Ceres III' 2-max Seat #2 is the button
Seat 1: nrJitsu ($200 in chips)
Seat 2: prallimall ($136.38 in chips)
prallimall: posts small blind $1
nrJitsu: posts big blind $3
*** HOLE CARDS ***
prallimall: raises $3 to $6
nrJitsu: raises $3 to $9
prallimall: calls $3
*** FLOP *** [8s Qs 9c]
nrJitsu: bets $3
prallimall: raises $3 to $6
nrJitsu: calls $3
*** TURN *** [8s Qs 9c] [2c]
nrJitsu: checks
prallimall: bets $6
nrJitsu: calls $6
*** RIVER *** [8s Qs 9c 2c] [2d]
nrJitsu: checks
prallimall: bets $6
nrJitsu: folds
Uncalled bet ($6) returned to prallimall
prallimall collected $41.50 from pot
prallimall: doesn't show hand
*** SUMMARY ***
Total pot $42 | Rake $0.50
Board [8s Qs 9c 2c 2d]
Seat 1: nrJitsu (big blind) folded on the River
Seat 2: prallimall (button) (small blind) collected ($41.50)


PokerStars Hand #147598364824:  Hold'em Limit ($3/$6 USD) - 2016/01/24 11:19:35 ET
Table 'Ceres III' 2-max Seat #2 is the button
Seat 1: nrJitsu ($155 in chips)
Seat 2: prallimall ($180.02 in chips)
prallimall: posts small blind $1
nrJitsu: posts big blind $3
*** HOLE CARDS ***
prallimall: raises $3 to $6
nrJitsu: calls $3
*** FLOP *** [4h Ad 4c]
nrJitsu: checks
prallimall: bets $3
nrJitsu: folds
Uncalled bet ($3) returned to prallimall
prallimall collected $11.76 from pot
prallimall: doesn't show hand
*** SUMMARY ***
Total pot $12 | Rake $0.24
Board [4h Ad 4c]
Seat 1: nrJitsu (big blind) folded on the Flop
Seat 2: prallimall (button) (small blind) collected ($11.76)


PokerStars Hand #147598306034:  Hold'em Limit ($3/$6 USD) - 2016/01/24 11:18:36 ET
Table 'Ceres III' 2-max Seat #2 is the button
Seat 1: nrJitsu ($182 in chips)
Seat 2: prallimall ($153.88 in chips)
prallimall: posts small blind $1
nrJitsu: posts big blind $3
*** HOLE CARDS ***
prallimall: raises $3 to $6
nrJitsu: raises $3 to $9
prallimall: calls $3
*** FLOP *** [Jh 4c 6s]
nrJitsu: bets $3
prallimall: calls $3
*** TURN *** [Jh 4c 6s] [8c]
nrJitsu: checks
prallimall: bets $6
nrJitsu: calls $6
*** RIVER *** [Jh 4c 6s 8c] [Qs]
nrJitsu: checks
prallimall: bets $6
nrJitsu: folds
Uncalled bet ($6) returned to prallimall
prallimall collected $35.50 from pot
prallimall: doesn't show hand
*** SUMMARY ***
Total pot $36 | Rake $0.50
Board [Jh 4c 6s 8c Qs]
Seat 1: nrJitsu (big blind) folded on the River
Seat 2: prallimall (button) (small blind) collected ($35.50)


PokerStars Hand #147598345974:  Hold'em Limit ($3/$6 USD) - 2016/01/24 11:19:16 ET
Table 'Ceres III' 2-max Seat #2 is the button
Seat 1: nrJitsu ($155 in chips)
Seat 2: prallimall ($180.02 in chips)
prallimall: posts small blind $1
nrJitsu: posts big blind $3
*** HOLE CARDS ***
prallimall: folds
Uncalled bet ($2) returned to nrJitsu
nrJitsu collected $2 from pot
nrJitsu: doesn't show hand
*** SUMMARY ***
Total pot $2 | Rake $0
Seat 1: nrJitsu (big blind) collected ($2)
Seat 2: prallimall (button) (small blind) folded before Flop


PokerStars Hand #147598331157:  Hold'em Limit ($3/$6 USD) - 2016/01/24 11:19:01 ET
Table 'Ceres III' 2-max Seat #1 is the button
Seat 1: nrJitsu ($164 in chips)
Seat 2: prallimall ($171.38 in chips)
nrJitsu: posts small blind $1
prallimall: posts big blind $3
*** HOLE CARDS ***
nrJitsu: raises $3 to $6
prallimall: raises $3 to $9
nrJitsu: calls $3
*** FLOP *** [Ah 4d 6s]
prallimall: bets $3
nrJitsu: folds
Uncalled bet ($3) returned to prallimall
prallimall collected $17.64 from pot
prallimall: doesn't show hand
*** SUMMARY ***
Total pot $18 | Rake $0.36
Board [Ah 4d 6s]
Seat 1: nrJitsu (button) (small blind) folded on the Flop
Seat 2: prallimall (big blind) collected ($17.64)


PokerStars Hand #147598354585:  Hold'em Limit ($3/$6 USD) - 2016/01/24 11:19:25 ET
Table 'Ceres III' 2-max Seat #2 is the button
Seat 1: nrJitsu ($155 in chips)
Seat 2: prallimall ($180.02 in chips)
prallimall: posts small blind $1
nrJitsu: posts big blind $3
*** HOLE CARDS ***
prallimall: raises $3 to $6
nrJitsu: folds
Uncalled bet ($3) returned to prallimall
prallimall collected $6 from pot
prallimall: doesn't show hand
*** SUMMARY ***
Total pot $6 | Rake $0
Seat 1: nrJitsu (big blind) folded before Flop
Seat 2: prallimall (button) (small blind) collected ($6)


PokerStars Hand #147598350228:  Hold'em Limit ($3/$6 USD) - 2016/01/24 11:19:21 ET
Table 'Ceres III' 2-max Seat #1 is the button
Seat 1: nrJitsu ($156 in chips)
Seat 2: prallimall ($179.02 in chips)
nrJitsu: posts small blind $1
prallimall: posts big blind $3
*** HOLE CARDS ***
nrJitsu: folds
Uncalled bet ($2) returned to prallimall
prallimall collected $2 from pot
prallimall: doesn't show hand
*** SUMMARY ***
Total pot $2 | Rake $0
Seat 1: nrJitsu (button) (small blind) folded before Flop
Seat 2: prallimall (big blind) collected ($2)


PokerStars Hand #147598360469:  Hold'em Limit ($3/$6 USD) - 2016/01/24 11:19:31 ET
Table 'Ceres III' 2-max Seat #1 is the button
Seat 1: nrJitsu ($152 in chips)
Seat 2: prallimall ($183.02 in chips)
nrJitsu: posts small blind $1
prallimall: posts big blind $3
*** HOLE CARDS ***
nrJitsu: raises $3 to $6
prallimall: folds
Uncalled bet ($3) returned to nrJitsu
nrJitsu collected $6 from pot
nrJitsu: doesn't show hand
*** SUMMARY ***
Total pot $6 | Rake $0
Seat 1: nrJitsu (button) (small blind) collected ($6)
Seat 2: prallimall (big blind) folded before Flop


PokerStars Hand #147598379287:  Hold'em Limit ($3/$6 USD) - 2016/01/24 11:19:50 ET
Table 'Ceres III' 2-max Seat #1 is the button
Seat 1: nrJitsu ($149 in chips)
Seat 2: prallimall ($185.78 in chips)
nrJitsu: posts small blind $1
prallimall: posts big blind $3
*** HOLE CARDS ***
nrJitsu: raises $3 to $6
prallimall: folds
Uncalled bet ($3) returned to nrJitsu
nrJitsu collected $6 from pot
nrJitsu: doesn't show hand
*** SUMMARY ***
Total pot $6 | Rake $0
Seat 1: nrJitsu (button) (small blind) collected ($6)
Seat 2: prallimall (big blind) folded before Flop


PokerStars Hand #147598385984:  Hold'em Limit ($3/$6 USD) - 2016/01/24 11:19:57 ET
Table 'Ceres III' 2-max Seat #2 is the button
Seat 1: nrJitsu ($152 in chips)
Seat 2: prallimall ($182.78 in chips)
prallimall: posts small blind $1
nrJitsu: posts big blind $3
*** HOLE CARDS ***
prallimall: raises $3 to $6
nrJitsu: calls $3
*** FLOP *** [Js 6h 6c]
nrJitsu: checks
prallimall: bets $3
nrJitsu: calls $3
*** TURN *** [Js 6h 6c] [7h]
nrJitsu: checks
prallimall: checks
*** RIVER *** [Js 6h 6c 7h] [5c]
nrJitsu: checks
prallimall: checks
*** SHOW DOWN ***
nrJitsu: shows [Td Ks] (a pair of Sixes)
prallimall: mucks hand
nrJitsu collected $17.64 from pot
*** SUMMARY ***
Total pot $18 | Rake $0.36
Board [Js 6h 6c 7h 5c]
Seat 1: nrJitsu (big blind) showed [Td Ks] and won ($17.64) with a pair of Sixes
Seat 2: prallimall (button) (small blind) mucked


PokerStars Hand #147598409399:  Hold'em Limit ($3/$6 USD) - 2016/01/24 11:20:20 ET
Table 'Ceres III' 2-max Seat #1 is the button
Seat 1: nrJitsu ($160.64 in chips)
Seat 2: prallimall ($173.78 in chips)
nrJitsu: posts small blind $1
prallimall: posts big blind $3
*** HOLE CARDS ***
nrJitsu: folds
Uncalled bet ($2) returned to prallimall
prallimall collected $2 from pot
prallimall: doesn't show hand
*** SUMMARY ***
Total pot $2 | Rake $0
Seat 1: nrJitsu (button) (small blind) folded before Flop
Seat 2: prallimall (big blind) collected ($2)


PokerStars Hand #147598414112:  Hold'em Limit ($3/$6 USD) - 2016/01/24 11:20:25 ET
Table 'Ceres III' 2-max Seat #2 is the button
Seat 1: nrJitsu ($159.64 in chips)
Seat 2: prallimall ($174.78 in chips)
prallimall: posts small blind $1
nrJitsu: posts big blind $3
*** HOLE CARDS ***
prallimall: raises $3 to $6
nrJitsu: raises $3 to $9
prallimall: calls $3
*** FLOP *** [2s Jh Td]
nrJitsu: bets $3
prallimall: raises $3 to $6
nrJitsu: calls $3
*** TURN *** [2s Jh Td] [7s]
nrJitsu: checks
prallimall: bets $6
nrJitsu: calls $6
*** RIVER *** [2s Jh Td 7s] [5d]
nrJitsu: checks
prallimall: bets $6
nrJitsu: folds
Uncalled bet ($6) returned to prallimall
prallimall collected $41.50 from pot
prallimall: doesn't show hand
*** SUMMARY ***
Total pot $42 | Rake $0.50
Board [2s Jh Td 7s 5d]
Seat 1: nrJitsu (big blind) folded on the River
Seat 2: prallimall (button) (small blind) collected ($41.50)


PokerStars Hand #147598448651:  Hold'em Limit ($3/$6 USD) - 2016/01/24 11:21:00 ET
Table 'Ceres III' 2-max Seat #1 is the button
Seat 1: nrJitsu ($138.64 in chips)
Seat 2: prallimall ($195.28 in chips)
nrJitsu: posts small blind $1
prallimall: posts big blind $3
*** HOLE CARDS ***
nrJitsu: folds
Uncalled bet ($2) returned to prallimall
prallimall collected $2 from pot
prallimall: doesn't show hand
*** SUMMARY ***
Total pot $2 | Rake $0
Seat 1: nrJitsu (button) (small blind) folded before Flop
Seat 2: prallimall (big blind) collected ($2)


PokerStars Hand #147598453690:  Hold'em Limit ($3/$6 USD) - 2016/01/24 11:21:05 ET
Table 'Ceres III' 2-max Seat #2 is the button
Seat 1: nrJitsu ($137.64 in chips)
Seat 2: prallimall ($196.28 in chips)
prallimall: posts small blind $1
nrJitsu: posts big blind $3
*** HOLE CARDS ***
prallimall: raises $3 to $6
nrJitsu: calls $3
*** FLOP *** [6h 4c Ts]
nrJitsu: checks
prallimall: bets $3
nrJitsu: raises $3 to $6
prallimall: calls $3
*** TURN *** [6h 4c Ts] [9c]
nrJitsu: bets $6
prallimall: calls $6
*** RIVER *** [6h 4c Ts 9c] [Ad]
nrJitsu: checks
prallimall: checks
*** SHOW DOWN ***
nrJitsu: shows [6s 7d] (a pair of Sixes)
prallimall: mucks hand
nrJitsu collected $35.50 from pot
*** SUMMARY ***
Total pot $36 | Rake $0.50
Board [6h 4c Ts 9c Ad]
Seat 1: nrJitsu (big blind) showed [6s 7d] and won ($35.50) with a pair of Sixes
Seat 2: prallimall (button) (small blind) mucked


PokerStars Hand #147598485366:  Hold'em Limit ($3/$6 USD) - 2016/01/24 11:21:37 ET
Table 'Ceres III' 2-max Seat #2 is the button
Seat 1: nrJitsu ($154.14 in chips)
Seat 2: prallimall ($179.28 in chips)
prallimall: posts small blind $1
nrJitsu: posts big blind $3
*** HOLE CARDS ***
prallimall: raises $3 to $6
nrJitsu: folds
Uncalled bet ($3) returned to prallimall
prallimall collected $6 from pot
prallimall: doesn't show hand
*** SUMMARY ***
Total pot $6 | Rake $0
Seat 1: nrJitsu (big blind) folded before Flop
Seat 2: prallimall (button) (small blind) collected ($6)


PokerStars Hand #147598480847:  Hold'em Limit ($3/$6 USD) - 2016/01/24 11:21:32 ET
Table 'Ceres III' 2-max Seat #1 is the button
Seat 1: nrJitsu ($155.14 in chips)
Seat 2: prallimall ($178.28 in chips)
nrJitsu: posts small blind $1
prallimall: posts big blind $3
*** HOLE CARDS ***
nrJitsu: folds
Uncalled bet ($2) returned to prallimall
prallimall collected $2 from pot
prallimall: doesn't show hand
*** SUMMARY ***
Total pot $2 | Rake $0
Seat 1: nrJitsu (button) (small blind) folded before Flop
Seat 2: prallimall (big blind) collected ($2)


PokerStars Hand #147598495719:  Hold'em Limit ($3/$6 USD) - 2016/01/24 11:21:47 ET
Table 'Ceres III' 2-max Seat #2 is the button
Seat 1: nrJitsu ($154.14 in chips)
Seat 2: prallimall ($179.28 in chips)
prallimall: posts small blind $1
nrJitsu: posts big blind $3
*** HOLE CARDS ***
prallimall: raises $3 to $6
nrJitsu: calls $3
*** FLOP *** [3d Kd Ac]
nrJitsu: checks
prallimall: bets $3
nrJitsu: folds
Uncalled bet ($3) returned to prallimall
prallimall collected $11.76 from pot
prallimall: doesn't show hand
*** SUMMARY ***
Total pot $12 | Rake $0.24
Board [3d Kd Ac]
Seat 1: nrJitsu (big blind) folded on the Flop
Seat 2: prallimall (button) (small blind) collected ($11.76)


PokerStars Hand #147598506962:  Hold'em Limit ($3/$6 USD) - 2016/01/24 11:21:59 ET
Table 'Ceres III' 2-max Seat #1 is the button
Seat 1: nrJitsu ($148.14 in chips)
Seat 2: prallimall ($185.04 in chips)
nrJitsu: posts small blind $1
prallimall: posts big blind $3
*** HOLE CARDS ***
nrJitsu: raises $3 to $6
prallimall: raises $3 to $9
nrJitsu: folds
Uncalled bet ($3) returned to prallimall
prallimall collected $12 from pot
prallimall: doesn't show hand
*** SUMMARY ***
Total pot $12 | Rake $0
Seat 1: nrJitsu (button) (small blind) folded before Flop
Seat 2: prallimall (big blind) collected ($12)


PokerStars Hand #147598518515:  Hold'em Limit ($3/$6 USD) - 2016/01/24 11:22:10 ET
Table 'Ceres III' 2-max Seat #2 is the button
Seat 1: nrJitsu ($142.14 in chips)
Seat 2: prallimall ($191.04 in chips)
prallimall: posts small blind $1
nrJitsu: posts big blind $3
*** HOLE CARDS ***
prallimall: raises $3 to $6
nrJitsu: calls $3
*** FLOP *** [Jd 2h 8h]
nrJitsu: checks
prallimall: bets $3
nrJitsu: folds
Uncalled bet ($3) returned to prallimall
prallimall collected $11.76 from pot
prallimall: doesn't show hand
*** SUMMARY ***
Total pot $12 | Rake $0.24
Board [Jd 2h 8h]
Seat 1: nrJitsu (big blind) folded on the Flop
Seat 2: prallimall (button) (small blind) collected ($11.76)


PokerStars Hand #147598534073:  Hold'em Limit ($3/$6 USD) - 2016/01/24 11:22:26 ET
Table 'Ceres III' 2-max Seat #2 is the button
Seat 1: nrJitsu ($135.14 in chips)
Seat 2: prallimall ($197.80 in chips)
prallimall: posts small blind $1
nrJitsu: posts big blind $3
*** HOLE CARDS ***
prallimall: folds
Uncalled bet ($2) returned to nrJitsu
nrJitsu collected $2 from pot
nrJitsu: doesn't show hand
*** SUMMARY ***
Total pot $2 | Rake $0
Seat 1: nrJitsu (big blind) collected ($2)
Seat 2: prallimall (button) (small blind) folded before Flop


PokerStars Hand #147598529786:  Hold'em Limit ($3/$6 USD) - 2016/01/24 11:22:22 ET
Table 'Ceres III' 2-max Seat #1 is the button
Seat 1: nrJitsu ($136.14 in chips)
Seat 2: prallimall ($196.80 in chips)
nrJitsu: posts small blind $1
prallimall: posts big blind $3
*** HOLE CARDS ***
nrJitsu: folds
Uncalled bet ($2) returned to prallimall
prallimall collected $2 from pot
prallimall: doesn't show hand
*** SUMMARY ***
Total pot $2 | Rake $0
Seat 1: nrJitsu (button) (small blind) folded before Flop
Seat 2: prallimall (big blind) collected ($2)


PokerStars Hand #147598538304:  Hold'em Limit ($3/$6 USD) - 2016/01/24 11:22:30 ET
Table 'Ceres III' 2-max Seat #1 is the button
Seat 1: nrJitsu ($136.14 in chips)
Seat 2: prallimall ($196.80 in chips)
nrJitsu: posts small blind $1
prallimall: posts big blind $3
*** HOLE CARDS ***
nrJitsu: raises $3 to $6
prallimall: calls $3
*** FLOP *** [9h 4c 7s]
prallimall: checks
nrJitsu: checks
*** TURN *** [9h 4c 7s] [Qs]
prallimall: bets $6
nrJitsu: raises $6 to $12
prallimall: calls $6
*** RIVER *** [9h 4c 7s Qs] [Ah]
prallimall: checks
nrJitsu: bets $6
prallimall: calls $6
*** SHOW DOWN ***
nrJitsu: shows [3s 2s] (high card Ace)
prallimall: shows [Js 7h] (a pair of Sevens)
prallimall collected $47.50 from pot
*** SUMMARY ***
Total pot $48 | Rake $0.50
Board [9h 4c 7s Qs Ah]
Seat 1: nrJitsu (button) (small blind) showed [3s 2s] and lost with high card Ace
Seat 2: prallimall (big blind) showed [Js 7h] and won ($47.50) with a pair of Sevens


PokerStars Hand #147598557978:  Hold'em Limit ($3/$6 USD) - 2016/01/24 11:22:50 ET
Table 'Ceres III' 2-max Seat #2 is the button
Seat 1: nrJitsu ($112.14 in chips)
Seat 2: prallimall ($220.30 in chips)
prallimall: posts small blind $1
nrJitsu: posts big blind $3
*** HOLE CARDS ***
prallimall: folds
Uncalled bet ($2) returned to nrJitsu
prallimall leaves the table
nrJitsu collected $2 from pot
nrJitsu: doesn't show hand
*** SUMMARY ***
Total pot $2 | Rake $0
Seat 1: nrJitsu (big blind) collected ($2)
Seat 2: prallimall (button) (small blind) folded before Flop


PokerStars Hand #147617501796:  Hold'em Limit ($3/$6 USD) - 2016/01/24 16:10:46 ET
Table 'Ceres III' 2-max Seat #2 is the button
Seat 1: nrJitsu ($264.14 in chips)
Seat 2: ChicagoBull4 ($128.64 in chips)
ChicagoBull4: posts small blind $1
nrJitsu: posts big blind $3
*** HOLE CARDS ***
ChicagoBull4: raises $3 to $6
nrJitsu: calls $3
*** FLOP *** [2c 2h Kd]
nrJitsu: checks
ChicagoBull4: bets $3
nrJitsu: calls $3
*** TURN *** [2c 2h Kd] [6h]
nrJitsu: checks
ChicagoBull4: bets $6
nrJitsu: calls $6
*** RIVER *** [2c 2h Kd 6h] [Kc]
nrJitsu: checks
ChicagoBull4: checks
*** SHOW DOWN ***
nrJitsu: shows [Ah 9h] (two pair, Kings and Deuces)
ChicagoBull4: mucks hand
nrJitsu collected $29.50 from pot
*** SUMMARY ***
Total pot $30 | Rake $0.50
Board [2c 2h Kd 6h Kc]
Seat 1: nrJitsu (big blind) showed [Ah 9h] and won ($29.50) with two pair, Kings and Deuces
Seat 2: ChicagoBull4 (button) (small blind) mucked


PokerStars Hand #147617599133:  Hold'em Limit ($3/$6 USD) - 2016/01/24 16:12:14 ET
Table 'Ceres III' 2-max Seat #1 is the button
Seat 1: nrJitsu ($317.54 in chips)
Seat 2: ChicagoBull4 ($73.64 in chips)
nrJitsu: posts small blind $1
ChicagoBull4: posts big blind $3
*** HOLE CARDS ***
nrJitsu: raises $3 to $6
ChicagoBull4: calls $3
*** FLOP *** [4c Qc 6c]
ChicagoBull4: bets $3
nrJitsu: folds
Uncalled bet ($3) returned to ChicagoBull4
ChicagoBull4 collected $11.76 from pot
ChicagoBull4: doesn't show hand
*** SUMMARY ***
Total pot $12 | Rake $0.24
Board [4c Qc 6c]
Seat 1: nrJitsu (button) (small blind) folded on the Flop
Seat 2: ChicagoBull4 (big blind) collected ($11.76)


PokerStars Hand #147617572330:  Hold'em Limit ($3/$6 USD) - 2016/01/24 16:11:49 ET
Table 'Ceres III' 2-max Seat #2 is the button
Seat 1: nrJitsu ($294.04 in chips)
Seat 2: ChicagoBull4 ($97.64 in chips)
ChicagoBull4: posts small blind $1
nrJitsu: posts big blind $3
*** HOLE CARDS ***
ChicagoBull4: raises $3 to $6
nrJitsu: calls $3
*** FLOP *** [7d 2s Qh]
nrJitsu: checks
ChicagoBull4: bets $3
nrJitsu: raises $3 to $6
ChicagoBull4: calls $3
*** TURN *** [7d 2s Qh] [4h]
nrJitsu: bets $6
ChicagoBull4: calls $6
*** RIVER *** [7d 2s Qh 4h] [7c]
nrJitsu: bets $6
ChicagoBull4: calls $6
*** SHOW DOWN ***
nrJitsu: shows [Tc 7h] (three of a kind, Sevens)
ChicagoBull4: mucks hand
nrJitsu collected $47.50 from pot
*** SUMMARY ***
Total pot $48 | Rake $0.50
Board [7d 2s Qh 4h 7c]
Seat 1: nrJitsu (big blind) showed [Tc 7h] and won ($47.50) with three of a kind, Sevens
Seat 2: ChicagoBull4 (button) (small blind) mucked


PokerStars Hand #147617560347:  Hold'em Limit ($3/$6 USD) - 2016/01/24 16:11:38 ET
Table 'Ceres III' 2-max Seat #1 is the button
Seat 1: nrJitsu ($288.28 in chips)
Seat 2: ChicagoBull4 ($103.64 in chips)
nrJitsu: posts small blind $1
ChicagoBull4: posts big blind $3
*** HOLE CARDS ***
nrJitsu: raises $3 to $6
ChicagoBull4: calls $3
*** FLOP *** [3s Kh Qc]
ChicagoBull4: checks
nrJitsu: bets $3
ChicagoBull4: folds
Uncalled bet ($3) returned to nrJitsu
nrJitsu collected $11.76 from pot
nrJitsu: doesn't show hand
*** SUMMARY ***
Total pot $12 | Rake $0.24
Board [3s Kh Qc]
Seat 1: nrJitsu (button) (small blind) collected ($11.76)
Seat 2: ChicagoBull4 (big blind) folded on the Flop


PokerStars Hand #147617554812:  Hold'em Limit ($3/$6 USD) - 2016/01/24 16:11:34 ET
Table 'Ceres III' 2-max Seat #2 is the button
Seat 1: nrJitsu ($287.28 in chips)
Seat 2: ChicagoBull4 ($104.64 in chips)
ChicagoBull4: posts small blind $1
nrJitsu: posts big blind $3
*** HOLE CARDS ***
ChicagoBull4: folds
Uncalled bet ($2) returned to nrJitsu
nrJitsu collected $2 from pot
nrJitsu: doesn't show hand
*** SUMMARY ***
Total pot $2 | Rake $0
Seat 1: nrJitsu (big blind) collected ($2)
Seat 2: ChicagoBull4 (button) (small blind) folded before Flop


PokerStars Hand #147617530201:  Hold'em Limit ($3/$6 USD) - 2016/01/24 16:11:11 ET
Table 'Ceres III' 2-max Seat #1 is the button
Seat 1: nrJitsu ($278.64 in chips)
Seat 2: ChicagoBull4 ($113.64 in chips)
nrJitsu: posts small blind $1
ChicagoBull4: posts big blind $3
*** HOLE CARDS ***
nrJitsu: raises $3 to $6
ChicagoBull4: calls $3
*** FLOP *** [4h Qd Qs]
ChicagoBull4: checks
nrJitsu: bets $3
ChicagoBull4: calls $3
*** TURN *** [4h Qd Qs] [9s]
ChicagoBull4: checks
nrJitsu: checks
*** RIVER *** [4h Qd Qs 9s] [7h]
ChicagoBull4: checks
nrJitsu: checks
*** SHOW DOWN ***
ChicagoBull4: shows [8s 5d] (a pair of Queens)
nrJitsu: shows [6s Kh] (a pair of Queens - King kicker)
nrJitsu collected $17.64 from pot
*** SUMMARY ***
Total pot $18 | Rake $0.36
Board [4h Qd Qs 9s 7h]
Seat 1: nrJitsu (button) (small blind) showed [6s Kh] and won ($17.64) with a pair of Queens
Seat 2: ChicagoBull4 (big blind) showed [8s 5d] and lost with a pair of Queens


PokerStars Hand #147617615582:  Hold'em Limit ($3/$6 USD) - 2016/01/24 16:12:29 ET
Table 'Ceres III' 2-max Seat #2 is the button
Seat 1: nrJitsu ($311.54 in chips)
Seat 2: ChicagoBull4 ($79.40 in chips)
ChicagoBull4: posts small blind $1
nrJitsu: posts big blind $3
*** HOLE CARDS ***
ChicagoBull4: raises $3 to $6
nrJitsu: calls $3
*** FLOP *** [4c As Jh]
nrJitsu: checks
ChicagoBull4: bets $3
nrJitsu: raises $3 to $6
ChicagoBull4: folds
Uncalled bet ($3) returned to nrJitsu
ChicagoBull4 leaves the table
nrJitsu collected $17.64 from pot
nrJitsu: doesn't show hand
*** SUMMARY ***
Total pot $18 | Rake $0.36
Board [4c As Jh]
Seat 1: nrJitsu (big blind) collected ($17.64)
Seat 2: ChicagoBull4 (button) (small blind) folded on the Flop


