PokerStars Hand #166351338910:  Hold'em Limit ($3/$6 USD) - 2017/02/17 12:40:39 ET
Table 'Ceres II' 6-max Seat #5 is the button
Seat 4: FHstyles ($96 in chips)
Seat 5: Macan ($53.50 in chips)
Macan: posts small blind $1
FHstyles: posts big blind $3
*** HOLE CARDS ***
Macan: calls $2
FHstyles: checks
*** FLOP *** [7s 9c Kd]
FHstyles: checks
Macan: bets $3
FHstyles: folds
Uncalled bet ($3) returned to Macan
Macan collected $5.88 from pot
Macan: doesn't show hand
*** SUMMARY ***
Total pot $6 | Rake $0.12
Board [7s 9c Kd]
Seat 4: FHstyles (big blind) folded on the Flop
Seat 5: Macan (button) (small blind) collected ($5.88)


PokerStars Hand #166351315839:  Hold'em Limit ($3/$6 USD) - 2017/02/17 12:40:10 ET
Table 'Ceres II' 6-max Seat #4 is the button
Seat 4: FHstyles ($60 in chips)
Seat 5: Macan ($30 in chips)
FHstyles: posts small blind $1
Macan: posts big blind $3
*** HOLE CARDS ***
FHstyles: raises $3 to $6
Macan: calls $3
*** FLOP *** [4s 2h 6c]
Macan: checks
FHstyles: bets $3
Macan: raises $3 to $6
FHstyles: calls $3
*** TURN *** [4s 2h 6c] [Th]
Macan: bets $6
FHstyles: calls $6
*** RIVER *** [4s 2h 6c Th] [2d]
Macan: bets $6
FHstyles: calls $6
*** SHOW DOWN ***
Macan: shows [8h 6h] (two pair, Sixes and Deuces)
FHstyles: mucks hand
Macan collected $47.50 from pot
*** SUMMARY ***
Total pot $48 | Rake $0.50
Board [4s 2h 6c Th 2d]
Seat 4: FHstyles (button) (small blind) mucked
Seat 5: Macan (big blind) showed [8h 6h] and won ($47.50) with two pair, Sixes and Deuces


PokerStars Hand #166351350071:  Hold'em Limit ($3/$6 USD) - 2017/02/17 12:40:54 ET
Table 'Ceres II' 6-max Seat #4 is the button
Seat 4: FHstyles ($93 in chips)
Seat 5: Macan ($56.38 in chips)
FHstyles: posts small blind $1
Macan: posts big blind $3
*** HOLE CARDS ***
FHstyles: raises $3 to $6
Macan: calls $3
*** FLOP *** [Qs 7s 2d]
Macan: checks
FHstyles: bets $3
Macan: folds
Uncalled bet ($3) returned to FHstyles
FHstyles collected $11.76 from pot
FHstyles: doesn't show hand
*** SUMMARY ***
Total pot $12 | Rake $0.24
Board [Qs 7s 2d]
Seat 4: FHstyles (button) (small blind) collected ($11.76)
Seat 5: Macan (big blind) folded on the Flop


