PokerStars Hand #175051406957:  Hold'em Limit ($3/$6 USD) - 2017/09/01 0:43:52 ET
Table 'Cesco' 6-max Seat #3 is the button
Seat 3: keeponflying ($48 in chips)
Seat 4: VolkovDmitri ($190.40 in chips)
keeponflying: posts small blind $1
VolkovDmitri: posts big blind $3
*** HOLE CARDS ***
keeponflying: raises $3 to $6
VolkovDmitri: raises $3 to $9
keeponflying: calls $3
*** FLOP *** [7h 7d 6d]
VolkovDmitri: bets $3
keeponflying: raises $3 to $6
VolkovDmitri: calls $3
*** TURN *** [7h 7d 6d] [8h]
VolkovDmitri: checks
keeponflying: bets $6
VolkovDmitri: folds
Uncalled bet ($6) returned to keeponflying
keeponflying collected $29.50 from pot
keeponflying: doesn't show hand
*** SUMMARY ***
Total pot $30 | Rake $0.50
Board [7h 7d 6d 8h]
Seat 3: keeponflying (button) (small blind) collected ($29.50)
Seat 4: VolkovDmitri (big blind) folded on the Turn


PokerStars Hand #175051953084:  Hold'em Limit ($3/$6 USD) - 2017/09/01 1:21:28 ET
Table 'Cesco' 6-max Seat #2 is the button
Seat 2: B_loJkl ($76.78 in chips)
Seat 5: Bluf_To_Much ($149.18 in chips)
B_loJkl: posts small blind $1
Bluf_To_Much: posts big blind $3
*** HOLE CARDS ***
B_loJkl: raises $3 to $6
Bluf_To_Much: raises $3 to $9
B_loJkl: calls $3
*** FLOP *** [9s 4c Kh]
Bluf_To_Much: bets $3
B_loJkl: calls $3
*** TURN *** [9s 4c Kh] [9h]
Bluf_To_Much: checks
B_loJkl: checks
*** RIVER *** [9s 4c Kh 9h] [Th]
Bluf_To_Much: checks
B_loJkl: checks
*** SHOW DOWN ***
Bluf_To_Much: shows [Ac 6c] (a pair of Nines)
B_loJkl: mucks hand
Bluf_To_Much collected $23.52 from pot
*** SUMMARY ***
Total pot $24 | Rake $0.48
Board [9s 4c Kh 9h Th]
Seat 2: B_loJkl (button) (small blind) mucked
Seat 5: Bluf_To_Much (big blind) showed [Ac 6c] and won ($23.52) with a pair of Nines


PokerStars Hand #175051946116:  Hold'em Limit ($3/$6 USD) - 2017/09/01 1:20:58 ET
Table 'Cesco' 6-max Seat #5 is the button
Seat 2: B_loJkl ($56.28 in chips)
Seat 5: Bluf_To_Much ($170.18 in chips)
Bluf_To_Much: posts small blind $1
B_loJkl: posts big blind $3
*** HOLE CARDS ***
Bluf_To_Much: raises $3 to $6
B_loJkl: raises $3 to $9
Bluf_To_Much: calls $3
*** FLOP *** [Ts 2s 4d]
B_loJkl: bets $3
Bluf_To_Much: raises $3 to $6
B_loJkl: calls $3
*** TURN *** [Ts 2s 4d] [Ad]
B_loJkl: checks
Bluf_To_Much: checks
*** RIVER *** [Ts 2s 4d Ad] [5c]
B_loJkl: bets $6
Bluf_To_Much: calls $6
*** SHOW DOWN ***
B_loJkl: shows [3s 3d] (a straight, Ace to Five)
Bluf_To_Much: mucks hand
B_loJkl collected $41.50 from pot
*** SUMMARY ***
Total pot $42 | Rake $0.50
Board [Ts 2s 4d Ad 5c]
Seat 2: B_loJkl (big blind) showed [3s 3d] and won ($41.50) with a straight, Ace to Five
Seat 5: Bluf_To_Much (button) (small blind) mucked


PokerStars Hand #175051958468:  Hold'em Limit ($3/$6 USD) - 2017/09/01 1:21:51 ET
Table 'Cesco' 6-max Seat #5 is the button
Seat 2: B_loJkl ($64.78 in chips)
Seat 5: Bluf_To_Much ($160.70 in chips)
Bluf_To_Much: posts small blind $1
B_loJkl: posts big blind $3
*** HOLE CARDS ***
Bluf_To_Much: raises $3 to $6
B_loJkl: raises $3 to $9
Bluf_To_Much: calls $3
*** FLOP *** [Kd 2d Kc]
B_loJkl: checks
Bluf_To_Much: checks
*** TURN *** [Kd 2d Kc] [9h]
B_loJkl: bets $6
Bluf_To_Much: folds
Uncalled bet ($6) returned to B_loJkl
B_loJkl collected $17.64 from pot
B_loJkl: doesn't show hand
*** SUMMARY ***
Total pot $18 | Rake $0.36
Board [Kd 2d Kc 9h]
Seat 2: B_loJkl (big blind) collected ($17.64)
Seat 5: Bluf_To_Much (button) (small blind) folded on the Turn


PokerStars Hand #175051964651:  Hold'em Limit ($3/$6 USD) - 2017/09/01 1:22:17 ET
Table 'Cesco' 6-max Seat #2 is the button
Seat 2: B_loJkl ($73.42 in chips)
Seat 5: Bluf_To_Much ($151.70 in chips)
B_loJkl: posts small blind $1
Bluf_To_Much: posts big blind $3
*** HOLE CARDS ***
B_loJkl: raises $3 to $6
Bluf_To_Much: calls $3
*** FLOP *** [Jh 4d 2d]
Bluf_To_Much: checks
B_loJkl: bets $3
Bluf_To_Much: calls $3
*** TURN *** [Jh 4d 2d] [Ah]
Bluf_To_Much: checks
B_loJkl: checks
*** RIVER *** [Jh 4d 2d Ah] [5c]
Bluf_To_Much: bets $6
B_loJkl: calls $6
*** SHOW DOWN ***
Bluf_To_Much: shows [5h 6s] (a pair of Fives)
B_loJkl: shows [9h Jc] (a pair of Jacks)
B_loJkl collected $29.50 from pot
*** SUMMARY ***
Total pot $30 | Rake $0.50
Board [Jh 4d 2d Ah 5c]
Seat 2: B_loJkl (button) (small blind) showed [9h Jc] and won ($29.50) with a pair of Jacks
Seat 5: Bluf_To_Much (big blind) showed [5h 6s] and lost with a pair of Fives


PokerStars Hand #175051974831:  Hold'em Limit ($3/$6 USD) - 2017/09/01 1:23:00 ET
Table 'Cesco' 6-max Seat #5 is the button
Seat 2: B_loJkl ($87.92 in chips)
Seat 5: Bluf_To_Much ($136.70 in chips)
Bluf_To_Much: posts small blind $1
B_loJkl: posts big blind $3
*** HOLE CARDS ***
Bluf_To_Much: raises $3 to $6
B_loJkl: folds
Uncalled bet ($3) returned to Bluf_To_Much
Bluf_To_Much collected $6 from pot
*** SUMMARY ***
Total pot $6 | Rake $0
Seat 2: B_loJkl (big blind) folded before Flop
Seat 5: Bluf_To_Much (button) (small blind) collected ($6)


PokerStars Hand #175051981970:  Hold'em Limit ($3/$6 USD) - 2017/09/01 1:23:30 ET
Table 'Cesco' 6-max Seat #5 is the button
Seat 2: B_loJkl ($90.68 in chips)
Seat 5: Bluf_To_Much ($133.70 in chips)
Bluf_To_Much: posts small blind $1
B_loJkl: posts big blind $3
*** HOLE CARDS ***
Bluf_To_Much: raises $3 to $6
B_loJkl: calls $3
*** FLOP *** [5d 8h 4h]
B_loJkl: checks
Bluf_To_Much: checks
*** TURN *** [5d 8h 4h] [7c]
B_loJkl: checks
SLK500 joins the table at seat #1
Bluf_To_Much: bets $6
B_loJkl: raises $6 to $12
Bluf_To_Much: folds
Uncalled bet ($6) returned to B_loJkl
B_loJkl collected $23.52 from pot
B_loJkl: doesn't show hand
*** SUMMARY ***
Total pot $24 | Rake $0.48
Board [5d 8h 4h 7c]
Seat 2: B_loJkl (big blind) collected ($23.52)
Seat 5: Bluf_To_Much (button) (small blind) folded on the Turn


PokerStars Hand #175051992680:  Hold'em Limit ($3/$6 USD) - 2017/09/01 1:24:15 ET
Table 'Cesco' 6-max Seat #2 is the button
Seat 2: B_loJkl ($102.20 in chips)
Seat 5: Bluf_To_Much ($121.70 in chips)
B_loJkl: posts small blind $1
Bluf_To_Much: posts big blind $3
*** HOLE CARDS ***
B_loJkl: raises $3 to $6
Bluf_To_Much: raises $3 to $9
B_loJkl: calls $3
*** FLOP *** [Qs 2s 9c]
Bluf_To_Much: bets $3
B_loJkl: raises $3 to $6
Bluf_To_Much: calls $3
*** TURN *** [Qs 2s 9c] [2c]
Bluf_To_Much: checks
B_loJkl: bets $6
Bluf_To_Much: calls $6
*** RIVER *** [Qs 2s 9c 2c] [7s]
Bluf_To_Much: checks
B_loJkl: bets $6
Bluf_To_Much: folds
Uncalled bet ($6) returned to B_loJkl
B_loJkl collected $41.50 from pot
B_loJkl: doesn't show hand
*** SUMMARY ***
Total pot $42 | Rake $0.50
Board [Qs 2s 9c 2c 7s]
Seat 2: B_loJkl (button) (small blind) collected ($41.50)
Seat 5: Bluf_To_Much (big blind) folded on the River


