PokerStars Hand #144296423999:  Hold'em Limit ($3/$6 USD) - 2015/11/23 22:54:53 ET
Table 'Cesco' 2-max Seat #2 is the button
Seat 1: Pasjeop33 ($120 in chips)
Seat 2: BuzovaPro ($72 in chips)
BuzovaPro: posts small blind $1
Pasjeop33: posts big blind $3
*** HOLE CARDS ***
BuzovaPro: raises $3 to $6
Pasjeop33: raises $3 to $9
BuzovaPro: calls $3
*** FLOP *** [Kc 3c 8c]
Pasjeop33: bets $3
BuzovaPro: calls $3
*** TURN *** [Kc 3c 8c] [Qd]
Pasjeop33: bets $6
BuzovaPro: calls $6
*** RIVER *** [Kc 3c 8c Qd] [6d]
Pasjeop33: bets $6
BuzovaPro: calls $6
*** SHOW DOWN ***
Pasjeop33: shows [Td 9d] (high card King)
BuzovaPro: shows [Ah 8d] (a pair of Eights)
BuzovaPro collected $47.50 from pot
*** SUMMARY ***
Total pot $48 | Rake $0.50
Board [Kc 3c 8c Qd 6d]
Seat 1: Pasjeop33 (big blind) showed [Td 9d] and lost with high card King
Seat 2: BuzovaPro (button) (small blind) showed [Ah 8d] and won ($47.50) with a pair of Eights


PokerStars Hand #144296444478:  Hold'em Limit ($3/$6 USD) - 2015/11/23 22:56:07 ET
Table 'Cesco' 2-max Seat #1 is the button
Seat 1: Pasjeop33 ($105.64 in chips)
Seat 2: BuzovaPro ($85.50 in chips)
Pasjeop33: posts small blind $1
BuzovaPro: posts big blind $3
*** HOLE CARDS ***
Pasjeop33: raises $3 to $6
BuzovaPro: folds
Uncalled bet ($3) returned to Pasjeop33
Pasjeop33 collected $6 from pot
Pasjeop33: doesn't show hand
*** SUMMARY ***
Total pot $6 | Rake $0
Seat 1: Pasjeop33 (button) (small blind) collected ($6)
Seat 2: BuzovaPro (big blind) folded before Flop


PokerStars Hand #144296447213:  Hold'em Limit ($3/$6 USD) - 2015/11/23 22:56:18 ET
Table 'Cesco' 2-max Seat #2 is the button
Seat 1: Pasjeop33 ($168.64 in chips)
Seat 2: BuzovaPro ($82.50 in chips)
BuzovaPro: posts small blind $1
Pasjeop33: posts big blind $3
*** HOLE CARDS ***
BuzovaPro: raises $3 to $6
Pasjeop33: raises $3 to $9
BuzovaPro: calls $3
*** FLOP *** [Th 8c Qc]
Pasjeop33: bets $3
BuzovaPro: folds
Uncalled bet ($3) returned to Pasjeop33
Pasjeop33 collected $17.64 from pot
Pasjeop33: doesn't show hand
*** SUMMARY ***
Total pot $18 | Rake $0.36
Board [Th 8c Qc]
Seat 1: Pasjeop33 (big blind) collected ($17.64)
Seat 2: BuzovaPro (button) (small blind) folded on the Flop


PokerStars Hand #144296443023:  Hold'em Limit ($3/$6 USD) - 2015/11/23 22:56:02 ET
Table 'Cesco' 2-max Seat #2 is the button
Seat 1: Pasjeop33 ($108.64 in chips)
Seat 2: BuzovaPro ($82.50 in chips)
BuzovaPro: posts small blind $1
Pasjeop33: posts big blind $3
*** HOLE CARDS ***
BuzovaPro: raises $3 to $6
Pasjeop33: folds
Uncalled bet ($3) returned to BuzovaPro
BuzovaPro collected $6 from pot
BuzovaPro: doesn't show hand
*** SUMMARY ***
Total pot $6 | Rake $0
Seat 1: Pasjeop33 (big blind) folded before Flop
Seat 2: BuzovaPro (button) (small blind) collected ($6)


PokerStars Hand #144296441415:  Hold'em Limit ($3/$6 USD) - 2015/11/23 22:55:56 ET
Table 'Cesco' 2-max Seat #1 is the button
Seat 1: Pasjeop33 ($105.64 in chips)
Seat 2: BuzovaPro ($85.50 in chips)
Pasjeop33: posts small blind $1
BuzovaPro: posts big blind $3
*** HOLE CARDS ***
Pasjeop33: raises $3 to $6
BuzovaPro: folds
Uncalled bet ($3) returned to Pasjeop33
Pasjeop33 collected $6 from pot
Pasjeop33: doesn't show hand
*** SUMMARY ***
Total pot $6 | Rake $0
Seat 1: Pasjeop33 (button) (small blind) collected ($6)
Seat 2: BuzovaPro (big blind) folded before Flop


PokerStars Hand #144296439736:  Hold'em Limit ($3/$6 USD) - 2015/11/23 22:55:49 ET
Table 'Cesco' 2-max Seat #2 is the button
Seat 1: Pasjeop33 ($104.64 in chips)
Seat 2: BuzovaPro ($86.50 in chips)
BuzovaPro: posts small blind $1
Pasjeop33: posts big blind $3
*** HOLE CARDS ***
BuzovaPro: folds
Uncalled bet ($2) returned to Pasjeop33
Pasjeop33 collected $2 from pot
Pasjeop33: doesn't show hand
*** SUMMARY ***
Total pot $2 | Rake $0
Seat 1: Pasjeop33 (big blind) collected ($2)
Seat 2: BuzovaPro (button) (small blind) folded before Flop


PokerStars Hand #144296431635:  Hold'em Limit ($3/$6 USD) - 2015/11/23 22:55:19 ET
Table 'Cesco' 2-max Seat #1 is the button
Seat 1: Pasjeop33 ($96 in chips)
Seat 2: BuzovaPro ($95.50 in chips)
Pasjeop33: posts small blind $1
BuzovaPro: posts big blind $3
*** HOLE CARDS ***
Pasjeop33: raises $3 to $6
BuzovaPro: calls $3
*** FLOP *** [4h 8c 3h]
BuzovaPro: checks
Pasjeop33: bets $3
BuzovaPro: calls $3
*** TURN *** [4h 8c 3h] [Jc]
BuzovaPro: checks
Pasjeop33: checks
*** RIVER *** [4h 8c 3h Jc] [5c]
BuzovaPro: checks
Pasjeop33: bets $6
BuzovaPro: folds
Uncalled bet ($6) returned to Pasjeop33
Pasjeop33 collected $17.64 from pot
Pasjeop33: doesn't show hand
*** SUMMARY ***
Total pot $18 | Rake $0.36
Board [4h 8c 3h Jc 5c]
Seat 1: Pasjeop33 (button) (small blind) collected ($17.64)
Seat 2: BuzovaPro (big blind) folded on the River


PokerStars Hand #144296455714:  Hold'em Limit ($3/$6 USD) - 2015/11/23 22:56:50 ET
Table 'Cesco' 2-max Seat #2 is the button
Seat 1: Pasjeop33 ($168.06 in chips)
Seat 2: BuzovaPro ($94 in chips)
BuzovaPro: posts small blind $1
Pasjeop33: posts big blind $3
*** HOLE CARDS ***
BuzovaPro: raises $3 to $6
Pasjeop33: raises $3 to $9
BuzovaPro: calls $3
*** FLOP *** [2h 6s 5d]
Pasjeop33: bets $3
BuzovaPro: calls $3
*** TURN *** [2h 6s 5d] [Td]
Pasjeop33: bets $6
BuzovaPro: raises $6 to $12
Pasjeop33: calls $6
*** RIVER *** [2h 6s 5d Td] [4s]
Pasjeop33: checks
BuzovaPro: bets $6
Pasjeop33: calls $6
*** SHOW DOWN ***
BuzovaPro: shows [Kd Kh] (a pair of Kings)
Pasjeop33: mucks hand
BuzovaPro collected $59.50 from pot
*** SUMMARY ***
Total pot $60 | Rake $0.50
Board [2h 6s 5d Td 4s]
Seat 1: Pasjeop33 (big blind) mucked
Seat 2: BuzovaPro (button) (small blind) showed [Kd Kh] and won ($59.50) with a pair of Kings


PokerStars Hand #144296451134:  Hold'em Limit ($3/$6 USD) - 2015/11/23 22:56:33 ET
Table 'Cesco' 2-max Seat #1 is the button
Seat 1: Pasjeop33 ($189.06 in chips)
Seat 2: BuzovaPro ($73.50 in chips)
Pasjeop33: posts small blind $1
BuzovaPro: posts big blind $3
*** HOLE CARDS ***
Pasjeop33: raises $3 to $6
BuzovaPro: calls $3
*** FLOP *** [Qs 6c 2s]
BuzovaPro: checks
Pasjeop33: bets $3
BuzovaPro: calls $3
*** TURN *** [Qs 6c 2s] [Jh]
BuzovaPro: checks
Pasjeop33: checks
*** RIVER *** [Qs 6c 2s Jh] [5c]
BuzovaPro: checks
Pasjeop33: bets $6
BuzovaPro: raises $6 to $12
Pasjeop33: calls $6
*** SHOW DOWN ***
BuzovaPro: shows [2d Jd] (two pair, Jacks and Deuces)
Pasjeop33: mucks hand
BuzovaPro collected $41.50 from pot
*** SUMMARY ***
Total pot $42 | Rake $0.50
Board [Qs 6c 2s Jh 5c]
Seat 1: Pasjeop33 (button) (small blind) mucked
Seat 2: BuzovaPro (big blind) showed [2d Jd] and won ($41.50) with two pair, Jacks and Deuces


PokerStars Hand #144296480110:  Hold'em Limit ($3/$6 USD) - 2015/11/23 22:58:22 ET
Table 'Cesco' 2-max Seat #2 is the button
Seat 1: Pasjeop33 ($122.82 in chips)
Seat 2: BuzovaPro ($138 in chips)
BuzovaPro: posts small blind $1
Pasjeop33: posts big blind $3
*** HOLE CARDS ***
BuzovaPro: raises $3 to $6
Pasjeop33: folds
Uncalled bet ($3) returned to BuzovaPro
BuzovaPro collected $6 from pot
BuzovaPro: doesn't show hand
*** SUMMARY ***
Total pot $6 | Rake $0
Seat 1: Pasjeop33 (big blind) folded before Flop
Seat 2: BuzovaPro (button) (small blind) collected ($6)


PokerStars Hand #144296474816:  Hold'em Limit ($3/$6 USD) - 2015/11/23 22:58:01 ET
Table 'Cesco' 2-max Seat #2 is the button
Seat 1: Pasjeop33 ($143.82 in chips)
Seat 2: BuzovaPro ($117.50 in chips)
BuzovaPro: posts small blind $1
Pasjeop33: posts big blind $3
*** HOLE CARDS ***
BuzovaPro: raises $3 to $6
Pasjeop33: raises $3 to $9
BuzovaPro: calls $3
*** FLOP *** [Tc Ac 7h]
Pasjeop33: bets $3
BuzovaPro: calls $3
*** TURN *** [Tc Ac 7h] [Qh]
Pasjeop33: bets $6
BuzovaPro: calls $6
*** RIVER *** [Tc Ac 7h Qh] [As]
Pasjeop33: bets $6
BuzovaPro: calls $6
*** SHOW DOWN ***
Pasjeop33: shows [Kd 9h] (a pair of Aces)
BuzovaPro: shows [8c 8d] (two pair, Aces and Eights)
BuzovaPro collected $47.50 from pot
*** SUMMARY ***
Total pot $48 | Rake $0.50
Board [Tc Ac 7h Qh As]
Seat 1: Pasjeop33 (big blind) showed [Kd 9h] and lost with a pair of Aces
Seat 2: BuzovaPro (button) (small blind) showed [8c 8d] and won ($47.50) with two pair, Aces and Eights


PokerStars Hand #144296478730:  Hold'em Limit ($3/$6 USD) - 2015/11/23 22:58:16 ET
Table 'Cesco' 2-max Seat #1 is the button
Seat 1: Pasjeop33 ($119.82 in chips)
Seat 2: BuzovaPro ($141 in chips)
Pasjeop33: posts small blind $1
BuzovaPro: posts big blind $3
*** HOLE CARDS ***
Pasjeop33: raises $3 to $6
BuzovaPro: folds
Uncalled bet ($3) returned to Pasjeop33
Pasjeop33 collected $6 from pot
Pasjeop33: doesn't show hand
*** SUMMARY ***
Total pot $6 | Rake $0
Seat 1: Pasjeop33 (button) (small blind) collected ($6)
Seat 2: BuzovaPro (big blind) folded before Flop


PokerStars Hand #144296492586:  Hold'em Limit ($3/$6 USD) - 2015/11/23 22:59:08 ET
Table 'Cesco' 2-max Seat #2 is the button
Seat 1: Pasjeop33 ($116.34 in chips)
Seat 2: BuzovaPro ($143.50 in chips)
BuzovaPro: posts small blind $1
Pasjeop33: posts big blind $3
*** HOLE CARDS ***
BuzovaPro: folds
Uncalled bet ($2) returned to Pasjeop33
Pasjeop33 collected $2 from pot
Pasjeop33: doesn't show hand
*** SUMMARY ***
Total pot $2 | Rake $0
Seat 1: Pasjeop33 (big blind) collected ($2)
Seat 2: BuzovaPro (button) (small blind) folded before Flop


PokerStars Hand #144296487847:  Hold'em Limit ($3/$6 USD) - 2015/11/23 22:58:50 ET
Table 'Cesco' 2-max Seat #1 is the button
Seat 1: Pasjeop33 ($104.82 in chips)
Seat 2: BuzovaPro ($155.50 in chips)
Pasjeop33: posts small blind $1
BuzovaPro: posts big blind $3
*** HOLE CARDS ***
Pasjeop33: raises $3 to $6
BuzovaPro: calls $3
*** FLOP *** [Qd Qs 4h]
BuzovaPro: checks
Pasjeop33: checks
*** TURN *** [Qd Qs 4h] [5d]
BuzovaPro: checks
Pasjeop33: bets $6
BuzovaPro: calls $6
*** RIVER *** [Qd Qs 4h 5d] [Ts]
BuzovaPro: checks
Pasjeop33: bets $6
BuzovaPro: folds
Uncalled bet ($6) returned to Pasjeop33
Pasjeop33 collected $23.52 from pot
Pasjeop33: doesn't show hand
*** SUMMARY ***
Total pot $24 | Rake $0.48
Board [Qd Qs 4h 5d Ts]
Seat 1: Pasjeop33 (button) (small blind) collected ($23.52)
Seat 2: BuzovaPro (big blind) folded on the River


PokerStars Hand #144296493783:  Hold'em Limit ($3/$6 USD) - 2015/11/23 22:59:13 ET
Table 'Cesco' 2-max Seat #1 is the button
Seat 1: Pasjeop33 ($117.34 in chips)
Seat 2: BuzovaPro ($142.50 in chips)
Pasjeop33: posts small blind $1
BuzovaPro: posts big blind $3
*** HOLE CARDS ***
Pasjeop33: raises $3 to $6
BuzovaPro: calls $3
*** FLOP *** [6d 5h Kc]
BuzovaPro: checks
Pasjeop33: checks
*** TURN *** [6d 5h Kc] [6c]
BuzovaPro: bets $6
Pasjeop33: calls $6
*** RIVER *** [6d 5h Kc 6c] [4d]
BuzovaPro: bets $6
Pasjeop33: calls $6
*** SHOW DOWN ***
BuzovaPro: shows [Js 5d] (two pair, Sixes and Fives)
Pasjeop33: mucks hand
BuzovaPro collected $35.50 from pot
*** SUMMARY ***
Total pot $36 | Rake $0.50
Board [6d 5h Kc 6c 4d]
Seat 1: Pasjeop33 (button) (small blind) mucked
Seat 2: BuzovaPro (big blind) showed [Js 5d] and won ($35.50) with two pair, Sixes and Fives


PokerStars Hand #144296483289:  Hold'em Limit ($3/$6 USD) - 2015/11/23 22:58:34 ET
Table 'Cesco' 2-max Seat #2 is the button
Seat 1: Pasjeop33 ($122.82 in chips)
Seat 2: BuzovaPro ($138 in chips)
BuzovaPro: posts small blind $1
Pasjeop33: posts big blind $3
*** HOLE CARDS ***
BuzovaPro: raises $3 to $6
Pasjeop33: raises $3 to $9
BuzovaPro: calls $3
*** FLOP *** [8d 7h 6h]
Pasjeop33: bets $3
BuzovaPro: calls $3
*** TURN *** [8d 7h 6h] [2s]
Pasjeop33: bets $6
BuzovaPro: calls $6
*** RIVER *** [8d 7h 6h 2s] [Jh]
Pasjeop33: checks
BuzovaPro: checks
*** SHOW DOWN ***
Pasjeop33: shows [9c As] (high card Ace)
BuzovaPro: shows [5s 5d] (a pair of Fives)
BuzovaPro collected $35.50 from pot
*** SUMMARY ***
Total pot $36 | Rake $0.50
Board [8d 7h 6h 2s Jh]
Seat 1: Pasjeop33 (big blind) showed [9c As] and lost with high card Ace
Seat 2: BuzovaPro (button) (small blind) showed [5s 5d] and won ($35.50) with a pair of Fives


PokerStars Hand #144296481613:  Hold'em Limit ($3/$6 USD) - 2015/11/23 22:58:27 ET
Table 'Cesco' 2-max Seat #1 is the button
Seat 1: Pasjeop33 ($119.82 in chips)
Seat 2: BuzovaPro ($141 in chips)
Pasjeop33: posts small blind $1
BuzovaPro: posts big blind $3
*** HOLE CARDS ***
Pasjeop33: raises $3 to $6
BuzovaPro: folds
Uncalled bet ($3) returned to Pasjeop33
Pasjeop33 collected $6 from pot
Pasjeop33: doesn't show hand
*** SUMMARY ***
Total pot $6 | Rake $0
Seat 1: Pasjeop33 (button) (small blind) collected ($6)
Seat 2: BuzovaPro (big blind) folded before Flop


PokerStars Hand #144296507646:  Hold'em Limit ($3/$6 USD) - 2015/11/23 23:00:06 ET
Table 'Cesco' 2-max Seat #2 is the button
Seat 1: Pasjeop33 ($98.84 in chips)
Seat 2: BuzovaPro ($159.50 in chips)
BuzovaPro: posts small blind $1
Pasjeop33: posts big blind $3
*** HOLE CARDS ***
BuzovaPro: calls $2
Pasjeop33: raises $3 to $6
BuzovaPro: folds
Uncalled bet ($3) returned to Pasjeop33
Pasjeop33 collected $6 from pot
Pasjeop33: doesn't show hand
*** SUMMARY ***
Total pot $6 | Rake $0
Seat 1: Pasjeop33 (big blind) collected ($6)
Seat 2: BuzovaPro (button) (small blind) folded before Flop


PokerStars Hand #144296509778:  Hold'em Limit ($3/$6 USD) - 2015/11/23 23:00:13 ET
Table 'Cesco' 2-max Seat #1 is the button
Seat 1: Pasjeop33 ($101.84 in chips)
Seat 2: BuzovaPro ($156.50 in chips)
Pasjeop33: posts small blind $1
BuzovaPro: posts big blind $3
*** HOLE CARDS ***
Pasjeop33: raises $3 to $6
BuzovaPro: calls $3
*** FLOP *** [6h 6d 9c]
BuzovaPro: checks
Pasjeop33: checks
*** TURN *** [6h 6d 9c] [Ah]
BuzovaPro: checks
Pasjeop33: checks
*** RIVER *** [6h 6d 9c Ah] [Jc]
BuzovaPro: checks
Pasjeop33: checks
*** SHOW DOWN ***
BuzovaPro: shows [3h Kd] (a pair of Sixes)
Pasjeop33: mucks hand
BuzovaPro collected $11.76 from pot
*** SUMMARY ***
Total pot $12 | Rake $0.24
Board [6h 6d 9c Ah Jc]
Seat 1: Pasjeop33 (button) (small blind) mucked
Seat 2: BuzovaPro (big blind) showed [3h Kd] and won ($11.76) with a pair of Sixes


PokerStars Hand #144296502419:  Hold'em Limit ($3/$6 USD) - 2015/11/23 22:59:46 ET
Table 'Cesco' 2-max Seat #1 is the button
Seat 1: Pasjeop33 ($84.34 in chips)
Seat 2: BuzovaPro ($174.50 in chips)
Pasjeop33: posts small blind $1
BuzovaPro: posts big blind $3
*** HOLE CARDS ***
Pasjeop33: raises $3 to $6
BuzovaPro: calls $3
*** FLOP *** [2h 6d 2d]
BuzovaPro: checks
Pasjeop33: bets $3
BuzovaPro: calls $3
*** TURN *** [2h 6d 2d] [2c]
BuzovaPro: checks
Pasjeop33: checks
*** RIVER *** [2h 6d 2d 2c] [Ad]
BuzovaPro: checks
Pasjeop33: bets $6
BuzovaPro: calls $6
*** SHOW DOWN ***
Pasjeop33: shows [Qd 8d] (a flush, Ace high)
BuzovaPro: mucks hand
Pasjeop33 collected $29.50 from pot
*** SUMMARY ***
Total pot $30 | Rake $0.50
Board [2h 6d 2d 2c Ad]
Seat 1: Pasjeop33 (button) (small blind) showed [Qd 8d] and won ($29.50) with a flush, Ace high
Seat 2: BuzovaPro (big blind) mucked


PokerStars Hand #144296529052:  Hold'em Limit ($3/$6 USD) - 2015/11/23 23:01:23 ET
Table 'Cesco' 2-max Seat #2 is the button
Seat 1: Pasjeop33 ($80.34 in chips)
Seat 2: BuzovaPro ($176.40 in chips)
BuzovaPro: posts small blind $1
Pasjeop33: posts big blind $3
*** HOLE CARDS ***
BuzovaPro: raises $3 to $6
Pasjeop33: calls $3
*** FLOP *** [As Th 9c]
Pasjeop33: bets $3
BuzovaPro: calls $3
*** TURN *** [As Th 9c] [Qc]
Pasjeop33: checks
BuzovaPro: bets $6
Pasjeop33: folds
Uncalled bet ($6) returned to BuzovaPro
BuzovaPro collected $17.64 from pot
BuzovaPro: doesn't show hand
*** SUMMARY ***
Total pot $18 | Rake $0.36
Board [As Th 9c Qc]
Seat 1: Pasjeop33 (big blind) folded on the Turn
Seat 2: BuzovaPro (button) (small blind) collected ($17.64)


PokerStars Hand #144296520558:  Hold'em Limit ($3/$6 USD) - 2015/11/23 23:00:53 ET
Table 'Cesco' 2-max Seat #2 is the button
Seat 1: Pasjeop33 ($113.34 in chips)
Seat 2: BuzovaPro ($144.26 in chips)
BuzovaPro: posts small blind $1
Pasjeop33: posts big blind $3
*** HOLE CARDS ***
BuzovaPro: raises $3 to $6
Pasjeop33: raises $3 to $9
BuzovaPro: calls $3
*** FLOP *** [Td 3s 2h]
Pasjeop33: bets $3
BuzovaPro: calls $3
*** TURN *** [Td 3s 2h] [4s]
Pasjeop33: bets $6
BuzovaPro: calls $6
*** RIVER *** [Td 3s 2h 4s] [3c]
Pasjeop33: checks
BuzovaPro: bets $6
Pasjeop33: calls $6
*** SHOW DOWN ***
BuzovaPro: shows [4h Jh] (two pair, Fours and Threes)
Pasjeop33: mucks hand
BuzovaPro collected $47.50 from pot
*** SUMMARY ***
Total pot $48 | Rake $0.50
Board [Td 3s 2h 4s 3c]
Seat 1: Pasjeop33 (big blind) mucked
Seat 2: BuzovaPro (button) (small blind) showed [4h Jh] and won ($47.50) with two pair, Fours and Threes


PokerStars Hand #144296513389:  Hold'em Limit ($3/$6 USD) - 2015/11/23 23:00:26 ET
Table 'Cesco' 2-max Seat #2 is the button
Seat 1: Pasjeop33 ($95.84 in chips)
Seat 2: BuzovaPro ($162.26 in chips)
BuzovaPro: posts small blind $1
Pasjeop33: posts big blind $3
*** HOLE CARDS ***
BuzovaPro: raises $3 to $6
Pasjeop33: raises $3 to $9
BuzovaPro: calls $3
*** FLOP *** [5s Jc 5h]
Pasjeop33: bets $3
BuzovaPro: raises $3 to $6
Pasjeop33: calls $3
*** TURN *** [5s Jc 5h] [Kd]
Pasjeop33: bets $6
BuzovaPro: folds
Uncalled bet ($6) returned to Pasjeop33
Pasjeop33 collected $29.50 from pot
Pasjeop33: doesn't show hand
*** SUMMARY ***
Total pot $30 | Rake $0.50
Board [5s Jc 5h Kd]
Seat 1: Pasjeop33 (big blind) collected ($29.50)
Seat 2: BuzovaPro (button) (small blind) folded on the Turn


PokerStars Hand #144296539409:  Hold'em Limit ($3/$6 USD) - 2015/11/23 23:01:58 ET
Table 'Cesco' 2-max Seat #1 is the button
Seat 1: Pasjeop33 ($59.34 in chips)
Seat 2: BuzovaPro ($196.54 in chips)
Pasjeop33: posts small blind $1
BuzovaPro: posts big blind $3
*** HOLE CARDS ***
Pasjeop33: raises $3 to $6
BuzovaPro: calls $3
*** FLOP *** [Js Th 6d]
BuzovaPro: checks
Pasjeop33: bets $3
BuzovaPro: raises $3 to $6
Pasjeop33: calls $3
*** TURN *** [Js Th 6d] [Tc]
BuzovaPro: bets $6
Pasjeop33: folds
Uncalled bet ($6) returned to BuzovaPro
BuzovaPro collected $23.52 from pot
BuzovaPro: doesn't show hand
*** SUMMARY ***
Total pot $24 | Rake $0.48
Board [Js Th 6d Tc]
Seat 1: Pasjeop33 (button) (small blind) folded on the Turn
Seat 2: BuzovaPro (big blind) collected ($23.52)


PokerStars Hand #144296547249:  Hold'em Limit ($3/$6 USD) - 2015/11/23 23:02:24 ET
Table 'Cesco' 2-max Seat #2 is the button
Seat 1: Pasjeop33 ($47.34 in chips)
Seat 2: BuzovaPro ($208.06 in chips)
BuzovaPro: posts small blind $1
Pasjeop33: posts big blind $3
*** HOLE CARDS ***
BuzovaPro: raises $3 to $6
Pasjeop33: calls $3
*** FLOP *** [Qh 5d Kc]
Pasjeop33: checks
BuzovaPro: bets $3
Pasjeop33: raises $3 to $6
BuzovaPro: raises $3 to $9
Pasjeop33: folds
Uncalled bet ($3) returned to BuzovaPro
BuzovaPro collected $23.52 from pot
BuzovaPro: doesn't show hand
*** SUMMARY ***
Total pot $24 | Rake $0.48
Board [Qh 5d Kc]
Seat 1: Pasjeop33 (big blind) folded on the Flop
Seat 2: BuzovaPro (button) (small blind) collected ($23.52)


PokerStars Hand #144296534252:  Hold'em Limit ($3/$6 USD) - 2015/11/23 23:01:41 ET
Table 'Cesco' 2-max Seat #2 is the button
Seat 1: Pasjeop33 ($74.34 in chips)
Seat 2: BuzovaPro ($182.04 in chips)
BuzovaPro: posts small blind $1
Pasjeop33: posts big blind $3
*** HOLE CARDS ***
BuzovaPro: raises $3 to $6
Pasjeop33: calls $3
*** FLOP *** [2h 4c Jh]
Pasjeop33: checks
BuzovaPro: bets $3
Pasjeop33: calls $3
*** TURN *** [2h 4c Jh] [9h]
Pasjeop33: checks
BuzovaPro: bets $6
Pasjeop33: calls $6
*** RIVER *** [2h 4c Jh 9h] [Qh]
Pasjeop33: checks
BuzovaPro: bets $6
Pasjeop33: folds
Uncalled bet ($6) returned to BuzovaPro
BuzovaPro collected $29.50 from pot
BuzovaPro: doesn't show hand
*** SUMMARY ***
Total pot $30 | Rake $0.50
Board [2h 4c Jh 9h Qh]
Seat 1: Pasjeop33 (big blind) folded on the River
Seat 2: BuzovaPro (button) (small blind) collected ($29.50)


PokerStars Hand #144296532687:  Hold'em Limit ($3/$6 USD) - 2015/11/23 23:01:36 ET
Table 'Cesco' 2-max Seat #1 is the button
Seat 1: Pasjeop33 ($71.34 in chips)
Seat 2: BuzovaPro ($185.04 in chips)
Pasjeop33: posts small blind $1
BuzovaPro: posts big blind $3
*** HOLE CARDS ***
Pasjeop33: raises $3 to $6
BuzovaPro: folds
Uncalled bet ($3) returned to Pasjeop33
Pasjeop33 collected $6 from pot
Pasjeop33: doesn't show hand
*** SUMMARY ***
Total pot $6 | Rake $0
Seat 1: Pasjeop33 (button) (small blind) collected ($6)
Seat 2: BuzovaPro (big blind) folded before Flop


PokerStars Hand #144296555933:  Hold'em Limit ($3/$6 USD) - 2015/11/23 23:02:53 ET
Table 'Cesco' 2-max Seat #1 is the button
Seat 1: Pasjeop33 ($24.34 in chips)
Seat 2: BuzovaPro ($230.10 in chips)
Pasjeop33: posts small blind $1
BuzovaPro: posts big blind $3
*** HOLE CARDS ***
Pasjeop33: raises $3 to $6
BuzovaPro: calls $3
*** FLOP *** [9s 3c 3h]
BuzovaPro: checks
Pasjeop33: bets $3
BuzovaPro: folds
Uncalled bet ($3) returned to Pasjeop33
Pasjeop33 collected $11.76 from pot
Pasjeop33: doesn't show hand
*** SUMMARY ***
Total pot $12 | Rake $0.24
Board [9s 3c 3h]
Seat 1: Pasjeop33 (button) (small blind) collected ($11.76)
Seat 2: BuzovaPro (big blind) folded on the Flop


PokerStars Hand #144296562008:  Hold'em Limit ($3/$6 USD) - 2015/11/23 23:03:14 ET
Table 'Cesco' 2-max Seat #2 is the button
Seat 1: Pasjeop33 ($30.10 in chips)
Seat 2: BuzovaPro ($224.10 in chips)
BuzovaPro: posts small blind $1
Pasjeop33: posts big blind $3
*** HOLE CARDS ***
BuzovaPro: raises $3 to $6
Pasjeop33: calls $3
*** FLOP *** [5d 4c 3s]
Pasjeop33: checks
BuzovaPro: checks
*** TURN *** [5d 4c 3s] [Tc]
Pasjeop33: checks
BuzovaPro: checks
*** RIVER *** [5d 4c 3s Tc] [Js]
Pasjeop33: bets $6
BuzovaPro: raises $6 to $12
Pasjeop33: folds
Uncalled bet ($6) returned to BuzovaPro
BuzovaPro collected $23.52 from pot
BuzovaPro: doesn't show hand
*** SUMMARY ***
Total pot $24 | Rake $0.48
Board [5d 4c 3s Tc Js]
Seat 1: Pasjeop33 (big blind) folded on the River
Seat 2: BuzovaPro (button) (small blind) collected ($23.52)


PokerStars Hand #144296554464:  Hold'em Limit ($3/$6 USD) - 2015/11/23 23:02:48 ET
Table 'Cesco' 2-max Seat #2 is the button
Seat 1: Pasjeop33 ($23.34 in chips)
Seat 2: BuzovaPro ($231.10 in chips)
BuzovaPro: posts small blind $1
Pasjeop33: posts big blind $3
*** HOLE CARDS ***
BuzovaPro: folds
Uncalled bet ($2) returned to Pasjeop33
Pasjeop33 collected $2 from pot
Pasjeop33: doesn't show hand
*** SUMMARY ***
Total pot $2 | Rake $0
Seat 1: Pasjeop33 (big blind) collected ($2)
Seat 2: BuzovaPro (button) (small blind) folded before Flop


PokerStars Hand #144296550701:  Hold'em Limit ($3/$6 USD) - 2015/11/23 23:02:36 ET
Table 'Cesco' 2-max Seat #1 is the button
Seat 1: Pasjeop33 ($35.34 in chips)
Seat 2: BuzovaPro ($219.58 in chips)
Pasjeop33: posts small blind $1
BuzovaPro: posts big blind $3
*** HOLE CARDS ***
Pasjeop33: raises $3 to $6
BuzovaPro: raises $3 to $9
Pasjeop33: calls $3
*** FLOP *** [Js Ks Qh]
BuzovaPro: bets $3
Pasjeop33: calls $3
*** TURN *** [Js Ks Qh] [5c]
BuzovaPro: bets $6
Pasjeop33: folds
Uncalled bet ($6) returned to BuzovaPro
BuzovaPro collected $23.52 from pot
BuzovaPro: doesn't show hand
*** SUMMARY ***
Total pot $24 | Rake $0.48
Board [Js Ks Qh 5c]
Seat 1: Pasjeop33 (button) (small blind) folded on the Turn
Seat 2: BuzovaPro (big blind) collected ($23.52)


PokerStars Hand #144296577186:  Hold'em Limit ($3/$6 USD) - 2015/11/23 23:04:04 ET
Table 'Cesco' 2-max Seat #1 is the button
Seat 1: Pasjeop33 ($14.85 in chips)
Seat 2: BuzovaPro ($238.37 in chips)
Pasjeop33: posts small blind $1
BuzovaPro: posts big blind $3
*** HOLE CARDS ***
Pasjeop33: raises $3 to $6
BuzovaPro: calls $3
*** FLOP *** [Qh 7s Js]
BuzovaPro: checks
Pasjeop33: checks
*** TURN *** [Qh 7s Js] [5c]
BuzovaPro: bets $6
Pasjeop33: raises $2.85 to $8.85 and is all-in
BuzovaPro: calls $2.85
*** RIVER *** [Qh 7s Js 5c] [Jd]
*** SHOW DOWN ***
BuzovaPro: shows [Kd 5h] (two pair, Jacks and Fives)
Pasjeop33: shows [3h Qc] (two pair, Queens and Jacks)
Pasjeop33 collected $29.20 from pot
*** SUMMARY ***
Total pot $29.70 | Rake $0.50
Board [Qh 7s Js 5c Jd]
Seat 1: Pasjeop33 (button) (small blind) showed [3h Qc] and won ($29.20) with two pair, Queens and Jacks
Seat 2: BuzovaPro (big blind) showed [Kd 5h] and lost with two pair, Jacks and Fives


PokerStars Hand #144296575565:  Hold'em Limit ($3/$6 USD) - 2015/11/23 23:03:59 ET
Table 'Cesco' 2-max Seat #2 is the button
Seat 1: Pasjeop33 ($17.85 in chips)
Seat 2: BuzovaPro ($235.37 in chips)
BuzovaPro: posts small blind $1
Pasjeop33: posts big blind $3
*** HOLE CARDS ***
BuzovaPro: raises $3 to $6
Pasjeop33: folds
Uncalled bet ($3) returned to BuzovaPro
BuzovaPro collected $6 from pot
BuzovaPro: doesn't show hand
*** SUMMARY ***
Total pot $6 | Rake $0
Seat 1: Pasjeop33 (big blind) folded before Flop
Seat 2: BuzovaPro (button) (small blind) collected ($6)


PokerStars Hand #144296574076:  Hold'em Limit ($3/$6 USD) - 2015/11/23 23:03:54 ET
Table 'Cesco' 2-max Seat #1 is the button
Seat 1: Pasjeop33 ($18.85 in chips)
Seat 2: BuzovaPro ($234.37 in chips)
Pasjeop33: posts small blind $1
BuzovaPro: posts big blind $3
*** HOLE CARDS ***
Pasjeop33: folds
Uncalled bet ($2) returned to BuzovaPro
BuzovaPro collected $2 from pot
BuzovaPro: doesn't show hand
*** SUMMARY ***
Total pot $2 | Rake $0
Seat 1: Pasjeop33 (button) (small blind) folded before Flop
Seat 2: BuzovaPro (big blind) collected ($2)


PokerStars Hand #144296571841:  Hold'em Limit ($3/$6 USD) - 2015/11/23 23:03:47 ET
Table 'Cesco' 2-max Seat #2 is the button
Seat 1: Pasjeop33 ($17.85 in chips)
Seat 2: BuzovaPro ($235.37 in chips)
BuzovaPro: posts small blind $1
Pasjeop33: posts big blind $3
*** HOLE CARDS ***
BuzovaPro: folds
Uncalled bet ($2) returned to Pasjeop33
Pasjeop33 collected $2 from pot
Pasjeop33: doesn't show hand
*** SUMMARY ***
Total pot $2 | Rake $0
Seat 1: Pasjeop33 (big blind) collected ($2)
Seat 2: BuzovaPro (button) (small blind) folded before Flop


PokerStars Hand #144296566499:  Hold'em Limit ($3/$6 USD) - 2015/11/23 23:03:29 ET
Table 'Cesco' 2-max Seat #1 is the button
Seat 1: Pasjeop33 ($18.10 in chips)
Seat 2: BuzovaPro ($235.62 in chips)
Pasjeop33: posts small blind $1
BuzovaPro: posts big blind $3
*** HOLE CARDS ***
Pasjeop33: raises $3 to $6
BuzovaPro: calls $3
*** FLOP *** [9h 5d Tc]
BuzovaPro: checks
Pasjeop33: bets $3
BuzovaPro: calls $3
*** TURN *** [9h 5d Tc] [Ad]
BuzovaPro: checks
Pasjeop33: bets $6
BuzovaPro: calls $6
*** RIVER *** [9h 5d Tc Ad] [Qc]
BuzovaPro: checks
Pasjeop33: bets $3.10 and is all-in
BuzovaPro: calls $3.10
*** SHOW DOWN ***
Pasjeop33: shows [5c 3d] (a pair of Fives)
BuzovaPro: shows [5h 7h] (a pair of Fives)
BuzovaPro collected $17.85 from pot
Pasjeop33 collected $17.85 from pot
*** SUMMARY ***
Total pot $36.20 | Rake $0.50
Board [9h 5d Tc Ad Qc]
Seat 1: Pasjeop33 (button) (small blind) showed [5c 3d] and won ($17.85) with a pair of Fives
Seat 2: BuzovaPro (big blind) showed [5h 7h] and won ($17.85) with a pair of Fives


PokerStars Hand #144296581285:  Hold'em Limit ($3/$6 USD) - 2015/11/23 23:04:18 ET
Table 'Cesco' 2-max Seat #2 is the button
Seat 1: Pasjeop33 ($29.20 in chips)
Seat 2: BuzovaPro ($223.52 in chips)
BuzovaPro: posts small blind $1
Pasjeop33: posts big blind $3
*** HOLE CARDS ***
BuzovaPro: folds
Uncalled bet ($2) returned to Pasjeop33
Pasjeop33 collected $2 from pot
Pasjeop33: doesn't show hand
*** SUMMARY ***
Total pot $2 | Rake $0
Seat 1: Pasjeop33 (big blind) collected ($2)
Seat 2: BuzovaPro (button) (small blind) folded before Flop


PokerStars Hand #144296588918:  Hold'em Limit ($3/$6 USD) - 2015/11/23 23:04:44 ET
Table 'Cesco' 2-max Seat #1 is the button
Seat 1: Pasjeop33 ($13.20 in chips)
Seat 2: BuzovaPro ($239.02 in chips)
Pasjeop33: posts small blind $1
BuzovaPro: posts big blind $3
*** HOLE CARDS ***
Pasjeop33: raises $3 to $6
BuzovaPro: calls $3
*** FLOP *** [Jh Js Ac]
BuzovaPro: checks
Pasjeop33: checks
*** TURN *** [Jh Js Ac] [5h]
BuzovaPro: checks
Pasjeop33: bets $6
BuzovaPro: folds
Uncalled bet ($6) returned to Pasjeop33
Pasjeop33 collected $11.76 from pot
Pasjeop33: doesn't show hand
*** SUMMARY ***
Total pot $12 | Rake $0.24
Board [Jh Js Ac 5h]
Seat 1: Pasjeop33 (button) (small blind) collected ($11.76)
Seat 2: BuzovaPro (big blind) folded on the Turn


PokerStars Hand #144296582725:  Hold'em Limit ($3/$6 USD) - 2015/11/23 23:04:23 ET
Table 'Cesco' 2-max Seat #1 is the button
Seat 1: Pasjeop33 ($30.20 in chips)
Seat 2: BuzovaPro ($222.52 in chips)
Pasjeop33: posts small blind $1
BuzovaPro: posts big blind $3
*** HOLE CARDS ***
Pasjeop33: raises $3 to $6
BuzovaPro: calls $3
*** FLOP *** [Th Kd 9c]
BuzovaPro: checks
Pasjeop33: checks
*** TURN *** [Th Kd 9c] [Jh]
BuzovaPro: checks
Pasjeop33: bets $6
BuzovaPro: calls $6
*** RIVER *** [Th Kd 9c Jh] [4s]
BuzovaPro: checks
Pasjeop33: bets $6
BuzovaPro: calls $6
*** SHOW DOWN ***
Pasjeop33: shows [5h 8c] (high card King)
BuzovaPro: shows [Kc 3d] (a pair of Kings)
BuzovaPro collected $35.50 from pot
*** SUMMARY ***
Total pot $36 | Rake $0.50
Board [Th Kd 9c Jh 4s]
Seat 1: Pasjeop33 (button) (small blind) showed [5h 8c] and lost with high card King
Seat 2: BuzovaPro (big blind) showed [Kc 3d] and won ($35.50) with a pair of Kings


PokerStars Hand #144296587234:  Hold'em Limit ($3/$6 USD) - 2015/11/23 23:04:38 ET
Table 'Cesco' 2-max Seat #2 is the button
Seat 1: Pasjeop33 ($12.20 in chips)
Seat 2: BuzovaPro ($240.02 in chips)
BuzovaPro: posts small blind $1
Pasjeop33: posts big blind $3
*** HOLE CARDS ***
BuzovaPro: folds
Uncalled bet ($2) returned to Pasjeop33
Pasjeop33 collected $2 from pot
Pasjeop33: doesn't show hand
*** SUMMARY ***
Total pot $2 | Rake $0
Seat 1: Pasjeop33 (big blind) collected ($2)
Seat 2: BuzovaPro (button) (small blind) folded before Flop


PokerStars Hand #144296601268:  Hold'em Limit ($3/$6 USD) - 2015/11/23 23:05:24 ET
Table 'Cesco' 2-max Seat #2 is the button
Seat 1: Pasjeop33 ($21.60 in chips)
Seat 2: BuzovaPro ($229.78 in chips)
BuzovaPro: posts small blind $1
Pasjeop33: posts big blind $3
*** HOLE CARDS ***
BuzovaPro: folds
Uncalled bet ($2) returned to Pasjeop33
Pasjeop33 collected $2 from pot
Pasjeop33: doesn't show hand
*** SUMMARY ***
Total pot $2 | Rake $0
Seat 1: Pasjeop33 (big blind) collected ($2)
Seat 2: BuzovaPro (button) (small blind) folded before Flop


PokerStars Hand #144296597495:  Hold'em Limit ($3/$6 USD) - 2015/11/23 23:05:12 ET
Table 'Cesco' 2-max Seat #1 is the button
Seat 1: Pasjeop33 ($27.60 in chips)
Seat 2: BuzovaPro ($224.02 in chips)
Pasjeop33: posts small blind $1
BuzovaPro: posts big blind $3
*** HOLE CARDS ***
Pasjeop33: raises $3 to $6
BuzovaPro: calls $3
*** FLOP *** [Ac 5s Kd]
BuzovaPro: checks
Pasjeop33: checks
*** TURN *** [Ac 5s Kd] [8c]
BuzovaPro: checks
Pasjeop33: checks
*** RIVER *** [Ac 5s Kd 8c] [2d]
BuzovaPro: checks
Pasjeop33: checks
*** SHOW DOWN ***
BuzovaPro: shows [Kc 7h] (a pair of Kings)
Pasjeop33: mucks hand
BuzovaPro collected $11.76 from pot
*** SUMMARY ***
Total pot $12 | Rake $0.24
Board [Ac 5s Kd 8c 2d]
Seat 1: Pasjeop33 (button) (small blind) mucked
Seat 2: BuzovaPro (big blind) showed [Kc 7h] and won ($11.76) with a pair of Kings


PokerStars Hand #144296593008:  Hold'em Limit ($3/$6 USD) - 2015/11/23 23:04:57 ET
Table 'Cesco' 2-max Seat #2 is the button
Seat 1: Pasjeop33 ($18.96 in chips)
Seat 2: BuzovaPro ($233.02 in chips)
BuzovaPro: posts small blind $1
Pasjeop33: posts big blind $3
*** HOLE CARDS ***
BuzovaPro: raises $3 to $6
Pasjeop33: calls $3
*** FLOP *** [9s 2h 3c]
Pasjeop33: checks
BuzovaPro: bets $3
Pasjeop33: calls $3
*** TURN *** [9s 2h 3c] [5h]
Pasjeop33: checks
BuzovaPro: checks
*** RIVER *** [9s 2h 3c 5h] [Jd]
Pasjeop33: bets $6
BuzovaPro: folds
Uncalled bet ($6) returned to Pasjeop33
Pasjeop33 collected $17.64 from pot
Pasjeop33: doesn't show hand
*** SUMMARY ***
Total pot $18 | Rake $0.36
Board [9s 2h 3c 5h Jd]
Seat 1: Pasjeop33 (big blind) collected ($17.64)
Seat 2: BuzovaPro (button) (small blind) folded on the River


PokerStars Hand #144296602738:  Hold'em Limit ($3/$6 USD) - 2015/11/23 23:05:29 ET
Table 'Cesco' 2-max Seat #1 is the button
Seat 1: Pasjeop33 ($22.60 in chips)
Seat 2: BuzovaPro ($228.78 in chips)
Pasjeop33: posts small blind $1
BuzovaPro: posts big blind $3
*** HOLE CARDS ***
Pasjeop33: raises $3 to $6
BuzovaPro: raises $3 to $9
Pasjeop33: calls $3
*** FLOP *** [Td Ad 4c]
BuzovaPro: bets $3
Pasjeop33: raises $3 to $6
BuzovaPro: raises $3 to $9
Pasjeop33: raises $3 to $12
Betting is capped
BuzovaPro: calls $3
*** TURN *** [Td Ad 4c] [8c]
BuzovaPro: bets $6
Pasjeop33: calls $1.60 and is all-in
Uncalled bet ($4.40) returned to BuzovaPro
*** RIVER *** [Td Ad 4c 8c] [8s]
*** SHOW DOWN ***
BuzovaPro: shows [Ah Kh] (two pair, Aces and Eights)
Pasjeop33: shows [6d 9d] (a pair of Eights)
BuzovaPro collected $44.70 from pot
*** SUMMARY ***
Total pot $45.20 | Rake $0.50
Board [Td Ad 4c 8c 8s]
Seat 1: Pasjeop33 (button) (small blind) showed [6d 9d] and lost with a pair of Eights
Seat 2: BuzovaPro (big blind) showed [Ah Kh] and won ($44.70) with two pair, Aces and Eights


