PokerStars Hand #159595929584:  Hold'em Limit ($3/$6 USD) - 2016/10/07 10:01:00 ET
Table 'Cetacea' 6-max Seat #3 is the button
Seat 3: UnderGr00ve ($85 in chips)
Seat 4: TbIP-TbIP 88 ($72 in chips)
UnderGr00ve: posts small blind $1
TbIP-TbIP 88: posts big blind $3
*** HOLE CARDS ***
UnderGr00ve: raises $3 to $6
TbIP-TbIP 88: folds
Uncalled bet ($3) returned to UnderGr00ve
UnderGr00ve collected $6 from pot
UnderGr00ve: doesn't show hand
*** SUMMARY ***
Total pot $6 | Rake $0
Seat 3: UnderGr00ve (button) (small blind) collected ($6)
Seat 4: TbIP-TbIP 88 (big blind) folded before Flop


PokerStars Hand #159595946096:  Hold'em Limit ($3/$6 USD) - 2016/10/07 10:01:30 ET
Table 'Cetacea' 6-max Seat #3 is the button
Seat 3: UnderGr00ve ($89 in chips)
Seat 4: TbIP-TbIP 88 ($72 in chips)
UnderGr00ve: posts small blind $1
TbIP-TbIP 88: posts big blind $3
*** HOLE CARDS ***
UnderGr00ve: raises $3 to $6
TbIP-TbIP 88: calls $3
*** FLOP *** [4s 7h 5d]
TbIP-TbIP 88: checks
UnderGr00ve: bets $3
TbIP-TbIP 88: raises $3 to $6
UnderGr00ve: calls $3
*** TURN *** [4s 7h 5d] [Kc]
TbIP-TbIP 88: bets $6
UnderGr00ve: calls $6
*** RIVER *** [4s 7h 5d Kc] [4c]
TbIP-TbIP 88: bets $6
UnderGr00ve: calls $6
*** SHOW DOWN ***
TbIP-TbIP 88: shows [8c 6s] (a straight, Four to Eight)
UnderGr00ve: mucks hand
TbIP-TbIP 88 collected $47.50 from pot
*** SUMMARY ***
Total pot $48 | Rake $0.50
Board [4s 7h 5d Kc 4c]
Seat 3: UnderGr00ve (button) (small blind) mucked
Seat 4: TbIP-TbIP 88 (big blind) showed [8c 6s] and won ($47.50) with a straight, Four to Eight


PokerStars Hand #159595937121:  Hold'em Limit ($3/$6 USD) - 2016/10/07 10:01:14 ET
Table 'Cetacea' 6-max Seat #4 is the button
Seat 3: UnderGr00ve ($88 in chips)
Seat 4: TbIP-TbIP 88 ($72 in chips)
TbIP-TbIP 88: posts small blind $1
UnderGr00ve: posts big blind $3
*** HOLE CARDS ***
TbIP-TbIP 88: folds
Uncalled bet ($2) returned to UnderGr00ve
UnderGr00ve collected $2 from pot
UnderGr00ve: doesn't show hand
*** SUMMARY ***
Total pot $2 | Rake $0
Seat 3: UnderGr00ve (big blind) collected ($2)
Seat 4: TbIP-TbIP 88 (button) (small blind) folded before Flop


PokerStars Hand #159595986058:  Hold'em Limit ($3/$6 USD) - 2016/10/07 10:02:39 ET
Table 'Cetacea' 6-max Seat #3 is the button
Seat 3: UnderGr00ve ($56 in chips)
Seat 4: TbIP-TbIP 88 ($104.14 in chips)
UnderGr00ve: posts small blind $1
TbIP-TbIP 88: posts big blind $3
*** HOLE CARDS ***
UnderGr00ve: folds
Uncalled bet ($2) returned to TbIP-TbIP 88
TbIP-TbIP 88 collected $2 from pot
TbIP-TbIP 88: doesn't show hand
*** SUMMARY ***
Total pot $2 | Rake $0
Seat 3: UnderGr00ve (button) (small blind) folded before Flop
Seat 4: TbIP-TbIP 88 (big blind) collected ($2)


PokerStars Hand #159595963794:  Hold'em Limit ($3/$6 USD) - 2016/10/07 10:02:01 ET
Table 'Cetacea' 6-max Seat #4 is the button
Seat 3: UnderGr00ve ($65 in chips)
Seat 4: TbIP-TbIP 88 ($95.50 in chips)
TbIP-TbIP 88: posts small blind $1
UnderGr00ve: posts big blind $3
*** HOLE CARDS ***
TbIP-TbIP 88: raises $3 to $6
UnderGr00ve: calls $3
*** FLOP *** [8h As 5d]
UnderGr00ve: bets $3
TbIP-TbIP 88: calls $3
*** TURN *** [8h As 5d] [5c]
UnderGr00ve: checks
TbIP-TbIP 88: bets $6
UnderGr00ve: folds
Uncalled bet ($6) returned to TbIP-TbIP 88
TbIP-TbIP 88 collected $17.64 from pot
TbIP-TbIP 88: doesn't show hand
*** SUMMARY ***
Total pot $18 | Rake $0.36
Board [8h As 5d 5c]
Seat 3: UnderGr00ve (big blind) folded on the Turn
Seat 4: TbIP-TbIP 88 (button) (small blind) collected ($17.64)


PokerStars Hand #159596016170:  Hold'em Limit ($3/$6 USD) - 2016/10/07 10:03:31 ET
Table 'Cetacea' 6-max Seat #3 is the button
Seat 3: UnderGr00ve ($63.64 in chips)
Seat 4: TbIP-TbIP 88 ($96.14 in chips)
UnderGr00ve: posts small blind $1
TbIP-TbIP 88: posts big blind $3
*** HOLE CARDS ***
UnderGr00ve: raises $3 to $6
TbIP-TbIP 88: calls $3
*** FLOP *** [5s Ts 4c]
TbIP-TbIP 88: checks
UnderGr00ve: checks
*** TURN *** [5s Ts 4c] [3h]
TbIP-TbIP 88: checks
UnderGr00ve: bets $6
TbIP-TbIP 88: calls $6
*** RIVER *** [5s Ts 4c 3h] [Kd]
TbIP-TbIP 88: bets $6
iskambil joins the table at seat #2
UnderGr00ve: calls $6
*** SHOW DOWN ***
TbIP-TbIP 88: shows [6c Ks] (a pair of Kings)
UnderGr00ve: mucks hand
TbIP-TbIP 88 collected $35.50 from pot
*** SUMMARY ***
Total pot $36 | Rake $0.50
Board [5s Ts 4c 3h Kd]
Seat 3: UnderGr00ve (button) (small blind) mucked
Seat 4: TbIP-TbIP 88 (big blind) showed [6c Ks] and won ($35.50) with a pair of Kings


PokerStars Hand #159595991286:  Hold'em Limit ($3/$6 USD) - 2016/10/07 10:02:48 ET
Table 'Cetacea' 6-max Seat #4 is the button
Seat 3: UnderGr00ve ($55 in chips)
Seat 4: TbIP-TbIP 88 ($105.14 in chips)
TbIP-TbIP 88: posts small blind $1
UnderGr00ve: posts big blind $3
*** HOLE CARDS ***
TbIP-TbIP 88: raises $3 to $6
rascal_319 joins the table at seat #5
UnderGr00ve: calls $3
*** FLOP *** [Td 6c 4d]
UnderGr00ve: checks
TbIP-TbIP 88: bets $3
UnderGr00ve: calls $3
*** TURN *** [Td 6c 4d] [8d]
UnderGr00ve: checks
TbIP-TbIP 88: checks
*** RIVER *** [Td 6c 4d 8d] [Kh]
UnderGr00ve: bets $6
TbIP-TbIP 88: folds
Uncalled bet ($6) returned to UnderGr00ve
UnderGr00ve collected $17.64 from pot
*** SUMMARY ***
Total pot $18 | Rake $0.36
Board [Td 6c 4d 8d Kh]
Seat 3: UnderGr00ve (big blind) collected ($17.64)
Seat 4: TbIP-TbIP 88 (button) (small blind) folded on the River


PokerStars Hand #159597311792:  Hold'em Limit ($3/$6 USD) - 2016/10/07 10:39:40 ET
Table 'Cetacea' 6-max Seat #5 is the button
Seat 4: smellyrat777 ($82.80 in chips)
Seat 5: rascal_319 ($85.18 in chips)
rascal_319: posts small blind $1
smellyrat777: posts big blind $3
*** HOLE CARDS ***
rascal_319: raises $3 to $6
smellyrat777: calls $3
*** FLOP *** [2d 2c 5d]
smellyrat777: checks
rascal_319: bets $3
smellyrat777: folds
Uncalled bet ($3) returned to rascal_319
rascal_319 collected $11.76 from pot
rascal_319: doesn't show hand
*** SUMMARY ***
Total pot $12 | Rake $0.24
Board [2d 2c 5d]
Seat 4: smellyrat777 (big blind) folded on the Flop
Seat 5: rascal_319 (button) (small blind) collected ($11.76)


PokerStars Hand #159597307626:  Hold'em Limit ($3/$6 USD) - 2016/10/07 10:39:33 ET
Table 'Cetacea' 6-max Seat #4 is the button
Seat 4: smellyrat777 ($83.80 in chips)
Seat 5: rascal_319 ($84.18 in chips)
smellyrat777: posts small blind $1
rascal_319: posts big blind $3
*** HOLE CARDS ***
Alexsandr.NT leaves the table
smellyrat777: folds
Uncalled bet ($2) returned to rascal_319
rascal_319 collected $2 from pot
rascal_319: doesn't show hand
*** SUMMARY ***
Total pot $2 | Rake $0
Seat 4: smellyrat777 (button) (small blind) folded before Flop
Seat 5: rascal_319 (big blind) collected ($2)


