PokerStars Hand #153000069774:  Hold'em Limit ($3/$6 USD) - 2016/05/07 20:06:46 ET
Table 'Cetacea' 6-max Seat #4 is the button
Seat 2: Tante Hilda ($130.21 in chips)
Seat 4: BuzovaPro ($125.45 in chips)
BuzovaPro: posts small blind $1
Tante Hilda said, ":D"
DePokeraap: is sitting out
Tante Hilda: posts big blind $3
*** HOLE CARDS ***
BuzovaPro: folds
Uncalled bet ($2) returned to Tante Hilda
Tante Hilda collected $2 from pot
Tante Hilda: doesn't show hand
*** SUMMARY ***
Total pot $2 | Rake $0
Seat 2: Tante Hilda (big blind) collected ($2)
Seat 4: BuzovaPro (button) (small blind) folded before Flop


PokerStars Hand #153000073459:  Hold'em Limit ($3/$6 USD) - 2016/05/07 20:06:53 ET
Table 'Cetacea' 6-max Seat #2 is the button
Seat 2: Tante Hilda ($131.21 in chips)
Seat 4: BuzovaPro ($124.45 in chips)
Tante Hilda: posts small blind $1
BuzovaPro: posts big blind $3
*** HOLE CARDS ***
Tante Hilda: raises $3 to $6
BuzovaPro: folds
Uncalled bet ($3) returned to Tante Hilda
Tante Hilda collected $6 from pot
Tante Hilda: doesn't show hand
*** SUMMARY ***
Total pot $6 | Rake $0
Seat 2: Tante Hilda (button) (small blind) collected ($6)
Seat 4: BuzovaPro (big blind) folded before Flop


