PokerStars Hand #165687120063:  Hold'em Limit ($3/$6 USD) - 2017/02/04 16:33:46 ET
Table 'Cetus' 6-max Seat #1 is the button
Seat 1: fsreibnitz ($106.23 in chips)
Seat 3: hairy1961 ($13.99 in chips)
fsreibnitz: posts small blind $1
hairy1961: posts big blind $3
*** HOLE CARDS ***
fsreibnitz: raises $3 to $6
hairy1961: calls $3
*** FLOP *** [Kh Ts Tc]
hairy1961: checks
fsreibnitz: checks
*** TURN *** [Kh Ts Tc] [6d]
hairy1961: checks
fsreibnitz: bets $6
hairy1961: raises $1.99 to $7.99 and is all-in
fsreibnitz: calls $1.99
*** RIVER *** [Kh Ts Tc 6d] [3d]
*** SHOW DOWN ***
hairy1961: shows [Ks 3c] (two pair, Kings and Tens)
fsreibnitz: shows [6h 5s] (two pair, Tens and Sixes)
hairy1961 collected $27.48 from pot
*** SUMMARY ***
Total pot $27.98 | Rake $0.50
Board [Kh Ts Tc 6d 3d]
Seat 1: fsreibnitz (button) (small blind) showed [6h 5s] and lost with two pair, Tens and Sixes
Seat 3: hairy1961 (big blind) showed [Ks 3c] and won ($27.48) with two pair, Kings and Tens


PokerStars Hand #165687100880:  Hold'em Limit ($3/$6 USD) - 2017/02/04 16:33:25 ET
Table 'Cetus' 6-max Seat #3 is the button
Seat 1: fsreibnitz ($88.73 in chips)
Seat 3: hairy1961 ($31.99 in chips)
hairy1961: posts small blind $1
fsreibnitz: posts big blind $3
*** HOLE CARDS ***
hairy1961: raises $3 to $6
fsreibnitz: calls $3
*** FLOP *** [2c 3s 9h]
fsreibnitz: checks
Kikimor1220 leaves the table
hairy1961: checks
*** TURN *** [2c 3s 9h] [Qs]
fsreibnitz: checks
hairy1961: bets $6
fsreibnitz: calls $6
*** RIVER *** [2c 3s 9h Qs] [6s]
fsreibnitz: checks
hairy1961: bets $6
fsreibnitz: calls $6
*** SHOW DOWN ***
hairy1961: shows [Kc Jc] (high card King)
fsreibnitz: shows [9s Ad] (a pair of Nines)
fsreibnitz collected $35.50 from pot
*** SUMMARY ***
Total pot $36 | Rake $0.50
Board [2c 3s 9h Qs 6s]
Seat 1: fsreibnitz (big blind) showed [9s Ad] and won ($35.50) with a pair of Nines
Seat 3: hairy1961 (button) (small blind) showed [Kc Jc] and lost with high card King


PokerStars Hand #165687170986:  Hold'em Limit ($3/$6 USD) - 2017/02/04 16:34:40 ET
Table 'Cetus' 6-max Seat #1 is the button
Seat 1: fsreibnitz ($104.74 in chips)
Seat 3: hairy1961 ($14.48 in chips)
fsreibnitz: posts small blind $1
hairy1961: posts big blind $3
*** HOLE CARDS ***
fsreibnitz: raises $3 to $6
hairy1961: raises $3 to $9
fsreibnitz: calls $3
*** FLOP *** [7h Kd 3d]
hairy1961: bets $3
fsreibnitz: raises $3 to $6
hairy1961: calls $2.48 and is all-in
Uncalled bet ($0.52) returned to fsreibnitz
*** TURN *** [7h Kd 3d] [5h]
*** RIVER *** [7h Kd 3d 5h] [Qd]
*** SHOW DOWN ***
hairy1961: shows [4c Ad] (high card Ace)
fsreibnitz: shows [9c 7s] (a pair of Sevens)
fsreibnitz collected $28.46 from pot
*** SUMMARY ***
Total pot $28.96 | Rake $0.50
Board [7h Kd 3d 5h Qd]
Seat 1: fsreibnitz (button) (small blind) showed [9c 7s] and won ($28.46) with a pair of Sevens
Seat 3: hairy1961 (big blind) showed [4c Ad] and lost with high card Ace


PokerStars Hand #165687164246:  Hold'em Limit ($3/$6 USD) - 2017/02/04 16:34:33 ET
Table 'Cetus' 6-max Seat #3 is the button
Seat 1: fsreibnitz ($107.74 in chips)
Seat 3: hairy1961 ($11.48 in chips)
hairy1961: posts small blind $1
fsreibnitz: posts big blind $3
*** HOLE CARDS ***
hairy1961: raises $3 to $6
fsreibnitz: folds
Uncalled bet ($3) returned to hairy1961
hairy1961 collected $6 from pot
*** SUMMARY ***
Total pot $6 | Rake $0
Seat 1: fsreibnitz (big blind) folded before Flop
Seat 3: hairy1961 (button) (small blind) collected ($6)


PokerStars Hand #165687146699:  Hold'em Limit ($3/$6 USD) - 2017/02/04 16:34:14 ET
Table 'Cetus' 6-max Seat #1 is the button
Seat 1: fsreibnitz ($93.24 in chips)
Seat 3: hairy1961 ($26.48 in chips)
fsreibnitz: posts small blind $1
hairy1961: posts big blind $3
*** HOLE CARDS ***
fsreibnitz: raises $3 to $6
hairy1961: calls $3
*** FLOP *** [8c 9c 3s]
hairy1961: bets $3
fsreibnitz: calls $3
*** TURN *** [8c 9c 3s] [6c]
hairy1961: checks
fsreibnitz: checks
*** RIVER *** [8c 9c 3s 6c] [9s]
hairy1961: bets $6
fsreibnitz: calls $6
*** SHOW DOWN ***
hairy1961: shows [2d 2h] (two pair, Nines and Deuces)
fsreibnitz: shows [6s Js] (two pair, Nines and Sixes)
fsreibnitz collected $29.50 from pot
*** SUMMARY ***
Total pot $30 | Rake $0.50
Board [8c 9c 3s 6c 9s]
Seat 1: fsreibnitz (button) (small blind) showed [6s Js] and won ($29.50) with two pair, Nines and Sixes
Seat 3: hairy1961 (big blind) showed [2d 2h] and lost with two pair, Nines and Deuces


PokerStars Hand #165687140938:  Hold'em Limit ($3/$6 USD) - 2017/02/04 16:34:08 ET
Table 'Cetus' 6-max Seat #3 is the button
Seat 1: fsreibnitz ($92.24 in chips)
Seat 3: hairy1961 ($27.48 in chips)
hairy1961: posts small blind $1
fsreibnitz: posts big blind $3
*** HOLE CARDS ***
hairy1961: folds
Uncalled bet ($2) returned to fsreibnitz
fsreibnitz collected $2 from pot
fsreibnitz: doesn't show hand
*** SUMMARY ***
Total pot $2 | Rake $0
Seat 1: fsreibnitz (big blind) collected ($2)
Seat 3: hairy1961 (button) (small blind) folded before Flop


