PokerStars Hand #158618371648:  Hold'em Limit ($3/$6 USD) - 2016/09/14 21:25:29 ET
Table 'Cetus II' 6-max Seat #3 is the button
Seat 3: MOCKBA1980 ($47.76 in chips)
Seat 5: TinaTurner72 ($120 in chips)
MOCKBA1980: posts small blind $1
TinaTurner72: posts big blind $3
*** HOLE CARDS ***
MOCKBA1980: folds
Uncalled bet ($2) returned to TinaTurner72
TinaTurner72 collected $2 from pot
TinaTurner72: doesn't show hand
*** SUMMARY ***
Total pot $2 | Rake $0
Seat 3: MOCKBA1980 (button) (small blind) folded before Flop
Seat 5: TinaTurner72 (big blind) collected ($2)


PokerStars Hand #158618391438:  Hold'em Limit ($3/$6 USD) - 2016/09/14 21:26:16 ET
Table 'Cetus II' 6-max Seat #3 is the button
Seat 3: MOCKBA1980 ($34.76 in chips)
Seat 5: TinaTurner72 ($132.52 in chips)
MOCKBA1980: posts small blind $1
TinaTurner72: posts big blind $3
*** HOLE CARDS ***
MOCKBA1980: calls $2
TinaTurner72: raises $3 to $6
MOCKBA1980: calls $3
*** FLOP *** [4c Ks Ac]
TinaTurner72: bets $3
MOCKBA1980: folds
Uncalled bet ($3) returned to TinaTurner72
TinaTurner72 collected $11.76 from pot
TinaTurner72: doesn't show hand
*** SUMMARY ***
Total pot $12 | Rake $0.24
Board [4c Ks Ac]
Seat 3: MOCKBA1980 (button) (small blind) folded on the Flop
Seat 5: TinaTurner72 (big blind) collected ($11.76)


PokerStars Hand #158618374350:  Hold'em Limit ($3/$6 USD) - 2016/09/14 21:25:36 ET
Table 'Cetus II' 6-max Seat #5 is the button
Seat 3: MOCKBA1980 ($46.76 in chips)
Seat 5: TinaTurner72 ($121 in chips)
TinaTurner72: posts small blind $1
MOCKBA1980: posts big blind $3
*** HOLE CARDS ***
TinaTurner72: raises $3 to $6
MOCKBA1980: raises $3 to $9
TinaTurner72: calls $3
*** FLOP *** [4d Ks 8s]
MOCKBA1980: bets $3
TinaTurner72: calls $3
*** TURN *** [4d Ks 8s] [8h]
MOCKBA1980: checks
TinaTurner72: checks
*** RIVER *** [4d Ks 8s 8h] [9s]
MOCKBA1980: checks
TinaTurner72: bets $6
MOCKBA1980: folds
Uncalled bet ($6) returned to TinaTurner72
TinaTurner72 collected $23.52 from pot
TinaTurner72: doesn't show hand
*** SUMMARY ***
Total pot $24 | Rake $0.48
Board [4d Ks 8s 8h 9s]
Seat 3: MOCKBA1980 (big blind) folded on the River
Seat 5: TinaTurner72 (button) (small blind) collected ($23.52)


PokerStars Hand #158618396419:  Hold'em Limit ($3/$6 USD) - 2016/09/14 21:26:29 ET
Table 'Cetus II' 6-max Seat #5 is the button
Seat 3: MOCKBA1980 ($28.76 in chips)
Seat 5: TinaTurner72 ($138.28 in chips)
TinaTurner72: posts small blind $1
MOCKBA1980: posts big blind $3
*** HOLE CARDS ***
TinaTurner72: raises $3 to $6
MOCKBA1980: raises $3 to $9
TinaTurner72: calls $3
*** FLOP *** [Jh Jd 9d]
MOCKBA1980: bets $3
TinaTurner72: calls $3
*** TURN *** [Jh Jd 9d] [5c]
MOCKBA1980: bets $6
TinaTurner72: raises $6 to $12
MOCKBA1980: raises $4.76 to $16.76 and is all-in
TinaTurner72: calls $4.76
*** RIVER *** [Jh Jd 9d 5c] [Ks]
*** SHOW DOWN ***
MOCKBA1980: shows [Tc 9h] (two pair, Jacks and Nines)
TinaTurner72: shows [2d Jc] (three of a kind, Jacks)
TinaTurner72 collected $57.02 from pot
*** SUMMARY ***
Total pot $57.52 | Rake $0.50
Board [Jh Jd 9d 5c Ks]
Seat 3: MOCKBA1980 (big blind) showed [Tc 9h] and lost with two pair, Jacks and Nines
Seat 5: TinaTurner72 (button) (small blind) showed [2d Jc] and won ($57.02) with three of a kind, Jacks


