PokerStars Hand #164913659280:  Hold'em Limit ($3/$6 USD) - 2017/01/20 22:13:03 ET
Table 'Chacornac' 6-max Seat #4 is the button
Seat 1: thekiing80 ($86.64 in chips)
Seat 4: AzureCaper ($72 in chips)
AzureCaper: posts small blind $1
thekiing80: posts big blind $3
*** HOLE CARDS ***
AzureCaper: raises $3 to $6
thekiing80: folds
Uncalled bet ($3) returned to AzureCaper
AzureCaper collected $6 from pot
AzureCaper: doesn't show hand
*** SUMMARY ***
Total pot $6 | Rake $0
Seat 1: thekiing80 (big blind) folded before Flop
Seat 4: AzureCaper (button) (small blind) collected ($6)


PokerStars Hand #164913649367:  Hold'em Limit ($3/$6 USD) - 2017/01/20 22:12:40 ET
Table 'Chacornac' 6-max Seat #1 is the button
Seat 1: thekiing80 ($78 in chips)
Seat 4: AzureCaper ($72 in chips)
thekiing80: posts small blind $1
AzureCaper: posts big blind $3
*** HOLE CARDS ***
thekiing80: raises $3 to $6
AzureCaper: calls $3
*** FLOP *** [9c 6c 9s]
AzureCaper: checks
thekiing80: bets $3
AzureCaper: calls $3
*** TURN *** [9c 6c 9s] [Qh]
AzureCaper: checks
thekiing80: bets $6
AzureCaper: folds
Uncalled bet ($6) returned to thekiing80
thekiing80 collected $17.64 from pot
*** SUMMARY ***
Total pot $18 | Rake $0.36
Board [9c 6c 9s Qh]
Seat 1: thekiing80 (button) (small blind) collected ($17.64)
Seat 4: AzureCaper (big blind) folded on the Turn


PokerStars Hand #164913681058:  Hold'em Limit ($3/$6 USD) - 2017/01/20 22:13:54 ET
Table 'Chacornac' 6-max Seat #1 is the button
Seat 1: thekiing80 ($103.68 in chips)
Seat 4: AzureCaper ($72 in chips)
thekiing80: posts small blind $1
AzureCaper: posts big blind $3
*** HOLE CARDS ***
thekiing80: folds
Uncalled bet ($2) returned to AzureCaper
AzureCaper collected $2 from pot
AzureCaper: doesn't show hand
*** SUMMARY ***
Total pot $2 | Rake $0
Seat 1: thekiing80 (button) (small blind) folded before Flop
Seat 4: AzureCaper (big blind) collected ($2)


PokerStars Hand #164913676520:  Hold'em Limit ($3/$6 USD) - 2017/01/20 22:13:43 ET
Table 'Chacornac' 6-max Seat #4 is the button
Seat 1: thekiing80 ($95.04 in chips)
Seat 4: AzureCaper ($75 in chips)
AzureCaper: posts small blind $1
thekiing80: posts big blind $3
*** HOLE CARDS ***
AzureCaper: raises $3 to $6
thekiing80: raises $3 to $9
AzureCaper: calls $3
*** FLOP *** [Kd Tc 6c]
thekiing80: bets $3
AzureCaper: folds
Uncalled bet ($3) returned to thekiing80
thekiing80 collected $17.64 from pot
*** SUMMARY ***
Total pot $18 | Rake $0.36
Board [Kd Tc 6c]
Seat 1: thekiing80 (big blind) collected ($17.64)
Seat 4: AzureCaper (button) (small blind) folded on the Flop


PokerStars Hand #164913672144:  Hold'em Limit ($3/$6 USD) - 2017/01/20 22:13:33 ET
Table 'Chacornac' 6-max Seat #1 is the button
Seat 1: thekiing80 ($98.04 in chips)
Seat 4: AzureCaper ($72 in chips)
thekiing80: posts small blind $1
AzureCaper: posts big blind $3
*** HOLE CARDS ***
thekiing80: calls $2
AzureCaper: raises $3 to $6
thekiing80: folds
Uncalled bet ($3) returned to AzureCaper
AzureCaper collected $6 from pot
AzureCaper: doesn't show hand
*** SUMMARY ***
Total pot $6 | Rake $0
Seat 1: thekiing80 (button) (small blind) folded before Flop
Seat 4: AzureCaper (big blind) collected ($6)


PokerStars Hand #164913667231:  Hold'em Limit ($3/$6 USD) - 2017/01/20 22:13:22 ET
Table 'Chacornac' 6-max Seat #4 is the button
Seat 1: thekiing80 ($89.40 in chips)
Seat 4: AzureCaper ($72 in chips)
AzureCaper: posts small blind $1
thekiing80: posts big blind $3
*** HOLE CARDS ***
AzureCaper: raises $3 to $6
thekiing80: raises $3 to $9
AzureCaper: calls $3
*** FLOP *** [Ts 6c Ac]
thekiing80: bets $3
AzureCaper: folds
Uncalled bet ($3) returned to thekiing80
thekiing80 collected $17.64 from pot
*** SUMMARY ***
Total pot $18 | Rake $0.36
Board [Ts 6c Ac]
Seat 1: thekiing80 (big blind) collected ($17.64)
Seat 4: AzureCaper (button) (small blind) folded on the Flop


PokerStars Hand #164913661640:  Hold'em Limit ($3/$6 USD) - 2017/01/20 22:13:09 ET
Table 'Chacornac' 6-max Seat #1 is the button
Seat 1: thekiing80 ($83.64 in chips)
Seat 4: AzureCaper ($75 in chips)
thekiing80: posts small blind $1
AzureCaper: posts big blind $3
*** HOLE CARDS ***
thekiing80: raises $3 to $6
AzureCaper: calls $3
*** FLOP *** [5d 4h 8c]
AzureCaper: checks
thekiing80: checks
*** TURN *** [5d 4h 8c] [Ks]
AzureCaper: checks
thekiing80: bets $6
AzureCaper: folds
Uncalled bet ($6) returned to thekiing80
thekiing80 collected $11.76 from pot
*** SUMMARY ***
Total pot $12 | Rake $0.24
Board [5d 4h 8c Ks]
Seat 1: thekiing80 (button) (small blind) collected ($11.76)
Seat 4: AzureCaper (big blind) folded on the Turn


PokerStars Hand #164913683424:  Hold'em Limit ($3/$6 USD) - 2017/01/20 22:14:00 ET
Table 'Chacornac' 6-max Seat #4 is the button
Seat 1: thekiing80 ($102.68 in chips)
Seat 4: AzureCaper ($73 in chips)
AzureCaper: posts small blind $1
thekiing80: posts big blind $3
*** HOLE CARDS ***
AzureCaper: raises $3 to $6
thekiing80: raises $3 to $9
AzureCaper: calls $3
*** FLOP *** [2c Js 4h]
thekiing80: bets $3
AzureCaper: calls $3
*** TURN *** [2c Js 4h] [Ah]
thekiing80: bets $6
AzureCaper: folds
Uncalled bet ($6) returned to thekiing80
thekiing80 collected $23.52 from pot
*** SUMMARY ***
Total pot $24 | Rake $0.48
Board [2c Js 4h Ah]
Seat 1: thekiing80 (big blind) collected ($23.52)
Seat 4: AzureCaper (button) (small blind) folded on the Turn


PokerStars Hand #164913705062:  Hold'em Limit ($3/$6 USD) - 2017/01/20 22:14:51 ET
Table 'Chacornac' 6-max Seat #1 is the button
Seat 1: thekiing80 ($133.70 in chips)
Seat 4: AzureCaper ($72 in chips)
thekiing80: posts small blind $1
AzureCaper: posts big blind $3
*** HOLE CARDS ***
thekiing80: folds
Uncalled bet ($2) returned to AzureCaper
AzureCaper collected $2 from pot
AzureCaper: doesn't show hand
*** SUMMARY ***
Total pot $2 | Rake $0
Seat 1: thekiing80 (button) (small blind) folded before Flop
Seat 4: AzureCaper (big blind) collected ($2)


PokerStars Hand #164913691675:  Hold'em Limit ($3/$6 USD) - 2017/01/20 22:14:19 ET
Table 'Chacornac' 6-max Seat #1 is the button
Seat 1: thekiing80 ($114.20 in chips)
Seat 4: AzureCaper ($72 in chips)
thekiing80: posts small blind $1
AzureCaper: posts big blind $3
*** HOLE CARDS ***
thekiing80: folds
Uncalled bet ($2) returned to AzureCaper
AzureCaper collected $2 from pot
AzureCaper: doesn't show hand
*** SUMMARY ***
Total pot $2 | Rake $0
Seat 1: thekiing80 (button) (small blind) folded before Flop
Seat 4: AzureCaper (big blind) collected ($2)


PokerStars Hand #164913693766:  Hold'em Limit ($3/$6 USD) - 2017/01/20 22:14:24 ET
Table 'Chacornac' 6-max Seat #4 is the button
Seat 1: thekiing80 ($113.20 in chips)
Seat 4: AzureCaper ($73 in chips)
AzureCaper: posts small blind $1
thekiing80: posts big blind $3
*** HOLE CARDS ***
AzureCaper: raises $3 to $6
thekiing80: calls $3
*** FLOP *** [9d 7d Qc]
thekiing80: checks
AzureCaper: bets $3
thekiing80: raises $3 to $6
AzureCaper: raises $3 to $9
thekiing80: calls $3
*** TURN *** [9d 7d Qc] [6c]
thekiing80: checks
AzureCaper: bets $6
thekiing80: calls $6
*** RIVER *** [9d 7d Qc 6c] [Qs]
thekiing80: checks
AzureCaper: checks
*** SHOW DOWN ***
thekiing80: shows [Tc 6h] (two pair, Queens and Sixes)
AzureCaper: mucks hand
thekiing80 collected $41.50 from pot
*** SUMMARY ***
Total pot $42 | Rake $0.50
Board [9d 7d Qc 6c Qs]
Seat 1: thekiing80 (big blind) showed [Tc 6h] and won ($41.50) with two pair, Queens and Sixes
Seat 4: AzureCaper (button) (small blind) mucked


PokerStars Hand #164913709528:  Hold'em Limit ($3/$6 USD) - 2017/01/20 22:15:02 ET
Table 'Chacornac' 6-max Seat #1 is the button
Seat 1: thekiing80 ($133.70 in chips)
Seat 4: AzureCaper ($72 in chips)
thekiing80: posts small blind $1
AzureCaper: posts big blind $3
*** HOLE CARDS ***
thekiing80: folds
Uncalled bet ($2) returned to AzureCaper
AzureCaper collected $2 from pot
AzureCaper: doesn't show hand
*** SUMMARY ***
Total pot $2 | Rake $0
Seat 1: thekiing80 (button) (small blind) folded before Flop
Seat 4: AzureCaper (big blind) collected ($2)


PokerStars Hand #164913707111:  Hold'em Limit ($3/$6 USD) - 2017/01/20 22:14:56 ET
Table 'Chacornac' 6-max Seat #4 is the button
Seat 1: thekiing80 ($132.70 in chips)
Seat 4: AzureCaper ($73 in chips)
AzureCaper: posts small blind $1
thekiing80: posts big blind $3
*** HOLE CARDS ***
AzureCaper: folds
Uncalled bet ($2) returned to thekiing80
thekiing80 collected $2 from pot
*** SUMMARY ***
Total pot $2 | Rake $0
Seat 1: thekiing80 (big blind) collected ($2)
Seat 4: AzureCaper (button) (small blind) folded before Flop


PokerStars Hand #164913718461:  Hold'em Limit ($3/$6 USD) - 2017/01/20 22:15:23 ET
Table 'Chacornac' 6-max Seat #1 is the button
Seat 1: thekiing80 ($144.22 in chips)
Seat 4: AzureCaper ($72 in chips)
thekiing80: posts small blind $1
AzureCaper: posts big blind $3
*** HOLE CARDS ***
thekiing80: folds
Uncalled bet ($2) returned to AzureCaper
AzureCaper collected $2 from pot
AzureCaper: doesn't show hand
*** SUMMARY ***
Total pot $2 | Rake $0
Seat 1: thekiing80 (button) (small blind) folded before Flop
Seat 4: AzureCaper (big blind) collected ($2)


PokerStars Hand #164913711904:  Hold'em Limit ($3/$6 USD) - 2017/01/20 22:15:07 ET
Table 'Chacornac' 6-max Seat #4 is the button
Seat 1: thekiing80 ($132.70 in chips)
Seat 4: AzureCaper ($73 in chips)
AzureCaper: posts small blind $1
thekiing80: posts big blind $3
*** HOLE CARDS ***
AzureCaper: raises $3 to $6
thekiing80: raises $3 to $9
AzureCaper: calls $3
*** FLOP *** [5c 4s Ks]
thekiing80: bets $3
AzureCaper: calls $3
*** TURN *** [5c 4s Ks] [4c]
thekiing80: bets $6
AzureCaper: folds
Uncalled bet ($6) returned to thekiing80
thekiing80 collected $23.52 from pot
*** SUMMARY ***
Total pot $24 | Rake $0.48
Board [5c 4s Ks 4c]
Seat 1: thekiing80 (big blind) collected ($23.52)
Seat 4: AzureCaper (button) (small blind) folded on the Turn


PokerStars Hand #164913720550:  Hold'em Limit ($3/$6 USD) - 2017/01/20 22:15:28 ET
Table 'Chacornac' 6-max Seat #4 is the button
Seat 1: thekiing80 ($143.22 in chips)
Seat 4: AzureCaper ($73 in chips)
AzureCaper: posts small blind $1
thekiing80: posts big blind $3
*** HOLE CARDS ***
AzureCaper: folds
Uncalled bet ($2) returned to thekiing80
thekiing80 collected $2 from pot
*** SUMMARY ***
Total pot $2 | Rake $0
Seat 1: thekiing80 (big blind) collected ($2)
Seat 4: AzureCaper (button) (small blind) folded before Flop


PokerStars Hand #164913722898:  Hold'em Limit ($3/$6 USD) - 2017/01/20 22:15:33 ET
Table 'Chacornac' 6-max Seat #1 is the button
Seat 1: thekiing80 ($144.22 in chips)
Seat 4: AzureCaper ($72 in chips)
thekiing80: posts small blind $1
AzureCaper: posts big blind $3
*** HOLE CARDS ***
thekiing80: raises $3 to $6
AzureCaper: calls $3
*** FLOP *** [Qs 3s Ac]
AzureCaper: checks
thekiing80: bets $3
AzureCaper: calls $3
*** TURN *** [Qs 3s Ac] [Ah]
AzureCaper: checks
thekiing80: bets $6
AzureCaper: calls $6
*** RIVER *** [Qs 3s Ac Ah] [Th]
AzureCaper: checks
thekiing80: bets $6
AzureCaper: calls $6
*** SHOW DOWN ***
thekiing80: shows [7c Ad] (three of a kind, Aces)
AzureCaper: mucks hand
thekiing80 collected $41.50 from pot
*** SUMMARY ***
Total pot $42 | Rake $0.50
Board [Qs 3s Ac Ah Th]
Seat 1: thekiing80 (button) (small blind) showed [7c Ad] and won ($41.50) with three of a kind, Aces
Seat 4: AzureCaper (big blind) mucked


PokerStars Hand #164913735930:  Hold'em Limit ($3/$6 USD) - 2017/01/20 22:16:04 ET
Table 'Chacornac' 6-max Seat #1 is the button
Seat 1: thekiing80 ($161.72 in chips)
Seat 4: AzureCaper ($75 in chips)
thekiing80: posts small blind $1
AzureCaper: posts big blind $3
*** HOLE CARDS ***
thekiing80: raises $3 to $6
AzureCaper: folds
Uncalled bet ($3) returned to thekiing80
thekiing80 collected $6 from pot
*** SUMMARY ***
Total pot $6 | Rake $0
Seat 1: thekiing80 (button) (small blind) collected ($6)
Seat 4: AzureCaper (big blind) folded before Flop


PokerStars Hand #164913733524:  Hold'em Limit ($3/$6 USD) - 2017/01/20 22:15:58 ET
Table 'Chacornac' 6-max Seat #4 is the button
Seat 1: thekiing80 ($164.72 in chips)
Seat 4: AzureCaper ($72 in chips)
AzureCaper: posts small blind $1
thekiing80: posts big blind $3
*** HOLE CARDS ***
AzureCaper: raises $3 to $6
thekiing80: folds
Uncalled bet ($3) returned to AzureCaper
AzureCaper collected $6 from pot
AzureCaper: doesn't show hand
*** SUMMARY ***
Total pot $6 | Rake $0
Seat 1: thekiing80 (big blind) folded before Flop
Seat 4: AzureCaper (button) (small blind) collected ($6)


PokerStars Hand #164913739071:  Hold'em Limit ($3/$6 USD) - 2017/01/20 22:16:11 ET
Table 'Chacornac' 6-max Seat #4 is the button
Seat 1: thekiing80 ($164.72 in chips)
Seat 4: AzureCaper ($72 in chips)
AzureCaper: posts small blind $1
thekiing80: posts big blind $3
*** HOLE CARDS ***
AzureCaper: raises $3 to $6
thekiing80: raises $3 to $9
AzureCaper: raises $3 to $12
Betting is capped
thekiing80: calls $3
*** FLOP *** [Qs Td Ac]
thekiing80: bets $3
AzureCaper: calls $3
*** TURN *** [Qs Td Ac] [6s]
thekiing80: bets $6
AzureCaper: calls $6
*** RIVER *** [Qs Td Ac 6s] [2d]
thekiing80: bets $6
AzureCaper: calls $6
*** SHOW DOWN ***
thekiing80: shows [3s 5s] (high card Ace)
AzureCaper: shows [Ad 6d] (two pair, Aces and Sixes)
AzureCaper collected $53.50 from pot
*** SUMMARY ***
Total pot $54 | Rake $0.50
Board [Qs Td Ac 6s 2d]
Seat 1: thekiing80 (big blind) showed [3s 5s] and lost with high card Ace
Seat 4: AzureCaper (button) (small blind) showed [Ad 6d] and won ($53.50) with two pair, Aces and Sixes


PokerStars Hand #164913749130:  Hold'em Limit ($3/$6 USD) - 2017/01/20 22:16:35 ET
Table 'Chacornac' 6-max Seat #1 is the button
Seat 1: thekiing80 ($137.72 in chips)
Seat 4: AzureCaper ($98.50 in chips)
thekiing80: posts small blind $1
AzureCaper: posts big blind $3
*** HOLE CARDS ***
thekiing80: raises $3 to $6
AzureCaper: raises $3 to $9
thekiing80: raises $3 to $12
Betting is capped
AzureCaper: calls $3
*** FLOP *** [8d 4s 2d]
AzureCaper: checks
thekiing80: bets $3
AzureCaper: calls $3
*** TURN *** [8d 4s 2d] [3d]
AzureCaper: checks
thekiing80: bets $6
AzureCaper: calls $6
*** RIVER *** [8d 4s 2d 3d] [4h]
AzureCaper: checks
thekiing80: bets $6
AzureCaper: calls $6
*** SHOW DOWN ***
thekiing80: shows [7d 8h] (two pair, Eights and Fours)
AzureCaper: mucks hand
thekiing80 collected $53.50 from pot
*** SUMMARY ***
Total pot $54 | Rake $0.50
Board [8d 4s 2d 3d 4h]
Seat 1: thekiing80 (button) (small blind) showed [7d 8h] and won ($53.50) with two pair, Eights and Fours
Seat 4: AzureCaper (big blind) mucked


PokerStars Hand #164913762344:  Hold'em Limit ($3/$6 USD) - 2017/01/20 22:17:07 ET
Table 'Chacornac' 6-max Seat #4 is the button
Seat 1: thekiing80 ($164.22 in chips)
Seat 4: AzureCaper ($72 in chips)
AzureCaper: posts small blind $1
thekiing80: posts big blind $3
*** HOLE CARDS ***
AzureCaper: raises $3 to $6
thekiing80: raises $3 to $9
AzureCaper: calls $3
*** FLOP *** [6c 2d 4c]
thekiing80: bets $3
AzureCaper: calls $3
*** TURN *** [6c 2d 4c] [Kd]
thekiing80: bets $6
AzureCaper: raises $6 to $12
thekiing80: raises $6 to $18
AzureCaper: calls $6
*** RIVER *** [6c 2d 4c Kd] [7s]
thekiing80: bets $6
AzureCaper: calls $6
*** SHOW DOWN ***
thekiing80: shows [4h Kh] (two pair, Kings and Fours)
AzureCaper: mucks hand
thekiing80 collected $71.50 from pot
*** SUMMARY ***
Total pot $72 | Rake $0.50
Board [6c 2d 4c Kd 7s]
Seat 1: thekiing80 (big blind) showed [4h Kh] and won ($71.50) with two pair, Kings and Fours
Seat 4: AzureCaper (button) (small blind) mucked


PokerStars Hand #164913782435:  Hold'em Limit ($3/$6 USD) - 2017/01/20 22:17:55 ET
Table 'Chacornac' 6-max Seat #4 is the button
Seat 1: thekiing80 ($187.72 in chips)
Seat 4: AzureCaper ($83.52 in chips)
AzureCaper: posts small blind $1
thekiing80: posts big blind $3
*** HOLE CARDS ***
AzureCaper: folds
Uncalled bet ($2) returned to thekiing80
thekiing80 collected $2 from pot
*** SUMMARY ***
Total pot $2 | Rake $0
Seat 1: thekiing80 (big blind) collected ($2)
Seat 4: AzureCaper (button) (small blind) folded before Flop


PokerStars Hand #164913773389:  Hold'em Limit ($3/$6 USD) - 2017/01/20 22:17:33 ET
Table 'Chacornac' 6-max Seat #1 is the button
Seat 1: thekiing80 ($199.72 in chips)
Seat 4: AzureCaper ($72 in chips)
thekiing80: posts small blind $1
AzureCaper: posts big blind $3
*** HOLE CARDS ***
thekiing80: raises $3 to $6
AzureCaper: calls $3
*** FLOP *** [6s 2c 9s]
AzureCaper: checks
thekiing80: checks
*** TURN *** [6s 2c 9s] [5h]
AzureCaper: bets $6
thekiing80: calls $6
*** RIVER *** [6s 2c 9s 5h] [4d]
AzureCaper: bets $6
thekiing80: folds
Uncalled bet ($6) returned to AzureCaper
AzureCaper collected $23.52 from pot
AzureCaper: doesn't show hand
*** SUMMARY ***
Total pot $24 | Rake $0.48
Board [6s 2c 9s 5h 4d]
Seat 1: thekiing80 (button) (small blind) folded on the River
Seat 4: AzureCaper (big blind) collected ($23.52)


