PokerStars Hand #157226487546:  Hold'em Limit ($3/$6 USD) - 2016/08/13 11:55:37 ET
Table 'Chacornac II' 10-max Seat #7 is the button
Seat 6: Piparipoker ($57.78 in chips)
Seat 7: VolkovDmitri ($120 in chips)
VolkovDmitri: posts small blind $1
Piparipoker: posts big blind $3
*** HOLE CARDS ***
VolkovDmitri: raises $3 to $6
Piparipoker: calls $3
*** FLOP *** [5c Qh As]
Piparipoker: checks
VolkovDmitri: bets $3
Piparipoker: folds
Uncalled bet ($3) returned to VolkovDmitri
VolkovDmitri collected $11.76 from pot
VolkovDmitri: doesn't show hand
*** SUMMARY ***
Total pot $12 | Rake $0.24
Board [5c Qh As]
Seat 6: Piparipoker (big blind) folded on the Flop
Seat 7: VolkovDmitri (button) (small blind) collected ($11.76)


PokerStars Hand #157226481511:  Hold'em Limit ($3/$6 USD) - 2016/08/13 11:55:24 ET
Table 'Chacornac II' 10-max Seat #6 is the button
Seat 6: Piparipoker ($54.78 in chips)
Seat 7: VolkovDmitri ($120 in chips)
Piparipoker: posts small blind $1
VolkovDmitri: posts big blind $3
*** HOLE CARDS ***
Piparipoker: raises $3 to $6
VolkovDmitri: folds
Uncalled bet ($3) returned to Piparipoker
Piparipoker collected $6 from pot
Piparipoker: doesn't show hand
*** SUMMARY ***
Total pot $6 | Rake $0
Seat 6: Piparipoker (button) (small blind) collected ($6)
Seat 7: VolkovDmitri (big blind) folded before Flop


PokerStars Hand #157226479050:  Hold'em Limit ($3/$6 USD) - 2016/08/13 11:55:18 ET
Table 'Chacornac II' 10-max Seat #7 is the button
Seat 6: Piparipoker ($53.78 in chips)
Seat 7: VolkovDmitri ($121 in chips)
VolkovDmitri: posts small blind $1
Piparipoker: posts big blind $3
*** HOLE CARDS ***
VolkovDmitri: folds
Uncalled bet ($2) returned to Piparipoker
Piparipoker collected $2 from pot
Piparipoker: doesn't show hand
*** SUMMARY ***
Total pot $2 | Rake $0
Seat 6: Piparipoker (big blind) collected ($2)
Seat 7: VolkovDmitri (button) (small blind) folded before Flop


PokerStars Hand #157226473166:  Hold'em Limit ($3/$6 USD) - 2016/08/13 11:55:06 ET
Table 'Chacornac II' 10-max Seat #6 is the button
Seat 6: Piparipoker ($54.78 in chips)
Seat 7: VolkovDmitri ($120 in chips)
Piparipoker: posts small blind $1
VolkovDmitri: posts big blind $3
*** HOLE CARDS ***
Piparipoker: folds
Uncalled bet ($2) returned to VolkovDmitri
VolkovDmitri collected $2 from pot
*** SUMMARY ***
Total pot $2 | Rake $0
Seat 6: Piparipoker (button) (small blind) folded before Flop
Seat 7: VolkovDmitri (big blind) collected ($2)


PokerStars Hand #157226510856:  Hold'em Limit ($3/$6 USD) - 2016/08/13 11:56:27 ET
Table 'Chacornac II' 10-max Seat #7 is the button
Seat 6: Piparipoker ($45.78 in chips)
Seat 7: VolkovDmitri ($131.52 in chips)
VolkovDmitri: posts small blind $1
Piparipoker: posts big blind $3
*** HOLE CARDS ***
VolkovDmitri: raises $3 to $6
Piparipoker: folds
Uncalled bet ($3) returned to VolkovDmitri
VolkovDmitri collected $6 from pot
VolkovDmitri: doesn't show hand
*** SUMMARY ***
Total pot $6 | Rake $0
Seat 6: Piparipoker (big blind) folded before Flop
Seat 7: VolkovDmitri (button) (small blind) collected ($6)


PokerStars Hand #157226496932:  Hold'em Limit ($3/$6 USD) - 2016/08/13 11:55:57 ET
Table 'Chacornac II' 10-max Seat #6 is the button
Seat 6: Piparipoker ($51.78 in chips)
Seat 7: VolkovDmitri ($125.76 in chips)
Piparipoker: posts small blind $1
VolkovDmitri: posts big blind $3
*** HOLE CARDS ***
Piparipoker: raises $3 to $6
VolkovDmitri: calls $3
*** FLOP *** [2c Ts 8h]
VolkovDmitri: checks
Piparipoker: checks
*** TURN *** [2c Ts 8h] [Ac]
VolkovDmitri: bets $6
Piparipoker: folds
Uncalled bet ($6) returned to VolkovDmitri
VolkovDmitri collected $11.76 from pot
VolkovDmitri: doesn't show hand
*** SUMMARY ***
Total pot $12 | Rake $0.24
Board [2c Ts 8h Ac]
Seat 6: Piparipoker (button) (small blind) folded on the Turn
Seat 7: VolkovDmitri (big blind) collected ($11.76)


