PokerStars Hand #147709947220:  Hold'em Limit ($3/$6 USD) - 2016/01/26 10:51:06 ET
Table 'Chacornac III' 6-max Seat #3 is the button
Seat 3: CatPuppy1999 ($48 in chips)
Seat 4: PayMyAudiR8 ($60.09 in chips)
CatPuppy1999: posts small blind $1
PayMyAudiR8: posts big blind $3
*** HOLE CARDS ***
CatPuppy1999: raises $3 to $6
PayMyAudiR8: calls $3
*** FLOP *** [5d Qd Kd]
PayMyAudiR8: checks
CatPuppy1999: bets $3
PayMyAudiR8: raises $3 to $6
CatPuppy1999: calls $3
*** TURN *** [5d Qd Kd] [3s]
PayMyAudiR8: bets $6
CatPuppy1999: calls $6
*** RIVER *** [5d Qd Kd 3s] [Ad]
PayMyAudiR8: bets $6
VolkovDmitri joins the table at seat #5
Airbag999 joins the table at seat #6
CatPuppy1999: raises $6 to $12
PayMyAudiR8: raises $6 to $18
CatPuppy1999: folds
Uncalled bet ($6) returned to PayMyAudiR8
PayMyAudiR8 collected $59.50 from pot
PayMyAudiR8: doesn't show hand
*** SUMMARY ***
Total pot $60 | Rake $0.50
Board [5d Qd Kd 3s Ad]
Seat 3: CatPuppy1999 (button) (small blind) folded on the River
Seat 4: PayMyAudiR8 (big blind) collected ($59.50)


PokerStars Hand #147721871097:  Hold'em Limit ($3/$6 USD) - 2016/01/26 14:22:59 ET
Table 'Chacornac III' 6-max Seat #2 is the button
Seat 2: oliwan ($307.51 in chips)
Seat 6: DirtyDouble2 ($141.04 in chips)
oliwan: posts small blind $1
SashaYuvelir: is sitting out
DirtyDouble2: posts big blind $3
*** HOLE CARDS ***
oliwan: raises $3 to $6
DirtyDouble2: calls $3
*** FLOP *** [9s 7d Qs]
DirtyDouble2: checks
oliwan: bets $3
DirtyDouble2: raises $3 to $6
oliwan: calls $3
*** TURN *** [9s 7d Qs] [Jd]
DirtyDouble2: bets $6
oliwan: calls $6
*** RIVER *** [9s 7d Qs Jd] [8s]
DirtyDouble2: checks
oliwan: checks
*** SHOW DOWN ***
DirtyDouble2: shows [Qh 2d] (a pair of Queens)
oliwan: mucks hand
DirtyDouble2 collected $35.50 from pot
*** SUMMARY ***
Total pot $36 | Rake $0.50
Board [9s 7d Qs Jd 8s]
Seat 2: oliwan (button) (small blind) mucked
Seat 6: DirtyDouble2 (big blind) showed [Qh 2d] and won ($35.50) with a pair of Queens


PokerStars Hand #147722592104:  Hold'em Limit ($3/$6 USD) - 2016/01/26 14:33:56 ET
Table 'Chacornac III' 6-max Seat #4 is the button
Seat 2: LolDnkaments ($97.88 in chips)
Seat 4: Philly0813 ($23.32 in chips)
Philly0813: posts small blind $1
LolDnkaments: posts big blind $3
*** HOLE CARDS ***
Philly0813: raises $3 to $6
LolDnkaments: calls $3
*** FLOP *** [4s Js Ad]
LolDnkaments: checks
Philly0813: bets $3
LolDnkaments: calls $3
*** TURN *** [4s Js Ad] [2s]
LolDnkaments: checks
Philly0813: checks
*** RIVER *** [4s Js Ad 2s] [8c]
LolDnkaments: bets $6
Philly0813: folds
Uncalled bet ($6) returned to LolDnkaments
LolDnkaments collected $17.64 from pot
LolDnkaments: doesn't show hand
*** SUMMARY ***
Total pot $18 | Rake $0.36
Board [4s Js Ad 2s 8c]
Seat 2: LolDnkaments (big blind) collected ($17.64)
Seat 4: Philly0813 (button) (small blind) folded on the River


PokerStars Hand #147722615628:  Hold'em Limit ($3/$6 USD) - 2016/01/26 14:34:17 ET
Table 'Chacornac III' 6-max Seat #2 is the button
Seat 2: LolDnkaments ($106.52 in chips)
Seat 4: Philly0813 ($14.32 in chips)
LolDnkaments: posts small blind $1
Philly0813: posts big blind $3
*** HOLE CARDS ***
oliwan joins the table at seat #6
LolDnkaments: folds
Uncalled bet ($2) returned to Philly0813
Philly0813 collected $2 from pot
Philly0813: doesn't show hand
*** SUMMARY ***
Total pot $2 | Rake $0
Seat 2: LolDnkaments (button) (small blind) folded before Flop
Seat 4: Philly0813 (big blind) collected ($2)


PokerStars Hand #147725809706:  Hold'em Limit ($3/$6 USD) - 2016/01/26 15:22:48 ET
Table 'Chacornac III' 6-max Seat #3 is the button
Seat 1: Chessnok ($126.06 in chips)
Seat 3: livenuncut ($78.12 in chips)
livenuncut: posts small blind $1
kolaz03: is sitting out
Chessnok: posts big blind $3
*** HOLE CARDS ***
kolaz03 leaves the table
livenuncut: folds
Uncalled bet ($2) returned to Chessnok
Chessnok collected $2 from pot
Chessnok: doesn't show hand
*** SUMMARY ***
Total pot $2 | Rake $0
Seat 1: Chessnok (big blind) collected ($2)
Seat 3: livenuncut (button) (small blind) folded before Flop


