PokerStars Hand #167667589073:  Hold'em Limit ($3/$6 USD) - 2017/03/16 12:41:38 ET
Table 'Chacornac II' 6-max Seat #6 is the button
Seat 4: Actionni13 ($163.50 in chips)
Seat 6: Titanic001 ($52.23 in chips)
Titanic001: posts small blind $1
Actionni13: posts big blind $3
*** HOLE CARDS ***
Titanic001: raises $3 to $6
Actionni13: calls $3
*** FLOP *** [5d 6h 7c]
Actionni13: bets $3
Titanic001: calls $3
*** TURN *** [5d 6h 7c] [5c]
Actionni13: bets $6
Titanic001: calls $6
*** RIVER *** [5d 6h 7c 5c] [Ac]
Actionni13: checks
Titanic001: bets $6
Actionni13: folds
Uncalled bet ($6) returned to Titanic001
Titanic001 collected $29.50 from pot
*** SUMMARY ***
Total pot $30 | Rake $0.50
Board [5d 6h 7c 5c Ac]
Seat 4: Actionni13 (big blind) folded on the River
Seat 6: Titanic001 (button) (small blind) collected ($29.50)


PokerStars Hand #167667586297:  Hold'em Limit ($3/$6 USD) - 2017/03/16 12:41:34 ET
Table 'Chacornac II' 6-max Seat #4 is the button
Seat 4: Actionni13 ($164.50 in chips)
Seat 6: Titanic001 ($51.23 in chips)
Actionni13: posts small blind $1
Titanic001: posts big blind $3
*** HOLE CARDS ***
Actionni13: folds
Uncalled bet ($2) returned to Titanic001
Titanic001 collected $2 from pot
*** SUMMARY ***
Total pot $2 | Rake $0
Seat 4: Actionni13 (button) (small blind) folded before Flop
Seat 6: Titanic001 (big blind) collected ($2)


PokerStars Hand #167667637097:  Hold'em Limit ($3/$6 USD) - 2017/03/16 12:42:48 ET
Table 'Chacornac II' 6-max Seat #4 is the button
Seat 4: Actionni13 ($150 in chips)
Seat 6: Titanic001 ($81.25 in chips)
Actionni13: posts small blind $1
Titanic001: posts big blind $3
*** HOLE CARDS ***
Actionni13: raises $3 to $6
Titanic001: folds
Uncalled bet ($3) returned to Actionni13
Actionni13 collected $6 from pot
Actionni13: doesn't show hand
*** SUMMARY ***
Total pot $6 | Rake $0
Seat 4: Actionni13 (button) (small blind) collected ($6)
Seat 6: Titanic001 (big blind) folded before Flop


PokerStars Hand #167667631682:  Hold'em Limit ($3/$6 USD) - 2017/03/16 12:42:40 ET
Table 'Chacornac II' 6-max Seat #6 is the button
Seat 4: Actionni13 ($150 in chips)
Seat 6: Titanic001 ($78.25 in chips)
Titanic001: posts small blind $1
Actionni13: posts big blind $3
*** HOLE CARDS ***
rainbow28 joins the table at seat #3
Titanic001: raises $3 to $6
Actionni13: folds
Uncalled bet ($3) returned to Titanic001
Titanic001 collected $6 from pot
*** SUMMARY ***
Total pot $6 | Rake $0
Seat 4: Actionni13 (big blind) folded before Flop
Seat 6: Titanic001 (button) (small blind) collected ($6)


PokerStars Hand #167667628370:  Hold'em Limit ($3/$6 USD) - 2017/03/16 12:42:35 ET
Table 'Chacornac II' 6-max Seat #4 is the button
Seat 4: Actionni13 ($151 in chips)
Seat 6: Titanic001 ($77.25 in chips)
Actionni13: posts small blind $1
Titanic001: posts big blind $3
*** HOLE CARDS ***
Actionni13: folds
Uncalled bet ($2) returned to Titanic001
Titanic001 collected $2 from pot
*** SUMMARY ***
Total pot $2 | Rake $0
Seat 4: Actionni13 (button) (small blind) folded before Flop
Seat 6: Titanic001 (big blind) collected ($2)


PokerStars Hand #167667624982:  Hold'em Limit ($3/$6 USD) - 2017/03/16 12:42:30 ET
Table 'Chacornac II' 6-max Seat #6 is the button
Seat 4: Actionni13 ($150 in chips)
Seat 6: Titanic001 ($78.25 in chips)
Titanic001: posts small blind $1
Actionni13: posts big blind $3
*** HOLE CARDS ***
Titanic001: folds
Uncalled bet ($2) returned to Actionni13
Actionni13 collected $2 from pot
Actionni13: doesn't show hand
*** SUMMARY ***
Total pot $2 | Rake $0
Seat 4: Actionni13 (big blind) collected ($2)
Seat 6: Titanic001 (button) (small blind) folded before Flop


PokerStars Hand #167667610513:  Hold'em Limit ($3/$6 USD) - 2017/03/16 12:42:09 ET
Table 'Chacornac II' 6-max Seat #4 is the button
Seat 4: Actionni13 ($150 in chips)
Seat 6: Titanic001 ($66.73 in chips)
Actionni13: posts small blind $1
Titanic001: posts big blind $3
*** HOLE CARDS ***
Actionni13: raises $3 to $6
Titanic001: calls $3
*** FLOP *** [Qs 6c 8s]
Titanic001: checks
Actionni13: bets $3
Titanic001: raises $3 to $6
Actionni13: calls $3
*** TURN *** [Qs 6c 8s] [Jc]
Titanic001: bets $6
Actionni13: folds
Uncalled bet ($6) returned to Titanic001
Titanic001 collected $23.52 from pot
*** SUMMARY ***
Total pot $24 | Rake $0.48
Board [Qs 6c 8s Jc]
Seat 4: Actionni13 (button) (small blind) folded on the Turn
Seat 6: Titanic001 (big blind) collected ($23.52)


PokerStars Hand #167669439514:  Hold'em Limit ($3/$6 USD) - 2017/03/16 13:24:57 ET
Table 'Chacornac II' 6-max Seat #2 is the button
Seat 2: lennie1987 ($99.78 in chips)
Seat 6: pompier40 ($110 in chips)
lennie1987: posts small blind $1
Actionni13: is sitting out
pompier40: posts big blind $3
*** HOLE CARDS ***
lennie1987: raises $3 to $6
pompier40: calls $3
*** FLOP *** [2c Ts Qh]
hairy1961 joins the table at seat #5
pompier40: checks
Actionni13 leaves the table
lennie1987: bets $3
pompier40: folds
Uncalled bet ($3) returned to lennie1987
lennie1987 collected $11.76 from pot
*** SUMMARY ***
Total pot $12 | Rake $0.24
Board [2c Ts Qh]
Seat 2: lennie1987 (button) (small blind) collected ($11.76)
Seat 6: pompier40 (big blind) folded on the Flop


PokerStars Hand #167669462293:  Hold'em Limit ($3/$6 USD) - 2017/03/16 13:25:27 ET
Table 'Chacornac II' 6-max Seat #6 is the button
Seat 2: lennie1987 ($105.54 in chips)
Seat 6: pompier40 ($104 in chips)
pompier40: posts small blind $1
lennie1987: posts big blind $3
*** HOLE CARDS ***
pompier40: raises $3 to $6
lennie1987: calls $3
*** FLOP *** [Qh Jc 8h]
lennie1987: checks
pompier40: bets $3
lennie1987: folds
Uncalled bet ($3) returned to pompier40
pompier40 collected $11.76 from pot
*** SUMMARY ***
Total pot $12 | Rake $0.24
Board [Qh Jc 8h]
Seat 2: lennie1987 (big blind) folded on the Flop
Seat 6: pompier40 (button) (small blind) collected ($11.76)


PokerStars Hand #167669556230:  Hold'em Limit ($3/$6 USD) - 2017/03/16 13:27:33 ET
Table 'Chacornac II' 6-max Seat #2 is the button
Seat 2: lennie1987 ($54.54 in chips)
Seat 6: pompier40 ($129.32 in chips)
lennie1987: posts small blind $1
hairy1961: is sitting out
pompier40: posts big blind $3
*** HOLE CARDS ***
lennie1987: raises $3 to $6
pompier40: folds
Uncalled bet ($3) returned to lennie1987
lennie1987 collected $6 from pot
*** SUMMARY ***
Total pot $6 | Rake $0
Seat 2: lennie1987 (button) (small blind) collected ($6)
Seat 6: pompier40 (big blind) folded before Flop


PokerStars Hand #167669565371:  Hold'em Limit ($3/$6 USD) - 2017/03/16 13:27:45 ET
Table 'Chacornac II' 6-max Seat #6 is the button
Seat 2: lennie1987 ($117.54 in chips)
Seat 6: pompier40 ($126.32 in chips)
pompier40: posts small blind $1
lennie1987: posts big blind $3
*** HOLE CARDS ***
pompier40: folds
Uncalled bet ($2) returned to lennie1987
lennie1987 collected $2 from pot
*** SUMMARY ***
Total pot $2 | Rake $0
Seat 2: lennie1987 (big blind) collected ($2)
Seat 6: pompier40 (button) (small blind) folded before Flop


