PokerStars Hand #155566245876:  Hold'em Limit ($3/$6 USD) - 2016/07/04 16:53:03 ET
Table 'Chacornac II' 6-max Seat #1 is the button
Seat 1: Zubasa07 ($517.50 in chips)
Seat 3: xcgxcg2005 ($102 in chips)
Zubasa07: posts small blind $1
xcgxcg2005: posts big blind $3
*** HOLE CARDS ***
Zubasa07: raises $3 to $6
xcgxcg2005: folds
Uncalled bet ($3) returned to Zubasa07
Zubasa07 collected $6 from pot
Zubasa07: doesn't show hand
*** SUMMARY ***
Total pot $6 | Rake $0
Seat 1: Zubasa07 (button) (small blind) collected ($6)
Seat 3: xcgxcg2005 (big blind) folded before Flop


PokerStars Hand #155566215556:  Hold'em Limit ($3/$6 USD) - 2016/07/04 16:52:27 ET
Table 'Chacornac II' 6-max Seat #3 is the button
Seat 1: Zubasa07 ($503 in chips)
Seat 3: xcgxcg2005 ($117 in chips)
xcgxcg2005: posts small blind $1
Zubasa07: posts big blind $3
*** HOLE CARDS ***
xcgxcg2005: raises $3 to $6
Zubasa07: calls $3
*** FLOP *** [8h 7s Ks]
Zubasa07: checks
xcgxcg2005: bets $3
Zubasa07: calls $3
*** TURN *** [8h 7s Ks] [3d]
Zubasa07: checks
xcgxcg2005: bets $6
BrownieSpy joins the table at seat #4
Zubasa07: calls $6
*** RIVER *** [8h 7s Ks 3d] [9s]
Zubasa07: checks
xcgxcg2005: checks
*** SHOW DOWN ***
Zubasa07: shows [4s 8c] (a pair of Eights)
xcgxcg2005: mucks hand
Zubasa07 collected $29.50 from pot
*** SUMMARY ***
Total pot $30 | Rake $0.50
Board [8h 7s Ks 3d 9s]
Seat 1: Zubasa07 (big blind) showed [4s 8c] and won ($29.50) with a pair of Eights
Seat 3: xcgxcg2005 (button) (small blind) mucked


PokerStars Hand #155566205311:  Hold'em Limit ($3/$6 USD) - 2016/07/04 16:52:15 ET
Table 'Chacornac II' 6-max Seat #1 is the button
Seat 1: Zubasa07 ($500 in chips)
Seat 3: xcgxcg2005 ($120 in chips)
Zubasa07: posts small blind $1
xcgxcg2005: posts big blind $3
*** HOLE CARDS ***
Zubasa07: raises $3 to $6
xcgxcg2005: folds
Uncalled bet ($3) returned to Zubasa07
Zubasa07 collected $6 from pot
Zubasa07: doesn't show hand
*** SUMMARY ***
Total pot $6 | Rake $0
Seat 1: Zubasa07 (button) (small blind) collected ($6)
Seat 3: xcgxcg2005 (big blind) folded before Flop


PokerStars Hand #155566296083:  Hold'em Limit ($3/$6 USD) - 2016/07/04 16:54:02 ET
Table 'Chacornac II' 6-max Seat #1 is the button
Seat 1: Zubasa07 ($532.02 in chips)
Seat 3: xcgxcg2005 ($87 in chips)
Zubasa07: posts small blind $1
xcgxcg2005: posts big blind $3
*** HOLE CARDS ***
Zubasa07: raises $3 to $6
xcgxcg2005: folds
Uncalled bet ($3) returned to Zubasa07
Zubasa07 collected $6 from pot
Zubasa07: doesn't show hand
*** SUMMARY ***
Total pot $6 | Rake $0
Seat 1: Zubasa07 (button) (small blind) collected ($6)
Seat 3: xcgxcg2005 (big blind) folded before Flop


PokerStars Hand #155566303089:  Hold'em Limit ($3/$6 USD) - 2016/07/04 16:54:11 ET
Table 'Chacornac II' 6-max Seat #3 is the button
Seat 1: Zubasa07 ($535.02 in chips)
Seat 3: xcgxcg2005 ($84 in chips)
xcgxcg2005: posts small blind $1
Zubasa07: posts big blind $3
*** HOLE CARDS ***
xcgxcg2005: raises $3 to $6
Zubasa07: folds
Uncalled bet ($3) returned to xcgxcg2005
xcgxcg2005 collected $6 from pot
xcgxcg2005: doesn't show hand
*** SUMMARY ***
Total pot $6 | Rake $0
Seat 1: Zubasa07 (big blind) folded before Flop
Seat 3: xcgxcg2005 (button) (small blind) collected ($6)


PokerStars Hand #155566314001:  Hold'em Limit ($3/$6 USD) - 2016/07/04 16:54:24 ET
Table 'Chacornac II' 6-max Seat #3 is the button
Seat 1: Zubasa07 ($535.02 in chips)
Seat 3: xcgxcg2005 ($84 in chips)
xcgxcg2005: posts small blind $1
Zubasa07: posts big blind $3
*** HOLE CARDS ***
xcgxcg2005: folds
Uncalled bet ($2) returned to Zubasa07
Zubasa07 collected $2 from pot
Zubasa07: doesn't show hand
*** SUMMARY ***
Total pot $2 | Rake $0
Seat 1: Zubasa07 (big blind) collected ($2)
Seat 3: xcgxcg2005 (button) (small blind) folded before Flop


PokerStars Hand #155566308520:  Hold'em Limit ($3/$6 USD) - 2016/07/04 16:54:18 ET
Table 'Chacornac II' 6-max Seat #1 is the button
Seat 1: Zubasa07 ($532.02 in chips)
Seat 3: xcgxcg2005 ($87 in chips)
Zubasa07: posts small blind $1
xcgxcg2005: posts big blind $3
*** HOLE CARDS ***
Zubasa07: raises $3 to $6
xcgxcg2005: folds
Uncalled bet ($3) returned to Zubasa07
Zubasa07 collected $6 from pot
Zubasa07: doesn't show hand
*** SUMMARY ***
Total pot $6 | Rake $0
Seat 1: Zubasa07 (button) (small blind) collected ($6)
Seat 3: xcgxcg2005 (big blind) folded before Flop


PokerStars Hand #155566318043:  Hold'em Limit ($3/$6 USD) - 2016/07/04 16:54:29 ET
Table 'Chacornac II' 6-max Seat #1 is the button
Seat 1: Zubasa07 ($536.02 in chips)
Seat 3: xcgxcg2005 ($83 in chips)
Zubasa07: posts small blind $1
xcgxcg2005: posts big blind $3
*** HOLE CARDS ***
Zubasa07: raises $3 to $6
xcgxcg2005: raises $3 to $9
Zubasa07: calls $3
*** FLOP *** [Ts 4h 3c]
xcgxcg2005: bets $3
Zubasa07: calls $3
*** TURN *** [Ts 4h 3c] [4c]
xcgxcg2005: bets $6
Zubasa07: folds
Uncalled bet ($6) returned to xcgxcg2005
xcgxcg2005 collected $23.52 from pot
xcgxcg2005: doesn't show hand
*** SUMMARY ***
Total pot $24 | Rake $0.48
Board [Ts 4h 3c 4c]
Seat 1: Zubasa07 (button) (small blind) folded on the Turn
Seat 3: xcgxcg2005 (big blind) collected ($23.52)


PokerStars Hand #155566340849:  Hold'em Limit ($3/$6 USD) - 2016/07/04 16:54:57 ET
Table 'Chacornac II' 6-max Seat #3 is the button
Seat 1: Zubasa07 ($524.02 in chips)
Seat 3: xcgxcg2005 ($94.52 in chips)
xcgxcg2005: posts small blind $1
Zubasa07: posts big blind $3
*** HOLE CARDS ***
xcgxcg2005: raises $3 to $6
Zubasa07: calls $3
*** FLOP *** [5c 7s 3h]
Zubasa07: checks
xcgxcg2005: bets $3
Zubasa07: folds
Uncalled bet ($3) returned to xcgxcg2005
xcgxcg2005 collected $11.76 from pot
xcgxcg2005: doesn't show hand
*** SUMMARY ***
Total pot $12 | Rake $0.24
Board [5c 7s 3h]
Seat 1: Zubasa07 (big blind) folded on the Flop
Seat 3: xcgxcg2005 (button) (small blind) collected ($11.76)


PokerStars Hand #155566350992:  Hold'em Limit ($3/$6 USD) - 2016/07/04 16:55:10 ET
Table 'Chacornac II' 6-max Seat #1 is the button
Seat 1: Zubasa07 ($518.02 in chips)
Seat 3: xcgxcg2005 ($100.28 in chips)
Zubasa07: posts small blind $1
xcgxcg2005: posts big blind $3
*** HOLE CARDS ***
Zubasa07: raises $3 to $6
xcgxcg2005: calls $3
*** FLOP *** [9s Qh Jh]
xcgxcg2005: checks
Zubasa07: checks
*** TURN *** [9s Qh Jh] [Jc]
xcgxcg2005: bets $6
Zubasa07: calls $6
*** RIVER *** [9s Qh Jh Jc] [Ah]
xcgxcg2005: checks
Zubasa07: checks
*** SHOW DOWN ***
xcgxcg2005: shows [Ks Qs] (two pair, Queens and Jacks)
Zubasa07: mucks hand
xcgxcg2005 collected $23.52 from pot
*** SUMMARY ***
Total pot $24 | Rake $0.48
Board [9s Qh Jh Jc Ah]
Seat 1: Zubasa07 (button) (small blind) mucked
Seat 3: xcgxcg2005 (big blind) showed [Ks Qs] and won ($23.52) with two pair, Queens and Jacks


PokerStars Hand #155566371227:  Hold'em Limit ($3/$6 USD) - 2016/07/04 16:55:41 ET
Table 'Chacornac II' 6-max Seat #3 is the button
Seat 1: Zubasa07 ($506.02 in chips)
Seat 3: xcgxcg2005 ($111.80 in chips)
xcgxcg2005: posts small blind $1
Zubasa07: posts big blind $3
*** HOLE CARDS ***
xcgxcg2005: folds
Uncalled bet ($2) returned to Zubasa07
Zubasa07 collected $2 from pot
Zubasa07: doesn't show hand
*** SUMMARY ***
Total pot $2 | Rake $0
Seat 1: Zubasa07 (big blind) collected ($2)
Seat 3: xcgxcg2005 (button) (small blind) folded before Flop


PokerStars Hand #155566374534:  Hold'em Limit ($3/$6 USD) - 2016/07/04 16:55:46 ET
Table 'Chacornac II' 6-max Seat #1 is the button
Seat 1: Zubasa07 ($507.02 in chips)
Seat 3: xcgxcg2005 ($110.80 in chips)
Zubasa07: posts small blind $1
xcgxcg2005: posts big blind $3
*** HOLE CARDS ***
Zubasa07: raises $3 to $6
xcgxcg2005: folds
Uncalled bet ($3) returned to Zubasa07
Zubasa07 collected $6 from pot
Zubasa07: doesn't show hand
*** SUMMARY ***
Total pot $6 | Rake $0
Seat 1: Zubasa07 (button) (small blind) collected ($6)
Seat 3: xcgxcg2005 (big blind) folded before Flop


PokerStars Hand #155566382876:  Hold'em Limit ($3/$6 USD) - 2016/07/04 16:55:59 ET
Table 'Chacornac II' 6-max Seat #3 is the button
Seat 1: Zubasa07 ($510.02 in chips)
Seat 3: xcgxcg2005 ($107.80 in chips)
xcgxcg2005: posts small blind $1
Zubasa07: posts big blind $3
*** HOLE CARDS ***
xcgxcg2005: raises $3 to $6
Zubasa07: calls $3
*** FLOP *** [Ts Td 9s]
Zubasa07: checks
xcgxcg2005: bets $3
Zubasa07: folds
Uncalled bet ($3) returned to xcgxcg2005
xcgxcg2005 collected $11.76 from pot
xcgxcg2005: doesn't show hand
*** SUMMARY ***
Total pot $12 | Rake $0.24
Board [Ts Td 9s]
Seat 1: Zubasa07 (big blind) folded on the Flop
Seat 3: xcgxcg2005 (button) (small blind) collected ($11.76)


PokerStars Hand #155566402362:  Hold'em Limit ($3/$6 USD) - 2016/07/04 16:56:22 ET
Table 'Chacornac II' 6-max Seat #1 is the button
Seat 1: Zubasa07 ($504.02 in chips)
Seat 3: xcgxcg2005 ($113.56 in chips)
Zubasa07: posts small blind $1
xcgxcg2005: posts big blind $3
*** HOLE CARDS ***
Zubasa07: raises $3 to $6
xcgxcg2005: raises $3 to $9
Zubasa07: calls $3
*** FLOP *** [Kd 5h 8d]
xcgxcg2005: bets $3
Zubasa07: calls $3
*** TURN *** [Kd 5h 8d] [Ad]
xcgxcg2005: bets $6
Zubasa07: raises $6 to $12
xcgxcg2005: folds
Uncalled bet ($6) returned to Zubasa07
Zubasa07 collected $35.50 from pot
Zubasa07: doesn't show hand
shuggie2 joins the table at seat #5
*** SUMMARY ***
Total pot $36 | Rake $0.50
Board [Kd 5h 8d Ad]
Seat 1: Zubasa07 (button) (small blind) collected ($35.50)
Seat 3: xcgxcg2005 (big blind) folded on the Turn


PokerStars Hand #155566853152:  Hold'em Limit ($3/$6 USD) - 2016/07/04 17:06:31 ET
Table 'Chacornac II' 6-max Seat #3 is the button
Seat 3: xcgxcg2005 ($37.23 in chips)
Seat 6: GRAILKO ($269.61 in chips)
xcgxcg2005: posts small blind $1
GRAILKO: posts big blind $3
*** HOLE CARDS ***
xcgxcg2005: folds
Uncalled bet ($2) returned to GRAILKO
GRAILKO collected $2 from pot
GRAILKO: doesn't show hand
*** SUMMARY ***
Total pot $2 | Rake $0
Seat 3: xcgxcg2005 (button) (small blind) folded before Flop
Seat 6: GRAILKO (big blind) collected ($2)


PokerStars Hand #155566844415:  Hold'em Limit ($3/$6 USD) - 2016/07/04 17:06:21 ET
Table 'Chacornac II' 6-max Seat #6 is the button
Seat 3: xcgxcg2005 ($28.59 in chips)
Seat 6: GRAILKO ($278.61 in chips)
GRAILKO: posts small blind $1
xcgxcg2005: posts big blind $3
*** HOLE CARDS ***
GRAILKO: raises $3 to $6
xcgxcg2005: raises $3 to $9
GRAILKO: calls $3
*** FLOP *** [Qh Qc 4d]
xcgxcg2005: bets $3
GRAILKO: folds
Uncalled bet ($3) returned to xcgxcg2005
xcgxcg2005 collected $17.64 from pot
xcgxcg2005: doesn't show hand
*** SUMMARY ***
Total pot $18 | Rake $0.36
Board [Qh Qc 4d]
Seat 3: xcgxcg2005 (big blind) collected ($17.64)
Seat 6: GRAILKO (button) (small blind) folded on the Flop


PokerStars Hand #155566825217:  Hold'em Limit ($3/$6 USD) - 2016/07/04 17:05:58 ET
Table 'Chacornac II' 6-max Seat #3 is the button
Seat 3: xcgxcg2005 ($55.59 in chips)
Seat 6: GRAILKO ($252.11 in chips)
xcgxcg2005: posts small blind $1
shuggie2: is sitting out
GRAILKO: posts big blind $3
*** HOLE CARDS ***
xcgxcg2005: raises $3 to $6
GRAILKO: calls $3
*** FLOP *** [Qc Qd Kc]
shuggie2 leaves the table
GRAILKO: checks
xcgxcg2005: bets $3
GRAILKO: calls $3
*** TURN *** [Qc Qd Kc] [6c]
GRAILKO: checks
xcgxcg2005: bets $6
GRAILKO: calls $6
*** RIVER *** [Qc Qd Kc 6c] [Js]
GRAILKO: bets $6
xcgxcg2005: raises $6 to $12
GRAILKO: calls $6
*** SHOW DOWN ***
xcgxcg2005: shows [Jd Kh] (two pair, Kings and Queens)
GRAILKO: shows [Th Ad] (a straight, Ten to Ace)
GRAILKO collected $53.50 from pot
*** SUMMARY ***
Total pot $54 | Rake $0.50
Board [Qc Qd Kc 6c Js]
Seat 3: xcgxcg2005 (button) (small blind) showed [Jd Kh] and lost with two pair, Kings and Queens
Seat 6: GRAILKO (big blind) showed [Th Ad] and won ($53.50) with a straight, Ten to Ace


PokerStars Hand #155566890756:  Hold'em Limit ($3/$6 USD) - 2016/07/04 17:07:06 ET
Table 'Chacornac II' 6-max Seat #6 is the button
Seat 3: xcgxcg2005 ($29.87 in chips)
Seat 6: GRAILKO ($276.11 in chips)
GRAILKO: posts small blind $1
xcgxcg2005: posts big blind $3
*** HOLE CARDS ***
GRAILKO: raises $3 to $6
xcgxcg2005: calls $3
*** FLOP *** [8h Kh 9d]
xcgxcg2005: checks
GRAILKO: bets $3
xcgxcg2005: raises $3 to $6
GRAILKO: calls $3
*** TURN *** [8h Kh 9d] [Jh]
xcgxcg2005: bets $6
Azrarn joins the table at seat #4
GRAILKO: raises $6 to $12
xcgxcg2005: raises $5.87 to $17.87 and is all-in
GRAILKO: calls $5.87
*** RIVER *** [8h Kh 9d Jh] [9s]
*** SHOW DOWN ***
xcgxcg2005: shows [Kd 5d] (two pair, Kings and Nines)
GRAILKO: shows [Qc Tc] (a straight, Nine to King)
GRAILKO collected $59.24 from pot
*** SUMMARY ***
Total pot $59.74 | Rake $0.50
Board [8h Kh 9d Jh 9s]
Seat 3: xcgxcg2005 (big blind) showed [Kd 5d] and lost with two pair, Kings and Nines
Seat 6: GRAILKO (button) (small blind) showed [Qc Tc] and won ($59.24) with a straight, Nine to King


PokerStars Hand #155566865822:  Hold'em Limit ($3/$6 USD) - 2016/07/04 17:06:47 ET
Table 'Chacornac II' 6-max Seat #3 is the button
Seat 3: xcgxcg2005 ($44.87 in chips)
Seat 6: GRAILKO ($261.61 in chips)
xcgxcg2005: posts small blind $1
GRAILKO: posts big blind $3
*** HOLE CARDS ***
xcgxcg2005: raises $3 to $6
GRAILKO: calls $3
*** FLOP *** [Kd 4c 7c]
GRAILKO: checks
xcgxcg2005: bets $3
GRAILKO: raises $3 to $6
xcgxcg2005: raises $3 to $9
GRAILKO: calls $3
*** TURN *** [Kd 4c 7c] [4s]
GRAILKO: checks
xcgxcg2005: checks
*** RIVER *** [Kd 4c 7c 4s] [3d]
GRAILKO: checks
xcgxcg2005: checks
*** SHOW DOWN ***
GRAILKO: shows [Ks 5h] (two pair, Kings and Fours)
xcgxcg2005: mucks hand
GRAILKO collected $29.50 from pot
*** SUMMARY ***
Total pot $30 | Rake $0.50
Board [Kd 4c 7c 4s 3d]
Seat 3: xcgxcg2005 (button) (small blind) mucked
Seat 6: GRAILKO (big blind) showed [Ks 5h] and won ($29.50) with two pair, Kings and Fours


PokerStars Hand #155566856734:  Hold'em Limit ($3/$6 USD) - 2016/07/04 17:06:36 ET
Table 'Chacornac II' 6-max Seat #6 is the button
Seat 3: xcgxcg2005 ($36.23 in chips)
Seat 6: GRAILKO ($270.61 in chips)
GRAILKO: posts small blind $1
xcgxcg2005: posts big blind $3
*** HOLE CARDS ***
GRAILKO: raises $3 to $6
xcgxcg2005: raises $3 to $9
GRAILKO: calls $3
*** FLOP *** [4c Tc 7c]
xcgxcg2005: bets $3
GRAILKO: folds
Uncalled bet ($3) returned to xcgxcg2005
xcgxcg2005 collected $17.64 from pot
xcgxcg2005: doesn't show hand
*** SUMMARY ***
Total pot $18 | Rake $0.36
Board [4c Tc 7c]
Seat 3: xcgxcg2005 (big blind) collected ($17.64)
Seat 6: GRAILKO (button) (small blind) folded on the Flop


PokerStars Hand #155567024149:  Hold'em Limit ($3/$6 USD) - 2016/07/04 17:09:50 ET
Table 'Chacornac II' 6-max Seat #4 is the button
Seat 4: Azrarn ($120 in chips)
Seat 5: PinkTaxa ($98.13 in chips)
Azrarn: posts small blind $1
PinkTaxa: posts big blind $3
*** HOLE CARDS ***
Azrarn: raises $3 to $6
PinkTaxa: calls $3
*** FLOP *** [8d 7h Qs]
PinkTaxa: checks
BrownieSpy joins the table at seat #6
Azrarn: bets $3
PinkTaxa: calls $3
*** TURN *** [8d 7h Qs] [Js]
PinkTaxa: checks
Azrarn: checks
*** RIVER *** [8d 7h Qs Js] [6d]
PinkTaxa: bets $6
HAOYUN88888 joins the table at seat #1
Azrarn: folds
Uncalled bet ($6) returned to PinkTaxa
PinkTaxa collected $17.64 from pot
PinkTaxa: doesn't show hand
*** SUMMARY ***
Total pot $18 | Rake $0.36
Board [8d 7h Qs Js 6d]
Seat 4: Azrarn (button) (small blind) folded on the River
Seat 5: PinkTaxa (big blind) collected ($17.64)


PokerStars Hand #155572601497:  Hold'em Limit ($3/$6 USD) - 2016/07/04 19:22:43 ET
Table 'Chacornac II' 6-max Seat #2 is the button
Seat 1: 666KOT666 ($158.60 in chips)
Seat 2: Zubasa07 ($560.19 in chips)
Zubasa07: posts small blind $1
Jigorek1989 leaves the table
666KOT666: posts big blind $3
*** HOLE CARDS ***
Zubasa07: raises $3 to $6
666KOT666: calls $3
*** FLOP *** [Ad Qs 5h]
666KOT666: bets $3
Zubasa07: calls $3
*** TURN *** [Ad Qs 5h] [Js]
666KOT666: bets $6
Zubasa07: folds
Uncalled bet ($6) returned to 666KOT666
666KOT666 collected $17.64 from pot
666KOT666: doesn't show hand
*** SUMMARY ***
Total pot $18 | Rake $0.36
Board [Ad Qs 5h Js]
Seat 1: 666KOT666 (big blind) collected ($17.64)
Seat 2: Zubasa07 (button) (small blind) folded on the Turn


PokerStars Hand #155572617554:  Hold'em Limit ($3/$6 USD) - 2016/07/04 19:23:11 ET
Table 'Chacornac II' 6-max Seat #1 is the button
Seat 1: 666KOT666 ($167.24 in chips)
Seat 2: Zubasa07 ($551.19 in chips)
666KOT666: posts small blind $1
Zubasa07: posts big blind $3
*** HOLE CARDS ***
666KOT666: folds
Uncalled bet ($2) returned to Zubasa07
Zubasa07 collected $2 from pot
Zubasa07: doesn't show hand
*** SUMMARY ***
Total pot $2 | Rake $0
Seat 1: 666KOT666 (button) (small blind) folded before Flop
Seat 2: Zubasa07 (big blind) collected ($2)


PokerStars Hand #155572638159:  Hold'em Limit ($3/$6 USD) - 2016/07/04 19:23:48 ET
Table 'Chacornac II' 6-max Seat #1 is the button
Seat 1: 666KOT666 ($142.24 in chips)
Seat 2: Zubasa07 ($575.69 in chips)
666KOT666: posts small blind $1
Zubasa07: posts big blind $3
*** HOLE CARDS ***
666KOT666: folds
Uncalled bet ($2) returned to Zubasa07
Zubasa07 collected $2 from pot
Zubasa07: doesn't show hand
*** SUMMARY ***
Total pot $2 | Rake $0
Seat 1: 666KOT666 (button) (small blind) folded before Flop
Seat 2: Zubasa07 (big blind) collected ($2)


PokerStars Hand #155572620892:  Hold'em Limit ($3/$6 USD) - 2016/07/04 19:23:17 ET
Table 'Chacornac II' 6-max Seat #2 is the button
Seat 1: 666KOT666 ($166.24 in chips)
Seat 2: Zubasa07 ($552.19 in chips)
Zubasa07: posts small blind $1
666KOT666: posts big blind $3
*** HOLE CARDS ***
Zubasa07: raises $3 to $6
666KOT666: raises $3 to $9
Zubasa07: calls $3
*** FLOP *** [6c 4s 8c]
666KOT666: bets $3
Henry201622 joins the table at seat #3
Zubasa07: calls $3
*** TURN *** [6c 4s 8c] [8d]
666KOT666: bets $6
Zubasa07: calls $6
*** RIVER *** [6c 4s 8c 8d] [9d]
666KOT666: bets $6
Zubasa07: calls $6
*** SHOW DOWN ***
666KOT666: shows [Ks Jc] (a pair of Eights)
Zubasa07: shows [Td As] (a pair of Eights - Ace kicker)
Zubasa07 collected $47.50 from pot
*** SUMMARY ***
Total pot $48 | Rake $0.50
Board [6c 4s 8c 8d 9d]
Seat 1: 666KOT666 (big blind) showed [Ks Jc] and lost with a pair of Eights
Seat 2: Zubasa07 (button) (small blind) showed [Td As] and won ($47.50) with a pair of Eights


PokerStars Hand #155572679156:  Hold'em Limit ($3/$6 USD) - 2016/07/04 19:25:01 ET
Table 'Chacornac II' 6-max Seat #2 is the button
Seat 1: 666KOT666 ($176.83 in chips)
Seat 2: Zubasa07 ($570.96 in chips)
Zubasa07: posts small blind $1
666KOT666: posts big blind $3
*** HOLE CARDS ***
Zubasa07: raises $3 to $6
666KOT666: calls $3
*** FLOP *** [Js Jc As]
Henry201622 leaves the table
666KOT666: checks
Zubasa07: bets $3
666KOT666: calls $3
*** TURN *** [Js Jc As] [Qh]
666KOT666: checks
Zubasa07: bets $6
666KOT666: raises $6 to $12
Zubasa07: calls $6
*** RIVER *** [Js Jc As Qh] [Kd]
666KOT666: bets $6
Zubasa07: calls $6
*** SHOW DOWN ***
666KOT666: shows [8c Kc] (two pair, Kings and Jacks)
Zubasa07: shows [8s Ts] (a straight, Ten to Ace)
Zubasa07 collected $53.50 from pot
*** SUMMARY ***
Total pot $54 | Rake $0.50
Board [Js Jc As Qh Kd]
Seat 1: 666KOT666 (big blind) showed [8c Kc] and lost with two pair, Kings and Jacks
Seat 2: Zubasa07 (button) (small blind) showed [8s Ts] and won ($53.50) with a straight, Ten to Ace


PokerStars Hand #155572698190:  Hold'em Limit ($3/$6 USD) - 2016/07/04 19:25:35 ET
Table 'Chacornac II' 6-max Seat #1 is the button
Seat 1: 666KOT666 ($149.83 in chips)
Seat 2: Zubasa07 ($597.46 in chips)
666KOT666: posts small blind $1
Zubasa07: posts big blind $3
*** HOLE CARDS ***
666KOT666: calls $2
Zubasa07: raises $3 to $6
666KOT666: calls $3
*** FLOP *** [Ad 6d Jd]
Zubasa07: bets $3
666KOT666: raises $3 to $6
Zubasa07: folds
Uncalled bet ($3) returned to 666KOT666
666KOT666 collected $17.64 from pot
666KOT666: doesn't show hand
*** SUMMARY ***
Total pot $18 | Rake $0.36
Board [Ad 6d Jd]
Seat 1: 666KOT666 (button) (small blind) collected ($17.64)
Seat 2: Zubasa07 (big blind) folded on the Flop


PokerStars Hand #155572716471:  Hold'em Limit ($3/$6 USD) - 2016/07/04 19:26:08 ET
Table 'Chacornac II' 6-max Seat #2 is the button
Seat 1: 666KOT666 ($158.47 in chips)
Seat 2: Zubasa07 ($588.46 in chips)
Zubasa07: posts small blind $1
666KOT666: posts big blind $3
*** HOLE CARDS ***
Zubasa07: raises $3 to $6
666KOT666: calls $3
*** FLOP *** [Qd Qh 9d]
666KOT666: checks
Zubasa07: bets $3
666KOT666: folds
Uncalled bet ($3) returned to Zubasa07
Zubasa07 collected $11.76 from pot
Zubasa07: doesn't show hand
*** SUMMARY ***
Total pot $12 | Rake $0.24
Board [Qd Qh 9d]
Seat 1: 666KOT666 (big blind) folded on the Flop
Seat 2: Zubasa07 (button) (small blind) collected ($11.76)


PokerStars Hand #155572727964:  Hold'em Limit ($3/$6 USD) - 2016/07/04 19:26:29 ET
Table 'Chacornac II' 6-max Seat #1 is the button
Seat 1: 666KOT666 ($152.47 in chips)
Seat 2: Zubasa07 ($594.22 in chips)
666KOT666: posts small blind $1
Zubasa07: posts big blind $3
*** HOLE CARDS ***
666KOT666: raises $3 to $6
Zubasa07: calls $3
*** FLOP *** [5d Ac 9c]
Zubasa07: checks
666KOT666: bets $3
Zubasa07: calls $3
*** TURN *** [5d Ac 9c] [Jh]
Zubasa07: checks
666KOT666: bets $6
Zubasa07: calls $6
*** RIVER *** [5d Ac 9c Jh] [8c]
Zubasa07: checks
666KOT666: checks
*** SHOW DOWN ***
Zubasa07: shows [9h Kd] (a pair of Nines)
666KOT666: shows [Ah 4s] (a pair of Aces)
666KOT666 collected $29.50 from pot
*** SUMMARY ***
Total pot $30 | Rake $0.50
Board [5d Ac 9c Jh 8c]
Seat 1: 666KOT666 (button) (small blind) showed [Ah 4s] and won ($29.50) with a pair of Aces
Seat 2: Zubasa07 (big blind) showed [9h Kd] and lost with a pair of Nines


PokerStars Hand #155572752456:  Hold'em Limit ($3/$6 USD) - 2016/07/04 19:27:13 ET
Table 'Chacornac II' 6-max Seat #2 is the button
Seat 1: 666KOT666 ($166.97 in chips)
Seat 2: Zubasa07 ($579.22 in chips)
Zubasa07: posts small blind $1
666KOT666: posts big blind $3
*** HOLE CARDS ***
Zubasa07: raises $3 to $6
666KOT666: calls $3
*** FLOP *** [3c 9c 3d]
666KOT666: bets $3
Zubasa07: calls $3
*** TURN *** [3c 9c 3d] [3h]
666KOT666: bets $6
Zubasa07: calls $6
*** RIVER *** [3c 9c 3d 3h] [Jh]
666KOT666: bets $6
Zubasa07: calls $6
*** SHOW DOWN ***
666KOT666: shows [9d Qc] (a full house, Threes full of Nines)
Zubasa07: mucks hand
666KOT666 collected $41.50 from pot
*** SUMMARY ***
Total pot $42 | Rake $0.50
Board [3c 9c 3d 3h Jh]
Seat 1: 666KOT666 (big blind) showed [9d Qc] and won ($41.50) with a full house, Threes full of Nines
Seat 2: Zubasa07 (button) (small blind) mucked


PokerStars Hand #155572772782:  Hold'em Limit ($3/$6 USD) - 2016/07/04 19:27:50 ET
Table 'Chacornac II' 6-max Seat #1 is the button
Seat 1: 666KOT666 ($187.47 in chips)
Seat 2: Zubasa07 ($558.22 in chips)
666KOT666: posts small blind $1
Zubasa07: posts big blind $3
*** HOLE CARDS ***
666KOT666: raises $3 to $6
Zubasa07: raises $3 to $9
666KOT666: calls $3
*** FLOP *** [6d 8h Tc]
Zubasa07: bets $3
666KOT666: calls $3
*** TURN *** [6d 8h Tc] [2d]
Zubasa07: checks
666KOT666: checks
*** RIVER *** [6d 8h Tc 2d] [5s]
Zubasa07: checks
666KOT666: bets $6
Zubasa07: folds
Uncalled bet ($6) returned to 666KOT666
666KOT666 collected $23.52 from pot
666KOT666: doesn't show hand
*** SUMMARY ***
Total pot $24 | Rake $0.48
Board [6d 8h Tc 2d 5s]
Seat 1: 666KOT666 (button) (small blind) collected ($23.52)
Seat 2: Zubasa07 (big blind) folded on the River


PokerStars Hand #155572792088:  Hold'em Limit ($3/$6 USD) - 2016/07/04 19:28:24 ET
Table 'Chacornac II' 6-max Seat #2 is the button
Seat 1: 666KOT666 ($198.99 in chips)
Seat 2: Zubasa07 ($546.22 in chips)
Zubasa07: posts small blind $1
666KOT666: posts big blind $3
*** HOLE CARDS ***
Zubasa07: raises $3 to $6
666KOT666: calls $3
*** FLOP *** [7c Qs Js]
666KOT666: bets $3
Zubasa07: calls $3
*** TURN *** [7c Qs Js] [3d]
666KOT666: bets $6
Zubasa07: raises $6 to $12
666KOT666: calls $6
*** RIVER *** [7c Qs Js 3d] [Ac]
666KOT666: bets $6
Zubasa07: calls $6
*** SHOW DOWN ***
666KOT666: shows [9d Kc] (high card Ace)
Zubasa07: shows [Qc Kd] (a pair of Queens)
Zubasa07 collected $53.50 from pot
*** SUMMARY ***
Total pot $54 | Rake $0.50
Board [7c Qs Js 3d Ac]
Seat 1: 666KOT666 (big blind) showed [9d Kc] and lost with high card Ace
Seat 2: Zubasa07 (button) (small blind) showed [Qc Kd] and won ($53.50) with a pair of Queens


PokerStars Hand #155572803826:  Hold'em Limit ($3/$6 USD) - 2016/07/04 19:28:46 ET
Table 'Chacornac II' 6-max Seat #1 is the button
Seat 1: 666KOT666 ($171.99 in chips)
Seat 2: Zubasa07 ($572.72 in chips)
666KOT666: posts small blind $1
Zubasa07: posts big blind $3
*** HOLE CARDS ***
666KOT666: raises $3 to $6
Zubasa07: calls $3
*** FLOP *** [5s Kc 9h]
Zubasa07: checks
666KOT666: bets $3
Zubasa07: folds
Uncalled bet ($3) returned to 666KOT666
666KOT666 collected $11.76 from pot
666KOT666: doesn't show hand
*** SUMMARY ***
Total pot $12 | Rake $0.24
Board [5s Kc 9h]
Seat 1: 666KOT666 (button) (small blind) collected ($11.76)
Seat 2: Zubasa07 (big blind) folded on the Flop


PokerStars Hand #155572819609:  Hold'em Limit ($3/$6 USD) - 2016/07/04 19:29:15 ET
Table 'Chacornac II' 6-max Seat #2 is the button
Seat 1: 666KOT666 ($177.75 in chips)
Seat 2: Zubasa07 ($566.72 in chips)
Zubasa07: posts small blind $1
666KOT666: posts big blind $3
*** HOLE CARDS ***
Zubasa07: raises $3 to $6
666KOT666: calls $3
*** FLOP *** [3h 2c 5h]
666KOT666: bets $3
Zubasa07: raises $3 to $6
666KOT666: calls $3
*** TURN *** [3h 2c 5h] [7s]
666KOT666: bets $6
Zubasa07: raises $6 to $12
666KOT666: calls $6
*** RIVER *** [3h 2c 5h 7s] [Ad]
666KOT666: bets $6
Zubasa07: calls $6
*** SHOW DOWN ***
666KOT666: shows [Qh 5s] (a pair of Fives)
Zubasa07: shows [8s 8h] (a pair of Eights)
Zubasa07 collected $59.50 from pot
*** SUMMARY ***
Total pot $60 | Rake $0.50
Board [3h 2c 5h 7s Ad]
Seat 1: 666KOT666 (big blind) showed [Qh 5s] and lost with a pair of Fives
Seat 2: Zubasa07 (button) (small blind) showed [8s 8h] and won ($59.50) with a pair of Eights


PokerStars Hand #155572837104:  Hold'em Limit ($3/$6 USD) - 2016/07/04 19:29:47 ET
Table 'Chacornac II' 6-max Seat #1 is the button
Seat 1: 666KOT666 ($147.75 in chips)
Seat 2: Zubasa07 ($596.22 in chips)
666KOT666: posts small blind $1
Zubasa07: posts big blind $3
*** HOLE CARDS ***
666KOT666: calls $2
Zubasa07: raises $3 to $6
666KOT666: calls $3
*** FLOP *** [6s 4s Jd]
Zubasa07: bets $3
666KOT666: calls $3
*** TURN *** [6s 4s Jd] [5s]
Zubasa07: checks
666KOT666: bets $6
Zubasa07: folds
Uncalled bet ($6) returned to 666KOT666
666KOT666 collected $17.64 from pot
666KOT666: doesn't show hand
*** SUMMARY ***
Total pot $18 | Rake $0.36
Board [6s 4s Jd 5s]
Seat 1: 666KOT666 (button) (small blind) collected ($17.64)
Seat 2: Zubasa07 (big blind) folded on the Turn


PokerStars Hand #155572850462:  Hold'em Limit ($3/$6 USD) - 2016/07/04 19:30:12 ET
Table 'Chacornac II' 6-max Seat #2 is the button
Seat 1: 666KOT666 ($156.39 in chips)
Seat 2: Zubasa07 ($587.22 in chips)
Zubasa07: posts small blind $1
666KOT666: posts big blind $3
*** HOLE CARDS ***
Zubasa07: raises $3 to $6
666KOT666: raises $3 to $9
Zubasa07: calls $3
*** FLOP *** [Kh 3d 8d]
666KOT666: bets $3
Zubasa07: calls $3
*** TURN *** [Kh 3d 8d] [8s]
666KOT666: bets $6
Zubasa07: calls $6
*** RIVER *** [Kh 3d 8d 8s] [3c]
666KOT666: bets $6
Zubasa07: calls $6
*** SHOW DOWN ***
666KOT666: shows [Qd Th] (two pair, Eights and Threes)
Zubasa07: shows [Qs As] (two pair, Eights and Threes - Ace kicker)
Zubasa07 collected $47.50 from pot
*** SUMMARY ***
Total pot $48 | Rake $0.50
Board [Kh 3d 8d 8s 3c]
Seat 1: 666KOT666 (big blind) showed [Qd Th] and lost with two pair, Eights and Threes
Seat 2: Zubasa07 (button) (small blind) showed [Qs As] and won ($47.50) with two pair, Eights and Threes


PokerStars Hand #155572883368:  Hold'em Limit ($3/$6 USD) - 2016/07/04 19:31:13 ET
Table 'Chacornac II' 6-max Seat #2 is the button
Seat 1: 666KOT666 ($114.39 in chips)
Seat 2: Zubasa07 ($628.22 in chips)
Zubasa07: posts small blind $1
666KOT666: posts big blind $3
*** HOLE CARDS ***
Zubasa07: raises $3 to $6
666KOT666: calls $3
*** FLOP *** [8h 4d 8d]
666KOT666: checks
Zubasa07: bets $3
666KOT666: calls $3
*** TURN *** [8h 4d 8d] [Ad]
666KOT666: checks
Zubasa07: checks
*** RIVER *** [8h 4d 8d Ad] [3d]
666KOT666: checks
Zubasa07: checks
*** SHOW DOWN ***
666KOT666: shows [5s 7c] (a pair of Eights)
Zubasa07: shows [Jc 3c] (two pair, Eights and Threes)
Zubasa07 collected $17.64 from pot
*** SUMMARY ***
Total pot $18 | Rake $0.36
Board [8h 4d 8d Ad 3d]
Seat 1: 666KOT666 (big blind) showed [5s 7c] and lost with a pair of Eights
Seat 2: Zubasa07 (button) (small blind) showed [Jc 3c] and won ($17.64) with two pair, Eights and Threes


PokerStars Hand #155572869311:  Hold'em Limit ($3/$6 USD) - 2016/07/04 19:30:47 ET
Table 'Chacornac II' 6-max Seat #1 is the button
Seat 1: 666KOT666 ($132.39 in chips)
Seat 2: Zubasa07 ($610.72 in chips)
666KOT666: posts small blind $1
Zubasa07: posts big blind $3
*** HOLE CARDS ***
666KOT666: calls $2
Zubasa07: checks
*** FLOP *** [Jh Ac 9h]
Zubasa07: checks
666KOT666: bets $3
Zubasa07: calls $3
*** TURN *** [Jh Ac 9h] [Ah]
Zubasa07: checks
666KOT666: bets $6
Zubasa07: calls $6
*** RIVER *** [Jh Ac 9h Ah] [2c]
Zubasa07: checks
666KOT666: bets $6
Zubasa07: calls $6
*** SHOW DOWN ***
666KOT666: shows [9s 6s] (two pair, Aces and Nines)
Zubasa07: shows [5d Jc] (two pair, Aces and Jacks)
Zubasa07 collected $35.50 from pot
*** SUMMARY ***
Total pot $36 | Rake $0.50
Board [Jh Ac 9h Ah 2c]
Seat 1: 666KOT666 (button) (small blind) showed [9s 6s] and lost with two pair, Aces and Nines
Seat 2: Zubasa07 (big blind) showed [5d Jc] and won ($35.50) with two pair, Aces and Jacks


PokerStars Hand #155572916873:  Hold'em Limit ($3/$6 USD) - 2016/07/04 19:32:15 ET
Table 'Chacornac II' 6-max Seat #2 is the button
Seat 1: 666KOT666 ($111.15 in chips)
Seat 2: Zubasa07 ($630.86 in chips)
Zubasa07: posts small blind $1
666KOT666: posts big blind $3
*** HOLE CARDS ***
Zubasa07: raises $3 to $6
666KOT666: calls $3
*** FLOP *** [Ts Ks Jd]
666KOT666: checks
Zubasa07: bets $3
666KOT666: raises $3 to $6
Zubasa07: calls $3
*** TURN *** [Ts Ks Jd] [3c]
666KOT666: bets $6
Zubasa07: calls $6
*** RIVER *** [Ts Ks Jd 3c] [2d]
666KOT666: bets $6
Zubasa07: calls $6
*** SHOW DOWN ***
666KOT666: shows [9s Qh] (a straight, Nine to King)
Zubasa07: mucks hand
666KOT666 collected $47.50 from pot
*** SUMMARY ***
Total pot $48 | Rake $0.50
Board [Ts Ks Jd 3c 2d]
Seat 1: 666KOT666 (big blind) showed [9s Qh] and won ($47.50) with a straight, Nine to King
Seat 2: Zubasa07 (button) (small blind) mucked


PokerStars Hand #155572895974:  Hold'em Limit ($3/$6 USD) - 2016/07/04 19:31:36 ET
Table 'Chacornac II' 6-max Seat #1 is the button
Seat 1: 666KOT666 ($105.39 in chips)
Seat 2: Zubasa07 ($636.86 in chips)
666KOT666: posts small blind $1
Zubasa07: posts big blind $3
*** HOLE CARDS ***
666KOT666: calls $2
Zubasa07: checks
*** FLOP *** [8h Kh Ad]
Zubasa07: bets $3
666KOT666: calls $3
*** TURN *** [8h Kh Ad] [6d]
Zubasa07: checks
666KOT666: bets $6
Zubasa07: folds
Uncalled bet ($6) returned to 666KOT666
666KOT666 collected $11.76 from pot
666KOT666: doesn't show hand
*** SUMMARY ***
Total pot $12 | Rake $0.24
Board [8h Kh Ad 6d]
Seat 1: 666KOT666 (button) (small blind) collected ($11.76)
Seat 2: Zubasa07 (big blind) folded on the Turn


PokerStars Hand #155572969050:  Hold'em Limit ($3/$6 USD) - 2016/07/04 19:33:53 ET
Table 'Chacornac II' 6-max Seat #2 is the button
Seat 1: 666KOT666 ($155.15 in chips)
Seat 2: Zubasa07 ($585.86 in chips)
Zubasa07: posts small blind $1
666KOT666: posts big blind $3
*** HOLE CARDS ***
Zubasa07: raises $3 to $6
666KOT666: folds
Uncalled bet ($3) returned to Zubasa07
Zubasa07 collected $6 from pot
Zubasa07: doesn't show hand
*** SUMMARY ***
Total pot $6 | Rake $0
Seat 1: 666KOT666 (big blind) folded before Flop
Seat 2: Zubasa07 (button) (small blind) collected ($6)


PokerStars Hand #155572966177:  Hold'em Limit ($3/$6 USD) - 2016/07/04 19:33:47 ET
Table 'Chacornac II' 6-max Seat #1 is the button
Seat 1: 666KOT666 ($156.15 in chips)
Seat 2: Zubasa07 ($584.86 in chips)
666KOT666: posts small blind $1
Zubasa07: posts big blind $3
*** HOLE CARDS ***
666KOT666: folds
Uncalled bet ($2) returned to Zubasa07
Zubasa07 collected $2 from pot
Zubasa07: doesn't show hand
*** SUMMARY ***
Total pot $2 | Rake $0
Seat 1: 666KOT666 (button) (small blind) folded before Flop
Seat 2: Zubasa07 (big blind) collected ($2)


PokerStars Hand #155572962373:  Hold'em Limit ($3/$6 USD) - 2016/07/04 19:33:40 ET
Table 'Chacornac II' 6-max Seat #2 is the button
Seat 1: 666KOT666 ($155.15 in chips)
Seat 2: Zubasa07 ($585.86 in chips)
Zubasa07: posts small blind $1
666KOT666: posts big blind $3
*** HOLE CARDS ***
Zubasa07: folds
Uncalled bet ($2) returned to 666KOT666
666KOT666 collected $2 from pot
666KOT666: doesn't show hand
*** SUMMARY ***
Total pot $2 | Rake $0
Seat 1: 666KOT666 (big blind) collected ($2)
Seat 2: Zubasa07 (button) (small blind) folded before Flop


PokerStars Hand #155572934021:  Hold'em Limit ($3/$6 USD) - 2016/07/04 19:32:47 ET
Table 'Chacornac II' 6-max Seat #1 is the button
Seat 1: 666KOT666 ($134.65 in chips)
Seat 2: Zubasa07 ($606.86 in chips)
666KOT666: posts small blind $1
Zubasa07: posts big blind $3
*** HOLE CARDS ***
666KOT666: calls $2
Zubasa07: checks
*** FLOP *** [2c 4s Qh]
Zubasa07: bets $3
666KOT666: raises $3 to $6
Zubasa07: calls $3
*** TURN *** [2c 4s Qh] [6c]
Zubasa07: checks
666KOT666: bets $6
Zubasa07: calls $6
*** RIVER *** [2c 4s Qh 6c] [Js]
Zubasa07: checks
666KOT666: bets $6
Zubasa07: calls $6
*** SHOW DOWN ***
666KOT666: shows [Qd 2d] (two pair, Queens and Deuces)
Zubasa07: mucks hand
666KOT666 collected $41.50 from pot
*** SUMMARY ***
Total pot $42 | Rake $0.50
Board [2c 4s Qh 6c Js]
Seat 1: 666KOT666 (button) (small blind) showed [Qd 2d] and won ($41.50) with two pair, Queens and Deuces
Seat 2: Zubasa07 (big blind) mucked


PokerStars Hand #155572972860:  Hold'em Limit ($3/$6 USD) - 2016/07/04 19:34:00 ET
Table 'Chacornac II' 6-max Seat #1 is the button
Seat 1: 666KOT666 ($152.15 in chips)
Seat 2: Zubasa07 ($588.86 in chips)
666KOT666: posts small blind $1
Zubasa07: posts big blind $3
*** HOLE CARDS ***
666KOT666: raises $3 to $6
Zubasa07: folds
Uncalled bet ($3) returned to 666KOT666
666KOT666 collected $6 from pot
666KOT666: doesn't show hand
*** SUMMARY ***
Total pot $6 | Rake $0
Seat 1: 666KOT666 (button) (small blind) collected ($6)
Seat 2: Zubasa07 (big blind) folded before Flop


PokerStars Hand #155573025170:  Hold'em Limit ($3/$6 USD) - 2016/07/04 19:35:39 ET
Table 'Chacornac II' 6-max Seat #2 is the button
Seat 1: 666KOT666 ($172.65 in chips)
Seat 2: Zubasa07 ($567.50 in chips)
Zubasa07: posts small blind $1
666KOT666: posts big blind $3
*** HOLE CARDS ***
Zubasa07: raises $3 to $6
666KOT666: raises $3 to $9
Zubasa07: calls $3
*** FLOP *** [4d As 8s]
666KOT666: bets $3
Zubasa07: calls $3
*** TURN *** [4d As 8s] [Jh]
666KOT666: bets $6
Zubasa07: folds
Uncalled bet ($6) returned to 666KOT666
666KOT666 collected $23.52 from pot
666KOT666: doesn't show hand
*** SUMMARY ***
Total pot $24 | Rake $0.48
Board [4d As 8s Jh]
Seat 1: 666KOT666 (big blind) collected ($23.52)
Seat 2: Zubasa07 (button) (small blind) folded on the Turn


PokerStars Hand #155573016799:  Hold'em Limit ($3/$6 USD) - 2016/07/04 19:35:23 ET
Table 'Chacornac II' 6-max Seat #1 is the button
Seat 1: 666KOT666 ($181.65 in chips)
Seat 2: Zubasa07 ($558.86 in chips)
666KOT666: posts small blind $1
Zubasa07: posts big blind $3
*** HOLE CARDS ***
666KOT666: raises $3 to $6
Zubasa07: calls $3
*** FLOP *** [Jd 6d Qd]
Zubasa07: checks
666KOT666: bets $3
Zubasa07: raises $3 to $6
666KOT666: folds
Uncalled bet ($3) returned to Zubasa07
Zubasa07 collected $17.64 from pot
Zubasa07: doesn't show hand
*** SUMMARY ***
Total pot $18 | Rake $0.36
Board [Jd 6d Qd]
Seat 1: 666KOT666 (button) (small blind) folded on the Flop
Seat 2: Zubasa07 (big blind) collected ($17.64)


PokerStars Hand #155573014173:  Hold'em Limit ($3/$6 USD) - 2016/07/04 19:35:18 ET
Table 'Chacornac II' 6-max Seat #2 is the button
Seat 1: 666KOT666 ($180.65 in chips)
Seat 2: Zubasa07 ($559.86 in chips)
Zubasa07: posts small blind $1
666KOT666: posts big blind $3
*** HOLE CARDS ***
Zubasa07: folds
Uncalled bet ($2) returned to 666KOT666
666KOT666 collected $2 from pot
666KOT666: doesn't show hand
*** SUMMARY ***
Total pot $2 | Rake $0
Seat 1: 666KOT666 (big blind) collected ($2)
Seat 2: Zubasa07 (button) (small blind) folded before Flop


PokerStars Hand #155573011565:  Hold'em Limit ($3/$6 USD) - 2016/07/04 19:35:13 ET
Table 'Chacornac II' 6-max Seat #1 is the button
Seat 1: 666KOT666 ($181.65 in chips)
Seat 2: Zubasa07 ($558.86 in chips)
666KOT666: posts small blind $1
Zubasa07: posts big blind $3
*** HOLE CARDS ***
666KOT666: folds
Uncalled bet ($2) returned to Zubasa07
Zubasa07 collected $2 from pot
Zubasa07: doesn't show hand
*** SUMMARY ***
Total pot $2 | Rake $0
Seat 1: 666KOT666 (button) (small blind) folded before Flop
Seat 2: Zubasa07 (big blind) collected ($2)


PokerStars Hand #155572976866:  Hold'em Limit ($3/$6 USD) - 2016/07/04 19:34:07 ET
Table 'Chacornac II' 6-max Seat #2 is the button
Seat 1: 666KOT666 ($155.15 in chips)
Seat 2: Zubasa07 ($585.86 in chips)
Zubasa07: posts small blind $1
666KOT666: posts big blind $3
*** HOLE CARDS ***
Zubasa07: raises $3 to $6
666KOT666: raises $3 to $9
Zubasa07: calls $3
*** FLOP *** [5h Ah 3c]
666KOT666: bets $3
Zubasa07: raises $3 to $6
666KOT666: raises $3 to $9
Zubasa07: raises $3 to $12
Betting is capped
666KOT666: calls $3
*** TURN *** [5h Ah 3c] [6c]
666KOT666: bets $6
Zubasa07: calls $6
*** RIVER *** [5h Ah 3c 6c] [Qc]
666KOT666: bets $6
Zubasa07: folds
Uncalled bet ($6) returned to 666KOT666
666KOT666 collected $53.50 from pot
666KOT666: doesn't show hand
*** SUMMARY ***
Total pot $54 | Rake $0.50
Board [5h Ah 3c 6c Qc]
Seat 1: 666KOT666 (big blind) collected ($53.50)
Seat 2: Zubasa07 (button) (small blind) folded on the River


PokerStars Hand #155573037659:  Hold'em Limit ($3/$6 USD) - 2016/07/04 19:36:03 ET
Table 'Chacornac II' 6-max Seat #1 is the button
Seat 1: 666KOT666 ($184.17 in chips)
Seat 2: Zubasa07 ($555.50 in chips)
666KOT666: posts small blind $1
Zubasa07: posts big blind $3
*** HOLE CARDS ***
666KOT666: calls $2
Zubasa07: raises $3 to $6
666KOT666: calls $3
*** FLOP *** [Th 2d 9d]
Zubasa07: bets $3
666KOT666: raises $3 to $6
Zubasa07: calls $3
*** TURN *** [Th 2d 9d] [Ks]
Zubasa07: checks
666KOT666: bets $6
Zubasa07: raises $6 to $12
666KOT666: calls $6
*** RIVER *** [Th 2d 9d Ks] [3d]
Zubasa07: bets $6
666KOT666: calls $6
*** SHOW DOWN ***
Zubasa07: shows [Js Qc] (a straight, Nine to King)
666KOT666: mucks hand
Zubasa07 collected $59.50 from pot
*** SUMMARY ***
Total pot $60 | Rake $0.50
Board [Th 2d 9d Ks 3d]
Seat 1: 666KOT666 (button) (small blind) mucked
Seat 2: Zubasa07 (big blind) showed [Js Qc] and won ($59.50) with a straight, Nine to King


PokerStars Hand #155573091281:  Hold'em Limit ($3/$6 USD) - 2016/07/04 19:37:45 ET
Table 'Chacornac II' 6-max Seat #1 is the button
Seat 1: 666KOT666 ($136.93 in chips)
Seat 2: Zubasa07 ($601.50 in chips)
666KOT666: posts small blind $1
Zubasa07: posts big blind $3
*** HOLE CARDS ***
666KOT666: calls $2
Zubasa07: checks
*** FLOP *** [4d 8c 4h]
Zubasa07: checks
666KOT666: bets $3
Zubasa07: folds
Uncalled bet ($3) returned to 666KOT666
666KOT666 collected $5.88 from pot
666KOT666: doesn't show hand
*** SUMMARY ***
Total pot $6 | Rake $0.12
Board [4d 8c 4h]
Seat 1: 666KOT666 (button) (small blind) collected ($5.88)
Seat 2: Zubasa07 (big blind) folded on the Flop


PokerStars Hand #155573088096:  Hold'em Limit ($3/$6 USD) - 2016/07/04 19:37:39 ET
Table 'Chacornac II' 6-max Seat #2 is the button
Seat 1: 666KOT666 ($135.93 in chips)
Seat 2: Zubasa07 ($602.50 in chips)
Zubasa07: posts small blind $1
666KOT666: posts big blind $3
*** HOLE CARDS ***
Zubasa07: folds
Uncalled bet ($2) returned to 666KOT666
666KOT666 collected $2 from pot
666KOT666: doesn't show hand
*** SUMMARY ***
Total pot $2 | Rake $0
Seat 1: 666KOT666 (big blind) collected ($2)
Seat 2: Zubasa07 (button) (small blind) folded before Flop


PokerStars Hand #155573078459:  Hold'em Limit ($3/$6 USD) - 2016/07/04 19:37:20 ET
Table 'Chacornac II' 6-max Seat #1 is the button
Seat 1: 666KOT666 ($130.17 in chips)
Seat 2: Zubasa07 ($608.50 in chips)
666KOT666: posts small blind $1
Zubasa07: posts big blind $3
*** HOLE CARDS ***
666KOT666: raises $3 to $6
Zubasa07: calls $3
*** FLOP *** [Qc Jd 3h]
Zubasa07: checks
666KOT666: bets $3
Zubasa07: folds
Uncalled bet ($3) returned to 666KOT666
666KOT666 collected $11.76 from pot
666KOT666: doesn't show hand
*** SUMMARY ***
Total pot $12 | Rake $0.24
Board [Qc Jd 3h]
Seat 1: 666KOT666 (button) (small blind) collected ($11.76)
Seat 2: Zubasa07 (big blind) folded on the Flop


PokerStars Hand #155573063237:  Hold'em Limit ($3/$6 USD) - 2016/07/04 19:36:52 ET
Table 'Chacornac II' 6-max Seat #2 is the button
Seat 1: 666KOT666 ($154.17 in chips)
Seat 2: Zubasa07 ($585 in chips)
Zubasa07: posts small blind $1
666KOT666: posts big blind $3
*** HOLE CARDS ***
Zubasa07: raises $3 to $6
666KOT666: raises $3 to $9
Zubasa07: calls $3
*** FLOP *** [6h 4s 7h]
666KOT666: bets $3
Zubasa07: calls $3
*** TURN *** [6h 4s 7h] [9c]
666KOT666: bets $6
Zubasa07: calls $6
*** RIVER *** [6h 4s 7h 9c] [Jd]
666KOT666: bets $6
Zubasa07: calls $6
*** SHOW DOWN ***
666KOT666: shows [Ah 8c] (high card Ace)
Zubasa07: shows [5c 4h] (a pair of Fours)
Zubasa07 collected $47.50 from pot
*** SUMMARY ***
Total pot $48 | Rake $0.50
Board [6h 4s 7h 9c Jd]
Seat 1: 666KOT666 (big blind) showed [Ah 8c] and lost with high card Ace
Seat 2: Zubasa07 (button) (small blind) showed [5c 4h] and won ($47.50) with a pair of Fours


PokerStars Hand #155573117892:  Hold'em Limit ($3/$6 USD) - 2016/07/04 19:38:36 ET
Table 'Chacornac II' 6-max Seat #2 is the button
Seat 1: 666KOT666 ($133.33 in chips)
Seat 2: Zubasa07 ($604 in chips)
Zubasa07: posts small blind $1
666KOT666: posts big blind $3
*** HOLE CARDS ***
Zubasa07: raises $3 to $6
666KOT666: calls $3
*** FLOP *** [Jd Qd Td]
666KOT666: bets $3
Zubasa07: calls $3
*** TURN *** [Jd Qd Td] [As]
666KOT666: bets $6
Zubasa07: calls $6
*** RIVER *** [Jd Qd Td As] [7h]
666KOT666: bets $6
Zubasa07: calls $6
*** SHOW DOWN ***
666KOT666: shows [8h Tc] (a pair of Tens)
Zubasa07: shows [9c Qc] (a pair of Queens)
Zubasa07 collected $41.50 from pot
*** SUMMARY ***
Total pot $42 | Rake $0.50
Board [Jd Qd Td As 7h]
Seat 1: 666KOT666 (big blind) showed [8h Tc] and lost with a pair of Tens
Seat 2: Zubasa07 (button) (small blind) showed [9c Qc] and won ($41.50) with a pair of Queens


PokerStars Hand #155573106110:  Hold'em Limit ($3/$6 USD) - 2016/07/04 19:38:13 ET
Table 'Chacornac II' 6-max Seat #1 is the button
Seat 1: 666KOT666 ($151.33 in chips)
Seat 2: Zubasa07 ($586.50 in chips)
666KOT666: posts small blind $1
Zubasa07: posts big blind $3
*** HOLE CARDS ***
666KOT666: calls $2
Zubasa07: checks
*** FLOP *** [3s 2d Ah]
Zubasa07: checks
666KOT666: bets $3
Zubasa07: calls $3
*** TURN *** [3s 2d Ah] [Qh]
Zubasa07: checks
666KOT666: bets $6
Zubasa07: calls $6
*** RIVER *** [3s 2d Ah Qh] [6d]
Zubasa07: checks
666KOT666: bets $6
Zubasa07: calls $6
*** SHOW DOWN ***
666KOT666: shows [5s Tc] (high card Ace)
Zubasa07: shows [4s Kd] (high card Ace - King kicker)
Zubasa07 collected $35.50 from pot
*** SUMMARY ***
Total pot $36 | Rake $0.50
Board [3s 2d Ah Qh 6d]
Seat 1: 666KOT666 (button) (small blind) showed [5s Tc] and lost with high card Ace
Seat 2: Zubasa07 (big blind) showed [4s Kd] and won ($35.50) with high card Ace


PokerStars Hand #155573099454:  Hold'em Limit ($3/$6 USD) - 2016/07/04 19:38:00 ET
Table 'Chacornac II' 6-max Seat #2 is the button
Seat 1: 666KOT666 ($139.81 in chips)
Seat 2: Zubasa07 ($598.50 in chips)
Zubasa07: posts small blind $1
666KOT666: posts big blind $3
*** HOLE CARDS ***
Zubasa07: raises $3 to $6
666KOT666: raises $3 to $9
Zubasa07: calls $3
*** FLOP *** [5h Jh 5c]
666KOT666: bets $3
Zubasa07: calls $3
*** TURN *** [5h Jh 5c] [8d]
666KOT666: bets $6
Zubasa07: folds
Uncalled bet ($6) returned to 666KOT666
666KOT666 collected $23.52 from pot
666KOT666: doesn't show hand
*** SUMMARY ***
Total pot $24 | Rake $0.48
Board [5h Jh 5c 8d]
Seat 1: 666KOT666 (big blind) collected ($23.52)
Seat 2: Zubasa07 (button) (small blind) folded on the Turn


PokerStars Hand #155573155193:  Hold'em Limit ($3/$6 USD) - 2016/07/04 19:39:47 ET
Table 'Chacornac II' 6-max Seat #1 is the button
Seat 1: 666KOT666 ($108.85 in chips)
Seat 2: Zubasa07 ($627 in chips)
666KOT666: posts small blind $1
Zubasa07: posts big blind $3
*** HOLE CARDS ***
666KOT666: folds
Uncalled bet ($2) returned to Zubasa07
Zubasa07 collected $2 from pot
Zubasa07: doesn't show hand
*** SUMMARY ***
Total pot $2 | Rake $0
Seat 1: 666KOT666 (button) (small blind) folded before Flop
Seat 2: Zubasa07 (big blind) collected ($2)


PokerStars Hand #155573141932:  Hold'em Limit ($3/$6 USD) - 2016/07/04 19:39:22 ET
Table 'Chacornac II' 6-max Seat #2 is the button
Seat 1: 666KOT666 ($123.85 in chips)
Seat 2: Zubasa07 ($612.50 in chips)
Zubasa07: posts small blind $1
666KOT666: posts big blind $3
*** HOLE CARDS ***
Zubasa07: raises $3 to $6
666KOT666: calls $3
*** FLOP *** [Kc Ad 3c]
666KOT666: checks
Zubasa07: bets $3
666KOT666: calls $3
*** TURN *** [Kc Ad 3c] [5s]
666KOT666: checks
Zubasa07: checks
*** RIVER *** [Kc Ad 3c 5s] [Jd]
666KOT666: bets $6
Zubasa07: calls $6
*** SHOW DOWN ***
666KOT666: shows [3s Qh] (a pair of Threes)
Zubasa07: shows [9d 9s] (a pair of Nines)
Zubasa07 collected $29.50 from pot
*** SUMMARY ***
Total pot $30 | Rake $0.50
Board [Kc Ad 3c 5s Jd]
Seat 1: 666KOT666 (big blind) showed [3s Qh] and lost with a pair of Threes
Seat 2: Zubasa07 (button) (small blind) showed [9d 9s] and won ($29.50) with a pair of Nines


PokerStars Hand #155573125820:  Hold'em Limit ($3/$6 USD) - 2016/07/04 19:38:51 ET
Table 'Chacornac II' 6-max Seat #1 is the button
Seat 1: 666KOT666 ($112.33 in chips)
Seat 2: Zubasa07 ($624.50 in chips)
666KOT666: posts small blind $1
Zubasa07: posts big blind $3
*** HOLE CARDS ***
666KOT666: raises $3 to $6
Zubasa07: calls $3
*** FLOP *** [8s 3h 5s]
Zubasa07: checks
666KOT666: checks
*** TURN *** [8s 3h 5s] [4h]
Zubasa07: checks
666KOT666: checks
*** RIVER *** [8s 3h 5s 4h] [Js]
Zubasa07: checks
666KOT666: bets $6
Zubasa07: calls $6
*** SHOW DOWN ***
666KOT666: shows [Qd Jc] (a pair of Jacks)
Zubasa07: mucks hand
666KOT666 collected $23.52 from pot
*** SUMMARY ***
Total pot $24 | Rake $0.48
Board [8s 3h 5s 4h Js]
Seat 1: 666KOT666 (button) (small blind) showed [Qd Jc] and won ($23.52) with a pair of Jacks
Seat 2: Zubasa07 (big blind) mucked


PokerStars Hand #155573157855:  Hold'em Limit ($3/$6 USD) - 2016/07/04 19:39:52 ET
Table 'Chacornac II' 6-max Seat #2 is the button
Seat 1: 666KOT666 ($107.85 in chips)
Seat 2: Zubasa07 ($628 in chips)
Zubasa07: posts small blind $1
666KOT666: posts big blind $3
*** HOLE CARDS ***
Zubasa07: raises $3 to $6
666KOT666: calls $3
*** FLOP *** [Qs 4c 2s]
666KOT666: checks
Zubasa07: bets $3
666KOT666: calls $3
*** TURN *** [Qs 4c 2s] [Jd]
666KOT666: checks
Zubasa07: checks
*** RIVER *** [Qs 4c 2s Jd] [3c]
666KOT666: bets $6
Zubasa07: calls $6
*** SHOW DOWN ***
666KOT666: shows [5c 7h] (high card Queen)
Zubasa07: shows [Ah Kd] (high card Ace)
Zubasa07 collected $29.50 from pot
*** SUMMARY ***
Total pot $30 | Rake $0.50
Board [Qs 4c 2s Jd 3c]
Seat 1: 666KOT666 (big blind) showed [5c 7h] and lost with high card Queen
Seat 2: Zubasa07 (button) (small blind) showed [Ah Kd] and won ($29.50) with high card Ace


PokerStars Hand #155573205451:  Hold'em Limit ($3/$6 USD) - 2016/07/04 19:41:23 ET
Table 'Chacornac II' 6-max Seat #1 is the button
Seat 1: 666KOT666 ($105.37 in chips)
Seat 2: Zubasa07 ($629.50 in chips)
666KOT666: posts small blind $1
Zubasa07: posts big blind $3
*** HOLE CARDS ***
666KOT666: folds
Uncalled bet ($2) returned to Zubasa07
Zubasa07 collected $2 from pot
Zubasa07: doesn't show hand
*** SUMMARY ***
Total pot $2 | Rake $0
Seat 1: 666KOT666 (button) (small blind) folded before Flop
Seat 2: Zubasa07 (big blind) collected ($2)


PokerStars Hand #155573203210:  Hold'em Limit ($3/$6 USD) - 2016/07/04 19:41:19 ET
Table 'Chacornac II' 6-max Seat #2 is the button
Seat 1: 666KOT666 ($104.37 in chips)
Seat 2: Zubasa07 ($630.50 in chips)
Zubasa07: posts small blind $1
666KOT666: posts big blind $3
*** HOLE CARDS ***
Zubasa07: folds
Uncalled bet ($2) returned to 666KOT666
666KOT666 collected $2 from pot
666KOT666: doesn't show hand
*** SUMMARY ***
Total pot $2 | Rake $0
Seat 1: 666KOT666 (big blind) collected ($2)
Seat 2: Zubasa07 (button) (small blind) folded before Flop


PokerStars Hand #155573242919:  Hold'em Limit ($3/$6 USD) - 2016/07/04 19:42:16 ET
Table 'Chacornac II' 6-max Seat #2 is the button
Seat 1: 666KOT666 ($123.87 in chips)
Seat 2: Zubasa07 ($610.50 in chips)
Zubasa07: posts small blind $1
666KOT666: posts big blind $3
*** HOLE CARDS ***
Zubasa07: raises $3 to $6
666KOT666: calls $3
*** FLOP *** [4h Jd 2h]
666KOT666: checks
Zubasa07: bets $3
666KOT666: folds
Uncalled bet ($3) returned to Zubasa07
Zubasa07 collected $11.76 from pot
Zubasa07: doesn't show hand
*** SUMMARY ***
Total pot $12 | Rake $0.24
Board [4h Jd 2h]
Seat 1: 666KOT666 (big blind) folded on the Flop
Seat 2: Zubasa07 (button) (small blind) collected ($11.76)


PokerStars Hand #155573240301:  Hold'em Limit ($3/$6 USD) - 2016/07/04 19:42:11 ET
Table 'Chacornac II' 6-max Seat #1 is the button
Seat 1: 666KOT666 ($124.87 in chips)
Seat 2: Zubasa07 ($609.50 in chips)
666KOT666: posts small blind $1
Zubasa07: posts big blind $3
*** HOLE CARDS ***
666KOT666: folds
Uncalled bet ($2) returned to Zubasa07
Zubasa07 collected $2 from pot
Zubasa07: doesn't show hand
*** SUMMARY ***
Total pot $2 | Rake $0
Seat 1: 666KOT666 (button) (small blind) folded before Flop
Seat 2: Zubasa07 (big blind) collected ($2)


PokerStars Hand #155573209117:  Hold'em Limit ($3/$6 USD) - 2016/07/04 19:41:30 ET
Table 'Chacornac II' 6-max Seat #2 is the button
Seat 1: 666KOT666 ($104.37 in chips)
Seat 2: Zubasa07 ($630.50 in chips)
Zubasa07: posts small blind $1
666KOT666: posts big blind $3
*** HOLE CARDS ***
Zubasa07: raises $3 to $6
666KOT666: calls $3
*** FLOP *** [7c As Td]
666KOT666: checks
Zubasa07: bets $3
666KOT666: calls $3
*** TURN *** [7c As Td] [8d]
666KOT666: checks
Zubasa07: bets $6
666KOT666: calls $6
*** RIVER *** [7c As Td 8d] [9h]
666KOT666: bets $6
Zubasa07: calls $6
*** SHOW DOWN ***
666KOT666: shows [Qs Jh] (a straight, Eight to Queen)
Zubasa07: mucks hand
666KOT666 collected $41.50 from pot
*** SUMMARY ***
Total pot $42 | Rake $0.50
Board [7c As Td 8d 9h]
Seat 1: 666KOT666 (big blind) showed [Qs Jh] and won ($41.50) with a straight, Eight to Queen
Seat 2: Zubasa07 (button) (small blind) mucked


PokerStars Hand #155573251960:  Hold'em Limit ($3/$6 USD) - 2016/07/04 19:42:33 ET
Table 'Chacornac II' 6-max Seat #1 is the button
Seat 1: 666KOT666 ($117.87 in chips)
Seat 2: Zubasa07 ($616.26 in chips)
666KOT666: posts small blind $1
Zubasa07: posts big blind $3
*** HOLE CARDS ***
666KOT666: raises $3 to $6
Zubasa07: raises $3 to $9
666KOT666: calls $3
*** FLOP *** [Qd 6c 6h]
Zubasa07: bets $3
666KOT666: calls $3
*** TURN *** [Qd 6c 6h] [9c]
Zubasa07: checks
666KOT666: bets $6
Zubasa07: calls $6
*** RIVER *** [Qd 6c 6h 9c] [Ad]
Zubasa07: checks
666KOT666: checks
*** SHOW DOWN ***
Zubasa07: shows [4c 4s] (two pair, Sixes and Fours)
666KOT666: mucks hand
Zubasa07 collected $35.50 from pot
*** SUMMARY ***
Total pot $36 | Rake $0.50
Board [Qd 6c 6h 9c Ad]
Seat 1: 666KOT666 (button) (small blind) mucked
Seat 2: Zubasa07 (big blind) showed [4c 4s] and won ($35.50) with two pair, Sixes and Fours


PokerStars Hand #155573280675:  Hold'em Limit ($3/$6 USD) - 2016/07/04 19:43:30 ET
Table 'Chacornac II' 6-max Seat #1 is the button
Seat 1: 666KOT666 ($98.63 in chips)
Seat 2: Zubasa07 ($634.52 in chips)
666KOT666: posts small blind $1
Zubasa07: posts big blind $3
*** HOLE CARDS ***
666KOT666: raises $3 to $6
Zubasa07: calls $3
*** FLOP *** [Jd 6d 4d]
Zubasa07: checks
666KOT666: bets $3
Zubasa07: raises $3 to $6
666KOT666: calls $3
*** TURN *** [Jd 6d 4d] [Qs]
Zubasa07: bets $6
666KOT666: folds
Uncalled bet ($6) returned to Zubasa07
Zubasa07 collected $23.52 from pot
Zubasa07: doesn't show hand
*** SUMMARY ***
Total pot $24 | Rake $0.48
Board [Jd 6d 4d Qs]
Seat 1: 666KOT666 (button) (small blind) folded on the Turn
Seat 2: Zubasa07 (big blind) collected ($23.52)


PokerStars Hand #155573272780:  Hold'em Limit ($3/$6 USD) - 2016/07/04 19:43:14 ET
Table 'Chacornac II' 6-max Seat #2 is the button
Seat 1: 666KOT666 ($92.87 in chips)
Seat 2: Zubasa07 ($640.52 in chips)
Zubasa07: posts small blind $1
666KOT666: posts big blind $3
*** HOLE CARDS ***
Zubasa07: raises $3 to $6
666KOT666: calls $3
*** FLOP *** [5d Ks 8h]
666KOT666: bets $3
Zubasa07: folds
Uncalled bet ($3) returned to 666KOT666
666KOT666 collected $11.76 from pot
666KOT666: doesn't show hand
*** SUMMARY ***
Total pot $12 | Rake $0.24
Board [5d Ks 8h]
Seat 1: 666KOT666 (big blind) collected ($11.76)
Seat 2: Zubasa07 (button) (small blind) folded on the Flop


PokerStars Hand #155573270221:  Hold'em Limit ($3/$6 USD) - 2016/07/04 19:43:09 ET
Table 'Chacornac II' 6-max Seat #1 is the button
Seat 1: 666KOT666 ($93.87 in chips)
Seat 2: Zubasa07 ($639.52 in chips)
666KOT666: posts small blind $1
Zubasa07: posts big blind $3
*** HOLE CARDS ***
666KOT666: folds
Uncalled bet ($2) returned to Zubasa07
Zubasa07 collected $2 from pot
Zubasa07: doesn't show hand
*** SUMMARY ***
Total pot $2 | Rake $0
Seat 1: 666KOT666 (button) (small blind) folded before Flop
Seat 2: Zubasa07 (big blind) collected ($2)


PokerStars Hand #155573264063:  Hold'em Limit ($3/$6 USD) - 2016/07/04 19:42:57 ET
Table 'Chacornac II' 6-max Seat #2 is the button
Seat 1: 666KOT666 ($99.87 in chips)
Seat 2: Zubasa07 ($633.76 in chips)
Zubasa07: posts small blind $1
666KOT666: posts big blind $3
*** HOLE CARDS ***
Zubasa07: raises $3 to $6
666KOT666: calls $3
*** FLOP *** [9c Jh Js]
666KOT666: checks
Zubasa07: bets $3
666KOT666: folds
Uncalled bet ($3) returned to Zubasa07
Zubasa07 collected $11.76 from pot
Zubasa07: doesn't show hand
*** SUMMARY ***
Total pot $12 | Rake $0.24
Board [9c Jh Js]
Seat 1: 666KOT666 (big blind) folded on the Flop
Seat 2: Zubasa07 (button) (small blind) collected ($11.76)


PokerStars Hand #155573303906:  Hold'em Limit ($3/$6 USD) - 2016/07/04 19:44:16 ET
Table 'Chacornac II' 6-max Seat #1 is the button
Seat 1: 666KOT666 ($53.63 in chips)
Seat 2: Zubasa07 ($678.54 in chips)
666KOT666: posts small blind $1
Zubasa07: posts big blind $3
*** HOLE CARDS ***
666KOT666: raises $3 to $6
Zubasa07: raises $3 to $9
666KOT666: raises $3 to $12
Betting is capped
Zubasa07: calls $3
*** FLOP *** [9d 8d Qh]
Zubasa07: checks
666KOT666: bets $3
Zubasa07: calls $3
*** TURN *** [9d 8d Qh] [2h]
Zubasa07: checks
666KOT666: bets $6
Zubasa07: calls $6
*** RIVER *** [9d 8d Qh 2h] [3d]
Zubasa07: checks
666KOT666: bets $6
Zubasa07: calls $6
*** SHOW DOWN ***
666KOT666: shows [As 6c] (high card Ace)
Zubasa07: shows [Jh Ac] (high card Ace - Queen+Jack kicker)
Zubasa07 collected $53.50 from pot
*** SUMMARY ***
Total pot $54 | Rake $0.50
Board [9d 8d Qh 2h 3d]
Seat 1: 666KOT666 (button) (small blind) showed [As 6c] and lost with high card Ace
Seat 2: Zubasa07 (big blind) showed [Jh Ac] and won ($53.50) with high card Ace


PokerStars Hand #155573291937:  Hold'em Limit ($3/$6 USD) - 2016/07/04 19:43:52 ET
Table 'Chacornac II' 6-max Seat #2 is the button
Seat 1: 666KOT666 ($86.63 in chips)
Seat 2: Zubasa07 ($646.04 in chips)
Zubasa07: posts small blind $1
666KOT666: posts big blind $3
*** HOLE CARDS ***
Zubasa07: raises $3 to $6
666KOT666: calls $3
*** FLOP *** [Kc Qc 9d]
666KOT666: bets $3
Zubasa07: calls $3
*** TURN *** [Kc Qc 9d] [8s]
666KOT666: bets $6
Zubasa07: raises $6 to $12
666KOT666: calls $6
*** RIVER *** [Kc Qc 9d 8s] [3h]
666KOT666: bets $6
Zubasa07: raises $6 to $12
666KOT666: calls $6
*** SHOW DOWN ***
Zubasa07: shows [Kd Js] (a pair of Kings)
666KOT666: mucks hand
Zubasa07 collected $65.50 from pot
*** SUMMARY ***
Total pot $66 | Rake $0.50
Board [Kc Qc 9d 8s 3h]
Seat 1: 666KOT666 (big blind) mucked
Seat 2: Zubasa07 (button) (small blind) showed [Kd Js] and won ($65.50) with a pair of Kings


PokerStars Hand #155573341593:  Hold'em Limit ($3/$6 USD) - 2016/07/04 19:45:30 ET
Table 'Chacornac II' 6-max Seat #1 is the button
Seat 1: 666KOT666 ($52.76 in chips)
Seat 2: Zubasa07 ($678.41 in chips)
666KOT666: posts small blind $1
Zubasa07: posts big blind $3
*** HOLE CARDS ***
666KOT666: raises $3 to $6
Zubasa07: calls $3
*** FLOP *** [Ks 3h 7c]
Zubasa07: checks
666KOT666: checks
*** TURN *** [Ks 3h 7c] [Td]
Zubasa07: checks
666KOT666: bets $6
Zubasa07: calls $6
*** RIVER *** [Ks 3h 7c Td] [7d]
Zubasa07: checks
666KOT666: bets $6
Zubasa07: calls $6
*** SHOW DOWN ***
666KOT666: shows [Jh 9h] (a pair of Sevens)
Zubasa07: shows [Tc 8d] (two pair, Tens and Sevens)
Zubasa07 collected $35.50 from pot
*** SUMMARY ***
Total pot $36 | Rake $0.50
Board [Ks 3h 7c Td 7d]
Seat 1: 666KOT666 (button) (small blind) showed [Jh 9h] and lost with a pair of Sevens
Seat 2: Zubasa07 (big blind) showed [Tc 8d] and won ($35.50) with two pair, Tens and Sevens


PokerStars Hand #155573325257:  Hold'em Limit ($3/$6 USD) - 2016/07/04 19:44:58 ET
Table 'Chacornac II' 6-max Seat #2 is the button
Seat 1: 666KOT666 ($26.63 in chips)
Seat 2: Zubasa07 ($705.04 in chips)
Zubasa07: posts small blind $1
666KOT666: posts big blind $3
*** HOLE CARDS ***
Zubasa07: raises $3 to $6
666KOT666: raises $3 to $9
Zubasa07: calls $3
*** FLOP *** [9s 8d 6d]
666KOT666: bets $3
Zubasa07: raises $3 to $6
666KOT666: calls $3
*** TURN *** [9s 8d 6d] [4c]
666KOT666: bets $6
Zubasa07: raises $6 to $12
666KOT666: calls $5.63 and is all-in
Uncalled bet ($0.37) returned to Zubasa07
*** RIVER *** [9s 8d 6d 4c] [4h]
*** SHOW DOWN ***
666KOT666: shows [5s Ac] (a pair of Fours)
Zubasa07: shows [Tc Qh] (a pair of Fours - lower kicker)
666KOT666 collected $52.76 from pot
*** SUMMARY ***
Total pot $53.26 | Rake $0.50
Board [9s 8d 6d 4c 4h]
Seat 1: 666KOT666 (big blind) showed [5s Ac] and won ($52.76) with a pair of Fours
Seat 2: Zubasa07 (button) (small blind) showed [Tc Qh] and lost with a pair of Fours


PokerStars Hand #155573353502:  Hold'em Limit ($3/$6 USD) - 2016/07/04 19:45:54 ET
Table 'Chacornac II' 6-max Seat #2 is the button
Seat 1: 666KOT666 ($34.76 in chips)
Seat 2: Zubasa07 ($695.91 in chips)
Zubasa07: posts small blind $1
666KOT666: posts big blind $3
*** HOLE CARDS ***
Zubasa07: raises $3 to $6
666KOT666: raises $3 to $9
Zubasa07: calls $3
*** FLOP *** [Kh 2h 2s]
666KOT666: bets $3
Zubasa07: calls $3
*** TURN *** [Kh 2h 2s] [2c]
666KOT666: bets $6
Zubasa07: folds
Uncalled bet ($6) returned to 666KOT666
666KOT666 collected $23.52 from pot
666KOT666: doesn't show hand
*** SUMMARY ***
Total pot $24 | Rake $0.48
Board [Kh 2h 2s 2c]
Seat 1: 666KOT666 (big blind) collected ($23.52)
Seat 2: Zubasa07 (button) (small blind) folded on the Turn


PokerStars Hand #155573364499:  Hold'em Limit ($3/$6 USD) - 2016/07/04 19:46:15 ET
Table 'Chacornac II' 6-max Seat #1 is the button
Seat 1: 666KOT666 ($46.28 in chips)
Seat 2: Zubasa07 ($683.91 in chips)
666KOT666: posts small blind $1
Zubasa07: posts big blind $3
*** HOLE CARDS ***
666KOT666: folds
Uncalled bet ($2) returned to Zubasa07
Zubasa07 collected $2 from pot
Zubasa07: doesn't show hand
*** SUMMARY ***
Total pot $2 | Rake $0
Seat 1: 666KOT666 (button) (small blind) folded before Flop
Seat 2: Zubasa07 (big blind) collected ($2)


PokerStars Hand #155573376260:  Hold'em Limit ($3/$6 USD) - 2016/07/04 19:46:39 ET
Table 'Chacornac II' 6-max Seat #1 is the button
Seat 1: 666KOT666 ($45.03 in chips)
Seat 2: Zubasa07 ($684.66 in chips)
666KOT666: posts small blind $1
Zubasa07: posts big blind $3
*** HOLE CARDS ***
666KOT666: folds
Uncalled bet ($2) returned to Zubasa07
Zubasa07 collected $2 from pot
Zubasa07: doesn't show hand
*** SUMMARY ***
Total pot $2 | Rake $0
Seat 1: 666KOT666 (button) (small blind) folded before Flop
Seat 2: Zubasa07 (big blind) collected ($2)


PokerStars Hand #155573366942:  Hold'em Limit ($3/$6 USD) - 2016/07/04 19:46:20 ET
Table 'Chacornac II' 6-max Seat #2 is the button
Seat 1: 666KOT666 ($45.28 in chips)
Seat 2: Zubasa07 ($684.91 in chips)
Zubasa07: posts small blind $1
666KOT666: posts big blind $3
*** HOLE CARDS ***
Zubasa07: raises $3 to $6
666KOT666: raises $3 to $9
Zubasa07: calls $3
*** FLOP *** [Jc 9d Ah]
666KOT666: bets $3
Zubasa07: raises $3 to $6
666KOT666: calls $3
*** TURN *** [Jc 9d Ah] [Qc]
666KOT666: bets $6
Zubasa07: calls $6
*** RIVER *** [Jc 9d Ah Qc] [Kc]
666KOT666: bets $6
Zubasa07: raises $6 to $12
666KOT666: calls $6
*** SHOW DOWN ***
Zubasa07: shows [Tc Qd] (a straight, Ten to Ace)
666KOT666: shows [Th Td] (a straight, Ten to Ace)
666KOT666 collected $32.75 from pot
Zubasa07 collected $32.75 from pot
*** SUMMARY ***
Total pot $66 | Rake $0.50
Board [Jc 9d Ah Qc Kc]
Seat 1: 666KOT666 (big blind) showed [Th Td] and won ($32.75) with a straight, Ten to Ace
Seat 2: Zubasa07 (button) (small blind) showed [Tc Qd] and won ($32.75) with a straight, Ten to Ace


PokerStars Hand #155573378719:  Hold'em Limit ($3/$6 USD) - 2016/07/04 19:46:44 ET
Table 'Chacornac II' 6-max Seat #2 is the button
Seat 1: 666KOT666 ($44.03 in chips)
Seat 2: Zubasa07 ($685.66 in chips)
Zubasa07: posts small blind $1
666KOT666: posts big blind $3
*** HOLE CARDS ***
Zubasa07: raises $3 to $6
666KOT666: calls $3
*** FLOP *** [6h Qc 4h]
666KOT666: bets $3
Zubasa07: folds
Uncalled bet ($3) returned to 666KOT666
666KOT666 collected $11.76 from pot
666KOT666: doesn't show hand
*** SUMMARY ***
Total pot $12 | Rake $0.24
Board [6h Qc 4h]
Seat 1: 666KOT666 (big blind) collected ($11.76)
Seat 2: Zubasa07 (button) (small blind) folded on the Flop


PokerStars Hand #155573383260:  Hold'em Limit ($3/$6 USD) - 2016/07/04 19:46:53 ET
Table 'Chacornac II' 6-max Seat #1 is the button
Seat 1: 666KOT666 ($49.79 in chips)
Seat 2: Zubasa07 ($679.66 in chips)
666KOT666: posts small blind $1
Zubasa07: posts big blind $3
*** HOLE CARDS ***
666KOT666: calls $2
Zubasa07: checks
*** FLOP *** [9c 2h Kh]
Zubasa07: checks
666KOT666: checks
*** TURN *** [9c 2h Kh] [Ks]
Zubasa07: checks
666KOT666: checks
*** RIVER *** [9c 2h Kh Ks] [Ts]
Zubasa07: checks
666KOT666: bets $6
Zubasa07: raises $6 to $12
666KOT666: calls $6
*** SHOW DOWN ***
Zubasa07: shows [7s Kd] (three of a kind, Kings)
666KOT666: mucks hand
Zubasa07 collected $29.50 from pot
*** SUMMARY ***
Total pot $30 | Rake $0.50
Board [9c 2h Kh Ks Ts]
Seat 1: 666KOT666 (button) (small blind) mucked
Seat 2: Zubasa07 (big blind) showed [7s Kd] and won ($29.50) with three of a kind, Kings


PokerStars Hand #155573393620:  Hold'em Limit ($3/$6 USD) - 2016/07/04 19:47:13 ET
Table 'Chacornac II' 6-max Seat #2 is the button
Seat 1: 666KOT666 ($34.79 in chips)
Seat 2: Zubasa07 ($694.16 in chips)
Zubasa07: posts small blind $1
666KOT666: posts big blind $3
*** HOLE CARDS ***
Zubasa07: raises $3 to $6
666KOT666: calls $3
*** FLOP *** [Qd Jc Kd]
666KOT666: checks
Zubasa07: bets $3
666KOT666: folds
Uncalled bet ($3) returned to Zubasa07
Zubasa07 collected $11.76 from pot
Zubasa07: doesn't show hand
*** SUMMARY ***
Total pot $12 | Rake $0.24
Board [Qd Jc Kd]
Seat 1: 666KOT666 (big blind) folded on the Flop
Seat 2: Zubasa07 (button) (small blind) collected ($11.76)


PokerStars Hand #155573401442:  Hold'em Limit ($3/$6 USD) - 2016/07/04 19:47:29 ET
Table 'Chacornac II' 6-max Seat #2 is the button
Seat 1: 666KOT666 ($27.79 in chips)
Seat 2: Zubasa07 ($700.92 in chips)
Zubasa07: posts small blind $1
666KOT666: posts big blind $3
*** HOLE CARDS ***
Zubasa07: folds
Uncalled bet ($2) returned to 666KOT666
666KOT666 collected $2 from pot
666KOT666: doesn't show hand
*** SUMMARY ***
Total pot $2 | Rake $0
Seat 1: 666KOT666 (big blind) collected ($2)
Seat 2: Zubasa07 (button) (small blind) folded before Flop


PokerStars Hand #155573398962:  Hold'em Limit ($3/$6 USD) - 2016/07/04 19:47:24 ET
Table 'Chacornac II' 6-max Seat #1 is the button
Seat 1: 666KOT666 ($28.79 in chips)
Seat 2: Zubasa07 ($699.92 in chips)
666KOT666: posts small blind $1
Zubasa07: posts big blind $3
*** HOLE CARDS ***
666KOT666: folds
Uncalled bet ($2) returned to Zubasa07
Zubasa07 collected $2 from pot
Zubasa07: doesn't show hand
*** SUMMARY ***
Total pot $2 | Rake $0
Seat 1: 666KOT666 (button) (small blind) folded before Flop
Seat 2: Zubasa07 (big blind) collected ($2)


PokerStars Hand #155573403602:  Hold'em Limit ($3/$6 USD) - 2016/07/04 19:47:33 ET
Table 'Chacornac II' 6-max Seat #1 is the button
Seat 1: 666KOT666 ($28.79 in chips)
Seat 2: Zubasa07 ($699.92 in chips)
666KOT666: posts small blind $1
Zubasa07: posts big blind $3
*** HOLE CARDS ***
666KOT666: folds
Uncalled bet ($2) returned to Zubasa07
Zubasa07 collected $2 from pot
Zubasa07: doesn't show hand
*** SUMMARY ***
Total pot $2 | Rake $0
Seat 1: 666KOT666 (button) (small blind) folded before Flop
Seat 2: Zubasa07 (big blind) collected ($2)


PokerStars Hand #155573406034:  Hold'em Limit ($3/$6 USD) - 2016/07/04 19:47:38 ET
Table 'Chacornac II' 6-max Seat #2 is the button
Seat 1: 666KOT666 ($27.79 in chips)
Seat 2: Zubasa07 ($700.92 in chips)
Zubasa07: posts small blind $1
666KOT666: posts big blind $3
*** HOLE CARDS ***
Zubasa07: raises $3 to $6
666KOT666: raises $3 to $9
Zubasa07: calls $3
*** FLOP *** [6s 2h 7h]
666KOT666: bets $3
Zubasa07: calls $3
*** TURN *** [6s 2h 7h] [4d]
666KOT666: bets $6
Zubasa07: calls $6
*** RIVER *** [6s 2h 7h 4d] [Jd]
666KOT666: bets $6
Zubasa07: calls $6
*** SHOW DOWN ***
666KOT666: shows [9d 8d] (high card Jack)
Zubasa07: shows [Ac Th] (high card Ace)
Zubasa07 collected $47.50 from pot
*** SUMMARY ***
Total pot $48 | Rake $0.50
Board [6s 2h 7h 4d Jd]
Seat 1: 666KOT666 (big blind) showed [9d 8d] and lost with high card Jack
Seat 2: Zubasa07 (button) (small blind) showed [Ac Th] and won ($47.50) with high card Ace


PokerStars Hand #155573416638:  Hold'em Limit ($3/$6 USD) - 2016/07/04 19:47:59 ET
Table 'Chacornac II' 6-max Seat #1 is the button
Seat 1: 666KOT666 ($3.79 in chips)
Seat 2: Zubasa07 ($724.42 in chips)
666KOT666: posts small blind $1
Zubasa07: posts big blind $3
*** HOLE CARDS ***
666KOT666: raises $0.79 to $3.79 and is all-in
Zubasa07: calls $0.79
*** FLOP *** [2c Tc 3d]
*** TURN *** [2c Tc 3d] [9s]
*** RIVER *** [2c Tc 3d 9s] [7d]
*** SHOW DOWN ***
Zubasa07: shows [3c 8d] (a pair of Threes)
666KOT666: shows [5s Ac] (high card Ace)
Zubasa07 collected $7.43 from pot
*** SUMMARY ***
Total pot $7.58 | Rake $0.15
Board [2c Tc 3d 9s 7d]
Seat 1: 666KOT666 (button) (small blind) showed [5s Ac] and lost with high card Ace
Seat 2: Zubasa07 (big blind) showed [3c 8d] and won ($7.43) with a pair of Threes


