PokerStars Hand #162357194226:  Hold'em Limit ($3/$6 USD) - 2016/12/03 14:44:03 ET
Table 'Chaka' 6-max Seat #1 is the button
Seat 1: LifeisagameX ($111.64 in chips)
Seat 2: hairy1961 ($30.26 in chips)
LifeisagameX: posts small blind $1
hairy1961: posts big blind $3
*** HOLE CARDS ***
LifeisagameX: raises $3 to $6
hairy1961: calls $3
*** FLOP *** [Ks 8h Qs]
hairy1961: checks
LifeisagameX: bets $3
hairy1961: calls $3
*** TURN *** [Ks 8h Qs] [Ad]
hairy1961: checks
LifeisagameX: checks
*** RIVER *** [Ks 8h Qs Ad] [8c]
hairy1961: checks
LifeisagameX: bets $6
hairy1961: folds
Uncalled bet ($6) returned to LifeisagameX
LifeisagameX collected $17.64 from pot
LifeisagameX: doesn't show hand
*** SUMMARY ***
Total pot $18 | Rake $0.36
Board [Ks 8h Qs Ad 8c]
Seat 1: LifeisagameX (button) (small blind) collected ($17.64)
Seat 2: hairy1961 (big blind) folded on the River


PokerStars Hand #162357229101:  Hold'em Limit ($3/$6 USD) - 2016/12/03 14:44:41 ET
Table 'Chaka' 6-max Seat #2 is the button
Seat 1: LifeisagameX ($120.28 in chips)
Seat 2: hairy1961 ($21.26 in chips)
hairy1961: posts small blind $1
LifeisagameX: posts big blind $3
*** HOLE CARDS ***
hairy1961: folds
Uncalled bet ($2) returned to LifeisagameX
LifeisagameX collected $2 from pot
LifeisagameX: doesn't show hand
*** SUMMARY ***
Total pot $2 | Rake $0
Seat 1: LifeisagameX (big blind) collected ($2)
Seat 2: hairy1961 (button) (small blind) folded before Flop


PokerStars Hand #162357234089:  Hold'em Limit ($3/$6 USD) - 2016/12/03 14:44:46 ET
Table 'Chaka' 6-max Seat #1 is the button
Seat 1: LifeisagameX ($121.28 in chips)
Seat 2: hairy1961 ($20.26 in chips)
LifeisagameX: posts small blind $1
hairy1961: posts big blind $3
*** HOLE CARDS ***
LifeisagameX: raises $3 to $6
hairy1961: calls $3
*** FLOP *** [2h 8h 5d]
hairy1961: checks
LifeisagameX: bets $3
hairy1961: raises $3 to $6
LifeisagameX: calls $3
*** TURN *** [2h 8h 5d] [4d]
hairy1961: bets $6
LifeisagameX: calls $6
*** RIVER *** [2h 8h 5d 4d] [Td]
hairy1961: bets $2.26 and is all-in
LifeisagameX: calls $2.26
*** SHOW DOWN ***
hairy1961: shows [Qc 5c] (a pair of Fives)
LifeisagameX: shows [6d 4s] (a pair of Fours)
hairy1961 collected $40.02 from pot
*** SUMMARY ***
Total pot $40.52 | Rake $0.50
Board [2h 8h 5d 4d Td]
Seat 1: LifeisagameX (button) (small blind) showed [6d 4s] and lost with a pair of Fours
Seat 2: hairy1961 (big blind) showed [Qc 5c] and won ($40.02) with a pair of Fives


PokerStars Hand #162357278091:  Hold'em Limit ($3/$6 USD) - 2016/12/03 14:45:34 ET
Table 'Chaka' 6-max Seat #2 is the button
Seat 1: LifeisagameX ($101.02 in chips)
Seat 2: hairy1961 ($40.02 in chips)
hairy1961: posts small blind $1
LifeisagameX: posts big blind $3
*** HOLE CARDS ***
hairy1961: folds
Uncalled bet ($2) returned to LifeisagameX
LifeisagameX collected $2 from pot
LifeisagameX: doesn't show hand
*** SUMMARY ***
Total pot $2 | Rake $0
Seat 1: LifeisagameX (big blind) collected ($2)
Seat 2: hairy1961 (button) (small blind) folded before Flop


PokerStars Hand #162357282901:  Hold'em Limit ($3/$6 USD) - 2016/12/03 14:45:40 ET
Table 'Chaka' 6-max Seat #1 is the button
Seat 1: LifeisagameX ($102.02 in chips)
Seat 2: hairy1961 ($39.02 in chips)
LifeisagameX: posts small blind $1
hairy1961: posts big blind $3
*** HOLE CARDS ***
LifeisagameX: raises $3 to $6
hairy1961: raises $3 to $9
LifeisagameX: calls $3
*** FLOP *** [As Th 3d]
hairy1961: bets $3
LifeisagameX: calls $3
*** TURN *** [As Th 3d] [9h]
hairy1961: bets $6
LifeisagameX: raises $6 to $12
hairy1961: raises $6 to $18
LifeisagameX: calls $6
*** RIVER *** [As Th 3d 9h] [4h]
hairy1961: bets $6
LifeisagameX: calls $6
*** SHOW DOWN ***
hairy1961: shows [Ad Tc] (two pair, Aces and Tens)
LifeisagameX: mucks hand
hairy1961 collected $71.50 from pot
*** SUMMARY ***
Total pot $72 | Rake $0.50
Board [As Th 3d 9h 4h]
Seat 1: LifeisagameX (button) (small blind) mucked
Seat 2: hairy1961 (big blind) showed [Ad Tc] and won ($71.50) with two pair, Aces and Tens


PokerStars Hand #162357333110:  Hold'em Limit ($3/$6 USD) - 2016/12/03 14:46:34 ET
Table 'Chaka' 6-max Seat #2 is the button
Seat 1: LifeisagameX ($84 in chips)
Seat 2: hairy1961 ($74.52 in chips)
hairy1961: posts small blind $1
LifeisagameX: posts big blind $3
*** HOLE CARDS ***
hairy1961: folds
Uncalled bet ($2) returned to LifeisagameX
LifeisagameX collected $2 from pot
LifeisagameX: doesn't show hand
*** SUMMARY ***
Total pot $2 | Rake $0
Seat 1: LifeisagameX (big blind) collected ($2)
Seat 2: hairy1961 (button) (small blind) folded before Flop


PokerStars Hand #162357338164:  Hold'em Limit ($3/$6 USD) - 2016/12/03 14:46:40 ET
Table 'Chaka' 6-max Seat #1 is the button
Seat 1: LifeisagameX ($85 in chips)
Seat 2: hairy1961 ($73.52 in chips)
afghan_321 joins the table at seat #5
LifeisagameX: posts small blind $1
hairy1961: posts big blind $3
*** HOLE CARDS ***
LifeisagameX: raises $3 to $6
hairy1961: calls $3
*** FLOP *** [8s 8h 8d]
hairy1961: checks
LifeisagameX: bets $3
hairy1961: calls $3
*** TURN *** [8s 8h 8d] [Qs]
hairy1961: checks
vestimokrec joins the table at seat #3
LifeisagameX: checks
*** RIVER *** [8s 8h 8d Qs] [Th]
hairy1961: checks
LifeisagameX: bets $6
hairy1961: calls $6
*** SHOW DOWN ***
LifeisagameX: shows [5d 6d] (three of a kind, Eights)
hairy1961: shows [7h Kc] (three of a kind, Eights - King kicker)
hairy1961 collected $29.50 from pot
*** SUMMARY ***
Total pot $30 | Rake $0.50
Board [8s 8h 8d Qs Th]
Seat 1: LifeisagameX (button) (small blind) showed [5d 6d] and lost with three of a kind, Eights
Seat 2: hairy1961 (big blind) showed [7h Kc] and won ($29.50) with three of a kind, Eights


PokerStars Hand #162359052909:  Hold'em Limit ($3/$6 USD) - 2016/12/03 15:17:25 ET
Table 'Chaka' 6-max Seat #5 is the button
Seat 2: hairy1961 ($223.77 in chips)
Seat 5: afghan_321 ($12.70 in chips)
afghan_321: posts small blind $1
aade1ante: is sitting out
Spriysugen: is sitting out
hairy1961: posts big blind $3
*** HOLE CARDS ***
Spriysugen leaves the table
afghan_321: folds
Uncalled bet ($2) returned to hairy1961
hairy1961 collected $2 from pot
*** SUMMARY ***
Total pot $2 | Rake $0
Seat 2: hairy1961 (big blind) collected ($2)
Seat 5: afghan_321 (button) (small blind) folded before Flop


PokerStars Hand #162359059900:  Hold'em Limit ($3/$6 USD) - 2016/12/03 15:17:32 ET
Table 'Chaka' 6-max Seat #2 is the button
Seat 2: hairy1961 ($224.77 in chips)
Seat 5: afghan_321 ($11.70 in chips)
hairy1961: posts small blind $1
afghan_321: posts big blind $3
aade1ante leaves the table
*** HOLE CARDS ***
Krazy90 joins the table at seat #1
hairy1961: raises $3 to $6
afghan_321: calls $3
*** FLOP *** [6d 9h 7d]
Krazy90 leaves the table
afghan_321: checks
hairy1961: bets $3
afghan_321: raises $2.70 to $5.70 and is all-in
Apanage joins the table at seat #6
hairy1961: calls $2.70
*** TURN *** [6d 9h 7d] [Jd]
*** RIVER *** [6d 9h 7d Jd] [4s]
*** SHOW DOWN ***
afghan_321: shows [6s 9s] (two pair, Nines and Sixes)
hairy1961: shows [7c Ad] (a pair of Sevens)
afghan_321 collected $22.93 from pot
*** SUMMARY ***
Total pot $23.40 | Rake $0.47
Board [6d 9h 7d Jd 4s]
Seat 2: hairy1961 (button) (small blind) showed [7c Ad] and lost with a pair of Sevens
Seat 5: afghan_321 (big blind) showed [6s 9s] and won ($22.93) with two pair, Nines and Sixes


PokerStars Hand #162364004007:  Hold'em Limit ($3/$6 USD) - 2016/12/03 16:45:22 ET
Table 'Chaka' 6-max Seat #3 is the button
Seat 2: Norton ($63.71 in chips)
Seat 3: ToDaFelt ($80 in chips)
ToDaFelt: posts small blind $1
wobetting: is sitting out
Norton: posts big blind $3
*** HOLE CARDS ***
ToDaFelt: folds
Uncalled bet ($2) returned to Norton
Norton collected $2 from pot
Norton: doesn't show hand
*** SUMMARY ***
Total pot $2 | Rake $0
Seat 2: Norton (big blind) collected ($2)
Seat 3: ToDaFelt (button) (small blind) folded before Flop


PokerStars Hand #162364058940:  Hold'em Limit ($3/$6 USD) - 2016/12/03 16:46:23 ET
Table 'Chaka' 6-max Seat #3 is the button
Seat 2: Norton ($55.71 in chips)
Seat 3: ToDaFelt ($87.64 in chips)
ToDaFelt: posts small blind $1
Norton: posts big blind $3
*** HOLE CARDS ***
ToDaFelt: raises $3 to $6
Norton: raises $3 to $9
ToDaFelt: calls $3
*** FLOP *** [Js 8s 8h]
Norton: bets $3
ToDaFelt: calls $3
*** TURN *** [Js 8s 8h] [Qd]
Norton: bets $6
ToDaFelt: calls $6
*** RIVER *** [Js 8s 8h Qd] [4c]
Norton: bets $6
ToDaFelt: calls $6
*** SHOW DOWN ***
Norton: shows [Qc As] (two pair, Queens and Eights)
ToDaFelt: mucks hand
Norton collected $47.50 from pot
*** SUMMARY ***
Total pot $48 | Rake $0.50
Board [Js 8s 8h Qd 4c]
Seat 2: Norton (big blind) showed [Qc As] and won ($47.50) with two pair, Queens and Eights
Seat 3: ToDaFelt (button) (small blind) mucked


PokerStars Hand #162364019845:  Hold'em Limit ($3/$6 USD) - 2016/12/03 16:45:40 ET
Table 'Chaka' 6-max Seat #2 is the button
Seat 2: Norton ($64.71 in chips)
Seat 3: ToDaFelt ($79 in chips)
Norton: posts small blind $1
ToDaFelt: posts big blind $3
*** HOLE CARDS ***
wobetting leaves the table
Norton: raises $3 to $6
ToDaFelt: calls $3
*** FLOP *** [Td Tc 3s]
ToDaFelt: checks
Norton: bets $3
ToDaFelt: calls $3
*** TURN *** [Td Tc 3s] [9c]
ToDaFelt: checks
Norton: checks
*** RIVER *** [Td Tc 3s 9c] [6s]
ToDaFelt: checks
Norton: checks
*** SHOW DOWN ***
ToDaFelt: shows [Kd 5c] (a pair of Tens)
Norton: mucks hand
ToDaFelt collected $17.64 from pot
*** SUMMARY ***
Total pot $18 | Rake $0.36
Board [Td Tc 3s 9c 6s]
Seat 2: Norton (button) (small blind) mucked
Seat 3: ToDaFelt (big blind) showed [Kd 5c] and won ($17.64) with a pair of Tens


PokerStars Hand #162364086731:  Hold'em Limit ($3/$6 USD) - 2016/12/03 16:46:54 ET
Table 'Chaka' 6-max Seat #2 is the button
Seat 2: Norton ($79.21 in chips)
Seat 3: ToDaFelt ($120 in chips)
Norton: posts small blind $1
ToDaFelt: posts big blind $3
*** HOLE CARDS ***
Norton: raises $3 to $6
ToDaFelt: raises $3 to $9
Norton: calls $3
*** FLOP *** [8h Ts 2s]
ToDaFelt: bets $3
Norton: folds
Uncalled bet ($3) returned to ToDaFelt
ToDaFelt collected $17.64 from pot
ToDaFelt: doesn't show hand
*** SUMMARY ***
Total pot $18 | Rake $0.36
Board [8h Ts 2s]
Seat 2: Norton (button) (small blind) folded on the Flop
Seat 3: ToDaFelt (big blind) collected ($17.64)


PokerStars Hand #162364105750:  Hold'em Limit ($3/$6 USD) - 2016/12/03 16:47:12 ET
Table 'Chaka' 6-max Seat #3 is the button
Seat 2: Norton ($70.21 in chips)
Seat 3: ToDaFelt ($128.64 in chips)
ToDaFelt: posts small blind $1
Norton: posts big blind $3
*** HOLE CARDS ***
ToDaFelt: raises $3 to $6
Norton: calls $3
*** FLOP *** [8s 7h Qh]
Norton: checks
ToDaFelt: bets $3
Norton: raises $3 to $6
ToDaFelt: calls $3
*** TURN *** [8s 7h Qh] [4c]
Norton: bets $6
ToDaFelt: calls $6
*** RIVER *** [8s 7h Qh 4c] [9h]
Norton: bets $6
ToDaFelt: calls $6
*** SHOW DOWN ***
Norton: shows [Qd 2d] (a pair of Queens)
ToDaFelt: mucks hand
Norton collected $47.50 from pot
*** SUMMARY ***
Total pot $48 | Rake $0.50
Board [8s 7h Qh 4c 9h]
Seat 2: Norton (big blind) showed [Qd 2d] and won ($47.50) with a pair of Queens
Seat 3: ToDaFelt (button) (small blind) mucked


PokerStars Hand #162364241071:  Hold'em Limit ($3/$6 USD) - 2016/12/03 16:49:15 ET
Table 'Chaka' 6-max Seat #2 is the button
Seat 2: Norton ($54.71 in chips)
Seat 3: ToDaFelt ($143.14 in chips)
Norton: posts small blind $1
ToDaFelt: posts big blind $3
*** HOLE CARDS ***
Norton: raises $3 to $6
ToDaFelt: calls $3
*** FLOP *** [5c Kh Ac]
ToDaFelt: checks
Norton: bets $3
ToDaFelt: raises $3 to $6
Norton: calls $3
*** TURN *** [5c Kh Ac] [4h]
ToDaFelt: bets $6
Norton: calls $6
*** RIVER *** [5c Kh Ac 4h] [2c]
ToDaFelt: bets $6
Norton: calls $6
*** SHOW DOWN ***
ToDaFelt: shows [5s Jc] (a pair of Fives)
Norton: shows [6h Ks] (a pair of Kings)
Norton collected $47.50 from pot
*** SUMMARY ***
Total pot $48 | Rake $0.50
Board [5c Kh Ac 4h 2c]
Seat 2: Norton (button) (small blind) showed [6h Ks] and won ($47.50) with a pair of Kings
Seat 3: ToDaFelt (big blind) showed [5s Jc] and lost with a pair of Fives


PokerStars Hand #162364165535:  Hold'em Limit ($3/$6 USD) - 2016/12/03 16:48:07 ET
Table 'Chaka' 6-max Seat #2 is the button
Seat 2: Norton ($93.71 in chips)
Seat 3: ToDaFelt ($104.64 in chips)
Norton: posts small blind $1
ToDaFelt: posts big blind $3
*** HOLE CARDS ***
Norton: raises $3 to $6
ToDaFelt: calls $3
*** FLOP *** [9c 9s 9d]
ToDaFelt: checks
Norton: bets $3
ToDaFelt: raises $3 to $6
Norton: calls $3
*** TURN *** [9c 9s 9d] [Kc]
ToDaFelt: bets $6
Norton: calls $6
*** RIVER *** [9c 9s 9d Kc] [7c]
ToDaFelt: bets $6
Norton: raises $6 to $12
ToDaFelt: raises $6 to $18
Norton: calls $6
*** SHOW DOWN ***
ToDaFelt: shows [6d 9h] (four of a kind, Nines)
Norton: mucks hand
ToDaFelt collected $71.50 from pot
*** SUMMARY ***
Total pot $72 | Rake $0.50
Board [9c 9s 9d Kc 7c]
Seat 2: Norton (button) (small blind) mucked
Seat 3: ToDaFelt (big blind) showed [6d 9h] and won ($71.50) with four of a kind, Nines


PokerStars Hand #162364232302:  Hold'em Limit ($3/$6 USD) - 2016/12/03 16:49:07 ET
Table 'Chaka' 6-max Seat #3 is the button
Seat 2: Norton ($57.71 in chips)
Seat 3: ToDaFelt ($140.14 in chips)
ToDaFelt: posts small blind $1
Norton: posts big blind $3
*** HOLE CARDS ***
ToDaFelt: raises $3 to $6
Norton: folds
Uncalled bet ($3) returned to ToDaFelt
ToDaFelt collected $6 from pot
ToDaFelt: doesn't show hand
*** SUMMARY ***
Total pot $6 | Rake $0
Seat 2: Norton (big blind) folded before Flop
Seat 3: ToDaFelt (button) (small blind) collected ($6)


PokerStars Hand #162364270616:  Hold'em Limit ($3/$6 USD) - 2016/12/03 16:49:42 ET
Table 'Chaka' 6-max Seat #3 is the button
Seat 2: Norton ($78.21 in chips)
Seat 3: ToDaFelt ($119.14 in chips)
ToDaFelt: posts small blind $1
Norton: posts big blind $3
*** HOLE CARDS ***
ToDaFelt: raises $3 to $6
Norton: raises $3 to $9
ToDaFelt: calls $3
*** FLOP *** [7c 3h Qs]
Norton: bets $3
ToDaFelt: calls $3
*** TURN *** [7c 3h Qs] [5c]
Norton: bets $6
ToDaFelt: calls $6
*** RIVER *** [7c 3h Qs 5c] [Qc]
Norton: bets $6
ToDaFelt: calls $6
*** SHOW DOWN ***
Norton: shows [Ac Ks] (a pair of Queens)
ToDaFelt: mucks hand
Norton collected $47.50 from pot
*** SUMMARY ***
Total pot $48 | Rake $0.50
Board [7c 3h Qs 5c Qc]
Seat 2: Norton (big blind) showed [Ac Ks] and won ($47.50) with a pair of Queens
Seat 3: ToDaFelt (button) (small blind) mucked


PokerStars Hand #162364320456:  Hold'em Limit ($3/$6 USD) - 2016/12/03 16:50:28 ET
Table 'Chaka' 6-max Seat #2 is the button
Seat 2: Norton ($101.71 in chips)
Seat 3: ToDaFelt ($95.14 in chips)
Norton: posts small blind $1
ToDaFelt: posts big blind $3
*** HOLE CARDS ***
Norton: raises $3 to $6
ToDaFelt: raises $3 to $9
Norton: calls $3
*** FLOP *** [Qc 3c 9c]
ToDaFelt: bets $3
Norton: calls $3
*** TURN *** [Qc 3c 9c] [5c]
ToDaFelt: checks
Norton: bets $6
ToDaFelt: calls $6
*** RIVER *** [Qc 3c 9c 5c] [4d]
ToDaFelt: checks
Norton: bets $6
ToDaFelt: folds
Uncalled bet ($6) returned to Norton
Norton collected $35.50 from pot
Norton: doesn't show hand
*** SUMMARY ***
Total pot $36 | Rake $0.50
Board [Qc 3c 9c 5c 4d]
Seat 2: Norton (button) (small blind) collected ($35.50)
Seat 3: ToDaFelt (big blind) folded on the River


PokerStars Hand #162364362626:  Hold'em Limit ($3/$6 USD) - 2016/12/03 16:51:07 ET
Table 'Chaka' 6-max Seat #2 is the button
Seat 2: Norton ($120.21 in chips)
Seat 3: ToDaFelt ($76.14 in chips)
Norton: posts small blind $1
ToDaFelt: posts big blind $3
*** HOLE CARDS ***
Norton: raises $3 to $6
ToDaFelt: calls $3
*** FLOP *** [5s Tc 9h]
ToDaFelt: checks
Norton: bets $3
ToDaFelt: raises $3 to $6
Norton: calls $3
*** TURN *** [5s Tc 9h] [7s]
ToDaFelt: bets $6
Norton: calls $6
*** RIVER *** [5s Tc 9h 7s] [Qh]
ToDaFelt: bets $6
Norton: calls $6
*** SHOW DOWN ***
ToDaFelt: shows [Ks 6d] (high card King)
Norton: shows [Td Jc] (a pair of Tens)
Norton collected $47.50 from pot
*** SUMMARY ***
Total pot $48 | Rake $0.50
Board [5s Tc 9h 7s Qh]
Seat 2: Norton (button) (small blind) showed [Td Jc] and won ($47.50) with a pair of Tens
Seat 3: ToDaFelt (big blind) showed [Ks 6d] and lost with high card King


PokerStars Hand #162364357674:  Hold'em Limit ($3/$6 USD) - 2016/12/03 16:51:02 ET
Table 'Chaka' 6-max Seat #3 is the button
Seat 2: Norton ($119.21 in chips)
Seat 3: ToDaFelt ($77.14 in chips)
ToDaFelt: posts small blind $1
Norton: posts big blind $3
*** HOLE CARDS ***
ToDaFelt: folds
Uncalled bet ($2) returned to Norton
Norton collected $2 from pot
Norton: doesn't show hand
*** SUMMARY ***
Total pot $2 | Rake $0
Seat 2: Norton (big blind) collected ($2)
Seat 3: ToDaFelt (button) (small blind) folded before Flop


PokerStars Hand #162364402207:  Hold'em Limit ($3/$6 USD) - 2016/12/03 16:51:44 ET
Table 'Chaka' 6-max Seat #3 is the button
Seat 2: Norton ($143.71 in chips)
Seat 3: ToDaFelt ($120 in chips)
ToDaFelt: posts small blind $1
Norton: posts big blind $3
*** HOLE CARDS ***
ToDaFelt: raises $3 to $6
Norton: calls $3
*** FLOP *** [3h Td Kc]
Norton: checks
ToDaFelt: checks
*** TURN *** [3h Td Kc] [5s]
Norton: checks
ToDaFelt: bets $6
Norton: folds
Uncalled bet ($6) returned to ToDaFelt
ToDaFelt collected $11.76 from pot
ToDaFelt: doesn't show hand
*** SUMMARY ***
Total pot $12 | Rake $0.24
Board [3h Td Kc 5s]
Seat 2: Norton (big blind) folded on the Turn
Seat 3: ToDaFelt (button) (small blind) collected ($11.76)


