PokerStars Hand #174321777746:  Hold'em Limit ($3/$6 USD) - 2017/08/14 9:54:02 ET
Table 'Chaka' 6-max Seat #4 is the button
Seat 4: VolkovDmitri ($121 in chips)
Seat 6: HAOYUN88888 ($60.20 in chips)
VolkovDmitri: posts small blind $1
HAOYUN88888: posts big blind $3
*** HOLE CARDS ***
VolkovDmitri: folds
Uncalled bet ($2) returned to HAOYUN88888
HAOYUN88888 collected $2 from pot
HAOYUN88888: doesn't show hand
*** SUMMARY ***
Total pot $2 | Rake $0
Seat 4: VolkovDmitri (button) (small blind) folded before Flop
Seat 6: HAOYUN88888 (big blind) collected ($2)


PokerStars Hand #174321773961:  Hold'em Limit ($3/$6 USD) - 2017/08/14 9:53:55 ET
Table 'Chaka' 6-max Seat #6 is the button
Seat 4: VolkovDmitri ($120 in chips)
Seat 6: HAOYUN88888 ($61.20 in chips)
HAOYUN88888: posts small blind $1
VolkovDmitri: posts big blind $3
*** HOLE CARDS ***
HAOYUN88888: folds
Uncalled bet ($2) returned to VolkovDmitri
VolkovDmitri collected $2 from pot
VolkovDmitri: doesn't show hand
*** SUMMARY ***
Total pot $2 | Rake $0
Seat 4: VolkovDmitri (big blind) collected ($2)
Seat 6: HAOYUN88888 (button) (small blind) folded before Flop


PokerStars Hand #174321810032:  Hold'em Limit ($3/$6 USD) - 2017/08/14 9:55:06 ET
Table 'Chaka' 6-max Seat #4 is the button
Seat 4: VolkovDmitri ($125.64 in chips)
Seat 6: HAOYUN88888 ($63.84 in chips)
VolkovDmitri: posts small blind $1
HAOYUN88888: posts big blind $3
*** HOLE CARDS ***
VolkovDmitri: raises $3 to $6
HAOYUN88888: folds
Uncalled bet ($3) returned to VolkovDmitri
VolkovDmitri collected $6 from pot
VolkovDmitri: doesn't show hand
*** SUMMARY ***
Total pot $6 | Rake $0
Seat 4: VolkovDmitri (button) (small blind) collected ($6)
Seat 6: HAOYUN88888 (big blind) folded before Flop


PokerStars Hand #174321804504:  Hold'em Limit ($3/$6 USD) - 2017/08/14 9:54:54 ET
Table 'Chaka' 6-max Seat #6 is the button
Seat 4: VolkovDmitri ($128.64 in chips)
Seat 6: HAOYUN88888 ($60.84 in chips)
HAOYUN88888: posts small blind $1
VolkovDmitri: posts big blind $3
*** HOLE CARDS ***
HAOYUN88888: raises $3 to $6
VolkovDmitri: folds
Uncalled bet ($3) returned to HAOYUN88888
HAOYUN88888 collected $6 from pot
HAOYUN88888: doesn't show hand
*** SUMMARY ***
Total pot $6 | Rake $0
Seat 4: VolkovDmitri (big blind) folded before Flop
Seat 6: HAOYUN88888 (button) (small blind) collected ($6)


PokerStars Hand #174321795336:  Hold'em Limit ($3/$6 USD) - 2017/08/14 9:54:36 ET
Table 'Chaka' 6-max Seat #4 is the button
Seat 4: VolkovDmitri ($120 in chips)
Seat 6: HAOYUN88888 ($69.84 in chips)
VolkovDmitri: posts small blind $1
HAOYUN88888: posts big blind $3
*** HOLE CARDS ***
VolkovDmitri: raises $3 to $6
HAOYUN88888: calls $3
*** FLOP *** [2h 2c 5s]
HAOYUN88888: checks
VolkovDmitri: bets $3
HAOYUN88888: calls $3
*** TURN *** [2h 2c 5s] [Tc]
HAOYUN88888: checks
VolkovDmitri: bets $6
HAOYUN88888: folds
Uncalled bet ($6) returned to VolkovDmitri
VolkovDmitri collected $17.64 from pot
VolkovDmitri: doesn't show hand
*** SUMMARY ***
Total pot $18 | Rake $0.36
Board [2h 2c 5s Tc]
Seat 4: VolkovDmitri (button) (small blind) collected ($17.64)
Seat 6: HAOYUN88888 (big blind) folded on the Turn


PokerStars Hand #174321780798:  Hold'em Limit ($3/$6 USD) - 2017/08/14 9:54:08 ET
Table 'Chaka' 6-max Seat #6 is the button
Seat 4: VolkovDmitri ($120 in chips)
Seat 6: HAOYUN88888 ($61.20 in chips)
HAOYUN88888: posts small blind $1
VolkovDmitri: posts big blind $3
*** HOLE CARDS ***
HAOYUN88888: raises $3 to $6
VolkovDmitri: calls $3
*** FLOP *** [8s 3h 8h]
VolkovDmitri: checks
HAOYUN88888: bets $3
VolkovDmitri: calls $3
*** TURN *** [8s 3h 8h] [3c]
VolkovDmitri: checks
HAOYUN88888: bets $6
VolkovDmitri: folds
Uncalled bet ($6) returned to HAOYUN88888
HAOYUN88888 collected $17.64 from pot
HAOYUN88888: doesn't show hand
*** SUMMARY ***
Total pot $18 | Rake $0.36
Board [8s 3h 8h 3c]
Seat 4: VolkovDmitri (big blind) folded on the Turn
Seat 6: HAOYUN88888 (button) (small blind) collected ($17.64)


PokerStars Hand #174321820896:  Hold'em Limit ($3/$6 USD) - 2017/08/14 9:55:30 ET
Table 'Chaka' 6-max Seat #6 is the button
Seat 4: VolkovDmitri ($125.64 in chips)
Seat 6: HAOYUN88888 ($63.60 in chips)
HAOYUN88888: posts small blind $1
VolkovDmitri: posts big blind $3
*** HOLE CARDS ***
HAOYUN88888: raises $3 to $6
VolkovDmitri: calls $3
*** FLOP *** [3h 4c 7h]
VolkovDmitri: bets $3
HAOYUN88888: raises $3 to $6
VolkovDmitri: raises $3 to $9
HAOYUN88888: calls $3
*** TURN *** [3h 4c 7h] [7s]
VolkovDmitri: bets $6
HAOYUN88888: calls $6
*** RIVER *** [3h 4c 7h 7s] [4h]
VolkovDmitri: bets $6
HAOYUN88888: folds
Uncalled bet ($6) returned to VolkovDmitri
VolkovDmitri collected $41.50 from pot
VolkovDmitri: doesn't show hand
*** SUMMARY ***
Total pot $42 | Rake $0.50
Board [3h 4c 7h 7s 4h]
Seat 4: VolkovDmitri (big blind) collected ($41.50)
Seat 6: HAOYUN88888 (button) (small blind) folded on the River


PokerStars Hand #174321818538:  Hold'em Limit ($3/$6 USD) - 2017/08/14 9:55:25 ET
Table 'Chaka' 6-max Seat #4 is the button
Seat 4: VolkovDmitri ($122.64 in chips)
Seat 6: HAOYUN88888 ($66.60 in chips)
VolkovDmitri: posts small blind $1
HAOYUN88888: posts big blind $3
*** HOLE CARDS ***
VolkovDmitri: raises $3 to $6
HAOYUN88888: folds
Uncalled bet ($3) returned to VolkovDmitri
VolkovDmitri collected $6 from pot
VolkovDmitri: doesn't show hand
*** SUMMARY ***
Total pot $6 | Rake $0
Seat 4: VolkovDmitri (button) (small blind) collected ($6)
Seat 6: HAOYUN88888 (big blind) folded before Flop


PokerStars Hand #174321813097:  Hold'em Limit ($3/$6 USD) - 2017/08/14 9:55:13 ET
Table 'Chaka' 6-max Seat #6 is the button
Seat 4: VolkovDmitri ($128.64 in chips)
Seat 6: HAOYUN88888 ($60.84 in chips)
HAOYUN88888: posts small blind $1
VolkovDmitri: posts big blind $3
*** HOLE CARDS ***
HAOYUN88888: raises $3 to $6
VolkovDmitri: calls $3
*** FLOP *** [Ks Jc 8d]
VolkovDmitri: checks
HAOYUN88888: bets $3
VolkovDmitri: folds
Uncalled bet ($3) returned to HAOYUN88888
HAOYUN88888 collected $11.76 from pot
HAOYUN88888: doesn't show hand
*** SUMMARY ***
Total pot $12 | Rake $0.24
Board [Ks Jc 8d]
Seat 4: VolkovDmitri (big blind) folded on the Flop
Seat 6: HAOYUN88888 (button) (small blind) collected ($11.76)


PokerStars Hand #174321856945:  Hold'em Limit ($3/$6 USD) - 2017/08/14 9:56:52 ET
Table 'Chaka' 6-max Seat #6 is the button
Seat 4: VolkovDmitri ($146.78 in chips)
Seat 6: HAOYUN88888 ($41.24 in chips)
HAOYUN88888: posts small blind $1
VolkovDmitri: posts big blind $3
*** HOLE CARDS ***
HAOYUN88888: raises $3 to $6
VolkovDmitri: calls $3
*** FLOP *** [Kd Qd Jc]
VolkovDmitri: checks
HAOYUN88888: bets $3
VolkovDmitri: calls $3
*** TURN *** [Kd Qd Jc] [2d]
VolkovDmitri: checks
HAOYUN88888: checks
*** RIVER *** [Kd Qd Jc 2d] [Td]
VolkovDmitri: checks
HAOYUN88888: bets $6
VolkovDmitri: folds
Uncalled bet ($6) returned to HAOYUN88888
HAOYUN88888 collected $17.64 from pot
HAOYUN88888: doesn't show hand
*** SUMMARY ***
Total pot $18 | Rake $0.36
Board [Kd Qd Jc 2d Td]
Seat 4: VolkovDmitri (big blind) folded on the River
Seat 6: HAOYUN88888 (button) (small blind) collected ($17.64)


PokerStars Hand #174321848262:  Hold'em Limit ($3/$6 USD) - 2017/08/14 9:56:33 ET
Table 'Chaka' 6-max Seat #4 is the button
Seat 4: VolkovDmitri ($155.78 in chips)
Seat 6: HAOYUN88888 ($32.60 in chips)
VolkovDmitri: posts small blind $1
HAOYUN88888: posts big blind $3
*** HOLE CARDS ***
VolkovDmitri: raises $3 to $6
HAOYUN88888: calls $3
*** FLOP *** [2h Ad 2s]
HAOYUN88888: checks
VolkovDmitri: bets $3
HAOYUN88888: raises $3 to $6
VolkovDmitri: folds
Uncalled bet ($3) returned to HAOYUN88888
zimin10 joins the table at seat #1
HAOYUN88888 collected $17.64 from pot
HAOYUN88888: doesn't show hand
*** SUMMARY ***
Total pot $18 | Rake $0.36
Board [2h Ad 2s]
Seat 4: VolkovDmitri (button) (small blind) folded on the Flop
Seat 6: HAOYUN88888 (big blind) collected ($17.64)


PokerStars Hand #174321845786:  Hold'em Limit ($3/$6 USD) - 2017/08/14 9:56:27 ET
Table 'Chaka' 6-max Seat #6 is the button
Seat 4: VolkovDmitri ($154.78 in chips)
Seat 6: HAOYUN88888 ($33.60 in chips)
HAOYUN88888: posts small blind $1
VolkovDmitri: posts big blind $3
*** HOLE CARDS ***
HAOYUN88888: folds
Uncalled bet ($2) returned to VolkovDmitri
VolkovDmitri collected $2 from pot
VolkovDmitri: doesn't show hand
*** SUMMARY ***
Total pot $2 | Rake $0
Seat 4: VolkovDmitri (big blind) collected ($2)
Seat 6: HAOYUN88888 (button) (small blind) folded before Flop


PokerStars Hand #174321832805:  Hold'em Limit ($3/$6 USD) - 2017/08/14 9:55:57 ET
Table 'Chaka' 6-max Seat #4 is the button
Seat 4: VolkovDmitri ($146.14 in chips)
Seat 6: HAOYUN88888 ($42.60 in chips)
VolkovDmitri: posts small blind $1
HAOYUN88888: posts big blind $3
*** HOLE CARDS ***
VolkovDmitri: raises $3 to $6
HAOYUN88888: calls $3
*** FLOP *** [Td 2s 2h]
HAOYUN88888: checks
VolkovDmitri: bets $3
HAOYUN88888: calls $3
*** TURN *** [Td 2s 2h] [3c]
HAOYUN88888: checks
VolkovDmitri: checks
*** RIVER *** [Td 2s 2h 3c] [5s]
HAOYUN88888: checks
VolkovDmitri: checks
*** SHOW DOWN ***
HAOYUN88888: shows [8d 6c] (a pair of Deuces)
VolkovDmitri: shows [6s Js] (a pair of Deuces - Jack kicker)
VolkovDmitri collected $17.64 from pot
*** SUMMARY ***
Total pot $18 | Rake $0.36
Board [Td 2s 2h 3c 5s]
Seat 4: VolkovDmitri (button) (small blind) showed [6s Js] and won ($17.64) with a pair of Deuces
Seat 6: HAOYUN88888 (big blind) showed [8d 6c] and lost with a pair of Deuces


PokerStars Hand #174321880310:  Hold'em Limit ($3/$6 USD) - 2017/08/14 9:57:44 ET
Table 'Chaka' 6-max Seat #6 is the button
Seat 4: VolkovDmitri ($161.28 in chips)
Seat 6: HAOYUN88888 ($25.88 in chips)
HAOYUN88888: posts small blind $1
VolkovDmitri: posts big blind $3
*** HOLE CARDS ***
HAOYUN88888: raises $3 to $6
VolkovDmitri: calls $3
*** FLOP *** [Js Jc 8h]
VolkovDmitri: checks
HAOYUN88888: bets $3
VolkovDmitri: folds
Uncalled bet ($3) returned to HAOYUN88888
HAOYUN88888 collected $11.76 from pot
HAOYUN88888: doesn't show hand
*** SUMMARY ***
Total pot $12 | Rake $0.24
Board [Js Jc 8h]
Seat 4: VolkovDmitri (big blind) folded on the Flop
Seat 6: HAOYUN88888 (button) (small blind) collected ($11.76)


PokerStars Hand #174321867075:  Hold'em Limit ($3/$6 USD) - 2017/08/14 9:57:15 ET
Table 'Chaka' 6-max Seat #4 is the button
Seat 4: VolkovDmitri ($137.78 in chips)
Seat 6: HAOYUN88888 ($49.88 in chips)
VolkovDmitri: posts small blind $1
HAOYUN88888: posts big blind $3
*** HOLE CARDS ***
VolkovDmitri: raises $3 to $6
HAOYUN88888: calls $3
*** FLOP *** [6d Kc 6h]
HAOYUN88888: checks
VolkovDmitri: checks
*** TURN *** [6d Kc 6h] [Qh]
HAOYUN88888: bets $6
VolkovDmitri: calls $6
*** RIVER *** [6d Kc 6h Qh] [Ks]
HAOYUN88888: bets $6
VolkovDmitri: raises $6 to $12
HAOYUN88888: calls $6
*** SHOW DOWN ***
VolkovDmitri: shows [2d Kd] (a full house, Kings full of Sixes)
HAOYUN88888: mucks hand
VolkovDmitri collected $47.50 from pot
*** SUMMARY ***
Total pot $48 | Rake $0.50
Board [6d Kc 6h Qh Ks]
Seat 4: VolkovDmitri (button) (small blind) showed [2d Kd] and won ($47.50) with a full house, Kings full of Sixes
Seat 6: HAOYUN88888 (big blind) mucked


PokerStars Hand #174321897314:  Hold'em Limit ($3/$6 USD) - 2017/08/14 9:58:22 ET
Table 'Chaka' 6-max Seat #6 is the button
Seat 4: VolkovDmitri ($169.78 in chips)
Seat 6: HAOYUN88888 ($16.64 in chips)
HAOYUN88888: posts small blind $1
VolkovDmitri: posts big blind $3
*** HOLE CARDS ***
HAOYUN88888: raises $3 to $6
VolkovDmitri: raises $3 to $9
HAOYUN88888: calls $3
*** FLOP *** [6d Tc Jd]
VolkovDmitri: bets $3
HAOYUN88888: folds
Uncalled bet ($3) returned to VolkovDmitri
VolkovDmitri collected $17.64 from pot
VolkovDmitri: doesn't show hand
*** SUMMARY ***
Total pot $18 | Rake $0.36
Board [6d Tc Jd]
Seat 4: VolkovDmitri (big blind) collected ($17.64)
Seat 6: HAOYUN88888 (button) (small blind) folded on the Flop


PokerStars Hand #174321886385:  Hold'em Limit ($3/$6 USD) - 2017/08/14 9:57:57 ET
Table 'Chaka' 6-max Seat #4 is the button
Seat 4: VolkovDmitri ($155.28 in chips)
Seat 6: HAOYUN88888 ($31.64 in chips)
VolkovDmitri: posts small blind $1
HAOYUN88888: posts big blind $3
*** HOLE CARDS ***
VolkovDmitri: raises $3 to $6
HAOYUN88888: calls $3
*** FLOP *** [8d 5h 2d]
HAOYUN88888: checks
VolkovDmitri: bets $3
HAOYUN88888: calls $3
*** TURN *** [8d 5h 2d] [8h]
HAOYUN88888: checks
VolkovDmitri: checks
*** RIVER *** [8d 5h 2d 8h] [As]
HAOYUN88888: bets $6
VolkovDmitri: calls $6
*** SHOW DOWN ***
HAOYUN88888: shows [9h 3h] (a pair of Eights)
VolkovDmitri: shows [Td Ks] (a pair of Eights - Ace+King kicker)
VolkovDmitri collected $29.50 from pot
*** SUMMARY ***
Total pot $30 | Rake $0.50
Board [8d 5h 2d 8h As]
Seat 4: VolkovDmitri (button) (small blind) showed [Td Ks] and won ($29.50) with a pair of Eights
Seat 6: HAOYUN88888 (big blind) showed [9h 3h] and lost with a pair of Eights


