PokerStars Hand #151249392338:  Hold'em Limit ($3/$6 USD) - 2016/03/31 22:56:11 ET
Table 'Chaldaea' 6-max Seat #3 is the button
Seat 3: Sunny1022 ($82.63 in chips)
Seat 4: Mudager ($120 in chips)
Sunny1022: posts small blind $1
Mudager: posts big blind $3
*** HOLE CARDS ***
Sunny1022: folds
Uncalled bet ($2) returned to Mudager
Mudager collected $2 from pot
Mudager: doesn't show hand
*** SUMMARY ***
Total pot $2 | Rake $0
Seat 3: Sunny1022 (button) (small blind) folded before Flop
Seat 4: Mudager (big blind) collected ($2)


PokerStars Hand #151249394298:  Hold'em Limit ($3/$6 USD) - 2016/03/31 22:56:18 ET
Table 'Chaldaea' 6-max Seat #4 is the button
Seat 3: Sunny1022 ($81.63 in chips)
Seat 4: Mudager ($121 in chips)
Mudager: posts small blind $1
Sunny1022: posts big blind $3
*** HOLE CARDS ***
Mudager: raises $3 to $6
Sunny1022: calls $3
*** FLOP *** [Qs 2s Jh]
Sunny1022: checks
Mudager: bets $3
Sunny1022: calls $3
*** TURN *** [Qs 2s Jh] [Ac]
Sunny1022: checks
Mudager: bets $6
Sunny1022: raises $6 to $12
Mudager: folds
Uncalled bet ($6) returned to Sunny1022
Sunny1022 collected $29.50 from pot
Sunny1022: doesn't show hand
*** SUMMARY ***
Total pot $30 | Rake $0.50
Board [Qs 2s Jh Ac]
Seat 3: Sunny1022 (big blind) collected ($29.50)
Seat 4: Mudager (button) (small blind) folded on the Turn


PokerStars Hand #151249401257:  Hold'em Limit ($3/$6 USD) - 2016/03/31 22:56:42 ET
Table 'Chaldaea' 6-max Seat #3 is the button
Seat 3: Sunny1022 ($96.13 in chips)
Seat 4: Mudager ($120 in chips)
Sunny1022: posts small blind $1
Mudager: posts big blind $3
*** HOLE CARDS ***
Sunny1022: raises $3 to $6
Mudager: calls $3
*** FLOP *** [Ac 8d Kh]
Mudager: checks
Sunny1022: checks
*** TURN *** [Ac 8d Kh] [7d]
Mudager: checks
Sunny1022: checks
*** RIVER *** [Ac 8d Kh 7d] [9d]
Mudager: checks
Sunny1022: bets $6
Mudager: folds
Uncalled bet ($6) returned to Sunny1022
Sunny1022 collected $11.76 from pot
Sunny1022: doesn't show hand
*** SUMMARY ***
Total pot $12 | Rake $0.24
Board [Ac 8d Kh 7d 9d]
Seat 3: Sunny1022 (button) (small blind) collected ($11.76)
Seat 4: Mudager (big blind) folded on the River


PokerStars Hand #151249428802:  Hold'em Limit ($3/$6 USD) - 2016/03/31 22:58:15 ET
Table 'Chaldaea' 6-max Seat #4 is the button
Seat 3: Sunny1022 ($87.89 in chips)
Seat 4: Mudager ($134.50 in chips)
Mudager: posts small blind $1
Sunny1022: posts big blind $3
*** HOLE CARDS ***
Mudager: folds
Uncalled bet ($2) returned to Sunny1022
Sunny1022 collected $2 from pot
Sunny1022: doesn't show hand
*** SUMMARY ***
Total pot $2 | Rake $0
Seat 3: Sunny1022 (big blind) collected ($2)
Seat 4: Mudager (button) (small blind) folded before Flop


PokerStars Hand #151249417721:  Hold'em Limit ($3/$6 USD) - 2016/03/31 22:57:37 ET
Table 'Chaldaea' 6-max Seat #3 is the button
Seat 3: Sunny1022 ($102.89 in chips)
Seat 4: Mudager ($120 in chips)
Sunny1022: posts small blind $1
Mudager: posts big blind $3
*** HOLE CARDS ***
Sunny1022: raises $3 to $6
Mudager: calls $3
*** FLOP *** [5d 9h Qh]
Mudager: checks
Sunny1022: bets $3
Mudager: calls $3
*** TURN *** [5d 9h Qh] [5h]
Mudager: checks
Sunny1022: checks
*** RIVER *** [5d 9h Qh 5h] [7s]
Mudager: checks
Sunny1022: bets $6
Mudager: calls $6
*** SHOW DOWN ***
Sunny1022: shows [Jc Kh] (a pair of Fives)
Mudager: shows [8c Ad] (a pair of Fives - Ace kicker)
Mudager collected $29.50 from pot
*** SUMMARY ***
Total pot $30 | Rake $0.50
Board [5d 9h Qh 5h 7s]
Seat 3: Sunny1022 (button) (small blind) showed [Jc Kh] and lost with a pair of Fives
Seat 4: Mudager (big blind) showed [8c Ad] and won ($29.50) with a pair of Fives


PokerStars Hand #151249415923:  Hold'em Limit ($3/$6 USD) - 2016/03/31 22:57:31 ET
Table 'Chaldaea' 6-max Seat #4 is the button
Seat 3: Sunny1022 ($101.89 in chips)
Seat 4: Mudager ($121 in chips)
Mudager: posts small blind $1
Sunny1022: posts big blind $3
*** HOLE CARDS ***
Mudager: folds
Uncalled bet ($2) returned to Sunny1022
Sunny1022 collected $2 from pot
Sunny1022: doesn't show hand
*** SUMMARY ***
Total pot $2 | Rake $0
Seat 3: Sunny1022 (big blind) collected ($2)
Seat 4: Mudager (button) (small blind) folded before Flop


PokerStars Hand #151249414399:  Hold'em Limit ($3/$6 USD) - 2016/03/31 22:57:26 ET
Table 'Chaldaea' 6-max Seat #3 is the button
Seat 3: Sunny1022 ($102.89 in chips)
Seat 4: Mudager ($120 in chips)
Sunny1022: posts small blind $1
Mudager: posts big blind $3
*** HOLE CARDS ***
Sunny1022: folds
Uncalled bet ($2) returned to Mudager
Mudager collected $2 from pot
Mudager: doesn't show hand
*** SUMMARY ***
Total pot $2 | Rake $0
Seat 3: Sunny1022 (button) (small blind) folded before Flop
Seat 4: Mudager (big blind) collected ($2)


PokerStars Hand #151249442352:  Hold'em Limit ($3/$6 USD) - 2016/03/31 22:59:02 ET
Table 'Chaldaea' 6-max Seat #4 is the button
Seat 3: Sunny1022 ($106.39 in chips)
Seat 4: Mudager ($120 in chips)
Mudager: posts small blind $1
Sunny1022: posts big blind $3
*** HOLE CARDS ***
Mudager: folds
Uncalled bet ($2) returned to Sunny1022
Sunny1022 collected $2 from pot
Sunny1022: doesn't show hand
*** SUMMARY ***
Total pot $2 | Rake $0
Seat 3: Sunny1022 (big blind) collected ($2)
Seat 4: Mudager (button) (small blind) folded before Flop


PokerStars Hand #151249430261:  Hold'em Limit ($3/$6 USD) - 2016/03/31 22:58:20 ET
Table 'Chaldaea' 6-max Seat #3 is the button
Seat 3: Sunny1022 ($88.89 in chips)
Seat 4: Mudager ($133.50 in chips)
Sunny1022: posts small blind $1
Mudager: posts big blind $3
*** HOLE CARDS ***
Sunny1022: raises $3 to $6
Mudager: calls $3
*** FLOP *** [Qs 7h 3c]
Mudager: checks
Sunny1022: checks
*** TURN *** [Qs 7h 3c] [Kd]
Mudager: checks
Sunny1022: bets $6
Mudager: calls $6
*** RIVER *** [Qs 7h 3c Kd] [2s]
Mudager: checks
Sunny1022: bets $6
Mudager: calls $6
*** SHOW DOWN ***
Sunny1022: shows [Kc Ts] (a pair of Kings)
Mudager: mucks hand
Sunny1022 collected $35.50 from pot
*** SUMMARY ***
Total pot $36 | Rake $0.50
Board [Qs 7h 3c Kd 2s]
Seat 3: Sunny1022 (button) (small blind) showed [Kc Ts] and won ($35.50) with a pair of Kings
Seat 4: Mudager (big blind) mucked


PokerStars Hand #151249451393:  Hold'em Limit ($3/$6 USD) - 2016/03/31 22:59:33 ET
Table 'Chaldaea' 6-max Seat #3 is the button
Seat 3: Sunny1022 ($114.15 in chips)
Seat 4: Mudager ($120 in chips)
Sunny1022: posts small blind $1
Mudager: posts big blind $3
*** HOLE CARDS ***
Sunny1022: raises $3 to $6
cmbs joins the table at seat #5
Mudager: calls $3
*** FLOP *** [5c 4c 8h]
Mudager: checks
Sunny1022: bets $3
Mudager: raises $3 to $6
Sunny1022: calls $3
*** TURN *** [5c 4c 8h] [2d]
Mudager: bets $6
Sunny1022: raises $6 to $12
Mudager: calls $6
*** RIVER *** [5c 4c 8h 2d] [Jc]
Mudager: checks
Sunny1022: bets $6
Mudager: raises $6 to $12
Sunny1022: calls $6
*** SHOW DOWN ***
Mudager: shows [2c 9c] (a flush, Jack high)
Sunny1022: mucks hand
Mudager collected $71.50 from pot
*** SUMMARY ***
Total pot $72 | Rake $0.50
Board [5c 4c 8h 2d Jc]
Seat 3: Sunny1022 (button) (small blind) mucked
Seat 4: Mudager (big blind) showed [2c 9c] and won ($71.50) with a flush, Jack high


PokerStars Hand #151249448899:  Hold'em Limit ($3/$6 USD) - 2016/03/31 22:59:25 ET
Table 'Chaldaea' 6-max Seat #4 is the button
Seat 3: Sunny1022 ($113.15 in chips)
Seat 4: Mudager ($120 in chips)
Mudager: posts small blind $1
Sunny1022: posts big blind $3
*** HOLE CARDS ***
Mudager: folds
Uncalled bet ($2) returned to Sunny1022
Sunny1022 collected $2 from pot
Sunny1022: doesn't show hand
*** SUMMARY ***
Total pot $2 | Rake $0
Seat 3: Sunny1022 (big blind) collected ($2)
Seat 4: Mudager (button) (small blind) folded before Flop


PokerStars Hand #151249443991:  Hold'em Limit ($3/$6 USD) - 2016/03/31 22:59:08 ET
Table 'Chaldaea' 6-max Seat #3 is the button
Seat 3: Sunny1022 ($107.39 in chips)
Seat 4: Mudager ($120 in chips)
Sunny1022: posts small blind $1
Mudager: posts big blind $3
*** HOLE CARDS ***
Sunny1022: raises $3 to $6
Mudager: calls $3
*** FLOP *** [Js 8s 2h]
Mudager: checks
Sunny1022: bets $3
Mudager: folds
Uncalled bet ($3) returned to Sunny1022
Sunny1022 collected $11.76 from pot
Sunny1022: doesn't show hand
*** SUMMARY ***
Total pot $12 | Rake $0.24
Board [Js 8s 2h]
Seat 3: Sunny1022 (button) (small blind) collected ($11.76)
Seat 4: Mudager (big blind) folded on the Flop


PokerStars Hand #151249637877:  Hold'em Limit ($3/$6 USD) - 2016/03/31 23:08:39 ET
Table 'Chaldaea' 6-max Seat #4 is the button
Seat 4: Mudager ($136.25 in chips)
Seat 5: cmbs ($575.87 in chips)
Mudager: posts small blind $1
cmbs: posts big blind $3
*** HOLE CARDS ***
Mudager: raises $3 to $6
cmbs: calls $3
*** FLOP *** [2d 4d 5c]
cmbs: bets $3
Mudager: calls $3
*** TURN *** [2d 4d 5c] [Ah]
cmbs: checks
Mudager: checks
*** RIVER *** [2d 4d 5c Ah] [Qc]
cmbs: checks
Mudager: checks
*** SHOW DOWN ***
cmbs: shows [Jd 5d] (a pair of Fives)
Mudager: mucks hand
cmbs collected $17.64 from pot
*** SUMMARY ***
Total pot $18 | Rake $0.36
Board [2d 4d 5c Ah Qc]
Seat 4: Mudager (button) (small blind) mucked
Seat 5: cmbs (big blind) showed [Jd 5d] and won ($17.64) with a pair of Fives


PokerStars Hand #151249664948:  Hold'em Limit ($3/$6 USD) - 2016/03/31 23:10:02 ET
Table 'Chaldaea' 6-max Seat #4 is the button
Seat 4: Mudager ($120 in chips)
Seat 5: cmbs ($599.01 in chips)
Mudager: posts small blind $1
cmbs: posts big blind $3
*** HOLE CARDS ***
Mudager: folds
Uncalled bet ($2) returned to cmbs
cmbs collected $2 from pot
cmbs: doesn't show hand
*** SUMMARY ***
Total pot $2 | Rake $0
Seat 4: Mudager (button) (small blind) folded before Flop
Seat 5: cmbs (big blind) collected ($2)


PokerStars Hand #151249649791:  Hold'em Limit ($3/$6 USD) - 2016/03/31 23:09:15 ET
Table 'Chaldaea' 6-max Seat #5 is the button
Seat 4: Mudager ($127.25 in chips)
Seat 5: cmbs ($584.51 in chips)
cmbs: posts small blind $1
Mudager: posts big blind $3
*** HOLE CARDS ***
cmbs: raises $3 to $6
Mudager: calls $3
*** FLOP *** [4c Jc Jh]
Mudager: checks
cmbs: bets $3
Mudager: calls $3
*** TURN *** [4c Jc Jh] [3c]
Mudager: checks
cmbs: checks
*** RIVER *** [4c Jc Jh 3c] [3d]
Mudager: checks
cmbs: bets $6
Mudager: calls $6
*** SHOW DOWN ***
cmbs: shows [Th Td] (two pair, Jacks and Tens)
Mudager: mucks hand
cmbs collected $29.50 from pot
*** SUMMARY ***
Total pot $30 | Rake $0.50
Board [4c Jc Jh 3c 3d]
Seat 4: Mudager (big blind) mucked
Seat 5: cmbs (button) (small blind) showed [Th Td] and won ($29.50) with two pair, Jacks and Tens


PokerStars Hand #151249666696:  Hold'em Limit ($3/$6 USD) - 2016/03/31 23:10:07 ET
Table 'Chaldaea' 6-max Seat #5 is the button
Seat 4: Mudager ($120 in chips)
Seat 5: cmbs ($600.01 in chips)
cmbs: posts small blind $1
Mudager: posts big blind $3
*** HOLE CARDS ***
cmbs: raises $3 to $6
Mudager: raises $3 to $9
cmbs: calls $3
*** FLOP *** [9s 9h 8h]
Mudager: bets $3
cmbs: calls $3
*** TURN *** [9s 9h 8h] [2c]
Mudager: bets $6
cmbs: calls $6
*** RIVER *** [9s 9h 8h 2c] [8d]
Mudager: bets $6
cmbs: calls $6
*** SHOW DOWN ***
Mudager: shows [Jc Qc] (two pair, Nines and Eights)
cmbs: shows [As Kh] (two pair, Nines and Eights - Ace kicker)
cmbs collected $47.50 from pot
*** SUMMARY ***
Total pot $48 | Rake $0.50
Board [9s 9h 8h 2c 8d]
Seat 4: Mudager (big blind) showed [Jc Qc] and lost with two pair, Nines and Eights
Seat 5: cmbs (button) (small blind) showed [As Kh] and won ($47.50) with two pair, Nines and Eights


PokerStars Hand #151249674429:  Hold'em Limit ($3/$6 USD) - 2016/03/31 23:10:31 ET
Table 'Chaldaea' 6-max Seat #4 is the button
Seat 4: Mudager ($120 in chips)
Seat 5: cmbs ($623.51 in chips)
Mudager: posts small blind $1
cmbs: posts big blind $3
*** HOLE CARDS ***
Mudager: raises $3 to $6
cmbs: calls $3
*** FLOP *** [5c 2s Td]
cmbs: bets $3
Mudager: folds
Uncalled bet ($3) returned to cmbs
cmbs collected $11.76 from pot
cmbs: doesn't show hand
*** SUMMARY ***
Total pot $12 | Rake $0.24
Board [5c 2s Td]
Seat 4: Mudager (button) (small blind) folded on the Flop
Seat 5: cmbs (big blind) collected ($11.76)


PokerStars Hand #151249686957:  Hold'em Limit ($3/$6 USD) - 2016/03/31 23:11:09 ET
Table 'Chaldaea' 6-max Seat #4 is the button
Seat 4: Mudager ($120 in chips)
Seat 5: cmbs ($635.03 in chips)
Mudager: posts small blind $1
cmbs: posts big blind $3
*** HOLE CARDS ***
Mudager: folds
Uncalled bet ($2) returned to cmbs
cmbs collected $2 from pot
cmbs: doesn't show hand
*** SUMMARY ***
Total pot $2 | Rake $0
Seat 4: Mudager (button) (small blind) folded before Flop
Seat 5: cmbs (big blind) collected ($2)


PokerStars Hand #151249679706:  Hold'em Limit ($3/$6 USD) - 2016/03/31 23:10:47 ET
Table 'Chaldaea' 6-max Seat #5 is the button
Seat 4: Mudager ($120 in chips)
Seat 5: cmbs ($629.27 in chips)
cmbs: posts small blind $1
Mudager: posts big blind $3
*** HOLE CARDS ***
cmbs: raises $3 to $6
Mudager: calls $3
*** FLOP *** [Ad Kh Tc]
Mudager: checks
cmbs: bets $3
Mudager: folds
Uncalled bet ($3) returned to cmbs
cmbs collected $11.76 from pot
cmbs: doesn't show hand
*** SUMMARY ***
Total pot $12 | Rake $0.24
Board [Ad Kh Tc]
Seat 4: Mudager (big blind) folded on the Flop
Seat 5: cmbs (button) (small blind) collected ($11.76)


PokerStars Hand #151249693282:  Hold'em Limit ($3/$6 USD) - 2016/03/31 23:11:29 ET
Table 'Chaldaea' 6-max Seat #4 is the button
Seat 4: Mudager ($120 in chips)
Seat 5: cmbs ($638.91 in chips)
Mudager: posts small blind $1
cmbs: posts big blind $3
*** HOLE CARDS ***
Mudager: raises $3 to $6
cmbs: raises $3 to $9
Mudager: calls $3
*** FLOP *** [As 7c 2h]
cmbs: bets $3
Mudager: calls $3
*** TURN *** [As 7c 2h] [9h]
cmbs: checks
Mudager: bets $6
cmbs: calls $6
*** RIVER *** [As 7c 2h 9h] [6h]
cmbs: checks
Mudager: checks
*** SHOW DOWN ***
cmbs: shows [Jh Jd] (a pair of Jacks)
Mudager: mucks hand
cmbs collected $35.50 from pot
*** SUMMARY ***
Total pot $36 | Rake $0.50
Board [As 7c 2h 9h 6h]
Seat 4: Mudager (button) (small blind) mucked
Seat 5: cmbs (big blind) showed [Jh Jd] and won ($35.50) with a pair of Jacks


PokerStars Hand #151249689339:  Hold'em Limit ($3/$6 USD) - 2016/03/31 23:11:17 ET
Table 'Chaldaea' 6-max Seat #5 is the button
Seat 4: Mudager ($120 in chips)
Seat 5: cmbs ($636.03 in chips)
cmbs: posts small blind $1
Mudager: posts big blind $3
*** HOLE CARDS ***
cmbs: calls $2
Mudager: checks
*** FLOP *** [Ah 8c 7d]
Mudager: checks
cmbs: bets $3
Mudager: folds
Uncalled bet ($3) returned to cmbs
cmbs collected $5.88 from pot
cmbs: doesn't show hand
*** SUMMARY ***
Total pot $6 | Rake $0.12
Board [Ah 8c 7d]
Seat 4: Mudager (big blind) folded on the Flop
Seat 5: cmbs (button) (small blind) collected ($5.88)


PokerStars Hand #151249705906:  Hold'em Limit ($3/$6 USD) - 2016/03/31 23:12:08 ET
Table 'Chaldaea' 6-max Seat #5 is the button
Seat 4: Mudager ($120 in chips)
Seat 5: cmbs ($656.41 in chips)
cmbs: posts small blind $1
Mudager: posts big blind $3
*** HOLE CARDS ***
cmbs: raises $3 to $6
Mudager: calls $3
*** FLOP *** [2s 2c 6c]
Mudager: checks
cmbs: bets $3
Mudager: calls $3
*** TURN *** [2s 2c 6c] [9h]
Mudager: checks
cmbs: checks
*** RIVER *** [2s 2c 6c 9h] [Qs]
Mudager: checks
cmbs: checks
*** SHOW DOWN ***
Mudager: shows [5c Kh] (a pair of Deuces)
cmbs: shows [Ad Js] (a pair of Deuces - Ace kicker)
cmbs collected $17.64 from pot
*** SUMMARY ***
Total pot $18 | Rake $0.36
Board [2s 2c 6c 9h Qs]
Seat 4: Mudager (big blind) showed [5c Kh] and lost with a pair of Deuces
Seat 5: cmbs (button) (small blind) showed [Ad Js] and won ($17.64) with a pair of Deuces


PokerStars Hand #151249717066:  Hold'em Limit ($3/$6 USD) - 2016/03/31 23:12:42 ET
Table 'Chaldaea' 6-max Seat #4 is the button
Seat 4: Mudager ($120 in chips)
Seat 5: cmbs ($665.05 in chips)
Mudager: posts small blind $1
cmbs: posts big blind $3
*** HOLE CARDS ***
Mudager: folds
Uncalled bet ($2) returned to cmbs
cmbs collected $2 from pot
cmbs: doesn't show hand
*** SUMMARY ***
Total pot $2 | Rake $0
Seat 4: Mudager (button) (small blind) folded before Flop
Seat 5: cmbs (big blind) collected ($2)


PokerStars Hand #151251373269:  Hold'em Limit ($3/$6 USD) - 2016/04/01 0:47:06 ET
Table 'Chaldaea' 6-max Seat #5 is the button
Seat 2: baur017017 ($24.50 in chips)
Seat 5: VolkovDmitri ($231.28 in chips)
VolkovDmitri: posts small blind $1
baur017017: posts big blind $3
*** HOLE CARDS ***
VolkovDmitri: raises $3 to $6
baur017017: folds
Uncalled bet ($3) returned to VolkovDmitri
VolkovDmitri collected $6 from pot
VolkovDmitri: doesn't show hand
*** SUMMARY ***
Total pot $6 | Rake $0
Seat 2: baur017017 (big blind) folded before Flop
Seat 5: VolkovDmitri (button) (small blind) collected ($6)


PokerStars Hand #151251371923:  Hold'em Limit ($3/$6 USD) - 2016/04/01 0:47:01 ET
Table 'Chaldaea' 6-max Seat #2 is the button
Seat 2: baur017017 ($25.50 in chips)
Seat 5: VolkovDmitri ($230.28 in chips)
baur017017: posts small blind $1
VolkovDmitri: posts big blind $3
*** HOLE CARDS ***
baur017017: folds
Uncalled bet ($2) returned to VolkovDmitri
VolkovDmitri collected $2 from pot
VolkovDmitri: doesn't show hand
*** SUMMARY ***
Total pot $2 | Rake $0
Seat 2: baur017017 (button) (small blind) folded before Flop
Seat 5: VolkovDmitri (big blind) collected ($2)


PokerStars Hand #151251367519:  Hold'em Limit ($3/$6 USD) - 2016/04/01 0:46:44 ET
Table 'Chaldaea' 6-max Seat #5 is the button
Seat 2: baur017017 ($28.50 in chips)
Seat 5: VolkovDmitri ($227.28 in chips)
VolkovDmitri: posts small blind $1
baur017017: posts big blind $3
*** HOLE CARDS ***
VolkovDmitri: raises $3 to $6
baur017017: folds
Uncalled bet ($3) returned to VolkovDmitri
VolkovDmitri collected $6 from pot
VolkovDmitri: doesn't show hand
*** SUMMARY ***
Total pot $6 | Rake $0
Seat 2: baur017017 (big blind) folded before Flop
Seat 5: VolkovDmitri (button) (small blind) collected ($6)


PokerStars Hand #151251365865:  Hold'em Limit ($3/$6 USD) - 2016/04/01 0:46:38 ET
Table 'Chaldaea' 6-max Seat #2 is the button
Seat 2: baur017017 ($29.50 in chips)
Seat 5: VolkovDmitri ($226.28 in chips)
baur017017: posts small blind $1
VolkovDmitri: posts big blind $3
*** HOLE CARDS ***
baur017017: folds
Uncalled bet ($2) returned to VolkovDmitri
VolkovDmitri collected $2 from pot
VolkovDmitri: doesn't show hand
*** SUMMARY ***
Total pot $2 | Rake $0
Seat 2: baur017017 (button) (small blind) folded before Flop
Seat 5: VolkovDmitri (big blind) collected ($2)


PokerStars Hand #151251350608:  Hold'em Limit ($3/$6 USD) - 2016/04/01 0:45:42 ET
Table 'Chaldaea' 6-max Seat #5 is the button
Seat 2: baur017017 ($20.86 in chips)
Seat 5: VolkovDmitri ($235.28 in chips)
VolkovDmitri: posts small blind $1
baur017017: posts big blind $3
*** HOLE CARDS ***
VolkovDmitri: raises $3 to $6
baur017017: calls $3
*** FLOP *** [As Th 7h]
baur017017: checks
VolkovDmitri: bets $3
baur017017: calls $3
*** TURN *** [As Th 7h] [7d]
baur017017: checks
VolkovDmitri: checks
*** RIVER *** [As Th 7h 7d] [Kh]
baur017017: bets $6
VolkovDmitri: folds
Uncalled bet ($6) returned to baur017017
baur017017 collected $17.64 from pot
baur017017: doesn't show hand
*** SUMMARY ***
Total pot $18 | Rake $0.36
Board [As Th 7h 7d Kh]
Seat 2: baur017017 (big blind) collected ($17.64)
Seat 5: VolkovDmitri (button) (small blind) folded on the River


PokerStars Hand #151251387825:  Hold'em Limit ($3/$6 USD) - 2016/04/01 0:48:00 ET
Table 'Chaldaea' 6-max Seat #2 is the button
Seat 2: baur017017 ($27.14 in chips)
Seat 5: VolkovDmitri ($228.28 in chips)
baur017017: posts small blind $1
VolkovDmitri: posts big blind $3
*** HOLE CARDS ***
baur017017: raises $3 to $6
VolkovDmitri: calls $3
*** FLOP *** [Ah Th Qs]
VolkovDmitri: checks
baur017017: bets $3
VolkovDmitri: folds
Uncalled bet ($3) returned to baur017017
baur017017 collected $11.76 from pot
baur017017: doesn't show hand
*** SUMMARY ***
Total pot $12 | Rake $0.24
Board [Ah Th Qs]
Seat 2: baur017017 (button) (small blind) collected ($11.76)
Seat 5: VolkovDmitri (big blind) folded on the Flop


PokerStars Hand #151251375595:  Hold'em Limit ($3/$6 USD) - 2016/04/01 0:47:14 ET
Table 'Chaldaea' 6-max Seat #2 is the button
Seat 2: baur017017 ($21.50 in chips)
Seat 5: VolkovDmitri ($234.28 in chips)
baur017017: posts small blind $1
VolkovDmitri: posts big blind $3
*** HOLE CARDS ***
baur017017: raises $3 to $6
VolkovDmitri: calls $3
*** FLOP *** [Ac Kc Jh]
VolkovDmitri: checks
baur017017: bets $3
VolkovDmitri: calls $3
*** TURN *** [Ac Kc Jh] [4d]
VolkovDmitri: checks
baur017017: bets $6
VolkovDmitri: folds
Uncalled bet ($6) returned to baur017017
baur017017 collected $17.64 from pot
baur017017: doesn't show hand
*** SUMMARY ***
Total pot $18 | Rake $0.36
Board [Ac Kc Jh 4d]
Seat 2: baur017017 (button) (small blind) collected ($17.64)
Seat 5: VolkovDmitri (big blind) folded on the Turn


PokerStars Hand #151251385956:  Hold'em Limit ($3/$6 USD) - 2016/04/01 0:47:53 ET
Table 'Chaldaea' 6-max Seat #5 is the button
Seat 2: baur017017 ($30.14 in chips)
Seat 5: VolkovDmitri ($225.28 in chips)
VolkovDmitri: posts small blind $1
baur017017: posts big blind $3
*** HOLE CARDS ***
VolkovDmitri: raises $3 to $6
baur017017: folds
Uncalled bet ($3) returned to VolkovDmitri
VolkovDmitri collected $6 from pot
VolkovDmitri: doesn't show hand
*** SUMMARY ***
Total pot $6 | Rake $0
Seat 2: baur017017 (big blind) folded before Flop
Seat 5: VolkovDmitri (button) (small blind) collected ($6)


PokerStars Hand #151251396425:  Hold'em Limit ($3/$6 USD) - 2016/04/01 0:48:32 ET
Table 'Chaldaea' 6-max Seat #5 is the button
Seat 2: baur017017 ($32.90 in chips)
Seat 5: VolkovDmitri ($222.28 in chips)
VolkovDmitri: posts small blind $1
baur017017: posts big blind $3
*** HOLE CARDS ***
VolkovDmitri: raises $3 to $6
baur017017: raises $3 to $9
VolkovDmitri: calls $3
*** FLOP *** [3c 3h Jc]
baur017017: bets $3
VolkovDmitri: calls $3
*** TURN *** [3c 3h Jc] [Qd]
baur017017: bets $6
VolkovDmitri: calls $6
*** RIVER *** [3c 3h Jc Qd] [2c]
baur017017: bets $6
VolkovDmitri: folds
Uncalled bet ($6) returned to baur017017
baur017017 collected $35.50 from pot
baur017017: doesn't show hand
*** SUMMARY ***
Total pot $36 | Rake $0.50
Board [3c 3h Jc Qd 2c]
Seat 2: baur017017 (big blind) collected ($35.50)
Seat 5: VolkovDmitri (button) (small blind) folded on the River


PokerStars Hand #151251408509:  Hold'em Limit ($3/$6 USD) - 2016/04/01 0:49:17 ET
Table 'Chaldaea' 6-max Seat #2 is the button
Seat 2: baur017017 ($50.40 in chips)
Seat 5: VolkovDmitri ($204.28 in chips)
baur017017: posts small blind $1
VolkovDmitri: posts big blind $3
*** HOLE CARDS ***
baur017017: folds
Uncalled bet ($2) returned to VolkovDmitri
VolkovDmitri collected $2 from pot
VolkovDmitri: doesn't show hand
*** SUMMARY ***
Total pot $2 | Rake $0
Seat 2: baur017017 (button) (small blind) folded before Flop
Seat 5: VolkovDmitri (big blind) collected ($2)


