PokerStars Hand #160279420827:  Hold'em Limit ($3/$6 USD) - 2016/10/22 10:27:54 ET
Table 'Chalonge' 6-max Seat #5 is the button
Seat 4: FHstyles ($63 in chips)
Seat 5: swics1202 ($77 in chips)
swics1202: posts small blind $1
FHstyles: posts big blind $3
*** HOLE CARDS ***
swics1202: raises $3 to $6
FHstyles: raises $3 to $9
swics1202: calls $3
*** FLOP *** [4c Jh 4h]
FHstyles: bets $3
swics1202: raises $3 to $6
FHstyles: calls $3
*** TURN *** [4c Jh 4h] [7d]
FHstyles: checks
swics1202: checks
*** RIVER *** [4c Jh 4h 7d] [Jc]
FHstyles: bets $6
swics1202: folds
Uncalled bet ($6) returned to FHstyles
FHstyles collected $29.50 from pot
FHstyles: doesn't show hand
*** SUMMARY ***
Total pot $30 | Rake $0.50
Board [4c Jh 4h 7d Jc]
Seat 4: FHstyles (big blind) collected ($29.50)
Seat 5: swics1202 (button) (small blind) folded on the River


PokerStars Hand #160279410160:  Hold'em Limit ($3/$6 USD) - 2016/10/22 10:27:37 ET
Table 'Chalonge' 6-max Seat #4 is the button
Seat 4: FHstyles ($60 in chips)
Seat 5: swics1202 ($80 in chips)
FHstyles: posts small blind $1
swics1202: posts big blind $3
*** HOLE CARDS ***
FHstyles: raises $3 to $6
swics1202: folds
Uncalled bet ($3) returned to FHstyles
FHstyles collected $6 from pot
FHstyles: doesn't show hand
*** SUMMARY ***
Total pot $6 | Rake $0
Seat 4: FHstyles (button) (small blind) collected ($6)
Seat 5: swics1202 (big blind) folded before Flop


PokerStars Hand #160279463307:  Hold'em Limit ($3/$6 USD) - 2016/10/22 10:29:01 ET
Table 'Chalonge' 6-max Seat #5 is the button
Seat 4: FHstyles ($92.50 in chips)
Seat 5: swics1202 ($106.50 in chips)
swics1202: posts small blind $1
FHstyles: posts big blind $3
*** HOLE CARDS ***
swics1202: calls $2
FHstyles: checks
*** FLOP *** [Ac 8s 5h]
FHstyles: checks
swics1202: bets $3
FHstyles: folds
Uncalled bet ($3) returned to swics1202
swics1202 collected $5.88 from pot
swics1202: doesn't show hand
*** SUMMARY ***
Total pot $6 | Rake $0.12
Board [Ac 8s 5h]
Seat 4: FHstyles (big blind) folded on the Flop
Seat 5: swics1202 (button) (small blind) collected ($5.88)


PokerStars Hand #160279435428:  Hold'em Limit ($3/$6 USD) - 2016/10/22 10:28:17 ET
Table 'Chalonge' 6-max Seat #4 is the button
Seat 4: FHstyles ($77.50 in chips)
Seat 5: swics1202 ($62 in chips)
FHstyles: posts small blind $1
swics1202: posts big blind $3
*** HOLE CARDS ***
FHstyles: raises $3 to $6
swics1202: calls $3
*** FLOP *** [Qc 2s Qs]
swics1202: checks
FHstyles: bets $3
swics1202: raises $3 to $6
FHstyles: raises $3 to $9
swics1202: calls $3
*** TURN *** [Qc 2s Qs] [9c]
swics1202: checks
FHstyles: bets $6
swics1202: raises $6 to $12
FHstyles: raises $6 to $18
swics1202: raises $6 to $24
Betting is capped
FHstyles: calls $6
*** RIVER *** [Qc 2s Qs 9c] [Kh]
swics1202: bets $6
FHstyles: calls $6
*** SHOW DOWN ***
swics1202: shows [7c Qh] (three of a kind, Queens)
FHstyles: mucks hand
swics1202 collected $89.50 from pot
*** SUMMARY ***
Total pot $90 | Rake $0.50
Board [Qc 2s Qs 9c Kh]
Seat 4: FHstyles (button) (small blind) mucked
Seat 5: swics1202 (big blind) showed [7c Qh] and won ($89.50) with three of a kind, Queens


PokerStars Hand #160279478800:  Hold'em Limit ($3/$6 USD) - 2016/10/22 10:29:26 ET
Table 'Chalonge' 6-max Seat #4 is the button
Seat 4: FHstyles ($89.50 in chips)
Seat 5: swics1202 ($109.38 in chips)
FHstyles: posts small blind $1
swics1202: posts big blind $3
*** HOLE CARDS ***
FHstyles: raises $3 to $6
swics1202: calls $3
*** FLOP *** [2s 4d 6h]
swics1202: checks
FHstyles: bets $3
swics1202: calls $3
*** TURN *** [2s 4d 6h] [As]
LolDnkaments joins the table at seat #6
swics1202: checks
FHstyles: checks
*** RIVER *** [2s 4d 6h As] [Kc]
swics1202: bets $6
FHstyles: calls $6
*** SHOW DOWN ***
swics1202: shows [7s 9h] (high card Ace)
FHstyles: shows [9d Ks] (a pair of Kings)
FHstyles collected $29.50 from pot
*** SUMMARY ***
Total pot $30 | Rake $0.50
Board [2s 4d 6h As Kc]
Seat 4: FHstyles (button) (small blind) showed [9d Ks] and won ($29.50) with a pair of Kings
Seat 5: swics1202 (big blind) showed [7s 9h] and lost with high card Ace


