PokerStars Hand #160845744213:  Hold'em Limit ($3/$6 USD) - 2016/11/03 14:10:44 ET
Table 'Chaldaea II' 6-max Seat #3 is the button
Seat 3: Dron21200 ($62 in chips)
Seat 4: Zubasa07 ($503 in chips)
Dron21200: posts small blind $1
Zubasa07: posts big blind $3
*** HOLE CARDS ***
Dron21200: calls $2
Zubasa07: raises $3 to $6
Dron21200: calls $3
*** FLOP *** [8c 5d 3s]
Zubasa07: bets $3
Dron21200: calls $3
*** TURN *** [8c 5d 3s] [2d]
Zubasa07: checks
Dron21200: bets $6
Zubasa07: calls $6
*** RIVER *** [8c 5d 3s 2d] [Kc]
Zubasa07: checks
Dron21200: bets $6
Zubasa07: calls $6
*** SHOW DOWN ***
Dron21200: shows [7s Jd] (high card King)
Zubasa07: shows [Ad 6s] (high card Ace)
Zubasa07 collected $41.50 from pot
*** SUMMARY ***
Total pot $42 | Rake $0.50
Board [8c 5d 3s 2d Kc]
Seat 3: Dron21200 (button) (small blind) showed [7s Jd] and lost with high card King
Seat 4: Zubasa07 (big blind) showed [Ad 6s] and won ($41.50) with high card Ace


PokerStars Hand #160845818836:  Hold'em Limit ($3/$6 USD) - 2016/11/03 14:12:14 ET
Table 'Chaldaea II' 6-max Seat #3 is the button
Seat 3: Dron21200 ($66.02 in chips)
Seat 4: Zubasa07 ($497.50 in chips)
Dron21200: posts small blind $1
Zubasa07: posts big blind $3
*** HOLE CARDS ***
Dron21200: raises $3 to $6
Zubasa07: folds
Uncalled bet ($3) returned to Dron21200
Dron21200 collected $6 from pot
Dron21200: doesn't show hand
*** SUMMARY ***
Total pot $6 | Rake $0
Seat 3: Dron21200 (button) (small blind) collected ($6)
Seat 4: Zubasa07 (big blind) folded before Flop


PokerStars Hand #160845792005:  Hold'em Limit ($3/$6 USD) - 2016/11/03 14:11:41 ET
Table 'Chaldaea II' 6-max Seat #4 is the button
Seat 3: Dron21200 ($54.50 in chips)
Seat 4: Zubasa07 ($509.50 in chips)
Zubasa07: posts small blind $1
Dron21200: posts big blind $3
*** HOLE CARDS ***
Zubasa07: raises $3 to $6
Dron21200: calls $3
*** FLOP *** [6c 8d Qc]
Dron21200: checks
Zubasa07: checks
*** TURN *** [6c 8d Qc] [Ac]
Dron21200: checks
Zubasa07: bets $6
Dron21200: calls $6
*** RIVER *** [6c 8d Qc Ac] [5h]
Dron21200: checks
Zubasa07: checks
*** SHOW DOWN ***
Dron21200: shows [2d Qs] (a pair of Queens)
Zubasa07: mucks hand
Dron21200 collected $23.52 from pot
*** SUMMARY ***
Total pot $24 | Rake $0.48
Board [6c 8d Qc Ac 5h]
Seat 3: Dron21200 (big blind) showed [2d Qs] and won ($23.52) with a pair of Queens
Seat 4: Zubasa07 (button) (small blind) mucked


PokerStars Hand #160845788283:  Hold'em Limit ($3/$6 USD) - 2016/11/03 14:11:37 ET
Table 'Chaldaea II' 6-max Seat #3 is the button
Seat 3: Dron21200 ($55.50 in chips)
Seat 4: Zubasa07 ($508.50 in chips)
Dron21200: posts small blind $1
Zubasa07: posts big blind $3
*** HOLE CARDS ***
Dron21200: folds
Uncalled bet ($2) returned to Zubasa07
Zubasa07 collected $2 from pot
Zubasa07: doesn't show hand
*** SUMMARY ***
Total pot $2 | Rake $0
Seat 3: Dron21200 (button) (small blind) folded before Flop
Seat 4: Zubasa07 (big blind) collected ($2)


PokerStars Hand #160845766346:  Hold'em Limit ($3/$6 USD) - 2016/11/03 14:11:11 ET
Table 'Chaldaea II' 6-max Seat #4 is the button
Seat 3: Dron21200 ($41 in chips)
Seat 4: Zubasa07 ($523.50 in chips)
Zubasa07: posts small blind $1
Dron21200: posts big blind $3
*** HOLE CARDS ***
Zubasa07: raises $3 to $6
Dron21200: calls $3
*** FLOP *** [3h Jd 3s]
Dron21200: bets $3
Zubasa07: calls $3
*** TURN *** [3h Jd 3s] [Qc]
Dron21200: bets $6
Zubasa07: calls $6
*** RIVER *** [3h Jd 3s Qc] [8h]
Dron21200: checks
Zubasa07: checks
*** SHOW DOWN ***
Dron21200: shows [Js 5h] (two pair, Jacks and Threes)
Zubasa07: mucks hand
Dron21200 collected $29.50 from pot
*** SUMMARY ***
Total pot $30 | Rake $0.50
Board [3h Jd 3s Qc 8h]
Seat 3: Dron21200 (big blind) showed [Js 5h] and won ($29.50) with two pair, Jacks and Threes
Seat 4: Zubasa07 (button) (small blind) mucked


PokerStars Hand #160845873319:  Hold'em Limit ($3/$6 USD) - 2016/11/03 14:13:18 ET
Table 'Chaldaea II' 6-max Seat #3 is the button
Seat 3: Dron21200 ($80.28 in chips)
Seat 4: Zubasa07 ($482.14 in chips)
Dron21200: posts small blind $1
Zubasa07: posts big blind $3
*** HOLE CARDS ***
Dron21200: folds
Uncalled bet ($2) returned to Zubasa07
Zubasa07 collected $2 from pot
Zubasa07: doesn't show hand
*** SUMMARY ***
Total pot $2 | Rake $0
Seat 3: Dron21200 (button) (small blind) folded before Flop
Seat 4: Zubasa07 (big blind) collected ($2)


PokerStars Hand #160845856678:  Hold'em Limit ($3/$6 USD) - 2016/11/03 14:12:59 ET
Table 'Chaldaea II' 6-max Seat #4 is the button
Seat 3: Dron21200 ($89.28 in chips)
Seat 4: Zubasa07 ($473.50 in chips)
Zubasa07: posts small blind $1
Dron21200: posts big blind $3
*** HOLE CARDS ***
Zubasa07: raises $3 to $6
Dron21200: calls $3
*** FLOP *** [3d 3c 3s]
Dron21200: checks
Zubasa07: bets $3
Dron21200: calls $3
*** TURN *** [3d 3c 3s] [Qd]
Dron21200: checks
Zubasa07: bets $6
Dron21200: folds
Uncalled bet ($6) returned to Zubasa07
Zubasa07 collected $17.64 from pot
Zubasa07: doesn't show hand
*** SUMMARY ***
Total pot $18 | Rake $0.36
Board [3d 3c 3s Qd]
Seat 3: Dron21200 (big blind) folded on the Turn
Seat 4: Zubasa07 (button) (small blind) collected ($17.64)


PokerStars Hand #160845842341:  Hold'em Limit ($3/$6 USD) - 2016/11/03 14:12:41 ET
Table 'Chaldaea II' 6-max Seat #3 is the button
Seat 3: Dron21200 ($74.78 in chips)
Seat 4: Zubasa07 ($488.50 in chips)
Dron21200: posts small blind $1
Zubasa07: posts big blind $3
*** HOLE CARDS ***
Dron21200: calls $2
Zubasa07: raises $3 to $6
Dron21200: calls $3
*** FLOP *** [8d 8s 5h]
Zubasa07: bets $3
Dron21200: calls $3
*** TURN *** [8d 8s 5h] [2h]
Zubasa07: bets $6
Dron21200: calls $6
*** RIVER *** [8d 8s 5h 2h] [Js]
Zubasa07: checks
Dron21200: checks
*** SHOW DOWN ***
Zubasa07: shows [Ah Qh] (a pair of Eights)
Dron21200: shows [6s 6c] (two pair, Eights and Sixes)
Dron21200 collected $29.50 from pot
*** SUMMARY ***
Total pot $30 | Rake $0.50
Board [8d 8s 5h 2h Js]
Seat 3: Dron21200 (button) (small blind) showed [6s 6c] and won ($29.50) with two pair, Eights and Sixes
Seat 4: Zubasa07 (big blind) showed [Ah Qh] and lost with a pair of Eights


PokerStars Hand #160845824877:  Hold'em Limit ($3/$6 USD) - 2016/11/03 14:12:21 ET
Table 'Chaldaea II' 6-max Seat #4 is the button
Seat 3: Dron21200 ($69.02 in chips)
Seat 4: Zubasa07 ($494.50 in chips)
Zubasa07: posts small blind $1
Dron21200: posts big blind $3
*** HOLE CARDS ***
Zubasa07: raises $3 to $6
Dron21200: calls $3
*** FLOP *** [9h Jc 7s]
Dron21200: checks
Zubasa07: checks
*** TURN *** [9h Jc 7s] [5s]
Dron21200: checks
Zubasa07: checks
*** RIVER *** [9h Jc 7s 5s] [7c]
Dron21200: checks
Zubasa07: checks
*** SHOW DOWN ***
Dron21200: shows [2h Kc] (a pair of Sevens)
Zubasa07: mucks hand
Dron21200 collected $11.76 from pot
*** SUMMARY ***
Total pot $12 | Rake $0.24
Board [9h Jc 7s 5s 7c]
Seat 3: Dron21200 (big blind) showed [2h Kc] and won ($11.76) with a pair of Sevens
Seat 4: Zubasa07 (button) (small blind) mucked


PokerStars Hand #160845901620:  Hold'em Limit ($3/$6 USD) - 2016/11/03 14:13:52 ET
Table 'Chaldaea II' 6-max Seat #3 is the button
Seat 3: Dron21200 ($58.28 in chips)
Seat 4: Zubasa07 ($503.64 in chips)
Dron21200: posts small blind $1
Zubasa07: posts big blind $3
*** HOLE CARDS ***
Dron21200: calls $2
Zubasa07: checks
*** FLOP *** [5c 4h 2s]
Zubasa07: bets $3
Dron21200: calls $3
*** TURN *** [5c 4h 2s] [Ks]
Zubasa07: checks
Dron21200: bets $6
Zubasa07: calls $6
*** RIVER *** [5c 4h 2s Ks] [6h]
Zubasa07: checks
Dron21200: bets $6
Zubasa07: calls $6
*** SHOW DOWN ***
Dron21200: shows [6s 7c] (a pair of Sixes)
Zubasa07: shows [6c Qs] (a pair of Sixes - King+Queen kicker)
Zubasa07 collected $35.50 from pot
*** SUMMARY ***
Total pot $36 | Rake $0.50
Board [5c 4h 2s Ks 6h]
Seat 3: Dron21200 (button) (small blind) showed [6s 7c] and lost with a pair of Sixes
Seat 4: Zubasa07 (big blind) showed [6c Qs] and won ($35.50) with a pair of Sixes


PokerStars Hand #160845877280:  Hold'em Limit ($3/$6 USD) - 2016/11/03 14:13:23 ET
Table 'Chaldaea II' 6-max Seat #4 is the button
Seat 3: Dron21200 ($79.28 in chips)
Seat 4: Zubasa07 ($483.14 in chips)
Zubasa07: posts small blind $1
Dron21200: posts big blind $3
*** HOLE CARDS ***
Zubasa07: raises $3 to $6
Dron21200: calls $3
*** FLOP *** [Th Td 5c]
Dron21200: checks
Zubasa07: bets $3
Dron21200: calls $3
*** TURN *** [Th Td 5c] [7d]
Dron21200: checks
Zubasa07: bets $6
Dron21200: calls $6
*** RIVER *** [Th Td 5c 7d] [Kd]
Dron21200: checks
Zubasa07: bets $6
Dron21200: calls $6
*** SHOW DOWN ***
Zubasa07: shows [As 7s] (two pair, Tens and Sevens)
Dron21200: mucks hand
Zubasa07 collected $41.50 from pot
*** SUMMARY ***
Total pot $42 | Rake $0.50
Board [Th Td 5c 7d Kd]
Seat 3: Dron21200 (big blind) mucked
Seat 4: Zubasa07 (button) (small blind) showed [As 7s] and won ($41.50) with two pair, Tens and Sevens


PokerStars Hand #160845997598:  Hold'em Limit ($3/$6 USD) - 2016/11/03 14:15:46 ET
Table 'Chaldaea II' 6-max Seat #4 is the button
Seat 3: Dron21200 ($47.78 in chips)
Seat 4: Zubasa07 ($512.66 in chips)
Zubasa07: posts small blind $1
Dron21200: posts big blind $3
*** HOLE CARDS ***
Zubasa07: raises $3 to $6
Dron21200: raises $3 to $9
Zubasa07: calls $3
*** FLOP *** [7c 8d Ac]
Dron21200: bets $3
Zubasa07: calls $3
*** TURN *** [7c 8d Ac] [Kh]
Dron21200: bets $6
Zubasa07: calls $6
*** RIVER *** [7c 8d Ac Kh] [As]
Dron21200: bets $6
Zubasa07: calls $6
*** SHOW DOWN ***
Dron21200: shows [Kd 9s] (two pair, Aces and Kings)
Zubasa07: shows [5s Ah] (three of a kind, Aces)
Zubasa07 collected $47.50 from pot
*** SUMMARY ***
Total pot $48 | Rake $0.50
Board [7c 8d Ac Kh As]
Seat 3: Dron21200 (big blind) showed [Kd 9s] and lost with two pair, Aces and Kings
Seat 4: Zubasa07 (button) (small blind) showed [5s Ah] and won ($47.50) with three of a kind, Aces


PokerStars Hand #160845993510:  Hold'em Limit ($3/$6 USD) - 2016/11/03 14:15:41 ET
Table 'Chaldaea II' 6-max Seat #3 is the button
Seat 3: Dron21200 ($48.78 in chips)
Seat 4: Zubasa07 ($511.66 in chips)
Dron21200: posts small blind $1
Zubasa07: posts big blind $3
*** HOLE CARDS ***
Dron21200: folds
Uncalled bet ($2) returned to Zubasa07
Zubasa07 collected $2 from pot
Zubasa07: doesn't show hand
*** SUMMARY ***
Total pot $2 | Rake $0
Seat 3: Dron21200 (button) (small blind) folded before Flop
Seat 4: Zubasa07 (big blind) collected ($2)


PokerStars Hand #160845979574:  Hold'em Limit ($3/$6 USD) - 2016/11/03 14:15:25 ET
Table 'Chaldaea II' 6-max Seat #4 is the button
Seat 3: Dron21200 ($54.78 in chips)
Seat 4: Zubasa07 ($505.90 in chips)
Zubasa07: posts small blind $1
Dron21200: posts big blind $3
*** HOLE CARDS ***
Zubasa07: raises $3 to $6
Dron21200: calls $3
*** FLOP *** [7c Kd Js]
Dron21200: checks
Zubasa07: bets $3
Dron21200: folds
Uncalled bet ($3) returned to Zubasa07
Zubasa07 collected $11.76 from pot
Zubasa07: doesn't show hand
*** SUMMARY ***
Total pot $12 | Rake $0.24
Board [7c Kd Js]
Seat 3: Dron21200 (big blind) folded on the Flop
Seat 4: Zubasa07 (button) (small blind) collected ($11.76)


PokerStars Hand #160845951517:  Hold'em Limit ($3/$6 USD) - 2016/11/03 14:14:52 ET
Table 'Chaldaea II' 6-max Seat #3 is the button
Seat 3: Dron21200 ($60.78 in chips)
Seat 4: Zubasa07 ($500.14 in chips)
Dron21200: posts small blind $1
Zubasa07: posts big blind $3
*** HOLE CARDS ***
Dron21200: calls $2
Zubasa07: checks
*** FLOP *** [4d 3c 6s]
Zubasa07: bets $3
Dron21200: calls $3
*** TURN *** [4d 3c 6s] [Qs]
Zubasa07: checks
Dron21200: checks
*** RIVER *** [4d 3c 6s Qs] [4h]
Zubasa07: bets $6
Dron21200: folds
Uncalled bet ($6) returned to Zubasa07
Zubasa07 collected $11.76 from pot
Zubasa07: doesn't show hand
*** SUMMARY ***
Total pot $12 | Rake $0.24
Board [4d 3c 6s Qs 4h]
Seat 3: Dron21200 (button) (small blind) folded on the River
Seat 4: Zubasa07 (big blind) collected ($11.76)


PokerStars Hand #160846041727:  Hold'em Limit ($3/$6 USD) - 2016/11/03 14:16:38 ET
Table 'Chaldaea II' 6-max Seat #4 is the button
Seat 3: Dron21200 ($14.78 in chips)
Seat 4: Zubasa07 ($544.80 in chips)
Zubasa07: posts small blind $1
Dron21200: posts big blind $3
*** HOLE CARDS ***
Zubasa07: raises $3 to $6
Dron21200: raises $3 to $9
Zubasa07: raises $3 to $12
Betting is capped
Dron21200: calls $3
*** FLOP *** [3s Td Ah]
Dron21200: bets $2.78 and is all-in
Zubasa07: calls $2.78
*** TURN *** [3s Td Ah] [8s]
*** RIVER *** [3s Td Ah 8s] [5h]
*** SHOW DOWN ***
Dron21200: shows [As Qd] (a pair of Aces)
Zubasa07: shows [5c Tc] (two pair, Tens and Fives)
Zubasa07 collected $29.06 from pot
*** SUMMARY ***
Total pot $29.56 | Rake $0.50
Board [3s Td Ah 8s 5h]
Seat 3: Dron21200 (big blind) showed [As Qd] and lost with a pair of Aces
Seat 4: Zubasa07 (button) (small blind) showed [5c Tc] and won ($29.06) with two pair, Tens and Fives


PokerStars Hand #160846017528:  Hold'em Limit ($3/$6 USD) - 2016/11/03 14:16:10 ET
Table 'Chaldaea II' 6-max Seat #3 is the button
Seat 3: Dron21200 ($23.78 in chips)
Seat 4: Zubasa07 ($536.16 in chips)
Dron21200: posts small blind $1
Zubasa07: posts big blind $3
*** HOLE CARDS ***
Dron21200: calls $2
Zubasa07: raises $3 to $6
Dron21200: calls $3
*** FLOP *** [6c 5d 5c]
Zubasa07: bets $3
Dron21200: calls $3
*** TURN *** [6c 5d 5c] [6d]
Zubasa07: bets $6
Dron21200: folds
Uncalled bet ($6) returned to Zubasa07
Zubasa07 collected $17.64 from pot
Zubasa07: doesn't show hand
*** SUMMARY ***
Total pot $18 | Rake $0.36
Board [6c 5d 5c 6d]
Seat 3: Dron21200 (button) (small blind) folded on the Turn
Seat 4: Zubasa07 (big blind) collected ($17.64)


PokerStars Hand #160846114971:  Hold'em Limit ($3/$6 USD) - 2016/11/03 14:18:05 ET
Table 'Chaldaea II' 6-max Seat #4 is the button
Seat 3: Dron21200 ($203.85 in chips)
Seat 4: Zubasa07 ($554.08 in chips)
Zubasa07: posts small blind $1
Dron21200: posts big blind $3
*** HOLE CARDS ***
Zubasa07: raises $3 to $6
Dron21200: folds
Uncalled bet ($3) returned to Zubasa07
Zubasa07 collected $6 from pot
Zubasa07: doesn't show hand
*** SUMMARY ***
Total pot $6 | Rake $0
Seat 3: Dron21200 (big blind) folded before Flop
Seat 4: Zubasa07 (button) (small blind) collected ($6)


PokerStars Hand #160846110650:  Hold'em Limit ($3/$6 USD) - 2016/11/03 14:18:00 ET
Table 'Chaldaea II' 6-max Seat #3 is the button
Seat 3: Dron21200 ($204.85 in chips)
Seat 4: Zubasa07 ($553.08 in chips)
Dron21200: posts small blind $1
Zubasa07: posts big blind $3
*** HOLE CARDS ***
Dron21200: folds
Uncalled bet ($2) returned to Zubasa07
Zubasa07 collected $2 from pot
Zubasa07: doesn't show hand
*** SUMMARY ***
Total pot $2 | Rake $0
Seat 3: Dron21200 (button) (small blind) folded before Flop
Seat 4: Zubasa07 (big blind) collected ($2)


PokerStars Hand #160846105986:  Hold'em Limit ($3/$6 USD) - 2016/11/03 14:17:54 ET
Table 'Chaldaea II' 6-max Seat #4 is the button
Seat 3: Dron21200 ($207.85 in chips)
Seat 4: Zubasa07 ($550.08 in chips)
Zubasa07: posts small blind $1
Dron21200: posts big blind $3
*** HOLE CARDS ***
Zubasa07: raises $3 to $6
vestimokrec joins the table at seat #5
Dron21200: folds
Uncalled bet ($3) returned to Zubasa07
Zubasa07 collected $6 from pot
Zubasa07: doesn't show hand
*** SUMMARY ***
Total pot $6 | Rake $0
Seat 3: Dron21200 (big blind) folded before Flop
Seat 4: Zubasa07 (button) (small blind) collected ($6)


PokerStars Hand #160846080457:  Hold'em Limit ($3/$6 USD) - 2016/11/03 14:17:24 ET
Table 'Chaldaea II' 6-max Seat #3 is the button
Seat 3: Dron21200 ($199.21 in chips)
Seat 4: Zubasa07 ($559.08 in chips)
Dron21200: posts small blind $1
Zubasa07: posts big blind $3
*** HOLE CARDS ***
Dron21200: calls $2
Zubasa07: raises $3 to $6
Dron21200: calls $3
*** FLOP *** [2d 9h Ks]
Zubasa07: bets $3
Dron21200: raises $3 to $6
Zubasa07: folds
Uncalled bet ($3) returned to Dron21200
Dron21200 collected $17.64 from pot
Dron21200: doesn't show hand
*** SUMMARY ***
Total pot $18 | Rake $0.36
Board [2d 9h Ks]
Seat 3: Dron21200 (button) (small blind) collected ($17.64)
Seat 4: Zubasa07 (big blind) folded on the Flop


PokerStars Hand #160846121045:  Hold'em Limit ($3/$6 USD) - 2016/11/03 14:18:12 ET
Table 'Chaldaea II' 6-max Seat #3 is the button
Seat 3: Dron21200 ($200.85 in chips)
Seat 4: Zubasa07 ($557.08 in chips)
Dron21200: posts small blind $1
Zubasa07: posts big blind $3
*** HOLE CARDS ***
Dron21200: calls $2
Zubasa07: checks
*** FLOP *** [Ah 8d 7d]
Zubasa07: checks
Dron21200: checks
*** TURN *** [Ah 8d 7d] [4s]
Zubasa07: checks
Dron21200: checks
*** RIVER *** [Ah 8d 7d 4s] [8h]
Zubasa07: checks
Dron21200: checks
*** SHOW DOWN ***
Zubasa07: shows [2h Jc] (a pair of Eights)
Dron21200: shows [Kc 6d] (a pair of Eights - Ace+King kicker)
Dron21200 collected $5.88 from pot
*** SUMMARY ***
Total pot $6 | Rake $0.12
Board [Ah 8d 7d 4s 8h]
Seat 3: Dron21200 (button) (small blind) showed [Kc 6d] and won ($5.88) with a pair of Eights
Seat 4: Zubasa07 (big blind) showed [2h Jc] and lost with a pair of Eights


PokerStars Hand #160846134760:  Hold'em Limit ($3/$6 USD) - 2016/11/03 14:18:28 ET
Table 'Chaldaea II' 6-max Seat #4 is the button
Seat 3: Dron21200 ($203.73 in chips)
Seat 4: Zubasa07 ($554.08 in chips)
Zubasa07: posts small blind $1
Dron21200: posts big blind $3
*** HOLE CARDS ***
Zubasa07: raises $3 to $6
Dron21200: calls $3
*** FLOP *** [Jd 2c 8s]
Dron21200: checks
Zubasa07: bets $3
Dron21200: folds
Uncalled bet ($3) returned to Zubasa07
Zubasa07 collected $11.76 from pot
Zubasa07: doesn't show hand
*** SUMMARY ***
Total pot $12 | Rake $0.24
Board [Jd 2c 8s]
Seat 3: Dron21200 (big blind) folded on the Flop
Seat 4: Zubasa07 (button) (small blind) collected ($11.76)


PokerStars Hand #160846146689:  Hold'em Limit ($3/$6 USD) - 2016/11/03 14:18:42 ET
Table 'Chaldaea II' 6-max Seat #3 is the button
Seat 3: Dron21200 ($197.73 in chips)
Seat 4: Zubasa07 ($559.84 in chips)
Dron21200: posts small blind $1
Zubasa07: posts big blind $3
*** HOLE CARDS ***
Dron21200: raises $3 to $6
Zubasa07: raises $3 to $9
Dron21200: calls $3
*** FLOP *** [9s 6d 6h]
Zubasa07: bets $3
Dron21200: calls $3
*** TURN *** [9s 6d 6h] [8h]
kiskarlis joins the table at seat #6
Zubasa07: bets $6
Dron21200: calls $6
*** RIVER *** [9s 6d 6h 8h] [7d]
Zubasa07: checks
Dron21200: bets $6
Zubasa07: calls $6
*** SHOW DOWN ***
Dron21200: shows [5c Tc] (a straight, Six to Ten)
Zubasa07: mucks hand
Dron21200 collected $47.50 from pot
*** SUMMARY ***
Total pot $48 | Rake $0.50
Board [9s 6d 6h 8h 7d]
Seat 3: Dron21200 (button) (small blind) showed [5c Tc] and won ($47.50) with a straight, Six to Ten
Seat 4: Zubasa07 (big blind) mucked


PokerStars Hand #160846474705:  Hold'em Limit ($3/$6 USD) - 2016/11/03 14:25:07 ET
Table 'Chaldaea II' 6-max Seat #2 is the button
Seat 2: VolkovDmitri ($196.95 in chips)
Seat 6: kiskarlis ($73 in chips)
VolkovDmitri: posts small blind $1
Zubasa07: is sitting out
kiskarlis: posts big blind $3
*** HOLE CARDS ***
VolkovDmitri: raises $3 to $6
kiskarlis: folds
Uncalled bet ($3) returned to VolkovDmitri
VolkovDmitri collected $6 from pot
VolkovDmitri: doesn't show hand
*** SUMMARY ***
Total pot $6 | Rake $0
Seat 2: VolkovDmitri (button) (small blind) collected ($6)
Seat 6: kiskarlis (big blind) folded before Flop


PokerStars Hand #160846480041:  Hold'em Limit ($3/$6 USD) - 2016/11/03 14:25:13 ET
Table 'Chaldaea II' 6-max Seat #6 is the button
Seat 2: VolkovDmitri ($199.95 in chips)
Seat 6: kiskarlis ($70 in chips)
kiskarlis: posts small blind $1
VolkovDmitri: posts big blind $3
*** HOLE CARDS ***
kiskarlis: raises $3 to $6
Zubasa07 leaves the table
VolkovDmitri: raises $3 to $9
kiskarlis: calls $3
*** FLOP *** [Th Qc 3c]
VolkovDmitri: bets $3
kiskarlis: calls $3
*** TURN *** [Th Qc 3c] [8c]
VolkovDmitri: bets $6
kiskarlis: calls $6
*** RIVER *** [Th Qc 3c 8c] [5h]
VolkovDmitri: bets $6
kiskarlis: calls $6
*** SHOW DOWN ***
VolkovDmitri: shows [Ah Ts] (a pair of Tens)
kiskarlis: mucks hand
VolkovDmitri collected $47.50 from pot
*** SUMMARY ***
Total pot $48 | Rake $0.50
Board [Th Qc 3c 8c 5h]
Seat 2: VolkovDmitri (big blind) showed [Ah Ts] and won ($47.50) with a pair of Tens
Seat 6: kiskarlis (button) (small blind) mucked


