PokerStars Hand #165427610619:  Hold'em Limit ($3/$6 USD) - 2017/01/30 17:23:07 ET
Table 'Chalonge' 6-max Seat #3 is the button
Seat 3: conkris ($119.75 in chips)
Seat 6: barranqueiro ($135.31 in chips)
conkris: posts small blind $1
barranqueiro: posts big blind $3
*** HOLE CARDS ***
conkris: folds
Uncalled bet ($2) returned to barranqueiro
barranqueiro collected $2 from pot
*** SUMMARY ***
Total pot $2 | Rake $0
Seat 3: conkris (button) (small blind) folded before Flop
Seat 6: barranqueiro (big blind) collected ($2)


PokerStars Hand #165427594236:  Hold'em Limit ($3/$6 USD) - 2017/01/30 17:22:50 ET
Table 'Chalonge' 6-max Seat #6 is the button
Seat 3: conkris ($120 in chips)
Seat 6: barranqueiro ($135.56 in chips)
barranqueiro: posts small blind $1
conkris: posts big blind $3
*** HOLE CARDS ***
barranqueiro: raises $3 to $6
conkris: calls $3
*** FLOP *** [As Ac Kh]
conkris: bets $3
barranqueiro: calls $3
*** TURN *** [As Ac Kh] [Qh]
conkris: bets $6
barranqueiro: calls $6
*** RIVER *** [As Ac Kh Qh] [2c]
conkris: bets $6
niplot joins the table at seat #1
barranqueiro: calls $6
*** SHOW DOWN ***
conkris: shows [5h Ks] (two pair, Aces and Kings)
barranqueiro: shows [6c Kd] (two pair, Aces and Kings)
conkris collected $20.75 from pot
barranqueiro collected $20.75 from pot
*** SUMMARY ***
Total pot $42 | Rake $0.50
Board [As Ac Kh Qh 2c]
Seat 3: conkris (big blind) showed [5h Ks] and won ($20.75) with two pair, Aces and Kings
Seat 6: barranqueiro (button) (small blind) showed [6c Kd] and won ($20.75) with two pair, Aces and Kings


