PokerStars Hand #146710278547:  Hold'em Limit ($3/$6 USD) - 2016/01/08 18:59:33 ET
Table 'Chalonge III' 2-max Seat #2 is the button
Seat 1: PbIbak ($148.52 in chips)
Seat 2: MARIBORO8 ($142.26 in chips)
MARIBORO8: posts small blind $1
PbIbak: posts big blind $3
*** HOLE CARDS ***
MARIBORO8: raises $3 to $6
PbIbak: raises $3 to $9
MARIBORO8: calls $3
*** FLOP *** [9d As Qc]
PbIbak: bets $3
MARIBORO8: calls $3
*** TURN *** [9d As Qc] [2c]
PbIbak: bets $6
MARIBORO8: calls $6
*** RIVER *** [9d As Qc 2c] [8h]
PbIbak: bets $6
MARIBORO8: calls $6
*** SHOW DOWN ***
PbIbak: shows [Kh Ah] (a pair of Aces)
MARIBORO8: mucks hand
PbIbak collected $47.50 from pot
*** SUMMARY ***
Total pot $48 | Rake $0.50
Board [9d As Qc 2c 8h]
Seat 1: PbIbak (big blind) showed [Kh Ah] and won ($47.50) with a pair of Aces
Seat 2: MARIBORO8 (button) (small blind) mucked


PokerStars Hand #146710259956:  Hold'em Limit ($3/$6 USD) - 2016/01/08 18:59:07 ET
Table 'Chalonge III' 2-max Seat #1 is the button
Seat 1: PbIbak ($142.76 in chips)
Seat 2: MARIBORO8 ($148.26 in chips)
PbIbak: posts small blind $1
MARIBORO8: posts big blind $3
*** HOLE CARDS ***
PbIbak: raises $3 to $6
MARIBORO8: calls $3
*** FLOP *** [Ks Kh 4s]
MARIBORO8: checks
PbIbak: checks
*** TURN *** [Ks Kh 4s] [8s]
MARIBORO8: checks
PbIbak: bets $6
MARIBORO8: folds
Uncalled bet ($6) returned to PbIbak
PbIbak collected $11.76 from pot
PbIbak: doesn't show hand
*** SUMMARY ***
Total pot $12 | Rake $0.24
Board [Ks Kh 4s 8s]
Seat 1: PbIbak (button) (small blind) collected ($11.76)
Seat 2: MARIBORO8 (big blind) folded on the Turn


PokerStars Hand #146713844978:  Hold'em Limit ($3/$6 USD) - 2016/01/08 20:19:25 ET
Table 'Chalonge III' 2-max Seat #1 is the button
Seat 1: PbIbak ($173.90 in chips)
Seat 2: LotsaBalls12 ($48.25 in chips)
PbIbak: posts small blind $1
LotsaBalls12: posts big blind $3
*** HOLE CARDS ***
PbIbak: folds
Uncalled bet ($2) returned to LotsaBalls12
LotsaBalls12 collected $2 from pot
LotsaBalls12: doesn't show hand
*** SUMMARY ***
Total pot $2 | Rake $0
Seat 1: PbIbak (button) (small blind) folded before Flop
Seat 2: LotsaBalls12 (big blind) collected ($2)


PokerStars Hand #146713876942:  Hold'em Limit ($3/$6 USD) - 2016/01/08 20:20:14 ET
Table 'Chalonge III' 2-max Seat #1 is the button
Seat 1: PbIbak ($157.78 in chips)
Seat 2: LotsaBalls12 ($63.53 in chips)
PbIbak: posts small blind $1
LotsaBalls12: posts big blind $3
*** HOLE CARDS ***
PbIbak: raises $3 to $6
LotsaBalls12: raises $3 to $9
PbIbak: calls $3
*** FLOP *** [Tc 6c Kc]
LotsaBalls12: bets $3
PbIbak: calls $3
*** TURN *** [Tc 6c Kc] [Qh]
LotsaBalls12: bets $6
PbIbak: calls $6
*** RIVER *** [Tc 6c Kc Qh] [9d]
LotsaBalls12: checks
PbIbak: checks
*** SHOW DOWN ***
LotsaBalls12: shows [Ad 6h] (a pair of Sixes)
PbIbak: mucks hand
LotsaBalls12 collected $35.50 from pot
*** SUMMARY ***
Total pot $36 | Rake $0.50
Board [Tc 6c Kc Qh 9d]
Seat 1: PbIbak (button) (small blind) mucked
Seat 2: LotsaBalls12 (big blind) showed [Ad 6h] and won ($35.50) with a pair of Sixes


PokerStars Hand #146713870362:  Hold'em Limit ($3/$6 USD) - 2016/01/08 20:20:04 ET
Table 'Chalonge III' 2-max Seat #2 is the button
Seat 1: PbIbak ($154.90 in chips)
Seat 2: LotsaBalls12 ($66.53 in chips)
LotsaBalls12: posts small blind $1
PbIbak: posts big blind $3
*** HOLE CARDS ***
LotsaBalls12: calls $2
PbIbak: checks
*** FLOP *** [7s 4s Qc]
PbIbak: bets $3
LotsaBalls12: folds
Uncalled bet ($3) returned to PbIbak
PbIbak collected $5.88 from pot
PbIbak: doesn't show hand
*** SUMMARY ***
Total pot $6 | Rake $0.12
Board [7s 4s Qc]
Seat 1: PbIbak (big blind) collected ($5.88)
Seat 2: LotsaBalls12 (button) (small blind) folded on the Flop


PokerStars Hand #146713848624:  Hold'em Limit ($3/$6 USD) - 2016/01/08 20:19:31 ET
Table 'Chalonge III' 2-max Seat #2 is the button
Seat 1: PbIbak ($172.90 in chips)
Seat 2: LotsaBalls12 ($49.25 in chips)
LotsaBalls12: posts small blind $1
PbIbak: posts big blind $3
*** HOLE CARDS ***
LotsaBalls12: raises $3 to $6
PbIbak: calls $3
*** FLOP *** [3h 6c 8c]
PbIbak: checks
LotsaBalls12: bets $3
PbIbak: folds
Uncalled bet ($3) returned to LotsaBalls12
LotsaBalls12 collected $11.76 from pot
LotsaBalls12: doesn't show hand
*** SUMMARY ***
Total pot $12 | Rake $0.24
Board [3h 6c 8c]
Seat 1: PbIbak (big blind) folded on the Flop
Seat 2: LotsaBalls12 (button) (small blind) collected ($11.76)


PokerStars Hand #146713888851:  Hold'em Limit ($3/$6 USD) - 2016/01/08 20:20:33 ET
Table 'Chalonge III' 2-max Seat #2 is the button
Seat 1: PbIbak ($139.78 in chips)
Seat 2: LotsaBalls12 ($81.03 in chips)
LotsaBalls12: posts small blind $1
PbIbak: posts big blind $3
*** HOLE CARDS ***
LotsaBalls12: calls $2
PbIbak: checks
*** FLOP *** [Ad Kh 6s]
PbIbak: checks
LotsaBalls12: bets $3
PbIbak: calls $3
*** TURN *** [Ad Kh 6s] [2s]
PbIbak: checks
LotsaBalls12: bets $6
PbIbak: calls $6
*** RIVER *** [Ad Kh 6s 2s] [Jh]
PbIbak: checks
LotsaBalls12: checks
*** SHOW DOWN ***
PbIbak: shows [9c 6c] (a pair of Sixes)
LotsaBalls12: shows [6d 4d] (a pair of Sixes)
PbIbak collected $11.76 from pot
LotsaBalls12 collected $11.76 from pot
*** SUMMARY ***
Total pot $24 | Rake $0.48
Board [Ad Kh 6s 2s Jh]
Seat 1: PbIbak (big blind) showed [9c 6c] and won ($11.76) with a pair of Sixes
Seat 2: LotsaBalls12 (button) (small blind) showed [6d 4d] and won ($11.76) with a pair of Sixes


PokerStars Hand #146713924889:  Hold'em Limit ($3/$6 USD) - 2016/01/08 20:21:29 ET
Table 'Chalonge III' 2-max Seat #2 is the button
Seat 1: PbIbak ($130.54 in chips)
Seat 2: LotsaBalls12 ($89.43 in chips)
LotsaBalls12: posts small blind $1
PbIbak: posts big blind $3
*** HOLE CARDS ***
LotsaBalls12: folds
Uncalled bet ($2) returned to PbIbak
PbIbak collected $2 from pot
PbIbak: doesn't show hand
*** SUMMARY ***
Total pot $2 | Rake $0
Seat 1: PbIbak (big blind) collected ($2)
Seat 2: LotsaBalls12 (button) (small blind) folded before Flop


PokerStars Hand #146713908388:  Hold'em Limit ($3/$6 USD) - 2016/01/08 20:21:03 ET
Table 'Chalonge III' 2-max Seat #1 is the button
Seat 1: PbIbak ($139.54 in chips)
Seat 2: LotsaBalls12 ($80.79 in chips)
PbIbak: posts small blind $1
LotsaBalls12: posts big blind $3
*** HOLE CARDS ***
PbIbak: raises $3 to $6
LotsaBalls12: calls $3
*** FLOP *** [Ts 2c 6c]
LotsaBalls12: checks
PbIbak: bets $3
LotsaBalls12: calls $3
*** TURN *** [Ts 2c 6c] [7d]
LotsaBalls12: checks
PbIbak: checks
*** RIVER *** [Ts 2c 6c 7d] [Ad]
LotsaBalls12: checks
PbIbak: checks
*** SHOW DOWN ***
LotsaBalls12: shows [2h As] (two pair, Aces and Deuces)
PbIbak: mucks hand
LotsaBalls12 collected $17.64 from pot
*** SUMMARY ***
Total pot $18 | Rake $0.36
Board [Ts 2c 6c 7d Ad]
Seat 1: PbIbak (button) (small blind) mucked
Seat 2: LotsaBalls12 (big blind) showed [2h As] and won ($17.64) with two pair, Aces and Deuces


PokerStars Hand #146713945951:  Hold'em Limit ($3/$6 USD) - 2016/01/08 20:22:01 ET
Table 'Chalonge III' 2-max Seat #1 is the button
Seat 1: PbIbak ($145.04 in chips)
Seat 2: LotsaBalls12 ($74.43 in chips)
PbIbak: posts small blind $1
LotsaBalls12: posts big blind $3
*** HOLE CARDS ***
PbIbak: raises $3 to $6
LotsaBalls12: raises $3 to $9
PbIbak: calls $3
*** FLOP *** [7c 4c 3d]
LotsaBalls12: bets $3
PbIbak: calls $3
*** TURN *** [7c 4c 3d] [Th]
LotsaBalls12: bets $6
PbIbak: raises $6 to $12
LotsaBalls12: calls $6
*** RIVER *** [7c 4c 3d Th] [5d]
LotsaBalls12: checks
PbIbak: bets $6
LotsaBalls12: calls $6
*** SHOW DOWN ***
PbIbak: shows [Td Ks] (a pair of Tens)
LotsaBalls12: mucks hand
PbIbak collected $59.50 from pot
*** SUMMARY ***
Total pot $60 | Rake $0.50
Board [7c 4c 3d Th 5d]
Seat 1: PbIbak (button) (small blind) showed [Td Ks] and won ($59.50) with a pair of Tens
Seat 2: LotsaBalls12 (big blind) mucked


PokerStars Hand #146713928607:  Hold'em Limit ($3/$6 USD) - 2016/01/08 20:21:34 ET
Table 'Chalonge III' 2-max Seat #1 is the button
Seat 1: PbIbak ($131.54 in chips)
Seat 2: LotsaBalls12 ($88.43 in chips)
PbIbak: posts small blind $1
LotsaBalls12: posts big blind $3
*** HOLE CARDS ***
PbIbak: folds
Uncalled bet ($2) returned to LotsaBalls12
LotsaBalls12 collected $2 from pot
LotsaBalls12: doesn't show hand
*** SUMMARY ***
Total pot $2 | Rake $0
Seat 1: PbIbak (button) (small blind) folded before Flop
Seat 2: LotsaBalls12 (big blind) collected ($2)


PokerStars Hand #146713963593:  Hold'em Limit ($3/$6 USD) - 2016/01/08 20:22:28 ET
Table 'Chalonge III' 2-max Seat #2 is the button
Seat 1: PbIbak ($174.54 in chips)
Seat 2: LotsaBalls12 ($44.43 in chips)
LotsaBalls12: posts small blind $1
PbIbak: posts big blind $3
*** HOLE CARDS ***
LotsaBalls12: raises $3 to $6
PbIbak: calls $3
*** FLOP *** [Jd 5c 3d]
PbIbak: checks
LotsaBalls12: bets $3
PbIbak: folds
Uncalled bet ($3) returned to LotsaBalls12
LotsaBalls12 collected $11.76 from pot
LotsaBalls12: doesn't show hand
*** SUMMARY ***
Total pot $12 | Rake $0.24
Board [Jd 5c 3d]
Seat 1: PbIbak (big blind) folded on the Flop
Seat 2: LotsaBalls12 (button) (small blind) collected ($11.76)


