PokerStars Hand #148948755831:  Hold'em Limit ($3/$6 USD) - 2016/02/17 7:13:43 ET
Table 'Chalonge II' 6-max Seat #3 is the button
Seat 1: VolkovDmitri ($120 in chips)
Seat 3: kr.poker8029 ($104.64 in chips)
kr.poker8029: posts small blind $1
VolkovDmitri: posts big blind $3
*** HOLE CARDS ***
kr.poker8029: folds
Uncalled bet ($2) returned to VolkovDmitri
VolkovDmitri collected $2 from pot
VolkovDmitri: doesn't show hand
*** SUMMARY ***
Total pot $2 | Rake $0
Seat 1: VolkovDmitri (big blind) collected ($2)
Seat 3: kr.poker8029 (button) (small blind) folded before Flop


PokerStars Hand #148948746138:  Hold'em Limit ($3/$6 USD) - 2016/02/17 7:13:27 ET
Table 'Chalonge II' 6-max Seat #1 is the button
Seat 1: VolkovDmitri ($124 in chips)
Seat 3: kr.poker8029 ($96 in chips)
VolkovDmitri: posts small blind $1
kr.poker8029: posts big blind $3
*** HOLE CARDS ***
VolkovDmitri: raises $3 to $6
kr.poker8029: raises $3 to $9
VolkovDmitri: calls $3
*** FLOP *** [6d Kh Ah]
kr.poker8029: bets $3
VolkovDmitri: folds
Uncalled bet ($3) returned to kr.poker8029
kr.poker8029 collected $17.64 from pot
*** SUMMARY ***
Total pot $18 | Rake $0.36
Board [6d Kh Ah]
Seat 1: VolkovDmitri (button) (small blind) folded on the Flop
Seat 3: kr.poker8029 (big blind) collected ($17.64)


PokerStars Hand #148948783203:  Hold'em Limit ($3/$6 USD) - 2016/02/17 7:14:32 ET
Table 'Chalonge II' 6-max Seat #3 is the button
Seat 1: VolkovDmitri ($126.76 in chips)
Seat 3: kr.poker8029 ($108.16 in chips)
kr.poker8029: posts small blind $1
VolkovDmitri: posts big blind $3
*** HOLE CARDS ***
kr.poker8029: raises $3 to $6
VolkovDmitri: calls $3
*** FLOP *** [Qc 8s 7h]
VolkovDmitri: checks
kr.poker8029: bets $3
VolkovDmitri: folds
Uncalled bet ($3) returned to kr.poker8029
kr.poker8029 collected $11.76 from pot
*** SUMMARY ***
Total pot $12 | Rake $0.24
Board [Qc 8s 7h]
Seat 1: VolkovDmitri (big blind) folded on the Flop
Seat 3: kr.poker8029 (button) (small blind) collected ($11.76)


PokerStars Hand #148948773421:  Hold'em Limit ($3/$6 USD) - 2016/02/17 7:14:14 ET
Table 'Chalonge II' 6-max Seat #1 is the button
Seat 1: VolkovDmitri ($121 in chips)
Seat 3: kr.poker8029 ($114.16 in chips)
VolkovDmitri: posts small blind $1
kr.poker8029: posts big blind $3
*** HOLE CARDS ***
VolkovDmitri: raises $3 to $6
kr.poker8029: calls $3
*** FLOP *** [Ad 7c 4h]
kr.poker8029: checks
VolkovDmitri: bets $3
kr.poker8029: folds
Uncalled bet ($3) returned to VolkovDmitri
VolkovDmitri collected $11.76 from pot
VolkovDmitri: doesn't show hand
*** SUMMARY ***
Total pot $12 | Rake $0.24
Board [Ad 7c 4h]
Seat 1: VolkovDmitri (button) (small blind) collected ($11.76)
Seat 3: kr.poker8029 (big blind) folded on the Flop


PokerStars Hand #148948770617:  Hold'em Limit ($3/$6 USD) - 2016/02/17 7:14:09 ET
Table 'Chalonge II' 6-max Seat #3 is the button
Seat 1: VolkovDmitri ($120 in chips)
Seat 3: kr.poker8029 ($115.16 in chips)
kr.poker8029: posts small blind $1
VolkovDmitri: posts big blind $3
*** HOLE CARDS ***
kr.poker8029: folds
Uncalled bet ($2) returned to VolkovDmitri
VolkovDmitri collected $2 from pot
VolkovDmitri: doesn't show hand
*** SUMMARY ***
Total pot $2 | Rake $0
Seat 1: VolkovDmitri (big blind) collected ($2)
Seat 3: kr.poker8029 (button) (small blind) folded before Flop


PokerStars Hand #148948759073:  Hold'em Limit ($3/$6 USD) - 2016/02/17 7:13:49 ET
Table 'Chalonge II' 6-max Seat #1 is the button
Seat 1: VolkovDmitri ($121 in chips)
Seat 3: kr.poker8029 ($103.64 in chips)
VolkovDmitri: posts small blind $1
kr.poker8029: posts big blind $3
*** HOLE CARDS ***
VolkovDmitri: raises $3 to $6
kr.poker8029: calls $3
*** FLOP *** [Ks Qc 2d]
kr.poker8029: checks
VolkovDmitri: bets $3
kr.poker8029: raises $3 to $6
VolkovDmitri: calls $3
*** TURN *** [Ks Qc 2d] [Jd]
kr.poker8029: bets $6
VolkovDmitri: folds
Uncalled bet ($6) returned to kr.poker8029
kr.poker8029 collected $23.52 from pot
*** SUMMARY ***
Total pot $24 | Rake $0.48
Board [Ks Qc 2d Jd]
Seat 1: VolkovDmitri (button) (small blind) folded on the Turn
Seat 3: kr.poker8029 (big blind) collected ($23.52)


PokerStars Hand #148948819337:  Hold'em Limit ($3/$6 USD) - 2016/02/17 7:15:37 ET
Table 'Chalonge II' 6-max Seat #3 is the button
Seat 1: VolkovDmitri ($165.50 in chips)
Seat 3: kr.poker8029 ($79.44 in chips)
kr.poker8029: posts small blind $1
VolkovDmitri: posts big blind $3
*** HOLE CARDS ***
kr.poker8029: folds
Uncalled bet ($2) returned to VolkovDmitri
VolkovDmitri collected $2 from pot
VolkovDmitri: doesn't show hand
*** SUMMARY ***
Total pot $2 | Rake $0
Seat 1: VolkovDmitri (big blind) collected ($2)
Seat 3: kr.poker8029 (button) (small blind) folded before Flop


PokerStars Hand #148948802593:  Hold'em Limit ($3/$6 USD) - 2016/02/17 7:15:06 ET
Table 'Chalonge II' 6-max Seat #1 is the button
Seat 1: VolkovDmitri ($121 in chips)
Seat 3: kr.poker8029 ($124.44 in chips)
VolkovDmitri: posts small blind $1
kr.poker8029: posts big blind $3
*** HOLE CARDS ***
VolkovDmitri: raises $3 to $6
kr.poker8029: calls $3
*** FLOP *** [Kc 4h 7s]
kr.poker8029: checks
VolkovDmitri: bets $3
kr.poker8029: calls $3
*** TURN *** [Kc 4h 7s] [4c]
kr.poker8029: checks
VolkovDmitri: bets $6
kr.poker8029: raises $6 to $12
VolkovDmitri: raises $6 to $18
kr.poker8029: raises $6 to $24
Betting is capped
VolkovDmitri: calls $6
*** RIVER *** [Kc 4h 7s 4c] [9h]
kr.poker8029: bets $6
VolkovDmitri: raises $6 to $12
kr.poker8029: calls $6
*** SHOW DOWN ***
VolkovDmitri: shows [Ks 4s] (a full house, Fours full of Kings)
kr.poker8029: mucks hand
VolkovDmitri collected $89.50 from pot
*** SUMMARY ***
Total pot $90 | Rake $0.50
Board [Kc 4h 7s 4c 9h]
Seat 1: VolkovDmitri (button) (small blind) showed [Ks 4s] and won ($89.50) with a full house, Fours full of Kings
Seat 3: kr.poker8029 (big blind) mucked


PokerStars Hand #148948799653:  Hold'em Limit ($3/$6 USD) - 2016/02/17 7:15:01 ET
Table 'Chalonge II' 6-max Seat #3 is the button
Seat 1: VolkovDmitri ($120 in chips)
Seat 3: kr.poker8029 ($125.44 in chips)
kr.poker8029: posts small blind $1
VolkovDmitri: posts big blind $3
*** HOLE CARDS ***
kr.poker8029: folds
Uncalled bet ($2) returned to VolkovDmitri
VolkovDmitri collected $2 from pot
VolkovDmitri: doesn't show hand
*** SUMMARY ***
Total pot $2 | Rake $0
Seat 1: VolkovDmitri (big blind) collected ($2)
Seat 3: kr.poker8029 (button) (small blind) folded before Flop


PokerStars Hand #148948790179:  Hold'em Limit ($3/$6 USD) - 2016/02/17 7:14:44 ET
Table 'Chalonge II' 6-max Seat #1 is the button
Seat 1: VolkovDmitri ($120.76 in chips)
Seat 3: kr.poker8029 ($113.92 in chips)
VolkovDmitri: posts small blind $1
kr.poker8029: posts big blind $3
*** HOLE CARDS ***
VolkovDmitri: raises $3 to $6
kr.poker8029: calls $3
*** FLOP *** [Js 8c 2c]
kr.poker8029: checks
VolkovDmitri: bets $3
kr.poker8029: raises $3 to $6
VolkovDmitri: calls $3
*** TURN *** [Js 8c 2c] [8s]
kr.poker8029: bets $6
VolkovDmitri: folds
Uncalled bet ($6) returned to kr.poker8029
kr.poker8029 collected $23.52 from pot
*** SUMMARY ***
Total pot $24 | Rake $0.48
Board [Js 8c 2c 8s]
Seat 1: VolkovDmitri (button) (small blind) folded on the Turn
Seat 3: kr.poker8029 (big blind) collected ($23.52)


PokerStars Hand #148948846781:  Hold'em Limit ($3/$6 USD) - 2016/02/17 7:16:26 ET
Table 'Chalonge II' 6-max Seat #1 is the button
Seat 1: VolkovDmitri ($158.26 in chips)
Seat 3: kr.poker8029 ($85.96 in chips)
VolkovDmitri: posts small blind $1
kr.poker8029: posts big blind $3
*** HOLE CARDS ***
VolkovDmitri: raises $3 to $6
kr.poker8029: folds
Uncalled bet ($3) returned to VolkovDmitri
VolkovDmitri collected $6 from pot
VolkovDmitri: doesn't show hand
*** SUMMARY ***
Total pot $6 | Rake $0
Seat 1: VolkovDmitri (button) (small blind) collected ($6)
Seat 3: kr.poker8029 (big blind) folded before Flop


PokerStars Hand #148948843664:  Hold'em Limit ($3/$6 USD) - 2016/02/17 7:16:21 ET
Table 'Chalonge II' 6-max Seat #3 is the button
Seat 1: VolkovDmitri ($157.26 in chips)
Seat 3: kr.poker8029 ($86.96 in chips)
kr.poker8029: posts small blind $1
VolkovDmitri: posts big blind $3
*** HOLE CARDS ***
kr.poker8029: folds
Uncalled bet ($2) returned to VolkovDmitri
VolkovDmitri collected $2 from pot
VolkovDmitri: doesn't show hand
*** SUMMARY ***
Total pot $2 | Rake $0
Seat 1: VolkovDmitri (big blind) collected ($2)
Seat 3: kr.poker8029 (button) (small blind) folded before Flop


PokerStars Hand #148948837532:  Hold'em Limit ($3/$6 USD) - 2016/02/17 7:16:10 ET
Table 'Chalonge II' 6-max Seat #1 is the button
Seat 1: VolkovDmitri ($151.50 in chips)
Seat 3: kr.poker8029 ($92.96 in chips)
VolkovDmitri: posts small blind $1
kr.poker8029: posts big blind $3
*** HOLE CARDS ***
VolkovDmitri: raises $3 to $6
kr.poker8029: calls $3
*** FLOP *** [2h 8h As]
kr.poker8029: checks
VolkovDmitri: bets $3
kr.poker8029: folds
Uncalled bet ($3) returned to VolkovDmitri
VolkovDmitri collected $11.76 from pot
VolkovDmitri: doesn't show hand
*** SUMMARY ***
Total pot $12 | Rake $0.24
Board [2h 8h As]
Seat 1: VolkovDmitri (button) (small blind) collected ($11.76)
Seat 3: kr.poker8029 (big blind) folded on the Flop


PokerStars Hand #148948834093:  Hold'em Limit ($3/$6 USD) - 2016/02/17 7:16:04 ET
Table 'Chalonge II' 6-max Seat #3 is the button
Seat 1: VolkovDmitri ($154.50 in chips)
Seat 3: kr.poker8029 ($89.96 in chips)
kr.poker8029: posts small blind $1
VolkovDmitri: posts big blind $3
*** HOLE CARDS ***
kr.poker8029: raises $3 to $6
VolkovDmitri: folds
Uncalled bet ($3) returned to kr.poker8029
kr.poker8029 collected $6 from pot
*** SUMMARY ***
Total pot $6 | Rake $0
Seat 1: VolkovDmitri (big blind) folded before Flop
Seat 3: kr.poker8029 (button) (small blind) collected ($6)


PokerStars Hand #148948822192:  Hold'em Limit ($3/$6 USD) - 2016/02/17 7:15:42 ET
Table 'Chalonge II' 6-max Seat #1 is the button
Seat 1: VolkovDmitri ($166.50 in chips)
Seat 3: kr.poker8029 ($78.44 in chips)
VolkovDmitri: posts small blind $1
kr.poker8029: posts big blind $3
*** HOLE CARDS ***
VolkovDmitri: raises $3 to $6
kr.poker8029: raises $3 to $9
VolkovDmitri: calls $3
*** FLOP *** [Jd 9h 8s]
kr.poker8029: bets $3
VolkovDmitri: calls $3
*** TURN *** [Jd 9h 8s] [5d]
kr.poker8029: checks
VolkovDmitri: checks
*** RIVER *** [Jd 9h 8s 5d] [Th]
kr.poker8029: bets $6
VolkovDmitri: folds
Uncalled bet ($6) returned to kr.poker8029
kr.poker8029 collected $23.52 from pot
*** SUMMARY ***
Total pot $24 | Rake $0.48
Board [Jd 9h 8s 5d Th]
Seat 1: VolkovDmitri (button) (small blind) folded on the River
Seat 3: kr.poker8029 (big blind) collected ($23.52)


PokerStars Hand #148948852207:  Hold'em Limit ($3/$6 USD) - 2016/02/17 7:16:35 ET
Table 'Chalonge II' 6-max Seat #3 is the button
Seat 1: VolkovDmitri ($161.26 in chips)
Seat 3: kr.poker8029 ($82.96 in chips)
kr.poker8029: posts small blind $1
VolkovDmitri: posts big blind $3
*** HOLE CARDS ***
kr.poker8029: raises $3 to $6
VolkovDmitri: calls $3
*** FLOP *** [Qs Tc Ac]
VolkovDmitri: checks
kr.poker8029: bets $3
VolkovDmitri: calls $3
*** TURN *** [Qs Tc Ac] [Td]
VolkovDmitri: checks
kr.poker8029: bets $6
40 ft cliff joins the table at seat #6
VolkovDmitri: calls $6
*** RIVER *** [Qs Tc Ac Td] [8h]
VolkovDmitri: checks
kr.poker8029: bets $6
VolkovDmitri: raises $6 to $12
kr.poker8029: calls $6
*** SHOW DOWN ***
VolkovDmitri: shows [Jd 9d] (a straight, Eight to Queen)
kr.poker8029: mucks hand
VolkovDmitri collected $53.50 from pot
*** SUMMARY ***
Total pot $54 | Rake $0.50
Board [Qs Tc Ac Td 8h]
Seat 1: VolkovDmitri (big blind) showed [Jd 9d] and won ($53.50) with a straight, Eight to Queen
Seat 3: kr.poker8029 (button) (small blind) mucked


PokerStars Hand #148948889266:  Hold'em Limit ($3/$6 USD) - 2016/02/17 7:17:38 ET
Table 'Chalonge II' 6-max Seat #1 is the button
Seat 1: VolkovDmitri ($187.76 in chips)
Seat 3: kr.poker8029 ($55.96 in chips)
VolkovDmitri: posts small blind $1
kr.poker8029: posts big blind $3
*** HOLE CARDS ***
VolkovDmitri: raises $3 to $6
kr.poker8029: calls $3
*** FLOP *** [3c 2s Qc]
kr.poker8029: checks
VolkovDmitri: bets $3
kr.poker8029: raises $3 to $6
Heintje8 joins the table at seat #2
VolkovDmitri: calls $3
*** TURN *** [3c 2s Qc] [8s]
kr.poker8029: bets $6
VolkovDmitri: raises $6 to $12
kr.poker8029: calls $6
*** RIVER *** [3c 2s Qc 8s] [Td]
kr.poker8029: checks
VolkovDmitri: bets $6
kr.poker8029: folds
Uncalled bet ($6) returned to VolkovDmitri
VolkovDmitri collected $47.50 from pot
VolkovDmitri: doesn't show hand
*** SUMMARY ***
Total pot $48 | Rake $0.50
Board [3c 2s Qc 8s Td]
Seat 1: VolkovDmitri (button) (small blind) collected ($47.50)
Seat 3: kr.poker8029 (big blind) folded on the River


PokerStars Hand #148949833330:  Hold'em Limit ($3/$6 USD) - 2016/02/17 7:43:22 ET
Table 'Chalonge II' 6-max Seat #6 is the button
Seat 1: VolkovDmitri ($289.17 in chips)
Seat 6: 40 ft cliff ($20.51 in chips)
40 ft cliff: posts small blind $1
VolkovDmitri: posts big blind $3
*** HOLE CARDS ***
40 ft cliff: folds
Uncalled bet ($2) returned to VolkovDmitri
VolkovDmitri collected $2 from pot
VolkovDmitri: doesn't show hand
*** SUMMARY ***
Total pot $2 | Rake $0
Seat 1: VolkovDmitri (big blind) collected ($2)
Seat 6: 40 ft cliff (button) (small blind) folded before Flop


PokerStars Hand #148949825631:  Hold'em Limit ($3/$6 USD) - 2016/02/17 7:43:09 ET
Table 'Chalonge II' 6-max Seat #1 is the button
Seat 1: VolkovDmitri ($286.17 in chips)
Seat 6: 40 ft cliff ($23.51 in chips)
VolkovDmitri: posts small blind $1
40 ft cliff: posts big blind $3
*** HOLE CARDS ***
VolkovDmitri: raises $3 to $6
40 ft cliff: folds
Uncalled bet ($3) returned to VolkovDmitri
VolkovDmitri collected $6 from pot
VolkovDmitri: doesn't show hand
*** SUMMARY ***
Total pot $6 | Rake $0
Seat 1: VolkovDmitri (button) (small blind) collected ($6)
Seat 6: 40 ft cliff (big blind) folded before Flop


PokerStars Hand #148949873344:  Hold'em Limit ($3/$6 USD) - 2016/02/17 7:44:25 ET
Table 'Chalonge II' 6-max Seat #1 is the button
Seat 1: VolkovDmitri ($279.17 in chips)
Seat 6: 40 ft cliff ($30.03 in chips)
VolkovDmitri: posts small blind $1
RockKillerTY was removed from the table for failing to post
40 ft cliff: posts big blind $3
*** HOLE CARDS ***
VolkovDmitri: raises $3 to $6
40 ft cliff: folds
Uncalled bet ($3) returned to VolkovDmitri
VolkovDmitri collected $6 from pot
VolkovDmitri: doesn't show hand
*** SUMMARY ***
Total pot $6 | Rake $0
Seat 1: VolkovDmitri (button) (small blind) collected ($6)
Seat 6: 40 ft cliff (big blind) folded before Flop


PokerStars Hand #148949869062:  Hold'em Limit ($3/$6 USD) - 2016/02/17 7:44:18 ET
Table 'Chalonge II' 6-max Seat #6 is the button
Seat 1: VolkovDmitri ($278.17 in chips)
Seat 6: 40 ft cliff ($31.03 in chips)
40 ft cliff: posts small blind $1
VolkovDmitri: posts big blind $3
*** HOLE CARDS ***
40 ft cliff: folds
Uncalled bet ($2) returned to VolkovDmitri
VolkovDmitri collected $2 from pot
VolkovDmitri: doesn't show hand
*** SUMMARY ***
Total pot $2 | Rake $0
Seat 1: VolkovDmitri (big blind) collected ($2)
Seat 6: 40 ft cliff (button) (small blind) folded before Flop


PokerStars Hand #148949836966:  Hold'em Limit ($3/$6 USD) - 2016/02/17 7:43:27 ET
Table 'Chalonge II' 6-max Seat #1 is the button
Seat 1: VolkovDmitri ($290.17 in chips)
Seat 6: 40 ft cliff ($19.51 in chips)
VolkovDmitri: posts small blind $1
40 ft cliff: posts big blind $3
*** HOLE CARDS ***
VolkovDmitri: raises $3 to $6
40 ft cliff: raises $3 to $9
VolkovDmitri: calls $3
*** FLOP *** [8s 9h 7d]
40 ft cliff: bets $3
VolkovDmitri: calls $3
*** TURN *** [8s 9h 7d] [7h]
40 ft cliff: bets $6
VolkovDmitri: folds
Uncalled bet ($6) returned to 40 ft cliff
40 ft cliff collected $23.52 from pot
*** SUMMARY ***
Total pot $24 | Rake $0.48
Board [8s 9h 7d 7h]
Seat 1: VolkovDmitri (button) (small blind) folded on the Turn
Seat 6: 40 ft cliff (big blind) collected ($23.52)


PokerStars Hand #148949881169:  Hold'em Limit ($3/$6 USD) - 2016/02/17 7:44:38 ET
Table 'Chalonge II' 6-max Seat #6 is the button
Seat 1: VolkovDmitri ($282.17 in chips)
Seat 6: 40 ft cliff ($27.03 in chips)
40 ft cliff: posts small blind $1
VolkovDmitri: posts big blind $3
*** HOLE CARDS ***
40 ft cliff: raises $3 to $6
VolkovDmitri: calls $3
*** FLOP *** [9d 7d 3c]
VolkovDmitri: checks
40 ft cliff: bets $3
VolkovDmitri: calls $3
*** TURN *** [9d 7d 3c] [2s]
Leblanc1 joins the table at seat #2
VolkovDmitri: checks
40 ft cliff: bets $6
VolkovDmitri: calls $6
*** RIVER *** [9d 7d 3c 2s] [Ah]
VolkovDmitri: checks
40 ft cliff: bets $6
VolkovDmitri: calls $6
*** SHOW DOWN ***
40 ft cliff: shows [9s Ad] (two pair, Aces and Nines)
VolkovDmitri: mucks hand
40 ft cliff collected $41.50 from pot
*** SUMMARY ***
Total pot $42 | Rake $0.50
Board [9d 7d 3c 2s Ah]
Seat 1: VolkovDmitri (big blind) mucked
Seat 6: 40 ft cliff (button) (small blind) showed [9s Ad] and won ($41.50) with two pair, Aces and Nines


PokerStars Hand #148958232157:  Hold'em Limit ($3/$6 USD) - 2016/02/17 10:55:09 ET
Table 'Chalonge II' 6-max Seat #2 is the button
Seat 2: Günni1959 ($154.69 in chips)
Seat 5: Ale4o ($207.63 in chips)
Günni1959: posts small blind $1
Necromadx: is sitting out
Ale4o: posts big blind $3
*** HOLE CARDS ***
Necromadx leaves the table
Günni1959: folds
Uncalled bet ($2) returned to Ale4o
Ale4o collected $2 from pot
Ale4o: doesn't show hand
*** SUMMARY ***
Total pot $2 | Rake $0
Seat 2: Günni1959 (button) (small blind) folded before Flop
Seat 5: Ale4o (big blind) collected ($2)


PokerStars Hand #148958236466:  Hold'em Limit ($3/$6 USD) - 2016/02/17 10:55:15 ET
Table 'Chalonge II' 6-max Seat #5 is the button
Seat 2: Günni1959 ($153.69 in chips)
Seat 5: Ale4o ($208.63 in chips)
Ale4o: posts small blind $1
Günni1959: posts big blind $3
*** HOLE CARDS ***
Ale4o: raises $3 to $6
Günni1959: folds
Uncalled bet ($3) returned to Ale4o
Ale4o collected $6 from pot
Ale4o: doesn't show hand
*** SUMMARY ***
Total pot $6 | Rake $0
Seat 2: Günni1959 (big blind) folded before Flop
Seat 5: Ale4o (button) (small blind) collected ($6)


PokerStars Hand #148958240013:  Hold'em Limit ($3/$6 USD) - 2016/02/17 10:55:20 ET
Table 'Chalonge II' 6-max Seat #2 is the button
Seat 2: Günni1959 ($150.69 in chips)
Seat 5: Ale4o ($211.63 in chips)
Günni1959: posts small blind $1
Ale4o: posts big blind $3
*** HOLE CARDS ***
Günni1959: raises $3 to $6
Ale4o: calls $3
*** FLOP *** [8d 7h 9d]
Ale4o: checks
Günni1959: checks
*** TURN *** [8d 7h 9d] [Kd]
Ale4o: checks
Günni1959: checks
*** RIVER *** [8d 7h 9d Kd] [3c]
Ale4o: checks
Günni1959: checks
*** SHOW DOWN ***
Ale4o: shows [Ts 5s] (high card King)
Günni1959: shows [Qs As] (high card Ace)
Günni1959 collected $11.76 from pot
*** SUMMARY ***
Total pot $12 | Rake $0.24
Board [8d 7h 9d Kd 3c]
Seat 2: Günni1959 (button) (small blind) showed [Qs As] and won ($11.76) with high card Ace
Seat 5: Ale4o (big blind) showed [Ts 5s] and lost with high card King


PokerStars Hand #148958250090:  Hold'em Limit ($3/$6 USD) - 2016/02/17 10:55:34 ET
Table 'Chalonge II' 6-max Seat #5 is the button
Seat 2: Günni1959 ($156.45 in chips)
Seat 5: Ale4o ($205.63 in chips)
Ale4o: posts small blind $1
Günni1959: posts big blind $3
*** HOLE CARDS ***
Ale4o: raises $3 to $6
Günni1959: calls $3
*** FLOP *** [5d 9s Tc]
Günni1959: checks
Ale4o: checks
*** TURN *** [5d 9s Tc] [9h]
Günni1959: checks
Ale4o: bets $6
Günni1959: folds
Uncalled bet ($6) returned to Ale4o
Ale4o collected $11.76 from pot
Ale4o: doesn't show hand
*** SUMMARY ***
Total pot $12 | Rake $0.24
Board [5d 9s Tc 9h]
Seat 2: Günni1959 (big blind) folded on the Turn
Seat 5: Ale4o (button) (small blind) collected ($11.76)


PokerStars Hand #148960256891:  Hold'em Limit ($3/$6 USD) - 2016/02/17 11:35:16 ET
Table 'Chalonge II' 6-max Seat #1 is the button
Seat 1: VolkovDmitri ($120 in chips)
Seat 3: pitafas ($120 in chips)
VolkovDmitri: posts small blind $1
pitafas: posts big blind $3
*** HOLE CARDS ***
VolkovDmitri: raises $3 to $6
pitafas: folds
Uncalled bet ($3) returned to VolkovDmitri
VolkovDmitri collected $6 from pot
VolkovDmitri: doesn't show hand
*** SUMMARY ***
Total pot $6 | Rake $0
Seat 1: VolkovDmitri (button) (small blind) collected ($6)
Seat 3: pitafas (big blind) folded before Flop


PokerStars Hand #148960266240:  Hold'em Limit ($3/$6 USD) - 2016/02/17 11:35:27 ET
Table 'Chalonge II' 6-max Seat #3 is the button
Seat 1: VolkovDmitri ($123 in chips)
Seat 3: pitafas ($117 in chips)
pitafas: posts small blind $1
VolkovDmitri: posts big blind $3
*** HOLE CARDS ***
pitafas: raises $3 to $6
VolkovDmitri: calls $3
*** FLOP *** [6h 9s 3s]
VolkovDmitri: checks
pitafas: bets $3
VolkovDmitri: raises $3 to $6
pitafas: calls $3
*** TURN *** [6h 9s 3s] [5d]
VolkovDmitri: bets $6
pitafas: calls $6
*** RIVER *** [6h 9s 3s 5d] [Js]
VolkovDmitri: bets $6
pitafas: calls $6
*** SHOW DOWN ***
VolkovDmitri: shows [7c 5h] (a pair of Fives)
pitafas: shows [7h 6d] (a pair of Sixes)
pitafas collected $47.50 from pot
*** SUMMARY ***
Total pot $48 | Rake $0.50
Board [6h 9s 3s 5d Js]
Seat 1: VolkovDmitri (big blind) showed [7c 5h] and lost with a pair of Fives
Seat 3: pitafas (button) (small blind) showed [7h 6d] and won ($47.50) with a pair of Sixes


PokerStars Hand #148960358444:  Hold'em Limit ($3/$6 USD) - 2016/02/17 11:37:11 ET
Table 'Chalonge II' 6-max Seat #1 is the button
Seat 1: VolkovDmitri ($134.50 in chips)
Seat 3: pitafas ($125.50 in chips)
VolkovDmitri: posts small blind $1
pitafas: posts big blind $3
*** HOLE CARDS ***
VolkovDmitri: raises $3 to $6
pitafas: folds
Uncalled bet ($3) returned to VolkovDmitri
pitafas leaves the table
VolkovDmitri collected $6 from pot
VolkovDmitri: doesn't show hand
*** SUMMARY ***
Total pot $6 | Rake $0
Seat 1: VolkovDmitri (button) (small blind) collected ($6)
Seat 3: pitafas (big blind) folded before Flop


PokerStars Hand #148960348007:  Hold'em Limit ($3/$6 USD) - 2016/02/17 11:36:59 ET
Table 'Chalonge II' 6-max Seat #3 is the button
Seat 1: VolkovDmitri ($137.50 in chips)
Seat 3: pitafas ($122.50 in chips)
pitafas: posts small blind $1
VolkovDmitri: posts big blind $3
*** HOLE CARDS ***
pitafas: raises $3 to $6
VolkovDmitri: folds
Uncalled bet ($3) returned to pitafas
pitafas collected $6 from pot
*** SUMMARY ***
Total pot $6 | Rake $0
Seat 1: VolkovDmitri (big blind) folded before Flop
Seat 3: pitafas (button) (small blind) collected ($6)


PokerStars Hand #148960306532:  Hold'em Limit ($3/$6 USD) - 2016/02/17 11:36:13 ET
Table 'Chalonge II' 6-max Seat #1 is the button
Seat 1: VolkovDmitri ($120 in chips)
Seat 3: pitafas ($140.50 in chips)
VolkovDmitri: posts small blind $1
pitafas: posts big blind $3
*** HOLE CARDS ***
VolkovDmitri: raises $3 to $6
pitafas: raises $3 to $9
VolkovDmitri: calls $3
*** FLOP *** [Tc 7h 4d]
pitafas: checks
VolkovDmitri: bets $3
pitafas: calls $3
*** TURN *** [Tc 7h 4d] [5s]
pitafas: checks
VolkovDmitri: checks
*** RIVER *** [Tc 7h 4d 5s] [6d]
pitafas: bets $6
VolkovDmitri: calls $6
*** SHOW DOWN ***
pitafas: shows [Ah 9h] (high card Ace)
VolkovDmitri: shows [9d 6c] (a pair of Sixes)
VolkovDmitri collected $35.50 from pot
*** SUMMARY ***
Total pot $36 | Rake $0.50
Board [Tc 7h 4d 5s 6d]
Seat 1: VolkovDmitri (button) (small blind) showed [9d 6c] and won ($35.50) with a pair of Sixes
Seat 3: pitafas (big blind) showed [Ah 9h] and lost with high card Ace


