PokerStars Hand #159017059240:  Hold'em Limit ($3/$6 USD) - 2016/09/24 4:01:35 ET
Table 'Chandra' 6-max Seat #4 is the button
Seat 4: Agrotait ($73 in chips)
Seat 6: HAOYUN88888 ($59 in chips)
Agrotait: posts small blind $1
HAOYUN88888: posts big blind $3
*** HOLE CARDS ***
Velbor107 joins the table at seat #1
Agrotait: raises $3 to $6
HAOYUN88888: calls $3
*** FLOP *** [3d 7d 2c]
HAOYUN88888: bets $3
Agrotait: calls $3
*** TURN *** [3d 7d 2c] [Ad]
HAOYUN88888: bets $6
Agrotait: folds
Uncalled bet ($6) returned to HAOYUN88888
HAOYUN88888 collected $17.64 from pot
HAOYUN88888: doesn't show hand
*** SUMMARY ***
Total pot $18 | Rake $0.36
Board [3d 7d 2c Ad]
Seat 4: Agrotait (button) (small blind) folded on the Turn
Seat 6: HAOYUN88888 (big blind) collected ($17.64)


PokerStars Hand #159017109853:  Hold'em Limit ($3/$6 USD) - 2016/09/24 4:04:21 ET
Table 'Chandra' 6-max Seat #4 is the button
Seat 4: Agrotait ($78.50 in chips)
Seat 6: HAOYUN88888 ($52.64 in chips)
Agrotait: posts small blind $1
HAOYUN88888: posts big blind $3
*** HOLE CARDS ***
Agrotait: raises $3 to $6
HAOYUN88888: folds
Uncalled bet ($3) returned to Agrotait
Agrotait collected $6 from pot
Agrotait: doesn't show hand
*** SUMMARY ***
Total pot $6 | Rake $0
Seat 4: Agrotait (button) (small blind) collected ($6)
Seat 6: HAOYUN88888 (big blind) folded before Flop


PokerStars Hand #159017116547:  Hold'em Limit ($3/$6 USD) - 2016/09/24 4:04:43 ET
Table 'Chandra' 6-max Seat #4 is the button
Seat 4: Agrotait ($82.50 in chips)
Seat 6: HAOYUN88888 ($48.64 in chips)
Agrotait: posts small blind $1
HAOYUN88888: posts big blind $3
*** HOLE CARDS ***
Agrotait: raises $3 to $6
HAOYUN88888: folds
Uncalled bet ($3) returned to Agrotait
Agrotait collected $6 from pot
Agrotait: doesn't show hand
*** SUMMARY ***
Total pot $6 | Rake $0
Seat 4: Agrotait (button) (small blind) collected ($6)
Seat 6: HAOYUN88888 (big blind) folded before Flop


PokerStars Hand #159017112889:  Hold'em Limit ($3/$6 USD) - 2016/09/24 4:04:31 ET
Table 'Chandra' 6-max Seat #6 is the button
Seat 4: Agrotait ($81.50 in chips)
Seat 6: HAOYUN88888 ($49.64 in chips)
HAOYUN88888: posts small blind $1
Agrotait: posts big blind $3
*** HOLE CARDS ***
HAOYUN88888: folds
Uncalled bet ($2) returned to Agrotait
Agrotait collected $2 from pot
Agrotait: doesn't show hand
*** SUMMARY ***
Total pot $2 | Rake $0
Seat 4: Agrotait (big blind) collected ($2)
Seat 6: HAOYUN88888 (button) (small blind) folded before Flop


PokerStars Hand #159017121837:  Hold'em Limit ($3/$6 USD) - 2016/09/24 4:05:00 ET
Table 'Chandra' 6-max Seat #6 is the button
Seat 4: Agrotait ($85.50 in chips)
Seat 6: HAOYUN88888 ($45.64 in chips)
HAOYUN88888: posts small blind $1
Agrotait: posts big blind $3
*** HOLE CARDS ***
HAOYUN88888: raises $3 to $6
Agrotait: calls $3
*** FLOP *** [4d 2s 4s]
Agrotait: checks
HAOYUN88888: bets $3
Agrotait: calls $3
*** TURN *** [4d 2s 4s] [Kc]
HAOYUN88888 said, "zzzzzzz"
Agrotait: checks
HAOYUN88888: bets $6
Agrotait: calls $6
*** RIVER *** [4d 2s 4s Kc] [9d]
Agrotait: checks
HAOYUN88888: checks
*** SHOW DOWN ***
Agrotait: shows [6c Ac] (a pair of Fours)
HAOYUN88888: shows [5c As] (a pair of Fours)
Agrotait collected $14.75 from pot
HAOYUN88888 collected $14.75 from pot
*** SUMMARY ***
Total pot $30 | Rake $0.50
Board [4d 2s 4s Kc 9d]
Seat 4: Agrotait (big blind) showed [6c Ac] and won ($14.75) with a pair of Fours
Seat 6: HAOYUN88888 (button) (small blind) showed [5c As] and won ($14.75) with a pair of Fours


PokerStars Hand #159017618247:  Hold'em Limit ($3/$6 USD) - 2016/09/24 4:31:21 ET
Table 'Chandra' 6-max Seat #1 is the button
Seat 1: Velbor107 ($296 in chips)
Seat 2: aillbec ($68.88 in chips)
Velbor107: posts small blind $1
aillbec: posts big blind $3
*** HOLE CARDS ***
Velbor107: raises $3 to $6
aillbec: folds
Uncalled bet ($3) returned to Velbor107
Velbor107 collected $6 from pot
*** SUMMARY ***
Total pot $6 | Rake $0
Seat 1: Velbor107 (button) (small blind) collected ($6)
Seat 2: aillbec (big blind) folded before Flop


PokerStars Hand #159017609670:  Hold'em Limit ($3/$6 USD) - 2016/09/24 4:30:54 ET
Table 'Chandra' 6-max Seat #2 is the button
Seat 1: Velbor107 ($299 in chips)
Seat 2: aillbec ($66 in chips)
aillbec: posts small blind $1
Velbor107: posts big blind $3
*** HOLE CARDS ***
aillbec: calls $2
Velbor107: checks
*** FLOP *** [4c Jd 8h]
Velbor107: checks
aillbec: bets $3
Velbor107: folds
Uncalled bet ($3) returned to aillbec
aillbec collected $5.88 from pot
*** SUMMARY ***
Total pot $6 | Rake $0.12
Board [4c Jd 8h]
Seat 1: Velbor107 (big blind) folded on the Flop
Seat 2: aillbec (button) (small blind) collected ($5.88)


PokerStars Hand #159017604493:  Hold'em Limit ($3/$6 USD) - 2016/09/24 4:30:38 ET
Table 'Chandra' 6-max Seat #1 is the button
Seat 1: Velbor107 ($300 in chips)
Seat 2: aillbec ($65 in chips)
Velbor107: posts small blind $1
aillbec: posts big blind $3
*** HOLE CARDS ***
Velbor107: folds
Uncalled bet ($2) returned to aillbec
aillbec collected $2 from pot
*** SUMMARY ***
Total pot $2 | Rake $0
Seat 1: Velbor107 (button) (small blind) folded before Flop
Seat 2: aillbec (big blind) collected ($2)


PokerStars Hand #159017624395:  Hold'em Limit ($3/$6 USD) - 2016/09/24 4:31:40 ET
Table 'Chandra' 6-max Seat #1 is the button
Seat 1: Velbor107 ($300 in chips)
Seat 2: aillbec ($64.88 in chips)
Velbor107: posts small blind $1
aillbec: posts big blind $3
*** HOLE CARDS ***
Velbor107: raises $3 to $6
aillbec: calls $3
*** FLOP *** [5s Th 8h]
aillbec: checks
VolkovDmitri joins the table at seat #3
Velbor107: bets $3
aillbec: calls $3
*** TURN *** [5s Th 8h] [Kh]
aillbec: checks
Velbor107: checks
*** RIVER *** [5s Th 8h Kh] [7h]
aillbec: bets $6
Velbor107: folds
Uncalled bet ($6) returned to aillbec
aillbec collected $17.64 from pot
*** SUMMARY ***
Total pot $18 | Rake $0.36
Board [5s Th 8h Kh 7h]
Seat 1: Velbor107 (button) (small blind) folded on the River
Seat 2: aillbec (big blind) collected ($17.64)


PokerStars Hand #159017620876:  Hold'em Limit ($3/$6 USD) - 2016/09/24 4:31:29 ET
Table 'Chandra' 6-max Seat #2 is the button
Seat 1: Velbor107 ($299 in chips)
Seat 2: aillbec ($65.88 in chips)
aillbec: posts small blind $1
Velbor107: posts big blind $3
*** HOLE CARDS ***
aillbec: folds
Uncalled bet ($2) returned to Velbor107
Velbor107 collected $2 from pot
*** SUMMARY ***
Total pot $2 | Rake $0
Seat 1: Velbor107 (big blind) collected ($2)
Seat 2: aillbec (button) (small blind) folded before Flop


PokerStars Hand #159017795295:  Hold'em Limit ($3/$6 USD) - 2016/09/24 4:40:27 ET
Table 'Chandra' 6-max Seat #3 is the button
Seat 2: aillbec ($14.86 in chips)
Seat 3: VolkovDmitri ($120 in chips)
VolkovDmitri: posts small blind $1
Velbor107: is sitting out
aillbec: posts big blind $3
*** HOLE CARDS ***
VolkovDmitri: raises $3 to $6
Velbor107 leaves the table
aillbec: raises $3 to $9
VolkovDmitri: raises $3 to $12
Betting is capped
aillbec: calls $3
*** FLOP *** [Qh 5h 7d]
aillbec: bets $2.86 and is all-in
VolkovDmitri: calls $2.86
*** TURN *** [Qh 5h 7d] [Qs]
*** RIVER *** [Qh 5h 7d Qs] [Kd]
*** SHOW DOWN ***
aillbec: shows [9d 3h] (a pair of Queens)
VolkovDmitri: shows [Kc 2h] (two pair, Kings and Queens)
VolkovDmitri collected $29.22 from pot
*** SUMMARY ***
Total pot $29.72 | Rake $0.50
Board [Qh 5h 7d Qs Kd]
Seat 2: aillbec (big blind) showed [9d 3h] and lost with a pair of Queens
Seat 3: VolkovDmitri (button) (small blind) showed [Kc 2h] and won ($29.22) with two pair, Kings and Queens


