PokerStars Hand #159381533183:  Hold'em Limit ($3/$6 USD) - 2016/10/02 13:23:07 ET
Table 'Chantal' 6-max Seat #4 is the button
Seat 4: AzureCaper ($127 in chips)
Seat 5: peterpanXXX ($248 in chips)
AzureCaper: posts small blind $1
peterpanXXX: posts big blind $3
*** HOLE CARDS ***
AzureCaper: raises $3 to $6
peterpanXXX: folds
Uncalled bet ($3) returned to AzureCaper
peterpanXXX leaves the table
AzureCaper collected $6 from pot
AzureCaper: doesn't show hand
*** SUMMARY ***
Total pot $6 | Rake $0
Seat 4: AzureCaper (button) (small blind) collected ($6)
Seat 5: peterpanXXX (big blind) folded before Flop


PokerStars Hand #159381520278:  Hold'em Limit ($3/$6 USD) - 2016/10/02 13:22:52 ET
Table 'Chantal' 6-max Seat #5 is the button
Seat 4: AzureCaper ($97.50 in chips)
Seat 5: peterpanXXX ($278 in chips)
peterpanXXX: posts small blind $1
AzureCaper: posts big blind $3
*** HOLE CARDS ***
peterpanXXX: raises $3 to $6
AzureCaper: calls $3
*** FLOP *** [4s 7h Ah]
AzureCaper: checks
peterpanXXX: bets $3
AzureCaper: raises $3 to $6
peterpanXXX: raises $3 to $9
AzureCaper: raises $3 to $12
Betting is capped
peterpanXXX: calls $3
*** TURN *** [4s 7h Ah] [Td]
AzureCaper: bets $6
peterpanXXX: calls $6
*** RIVER *** [4s 7h Ah Td] [3h]
AzureCaper: bets $6
peterpanXXX: calls $6
*** SHOW DOWN ***
AzureCaper: shows [7c Ad] (two pair, Aces and Sevens)
peterpanXXX: mucks hand
AzureCaper collected $59.50 from pot
*** SUMMARY ***
Total pot $60 | Rake $0.50
Board [4s 7h Ah Td 3h]
Seat 4: AzureCaper (big blind) showed [7c Ad] and won ($59.50) with two pair, Aces and Sevens
Seat 5: peterpanXXX (button) (small blind) mucked


PokerStars Hand #159382368719:  Hold'em Limit ($3/$6 USD) - 2016/10/02 13:39:17 ET
Table 'Chantal' 6-max Seat #3 is the button
Seat 3: IveGoneNuts ($140.26 in chips)
Seat 4: AzureCaper ($109 in chips)
IveGoneNuts: posts small blind $1
AzureCaper: posts big blind $3
*** HOLE CARDS ***
IveGoneNuts: raises $3 to $6
AzureCaper: folds
Uncalled bet ($3) returned to IveGoneNuts
IveGoneNuts collected $6 from pot
IveGoneNuts: doesn't show hand
*** SUMMARY ***
Total pot $6 | Rake $0
Seat 3: IveGoneNuts (button) (small blind) collected ($6)
Seat 4: AzureCaper (big blind) folded before Flop


PokerStars Hand #159382354724:  Hold'em Limit ($3/$6 USD) - 2016/10/02 13:39:01 ET
Table 'Chantal' 6-max Seat #4 is the button
Seat 3: IveGoneNuts ($125.76 in chips)
Seat 4: AzureCaper ($124 in chips)
AzureCaper: posts small blind $1
IveGoneNuts: posts big blind $3
*** HOLE CARDS ***
AzureCaper: raises $3 to $6
IveGoneNuts: calls $3
*** FLOP *** [Kd Ts As]
IveGoneNuts: checks
AzureCaper: bets $3
IveGoneNuts: calls $3
*** TURN *** [Kd Ts As] [8h]
IveGoneNuts: checks
AzureCaper: bets $6
IveGoneNuts: calls $6
*** RIVER *** [Kd Ts As 8h] [4d]
IveGoneNuts: checks
AzureCaper: checks
*** SHOW DOWN ***
IveGoneNuts: shows [Ks 7h] (a pair of Kings)
AzureCaper: mucks hand
IveGoneNuts collected $29.50 from pot
*** SUMMARY ***
Total pot $30 | Rake $0.50
Board [Kd Ts As 8h 4d]
Seat 3: IveGoneNuts (big blind) showed [Ks 7h] and won ($29.50) with a pair of Kings
Seat 4: AzureCaper (button) (small blind) mucked


PokerStars Hand #159382388584:  Hold'em Limit ($3/$6 USD) - 2016/10/02 13:39:40 ET
Table 'Chantal' 6-max Seat #3 is the button
Seat 3: IveGoneNuts ($134.26 in chips)
Seat 4: AzureCaper ($114.64 in chips)
IveGoneNuts: posts small blind $1
AzureCaper: posts big blind $3
*** HOLE CARDS ***
IveGoneNuts: folds
Uncalled bet ($2) returned to AzureCaper
AzureCaper collected $2 from pot
AzureCaper: doesn't show hand
*** SUMMARY ***
Total pot $2 | Rake $0
Seat 3: IveGoneNuts (button) (small blind) folded before Flop
Seat 4: AzureCaper (big blind) collected ($2)


PokerStars Hand #159382374858:  Hold'em Limit ($3/$6 USD) - 2016/10/02 13:39:25 ET
Table 'Chantal' 6-max Seat #4 is the button
Seat 3: IveGoneNuts ($143.26 in chips)
Seat 4: AzureCaper ($106 in chips)
AzureCaper: posts small blind $1
IveGoneNuts: posts big blind $3
*** HOLE CARDS ***
AzureCaper: raises $3 to $6
IveGoneNuts: calls $3
*** FLOP *** [4d Ts 7c]
IveGoneNuts: checks
AzureCaper: bets $3
IveGoneNuts: calls $3
*** TURN *** [4d Ts 7c] [3h]
IveGoneNuts: checks
AzureCaper: bets $6
IveGoneNuts: folds
Uncalled bet ($6) returned to AzureCaper
AzureCaper collected $17.64 from pot
*** SUMMARY ***
Total pot $18 | Rake $0.36
Board [4d Ts 7c 3h]
Seat 3: IveGoneNuts (big blind) folded on the Turn
Seat 4: AzureCaper (button) (small blind) collected ($17.64)


PokerStars Hand #159382341411:  Hold'em Limit ($3/$6 USD) - 2016/10/02 13:38:46 ET
Table 'Chantal' 6-max Seat #3 is the button
Seat 3: IveGoneNuts ($120 in chips)
Seat 4: AzureCaper ($130 in chips)
IveGoneNuts: posts small blind $1
AzureCaper: posts big blind $3
*** HOLE CARDS ***
IveGoneNuts: raises $3 to $6
AzureCaper: calls $3
*** FLOP *** [Kd Kc Ad]
AzureCaper: checks
IveGoneNuts: bets $3
AzureCaper: folds
Uncalled bet ($3) returned to IveGoneNuts
IveGoneNuts collected $11.76 from pot
IveGoneNuts: doesn't show hand
*** SUMMARY ***
Total pot $12 | Rake $0.24
Board [Kd Kc Ad]
Seat 3: IveGoneNuts (button) (small blind) collected ($11.76)
Seat 4: AzureCaper (big blind) folded on the Flop


PokerStars Hand #159382392662:  Hold'em Limit ($3/$6 USD) - 2016/10/02 13:39:45 ET
Table 'Chantal' 6-max Seat #4 is the button
Seat 3: IveGoneNuts ($133.26 in chips)
Seat 4: AzureCaper ($115.64 in chips)
AzureCaper: posts small blind $1
IveGoneNuts: posts big blind $3
*** HOLE CARDS ***
AzureCaper: raises $3 to $6
IveGoneNuts: raises $3 to $9
AzureCaper: calls $3
*** FLOP *** [Ah 5h Ad]
IveGoneNuts: bets $3
AzureCaper: calls $3
*** TURN *** [Ah 5h Ad] [3c]
IveGoneNuts: bets $6
AzureCaper: folds
Uncalled bet ($6) returned to IveGoneNuts
RabbitNrAS joins the table at seat #5
IveGoneNuts collected $23.52 from pot
IveGoneNuts: doesn't show hand
*** SUMMARY ***
Total pot $24 | Rake $0.48
Board [Ah 5h Ad 3c]
Seat 3: IveGoneNuts (big blind) collected ($23.52)
Seat 4: AzureCaper (button) (small blind) folded on the Turn


PokerStars Hand #159382402877:  Hold'em Limit ($3/$6 USD) - 2016/10/02 13:39:57 ET
Table 'Chantal' 6-max Seat #3 is the button
Seat 3: IveGoneNuts ($144.78 in chips)
Seat 4: AzureCaper ($103.64 in chips)
IveGoneNuts: posts small blind $1
AzureCaper: posts big blind $3
*** HOLE CARDS ***
IveGoneNuts: folds
Uncalled bet ($2) returned to AzureCaper
AzureCaper collected $2 from pot
AzureCaper: doesn't show hand
*** SUMMARY ***
Total pot $2 | Rake $0
Seat 3: IveGoneNuts (button) (small blind) folded before Flop
Seat 4: AzureCaper (big blind) collected ($2)


PokerStars Hand #159385736772:  Hold'em Limit ($3/$6 USD) - 2016/10/02 14:43:28 ET
Table 'Chantal' 6-max Seat #1 is the button
Seat 1: janfff ($84.70 in chips)
Seat 2: kolaz03 ($111.69 in chips)
janfff: posts small blind $1
kolaz03: posts big blind $3
*** HOLE CARDS ***
janfff: folds
Uncalled bet ($2) returned to kolaz03
kolaz03 collected $2 from pot
kolaz03: doesn't show hand
*** SUMMARY ***
Total pot $2 | Rake $0
Seat 1: janfff (button) (small blind) folded before Flop
Seat 2: kolaz03 (big blind) collected ($2)


PokerStars Hand #159385724274:  Hold'em Limit ($3/$6 USD) - 2016/10/02 14:43:14 ET
Table 'Chantal' 6-max Seat #2 is the button
Seat 1: janfff ($90.70 in chips)
Seat 2: kolaz03 ($105.93 in chips)
kolaz03: posts small blind $1
LolDnkaments: is sitting out
janfff: posts big blind $3
*** HOLE CARDS ***
LolDnkaments leaves the table
kolaz03: raises $3 to $6
janfff: calls $3
*** FLOP *** [Ad 4s 9h]
Schorle93 joins the table at seat #3
janfff: checks
kolaz03: bets $3
janfff: folds
Uncalled bet ($3) returned to kolaz03
kolaz03 collected $11.76 from pot
kolaz03: doesn't show hand
*** SUMMARY ***
Total pot $12 | Rake $0.24
Board [Ad 4s 9h]
Seat 1: janfff (big blind) folded on the Flop
Seat 2: kolaz03 (button) (small blind) collected ($11.76)


PokerStars Hand #159386683791:  Hold'em Limit ($3/$6 USD) - 2016/10/02 15:02:20 ET
Table 'Chantal' 6-max Seat #4 is the button
Seat 3: Schorle93 ($137.61 in chips)
Seat 4: Chessnok ($153.08 in chips)
Chessnok: posts small blind $1
Schorle93: posts big blind $3
*** HOLE CARDS ***
Chessnok: raises $3 to $6
Schorle93: calls $3
*** FLOP *** [Ac Qd Td]
Schorle93: checks
Chessnok: bets $3
Schorle93: folds
Uncalled bet ($3) returned to Chessnok
Chessnok collected $11.76 from pot
*** SUMMARY ***
Total pot $12 | Rake $0.24
Board [Ac Qd Td]
Seat 3: Schorle93 (big blind) folded on the Flop
Seat 4: Chessnok (button) (small blind) collected ($11.76)


PokerStars Hand #159386712019:  Hold'em Limit ($3/$6 USD) - 2016/10/02 15:02:50 ET
Table 'Chantal' 6-max Seat #4 is the button
Seat 3: Schorle93 ($113.61 in chips)
Seat 4: Chessnok ($176.34 in chips)
Chessnok: posts small blind $1
Schorle93: posts big blind $3
*** HOLE CARDS ***
Chessnok: raises $3 to $6
Schorle93: folds
Uncalled bet ($3) returned to Chessnok
Chessnok collected $6 from pot
Chessnok: doesn't show hand
*** SUMMARY ***
Total pot $6 | Rake $0
Seat 3: Schorle93 (big blind) folded before Flop
Seat 4: Chessnok (button) (small blind) collected ($6)


PokerStars Hand #159386677090:  Hold'em Limit ($3/$6 USD) - 2016/10/02 15:02:13 ET
Table 'Chantal' 6-max Seat #3 is the button
Seat 3: Schorle93 ($138.61 in chips)
Seat 4: Chessnok ($152.08 in chips)
Schorle93: posts small blind $1
Chessnok: posts big blind $3
*** HOLE CARDS ***
Schorle93: folds
Uncalled bet ($2) returned to Chessnok
Chessnok collected $2 from pot
Chessnok: doesn't show hand
*** SUMMARY ***
Total pot $2 | Rake $0
Seat 3: Schorle93 (button) (small blind) folded before Flop
Seat 4: Chessnok (big blind) collected ($2)


PokerStars Hand #159386663991:  Hold'em Limit ($3/$6 USD) - 2016/10/02 15:01:58 ET
Table 'Chantal' 6-max Seat #4 is the button
Seat 3: Schorle93 ($127.09 in chips)
Seat 4: Chessnok ($164.08 in chips)
Chessnok: posts small blind $1
Jigorek1989: is sitting out
Longstaaf: is sitting out
Schorle93: posts big blind $3
*** HOLE CARDS ***
Chessnok: raises $3 to $6
Schorle93: raises $3 to $9
Chessnok: calls $3
*** FLOP *** [9h 6h 9c]
Schorle93: bets $3
Chessnok: calls $3
*** TURN *** [9h 6h 9c] [6c]
Schorle93: bets $6
Jigorek1989 leaves the table
Chessnok: folds
Uncalled bet ($6) returned to Schorle93
Schorle93 collected $23.52 from pot
*** SUMMARY ***
Total pot $24 | Rake $0.48
Board [9h 6h 9c 6c]
Seat 3: Schorle93 (big blind) collected ($23.52)
Seat 4: Chessnok (button) (small blind) folded on the Turn


PokerStars Hand #159386717786:  Hold'em Limit ($3/$6 USD) - 2016/10/02 15:02:57 ET
Table 'Chantal' 6-max Seat #3 is the button
Seat 3: Schorle93 ($110.61 in chips)
Seat 4: Chessnok ($179.34 in chips)
Schorle93: posts small blind $1
Chessnok: posts big blind $3
*** HOLE CARDS ***
Schorle93: raises $3 to $6
Chessnok: raises $3 to $9
Schorle93: calls $3
*** FLOP *** [4s 5c 5h]
Chessnok: bets $3
Schorle93: folds
Uncalled bet ($3) returned to Chessnok
Chessnok collected $17.64 from pot
Chessnok: doesn't show hand
*** SUMMARY ***
Total pot $18 | Rake $0.36
Board [4s 5c 5h]
Seat 3: Schorle93 (button) (small blind) folded on the Flop
Seat 4: Chessnok (big blind) collected ($17.64)


PokerStars Hand #159386743403:  Hold'em Limit ($3/$6 USD) - 2016/10/02 15:03:21 ET
Table 'Chantal' 6-max Seat #4 is the button
Seat 3: Schorle93 ($101.61 in chips)
Seat 4: Chessnok ($187.98 in chips)
Chessnok: posts small blind $1
Schorle93: posts big blind $3
*** HOLE CARDS ***
Chessnok: raises $3 to $6
Schorle93: calls $3
*** FLOP *** [4h 3d 9d]
Schorle93: checks
Chessnok: bets $3
Schorle93: raises $3 to $6
Chessnok: calls $3
*** TURN *** [4h 3d 9d] [Kh]
Schorle93: bets $6
Chessnok: raises $6 to $12
Schorle93: calls $6
*** RIVER *** [4h 3d 9d Kh] [Js]
Schorle93: checks
Chessnok: bets $6
Schorle93: folds
Uncalled bet ($6) returned to Chessnok
Chessnok collected $47.50 from pot
Chessnok: doesn't show hand
*** SUMMARY ***
Total pot $48 | Rake $0.50
Board [4h 3d 9d Kh Js]
Seat 3: Schorle93 (big blind) folded on the River
Seat 4: Chessnok (button) (small blind) collected ($47.50)


PokerStars Hand #159386797328:  Hold'em Limit ($3/$6 USD) - 2016/10/02 15:04:17 ET
Table 'Chantal' 6-max Seat #4 is the button
Seat 3: Schorle93 ($92.11 in chips)
Seat 4: Chessnok ($196.48 in chips)
Chessnok: posts small blind $1
Schorle93: posts big blind $3
*** HOLE CARDS ***
Chessnok: raises $3 to $6
Schorle93: raises $3 to $9
Chessnok: calls $3
*** FLOP *** [Td Jh Qd]
Schorle93: bets $3
Chessnok: raises $3 to $6
Schorle93: calls $3
*** TURN *** [Td Jh Qd] [Ad]
Schorle93: checks
Chessnok: bets $6
Schorle93: raises $6 to $12
Chessnok: calls $6
*** RIVER *** [Td Jh Qd Ad] [2s]
Schorle93: bets $6
Chessnok: calls $6
*** SHOW DOWN ***
Schorle93: shows [Kc 6c] (a straight, Ten to Ace)
Chessnok: shows [As Ks] (a straight, Ten to Ace)
Schorle93 collected $32.75 from pot
Chessnok collected $32.75 from pot
*** SUMMARY ***
Total pot $66 | Rake $0.50
Board [Td Jh Qd Ad 2s]
Seat 3: Schorle93 (big blind) showed [Kc 6c] and won ($32.75) with a straight, Ten to Ace
Seat 4: Chessnok (button) (small blind) showed [As Ks] and won ($32.75) with a straight, Ten to Ace


PokerStars Hand #159386827287:  Hold'em Limit ($3/$6 USD) - 2016/10/02 15:04:48 ET
Table 'Chantal' 6-max Seat #3 is the button
Seat 3: Schorle93 ($91.86 in chips)
Seat 4: Chessnok ($196.23 in chips)
Schorle93: posts small blind $1
Chessnok: posts big blind $3
*** HOLE CARDS ***
Schorle93: raises $3 to $6
Chessnok: folds
Uncalled bet ($3) returned to Schorle93
Schorle93 collected $6 from pot
Schorle93: doesn't show hand
*** SUMMARY ***
Total pot $6 | Rake $0
Seat 3: Schorle93 (button) (small blind) collected ($6)
Seat 4: Chessnok (big blind) folded before Flop


PokerStars Hand #159386779612:  Hold'em Limit ($3/$6 USD) - 2016/10/02 15:03:58 ET
Table 'Chantal' 6-max Seat #3 is the button
Seat 3: Schorle93 ($77.61 in chips)
Seat 4: Chessnok ($211.48 in chips)
Schorle93: posts small blind $1
Chessnok: posts big blind $3
*** HOLE CARDS ***
Schorle93: raises $3 to $6
Chessnok: calls $3
*** FLOP *** [9s 9h 3c]
Chessnok: bets $3
Schorle93: calls $3
*** TURN *** [9s 9h 3c] [9c]
Chessnok: checks
Schorle93: checks
*** RIVER *** [9s 9h 3c 9c] [Ts]
Chessnok: bets $6
Schorle93: calls $6
*** SHOW DOWN ***
Chessnok: shows [Jd Qs] (three of a kind, Nines)
Schorle93: shows [Ks Qc] (three of a kind, Nines - King kicker)
Schorle93 collected $29.50 from pot
*** SUMMARY ***
Total pot $30 | Rake $0.50
Board [9s 9h 3c 9c Ts]
Seat 3: Schorle93 (button) (small blind) showed [Ks Qc] and won ($29.50) with three of a kind, Nines
Seat 4: Chessnok (big blind) showed [Jd Qs] and lost with three of a kind, Nines


PokerStars Hand #159386880486:  Hold'em Limit ($3/$6 USD) - 2016/10/02 15:05:42 ET
Table 'Chantal' 6-max Seat #3 is the button
Seat 3: Schorle93 ($95.36 in chips)
Seat 4: Chessnok ($191.73 in chips)
Schorle93: posts small blind $1
Chessnok: posts big blind $3
*** HOLE CARDS ***
Schorle93: raises $3 to $6
Chessnok: calls $3
*** FLOP *** [9h 4d Td]
Chessnok: checks
Schorle93: bets $3
Chessnok: raises $3 to $6
Schorle93: calls $3
*** TURN *** [9h 4d Td] [5s]
Chessnok: bets $6
Schorle93: calls $6
*** RIVER *** [9h 4d Td 5s] [7c]
Chessnok: bets $6
Schorle93: calls $6
*** SHOW DOWN ***
Chessnok: shows [9c 5h] (two pair, Nines and Fives)
Schorle93: mucks hand
Chessnok collected $47.50 from pot
*** SUMMARY ***
Total pot $48 | Rake $0.50
Board [9h 4d Td 5s 7c]
Seat 3: Schorle93 (button) (small blind) mucked
Seat 4: Chessnok (big blind) showed [9c 5h] and won ($47.50) with two pair, Nines and Fives


PokerStars Hand #159386834868:  Hold'em Limit ($3/$6 USD) - 2016/10/02 15:04:55 ET
Table 'Chantal' 6-max Seat #4 is the button
Seat 3: Schorle93 ($94.86 in chips)
Seat 4: Chessnok ($193.23 in chips)
Chessnok: posts small blind $1
Schorle93: posts big blind $3
*** HOLE CARDS ***
Chessnok: raises $3 to $6
Schorle93: calls $3
*** FLOP *** [3d 9h 6d]
Schorle93: checks
Chessnok: bets $3
Schorle93: raises $3 to $6
Chessnok: calls $3
*** TURN *** [3d 9h 6d] [6c]
Schorle93: bets $6
Chessnok: calls $6
*** RIVER *** [3d 9h 6d 6c] [4d]
Schorle93: bets $6
Chessnok: folds
Uncalled bet ($6) returned to Schorle93
Schorle93 collected $35.50 from pot
Schorle93: doesn't show hand
*** SUMMARY ***
Total pot $36 | Rake $0.50
Board [3d 9h 6d 6c 4d]
Seat 3: Schorle93 (big blind) collected ($35.50)
Seat 4: Chessnok (button) (small blind) folded on the River


PokerStars Hand #159386876182:  Hold'em Limit ($3/$6 USD) - 2016/10/02 15:05:38 ET
Table 'Chantal' 6-max Seat #4 is the button
Seat 3: Schorle93 ($94.36 in chips)
Seat 4: Chessnok ($192.73 in chips)
Chessnok: posts small blind $1
Schorle93: posts big blind $3
*** HOLE CARDS ***
Chessnok: folds
Uncalled bet ($2) returned to Schorle93
Schorle93 collected $2 from pot
Schorle93: doesn't show hand
*** SUMMARY ***
Total pot $2 | Rake $0
Seat 3: Schorle93 (big blind) collected ($2)
Seat 4: Chessnok (button) (small blind) folded before Flop


PokerStars Hand #159386855002:  Hold'em Limit ($3/$6 USD) - 2016/10/02 15:05:16 ET
Table 'Chantal' 6-max Seat #3 is the button
Seat 3: Schorle93 ($112.36 in chips)
Seat 4: Chessnok ($175.23 in chips)
Schorle93: posts small blind $1
Chessnok: posts big blind $3
*** HOLE CARDS ***
Schorle93: raises $3 to $6
Chessnok: calls $3
*** FLOP *** [5h 2h Qs]
Chessnok: checks
Schorle93: bets $3
Chessnok: raises $3 to $6
Schorle93: calls $3
*** TURN *** [5h 2h Qs] [9s]
Chessnok: bets $6
Schorle93: calls $6
*** RIVER *** [5h 2h Qs 9s] [Kh]
Chessnok: bets $6
Schorle93: folds [2d]
Uncalled bet ($6) returned to Chessnok
Chessnok collected $35.50 from pot
Chessnok: doesn't show hand
*** SUMMARY ***
Total pot $36 | Rake $0.50
Board [5h 2h Qs 9s Kh]
Seat 3: Schorle93 (button) (small blind) folded on the River
Seat 4: Chessnok (big blind) collected ($35.50)


PokerStars Hand #159386928079:  Hold'em Limit ($3/$6 USD) - 2016/10/02 15:06:32 ET
Table 'Chantal' 6-max Seat #3 is the button
Seat 3: Schorle93 ($77.88 in chips)
Seat 4: Chessnok ($207.99 in chips)
Schorle93: posts small blind $1
Chessnok: posts big blind $3
*** HOLE CARDS ***
Schorle93: raises $3 to $6
Chessnok: calls $3
*** FLOP *** [4h 3c 6h]
Chessnok: checks
Schorle93: bets $3
Chessnok: calls $3
*** TURN *** [4h 3c 6h] [4c]
Chessnok: checks
Schorle93: bets $6
Chessnok: folds
Uncalled bet ($6) returned to Schorle93
Schorle93 collected $17.64 from pot
Schorle93: doesn't show hand
*** SUMMARY ***
Total pot $18 | Rake $0.36
Board [4h 3c 6h 4c]
Seat 3: Schorle93 (button) (small blind) collected ($17.64)
Seat 4: Chessnok (big blind) folded on the Turn


PokerStars Hand #159386893558:  Hold'em Limit ($3/$6 USD) - 2016/10/02 15:05:56 ET
Table 'Chantal' 6-max Seat #4 is the button
Seat 3: Schorle93 ($71.36 in chips)
Seat 4: Chessnok ($215.23 in chips)
Chessnok: posts small blind $1
Schorle93: posts big blind $3
*** HOLE CARDS ***
Chessnok: raises $3 to $6
Schorle93: raises $3 to $9
Longstaaf leaves the table
Chessnok: calls $3
*** FLOP *** [5c 4d 4h]
Schorle93: bets $3
Chessnok: calls $3
*** TURN *** [5c 4d 4h] [Qh]
Schorle93: bets $6
Chessnok: folds
Uncalled bet ($6) returned to Schorle93
Schorle93 collected $23.52 from pot
*** SUMMARY ***
Total pot $24 | Rake $0.48
Board [5c 4d 4h Qh]
Seat 3: Schorle93 (big blind) collected ($23.52)
Seat 4: Chessnok (button) (small blind) folded on the Turn


PokerStars Hand #159386911687:  Hold'em Limit ($3/$6 USD) - 2016/10/02 15:06:15 ET
Table 'Chantal' 6-max Seat #3 is the button
Seat 3: Schorle93 ($82.88 in chips)
Seat 4: Chessnok ($203.23 in chips)
Schorle93: posts small blind $1
Chessnok: posts big blind $3
*** HOLE CARDS ***
Schorle93: raises $3 to $6
Chessnok: calls $3
*** FLOP *** [Qd 7h 6h]
Chessnok: checks
Schorle93: checks
*** TURN *** [Qd 7h 6h] [4d]
Chessnok: bets $6
Schorle93: folds
Uncalled bet ($6) returned to Chessnok
Chessnok collected $11.76 from pot
Chessnok: doesn't show hand
*** SUMMARY ***
Total pot $12 | Rake $0.24
Board [Qd 7h 6h 4d]
Seat 3: Schorle93 (button) (small blind) folded on the Turn
Seat 4: Chessnok (big blind) collected ($11.76)


PokerStars Hand #159386946055:  Hold'em Limit ($3/$6 USD) - 2016/10/02 15:06:51 ET
Table 'Chantal' 6-max Seat #4 is the button
Seat 3: Schorle93 ($86.52 in chips)
Seat 4: Chessnok ($198.99 in chips)
Chessnok: posts small blind $1
Schorle93: posts big blind $3
*** HOLE CARDS ***
Chessnok: folds
Uncalled bet ($2) returned to Schorle93
Schorle93 collected $2 from pot
Schorle93: doesn't show hand
*** SUMMARY ***
Total pot $2 | Rake $0
Seat 3: Schorle93 (big blind) collected ($2)
Seat 4: Chessnok (button) (small blind) folded before Flop


PokerStars Hand #159386923293:  Hold'em Limit ($3/$6 USD) - 2016/10/02 15:06:27 ET
Table 'Chantal' 6-max Seat #4 is the button
Seat 3: Schorle93 ($76.88 in chips)
Seat 4: Chessnok ($208.99 in chips)
Chessnok: posts small blind $1
Schorle93: posts big blind $3
*** HOLE CARDS ***
Chessnok: folds
Uncalled bet ($2) returned to Schorle93
Schorle93 collected $2 from pot
*** SUMMARY ***
Total pot $2 | Rake $0
Seat 3: Schorle93 (big blind) collected ($2)
Seat 4: Chessnok (button) (small blind) folded before Flop


PokerStars Hand #159386970714:  Hold'em Limit ($3/$6 USD) - 2016/10/02 15:07:16 ET
Table 'Chantal' 6-max Seat #4 is the button
Seat 3: Schorle93 ($78.52 in chips)
Seat 4: Chessnok ($206.63 in chips)
Chessnok: posts small blind $1
Schorle93: posts big blind $3
*** HOLE CARDS ***
Chessnok: raises $3 to $6
Schorle93: calls $3
*** FLOP *** [Jh Jd Kc]
Schorle93: checks
Chessnok: bets $3
Schorle93: folds
Uncalled bet ($3) returned to Chessnok
Chessnok collected $11.76 from pot
Chessnok: doesn't show hand
*** SUMMARY ***
Total pot $12 | Rake $0.24
Board [Jh Jd Kc]
Seat 3: Schorle93 (big blind) folded on the Flop
Seat 4: Chessnok (button) (small blind) collected ($11.76)


PokerStars Hand #159386984196:  Hold'em Limit ($3/$6 USD) - 2016/10/02 15:07:30 ET
Table 'Chantal' 6-max Seat #3 is the button
Seat 3: Schorle93 ($72.52 in chips)
Seat 4: Chessnok ($212.39 in chips)
Schorle93: posts small blind $1
Chessnok: posts big blind $3
*** HOLE CARDS ***
Schorle93: raises $3 to $6
Chessnok: calls $3
*** FLOP *** [3s Qh Qs]
Chessnok: checks
Schorle93: bets $3
Chessnok: calls $3
*** TURN *** [3s Qh Qs] [2c]
Chessnok: checks
Schorle93: bets $6
Chessnok: calls $6
*** RIVER *** [3s Qh Qs 2c] [8d]
Chessnok: checks
Schorle93: bets $6
Chessnok: calls $6
*** SHOW DOWN ***
Schorle93: shows [5c 5d] (two pair, Queens and Fives)
TheU10 joins the table at seat #5
Chessnok: mucks hand
Schorle93 collected $41.50 from pot
*** SUMMARY ***
Total pot $42 | Rake $0.50
Board [3s Qh Qs 2c 8d]
Seat 3: Schorle93 (button) (small blind) showed [5c 5d] and won ($41.50) with two pair, Queens and Fives
Seat 4: Chessnok (big blind) mucked


PokerStars Hand #159386954200:  Hold'em Limit ($3/$6 USD) - 2016/10/02 15:06:59 ET
Table 'Chantal' 6-max Seat #3 is the button
Seat 3: Schorle93 ($87.52 in chips)
Seat 4: Chessnok ($197.99 in chips)
Schorle93: posts small blind $1
Chessnok: posts big blind $3
*** HOLE CARDS ***
Schorle93: raises $3 to $6
Chessnok: calls $3
*** FLOP *** [Ad 6d 9d]
Chessnok: checks
Schorle93: bets $3
Chessnok: calls $3
*** TURN *** [Ad 6d 9d] [Kd]
Chessnok: bets $6
Schorle93: folds
Uncalled bet ($6) returned to Chessnok
Chessnok collected $17.64 from pot
Chessnok: doesn't show hand
*** SUMMARY ***
Total pot $18 | Rake $0.36
Board [Ad 6d 9d Kd]
Seat 3: Schorle93 (button) (small blind) folded on the Turn
Seat 4: Chessnok (big blind) collected ($17.64)


PokerStars Hand #159388200506:  Hold'em Limit ($3/$6 USD) - 2016/10/02 15:28:46 ET
Table 'Chantal' 6-max Seat #2 is the button
Seat 2: Mordnilap ($254.97 in chips)
Seat 4: Chessnok ($143.25 in chips)
Longstaaf will be allowed to play after the button
ToDaFelt will be allowed to play after the button
Mordnilap: posts small blind $1
Chessnok: posts big blind $3
*** HOLE CARDS ***
Mordnilap: raises $3 to $6
Chessnok: calls $3
*** FLOP *** [Ks Kd 3d]
Chessnok: checks
Schorle93 leaves the table
Mordnilap: bets $3
Chessnok: raises $3 to $6
sugarmama888 joins the table at seat #1
Mordnilap: calls $3
*** TURN *** [Ks Kd 3d] [Qh]
Chessnok: bets $6
June Blues joins the table at seat #3
Mordnilap: raises $6 to $12
Chessnok: calls $6
*** RIVER *** [Ks Kd 3d Qh] [Th]
Chessnok: checks
Mordnilap: bets $6
Chessnok: calls $6
*** SHOW DOWN ***
Mordnilap: shows [9h Kh] (three of a kind, Kings)
Chessnok: mucks hand
Mordnilap collected $59.50 from pot
*** SUMMARY ***
Total pot $60 | Rake $0.50
Board [Ks Kd 3d Qh Th]
Seat 2: Mordnilap (button) (small blind) showed [9h Kh] and won ($59.50) with three of a kind, Kings
Seat 4: Chessnok (big blind) mucked


PokerStars Hand #159400125737:  Hold'em Limit ($3/$6 USD) - 2016/10/02 19:47:15 ET
Table 'Chantal' 6-max Seat #6 is the button
Seat 4: RaisemyNut$ ($244.94 in chips)
Seat 6: ToDaFelt ($443.44 in chips)
ToDaFelt: posts small blind $1
RaisemyNut$: posts big blind $3
*** HOLE CARDS ***
ToDaFelt: raises $3 to $6
RaisemyNut$: calls $3
*** FLOP *** [Qs 4s 5h]
RaisemyNut$: checks
ToDaFelt: checks
*** TURN *** [Qs 4s 5h] [Ts]
RaisemyNut$: bets $6
ToDaFelt: calls $6
*** RIVER *** [Qs 4s 5h Ts] [Ah]
RaisemyNut$: checks
ToDaFelt: checks
*** SHOW DOWN ***
RaisemyNut$: shows [Ks 6c] (high card Ace)
ToDaFelt: mucks hand
RaisemyNut$ collected $23.52 from pot
*** SUMMARY ***
Total pot $24 | Rake $0.48
Board [Qs 4s 5h Ts Ah]
Seat 4: RaisemyNut$ (big blind) showed [Ks 6c] and won ($23.52) with high card Ace
Seat 6: ToDaFelt (button) (small blind) mucked


