PokerStars Hand #174268495491:  Hold'em Limit ($3/$6 USD) - 2017/08/13 2:44:23 ET
Table 'Chandra' 6-max Seat #4 is the button
Seat 3: whathappen1 ($76.25 in chips)
Seat 4: VolkovDmitri ($120 in chips)
VolkovDmitri: posts small blind $1
whathappen1: posts big blind $3
*** HOLE CARDS ***
VolkovDmitri: raises $3 to $6
whathappen1: calls $3
*** FLOP *** [Th 4d 6s]
whathappen1: checks
VolkovDmitri: bets $3
whathappen1: calls $3
*** TURN *** [Th 4d 6s] [9s]
whathappen1: checks
VolkovDmitri: bets $6
whathappen1: folds
Uncalled bet ($6) returned to VolkovDmitri
VolkovDmitri collected $17.64 from pot
VolkovDmitri: doesn't show hand
*** SUMMARY ***
Total pot $18 | Rake $0.36
Board [Th 4d 6s 9s]
Seat 3: whathappen1 (big blind) folded on the Turn
Seat 4: VolkovDmitri (button) (small blind) collected ($17.64)


PokerStars Hand #174268489210:  Hold'em Limit ($3/$6 USD) - 2017/08/13 2:43:58 ET
Table 'Chandra' 6-max Seat #3 is the button
Seat 3: whathappen1 ($58.75 in chips)
Seat 4: VolkovDmitri ($120 in chips)
whathappen1: posts small blind $1
VolkovDmitri: posts big blind $3
*** HOLE CARDS ***
whathappen1: calls $2
VolkovDmitri: checks
*** FLOP *** [7h 4d 6s]
VolkovDmitri: bets $3
whathappen1: calls $3
*** TURN *** [7h 4d 6s] [Qd]
VolkovDmitri: bets $6
whathappen1: calls $6
*** RIVER *** [7h 4d 6s Qd] [9c]
VolkovDmitri: checks
whathappen1: bets $6
VolkovDmitri: calls $6
*** SHOW DOWN ***
whathappen1: shows [9h 6h] (two pair, Nines and Sixes)
VolkovDmitri: mucks hand
whathappen1 collected $35.50 from pot
*** SUMMARY ***
Total pot $36 | Rake $0.50
Board [7h 4d 6s Qd 9c]
Seat 3: whathappen1 (button) (small blind) showed [9h 6h] and won ($35.50) with two pair, Nines and Sixes
Seat 4: VolkovDmitri (big blind) mucked


PokerStars Hand #174268509568:  Hold'em Limit ($3/$6 USD) - 2017/08/13 2:45:17 ET
Table 'Chandra' 6-max Seat #3 is the button
Seat 3: whathappen1 ($55.25 in chips)
Seat 4: VolkovDmitri ($140.16 in chips)
whathappen1: posts small blind $1
VolkovDmitri: posts big blind $3
*** HOLE CARDS ***
whathappen1: calls $2
VolkovDmitri: raises $3 to $6
whathappen1: calls $3
*** FLOP *** [6s 6d 9h]
VolkovDmitri: bets $3
whathappen1: calls $3
*** TURN *** [6s 6d 9h] [9c]
t9pkin joins the table at seat #5
VolkovDmitri: bets $6
whathappen1: raises $6 to $12
VolkovDmitri: calls $6
*** RIVER *** [6s 6d 9h 9c] [3d]
VolkovDmitri: checks
whathappen1: bets $6
VolkovDmitri: calls $6
*** SHOW DOWN ***
whathappen1: shows [Th 7s] (two pair, Nines and Sixes)
VolkovDmitri: shows [Jh Jd] (two pair, Jacks and Nines)
VolkovDmitri collected $53.50 from pot
*** SUMMARY ***
Total pot $54 | Rake $0.50
Board [6s 6d 9h 9c 3d]
Seat 3: whathappen1 (button) (small blind) showed [Th 7s] and lost with two pair, Nines and Sixes
Seat 4: VolkovDmitri (big blind) showed [Jh Jd] and won ($53.50) with two pair, Jacks and Nines


PokerStars Hand #174268502053:  Hold'em Limit ($3/$6 USD) - 2017/08/13 2:44:48 ET
Table 'Chandra' 6-max Seat #3 is the button
Seat 3: whathappen1 ($67.25 in chips)
Seat 4: VolkovDmitri ($128.64 in chips)
whathappen1: posts small blind $1
VolkovDmitri: posts big blind $3
*** HOLE CARDS ***
whathappen1: calls $2
VolkovDmitri: raises $3 to $6
whathappen1: calls $3
*** FLOP *** [9c 3c Tc]
VolkovDmitri: checks
whathappen1: checks
*** TURN *** [9c 3c Tc] [Ts]
VolkovDmitri: bets $6
whathappen1: folds
Uncalled bet ($6) returned to VolkovDmitri
VolkovDmitri collected $11.76 from pot
VolkovDmitri: doesn't show hand
*** SUMMARY ***
Total pot $12 | Rake $0.24
Board [9c 3c Tc Ts]
Seat 3: whathappen1 (button) (small blind) folded on the Turn
Seat 4: VolkovDmitri (big blind) collected ($11.76)


PokerStars Hand #174268507018:  Hold'em Limit ($3/$6 USD) - 2017/08/13 2:45:08 ET
Table 'Chandra' 6-max Seat #4 is the button
Seat 3: whathappen1 ($61.25 in chips)
Seat 4: VolkovDmitri ($134.40 in chips)
VolkovDmitri: posts small blind $1
whathappen1: posts big blind $3
*** HOLE CARDS ***
VolkovDmitri: raises $3 to $6
whathappen1: calls $3
*** FLOP *** [4c 8c 8d]
whathappen1: checks
VolkovDmitri: bets $3
whathappen1: folds
Uncalled bet ($3) returned to VolkovDmitri
VolkovDmitri collected $11.76 from pot
VolkovDmitri: doesn't show hand
*** SUMMARY ***
Total pot $12 | Rake $0.24
Board [4c 8c 8d]
Seat 3: whathappen1 (big blind) folded on the Flop
Seat 4: VolkovDmitri (button) (small blind) collected ($11.76)


