PokerStars Hand #153901575330:  Hold'em Limit ($3/$6 USD) - 2016/05/27 4:51:45 ET
Table 'Chantal' 10-max Seat #5 is the button
Seat 5: WavesNight01 ($43 in chips)
Seat 6: Mudager ($134.40 in chips)
WavesNight01: posts small blind $1
Mudager: posts big blind $3
*** HOLE CARDS ***
WavesNight01: folds
Uncalled bet ($2) returned to Mudager
Mudager collected $2 from pot
Mudager: doesn't show hand
*** SUMMARY ***
Total pot $2 | Rake $0
Seat 5: WavesNight01 (button) (small blind) folded before Flop
Seat 6: Mudager (big blind) collected ($2)


PokerStars Hand #153901564813:  Hold'em Limit ($3/$6 USD) - 2016/05/27 4:51:13 ET
Table 'Chantal' 10-max Seat #6 is the button
Seat 5: WavesNight01 ($55 in chips)
Seat 6: Mudager ($122.88 in chips)
Mudager: posts small blind $1
WavesNight01: posts big blind $3
*** HOLE CARDS ***
Mudager: raises $3 to $6
WavesNight01: calls $3
*** FLOP *** [Th Kc 6s]
WavesNight01: checks
Mudager: bets $3
WavesNight01: raises $3 to $6
Mudager: calls $3
*** TURN *** [Th Kc 6s] [3c]
WavesNight01: checks
Mudager: bets $6
WavesNight01: folds
Uncalled bet ($6) returned to Mudager
Mudager collected $23.52 from pot
Mudager: doesn't show hand
*** SUMMARY ***
Total pot $24 | Rake $0.48
Board [Th Kc 6s 3c]
Seat 5: WavesNight01 (big blind) folded on the Turn
Seat 6: Mudager (button) (small blind) collected ($23.52)


PokerStars Hand #153901592114:  Hold'em Limit ($3/$6 USD) - 2016/05/27 4:52:35 ET
Table 'Chantal' 10-max Seat #5 is the button
Seat 5: WavesNight01 ($57.40 in chips)
Seat 6: Mudager ($120 in chips)
WavesNight01: posts small blind $1
Mudager: posts big blind $3
*** HOLE CARDS ***
Punkyfee joins the table at seat #8
WavesNight01: raises $3 to $6
Mudager: calls $3
*** FLOP *** [5s 2c 9d]
Mudager: checks
WavesNight01: bets $3
Mudager: folds
Uncalled bet ($3) returned to WavesNight01
WavesNight01 collected $11.76 from pot
WavesNight01: doesn't show hand
*** SUMMARY ***
Total pot $12 | Rake $0.24
Board [5s 2c 9d]
Seat 5: WavesNight01 (button) (small blind) collected ($11.76)
Seat 6: Mudager (big blind) folded on the Flop


PokerStars Hand #153901590462:  Hold'em Limit ($3/$6 USD) - 2016/05/27 4:52:30 ET
Table 'Chantal' 10-max Seat #6 is the button
Seat 5: WavesNight01 ($56.40 in chips)
Seat 6: Mudager ($120.40 in chips)
Mudager: posts small blind $1
WavesNight01: posts big blind $3
*** HOLE CARDS ***
Mudager: folds
Uncalled bet ($2) returned to WavesNight01
WavesNight01 collected $2 from pot
WavesNight01: doesn't show hand
*** SUMMARY ***
Total pot $2 | Rake $0
Seat 5: WavesNight01 (big blind) collected ($2)
Seat 6: Mudager (button) (small blind) folded before Flop


PokerStars Hand #153901582582:  Hold'em Limit ($3/$6 USD) - 2016/05/27 4:52:07 ET
Table 'Chantal' 10-max Seat #5 is the button
Seat 5: WavesNight01 ($50.64 in chips)
Seat 6: Mudager ($126.40 in chips)
WavesNight01: posts small blind $1
Mudager: posts big blind $3
*** HOLE CARDS ***
WavesNight01: raises $3 to $6
Mudager: calls $3
*** FLOP *** [Js 8c 4h]
Mudager: checks
WavesNight01: bets $3
Mudager: folds
Uncalled bet ($3) returned to WavesNight01
WavesNight01 collected $11.76 from pot
WavesNight01: doesn't show hand
*** SUMMARY ***
Total pot $12 | Rake $0.24
Board [Js 8c 4h]
Seat 5: WavesNight01 (button) (small blind) collected ($11.76)
Seat 6: Mudager (big blind) folded on the Flop


PokerStars Hand #153901576717:  Hold'em Limit ($3/$6 USD) - 2016/05/27 4:51:49 ET
Table 'Chantal' 10-max Seat #6 is the button
Seat 5: WavesNight01 ($42 in chips)
Seat 6: Mudager ($135.40 in chips)
Mudager: posts small blind $1
WavesNight01: posts big blind $3
*** HOLE CARDS ***
Mudager: raises $3 to $6
WavesNight01: calls $3
*** FLOP *** [2s 5d Qc]
WavesNight01: checks
Mudager: bets $3
WavesNight01: raises $3 to $6
Mudager: folds
Uncalled bet ($3) returned to WavesNight01
WavesNight01 collected $17.64 from pot
WavesNight01: doesn't show hand
*** SUMMARY ***
Total pot $18 | Rake $0.36
Board [2s 5d Qc]
Seat 5: WavesNight01 (big blind) collected ($17.64)
Seat 6: Mudager (button) (small blind) folded on the Flop


PokerStars Hand #153901607205:  Hold'em Limit ($3/$6 USD) - 2016/05/27 4:53:19 ET
Table 'Chantal' 10-max Seat #5 is the button
Seat 5: WavesNight01 ($48.16 in chips)
Seat 6: Mudager ($134.50 in chips)
WavesNight01: posts small blind $1
Mudager: posts big blind $3
*** HOLE CARDS ***
WavesNight01: raises $3 to $6
Mudager: raises $3 to $9
WavesNight01: calls $3
*** FLOP *** [6c 3c 7c]
Mudager: bets $3
WavesNight01: calls $3
*** TURN *** [6c 3c 7c] [Th]
Mudager: bets $6
WavesNight01: calls $6
*** RIVER *** [6c 3c 7c Th] [9d]
Mudager: bets $6
WavesNight01: folds
Uncalled bet ($6) returned to Mudager
Mudager collected $35.50 from pot
Mudager: doesn't show hand
*** SUMMARY ***
Total pot $36 | Rake $0.50
Board [6c 3c 7c Th 9d]
Seat 5: WavesNight01 (button) (small blind) folded on the River
Seat 6: Mudager (big blind) collected ($35.50)


PokerStars Hand #153901598325:  Hold'em Limit ($3/$6 USD) - 2016/05/27 4:52:53 ET
Table 'Chantal' 10-max Seat #6 is the button
Seat 5: WavesNight01 ($63.16 in chips)
Seat 6: Mudager ($120 in chips)
Mudager: posts small blind $1
WavesNight01: posts big blind $3
*** HOLE CARDS ***
Mudager: raises $3 to $6
WavesNight01: calls $3
*** FLOP *** [2c Ts 7h]
WavesNight01: checks
Mudager: bets $3
WavesNight01: calls $3
*** TURN *** [2c Ts 7h] [7s]
WavesNight01: checks
Mudager: bets $6
WavesNight01: calls $6
*** RIVER *** [2c Ts 7h 7s] [5c]
WavesNight01: checks
Mudager: checks
*** SHOW DOWN ***
WavesNight01: shows [Kc 8h] (a pair of Sevens)
Mudager: shows [Jc 2d] (two pair, Sevens and Deuces)
Mudager collected $29.50 from pot
*** SUMMARY ***
Total pot $30 | Rake $0.50
Board [2c Ts 7h 7s 5c]
Seat 5: WavesNight01 (big blind) showed [Kc 8h] and lost with a pair of Sevens
Seat 6: Mudager (button) (small blind) showed [Jc 2d] and won ($29.50) with two pair, Sevens and Deuces


PokerStars Hand #153901628831:  Hold'em Limit ($3/$6 USD) - 2016/05/27 4:54:22 ET
Table 'Chantal' 10-max Seat #6 is the button
Seat 5: WavesNight01 ($6.16 in chips)
Seat 6: Mudager ($175.14 in chips)
Mudager: posts small blind $1
WavesNight01: posts big blind $3
*** HOLE CARDS ***
Mudager: raises $3 to $6
WavesNight01: raises $0.16 to $6.16 and is all-in
SirRomanov joins the table at seat #7
Mudager: calls $0.16
*** FLOP *** [Ts 5d Jh]
*** TURN *** [Ts 5d Jh] [7s]
*** RIVER *** [Ts 5d Jh 7s] [9h]
*** SHOW DOWN ***
WavesNight01: shows [7h Qh] (a pair of Sevens)
Mudager: shows [8d Kh] (a straight, Seven to Jack)
Mudager collected $12.07 from pot
*** SUMMARY ***
Total pot $12.32 | Rake $0.25
Board [Ts 5d Jh 7s 9h]
Seat 5: WavesNight01 (big blind) showed [7h Qh] and lost with a pair of Sevens
Seat 6: Mudager (button) (small blind) showed [8d Kh] and won ($12.07) with a straight, Seven to Jack


PokerStars Hand #153901621980:  Hold'em Limit ($3/$6 USD) - 2016/05/27 4:54:02 ET
Table 'Chantal' 10-max Seat #5 is the button
Seat 5: WavesNight01 ($21.16 in chips)
Seat 6: Mudager ($160.64 in chips)
WavesNight01: posts small blind $1
Mudager: posts big blind $3
*** HOLE CARDS ***
WavesNight01: raises $3 to $6
Mudager: calls $3
*** FLOP *** [8h 6h 9c]
Mudager: checks
WavesNight01: bets $3
Mudager: calls $3
*** TURN *** [8h 6h 9c] [Jc]
Mudager: checks
WavesNight01: checks
*** RIVER *** [8h 6h 9c Jc] [Js]
Mudager: bets $6
WavesNight01: calls $6
*** SHOW DOWN ***
Mudager: shows [5h 7s] (a straight, Five to Nine)
WavesNight01: mucks hand
Mudager collected $29.50 from pot
*** SUMMARY ***
Total pot $30 | Rake $0.50
Board [8h 6h 9c Jc Js]
Seat 5: WavesNight01 (button) (small blind) mucked
Seat 6: Mudager (big blind) showed [5h 7s] and won ($29.50) with a straight, Five to Nine


PokerStars Hand #153901615920:  Hold'em Limit ($3/$6 USD) - 2016/05/27 4:53:45 ET
Table 'Chantal' 10-max Seat #6 is the button
Seat 5: WavesNight01 ($30.16 in chips)
Seat 6: Mudager ($152 in chips)
Mudager: posts small blind $1
WavesNight01: posts big blind $3
*** HOLE CARDS ***
Mudager: raises $3 to $6
WavesNight01: calls $3
*** FLOP *** [7h 5c Td]
WavesNight01: checks
Mudager: bets $3
WavesNight01: calls $3
*** TURN *** [7h 5c Td] [Js]
WavesNight01: checks
Mudager: bets $6
WavesNight01: folds
Uncalled bet ($6) returned to Mudager
Mudager collected $17.64 from pot
Mudager: doesn't show hand
*** SUMMARY ***
Total pot $18 | Rake $0.36
Board [7h 5c Td Js]
Seat 5: WavesNight01 (big blind) folded on the Turn
Seat 6: Mudager (button) (small blind) collected ($17.64)


PokerStars Hand #153901644649:  Hold'em Limit ($3/$6 USD) - 2016/05/27 4:55:09 ET
Table 'Chantal' 10-max Seat #7 is the button
Seat 7: SirRomanov ($73 in chips)
Seat 9: $polu4atel*$ ($29 in chips)
SirRomanov: posts small blind $1
$polu4atel*$: posts big blind $3
*** HOLE CARDS ***
SirRomanov: raises $3 to $6
$polu4atel*$: calls $3
*** FLOP *** [3d Ac 3s]
$polu4atel*$: checks
SirRomanov: bets $3
$polu4atel*$: raises $3 to $6
Mudager leaves the table
SirRomanov: folds
Uncalled bet ($3) returned to $polu4atel*$
$polu4atel*$ collected $17.64 from pot
*** SUMMARY ***
Total pot $18 | Rake $0.36
Board [3d Ac 3s]
Seat 7: SirRomanov (button) (small blind) folded on the Flop
Seat 9: $polu4atel*$ (big blind) collected ($17.64)


PokerStars Hand #153901642424:  Hold'em Limit ($3/$6 USD) - 2016/05/27 4:55:02 ET
Table 'Chantal' 10-max Seat #9 is the button
Seat 7: SirRomanov ($72 in chips)
Seat 9: $polu4atel*$ ($30 in chips)
$polu4atel*$: posts small blind $1
Mudager: is sitting out
SirRomanov: posts big blind $3
*** HOLE CARDS ***
$polu4atel*$: folds
Uncalled bet ($2) returned to SirRomanov
SirRomanov collected $2 from pot
SirRomanov: doesn't show hand
*** SUMMARY ***
Total pot $2 | Rake $0
Seat 7: SirRomanov (big blind) collected ($2)
Seat 9: $polu4atel*$ (button) (small blind) folded before Flop


PokerStars Hand #153901653013:  Hold'em Limit ($3/$6 USD) - 2016/05/27 4:55:35 ET
Table 'Chantal' 10-max Seat #9 is the button
Seat 7: SirRomanov ($72 in chips)
Seat 9: $polu4atel*$ ($37.64 in chips)
$polu4atel*$: posts small blind $1
SirRomanov: posts big blind $3
*** HOLE CARDS ***
$polu4atel*$: raises $3 to $6
SirRomanov: raises $3 to $9
$polu4atel*$: calls $3
*** FLOP *** [7d Tc 2d]
SirRomanov: bets $3
$polu4atel*$: calls $3
*** TURN *** [7d Tc 2d] [2c]
SirRomanov: bets $6
$polu4atel*$: folds
Uncalled bet ($6) returned to SirRomanov
SirRomanov collected $23.52 from pot
SirRomanov: doesn't show hand
*** SUMMARY ***
Total pot $24 | Rake $0.48
Board [7d Tc 2d 2c]
Seat 7: SirRomanov (big blind) collected ($23.52)
Seat 9: $polu4atel*$ (button) (small blind) folded on the Turn


