PokerStars Hand #165987116348:  Hold'em Limit ($3/$6 USD) - 2017/02/10 10:32:20 ET
Table 'Chantal' 6-max Seat #2 is the button
Seat 2: TinaTurner72 ($128.64 in chips)
Seat 6: sim5sim5 ($72 in chips)
TinaTurner72: posts small blind $1
sim5sim5: posts big blind $3
*** HOLE CARDS ***
TinaTurner72: raises $3 to $6
sim5sim5: calls $3
*** FLOP *** [6s Qh Js]
sim5sim5: checks
TinaTurner72: bets $3
sim5sim5: raises $3 to $6
TinaTurner72: calls $3
*** TURN *** [6s Qh Js] [8s]
sim5sim5: bets $6
TinaTurner72: calls $6
*** RIVER *** [6s Qh Js 8s] [4s]
sim5sim5: bets $6
TinaTurner72: folds
Uncalled bet ($6) returned to sim5sim5
sim5sim5 collected $35.50 from pot
sim5sim5: doesn't show hand
*** SUMMARY ***
Total pot $36 | Rake $0.50
Board [6s Qh Js 8s 4s]
Seat 2: TinaTurner72 (button) (small blind) folded on the River
Seat 6: sim5sim5 (big blind) collected ($35.50)


PokerStars Hand #165987086289:  Hold'em Limit ($3/$6 USD) - 2017/02/10 10:31:39 ET
Table 'Chantal' 6-max Seat #6 is the button
Seat 2: TinaTurner72 ($120 in chips)
Seat 6: sim5sim5 ($72 in chips)
sim5sim5: posts small blind $1
TinaTurner72: posts big blind $3
*** HOLE CARDS ***
sim5sim5: raises $3 to $6
TinaTurner72: raises $3 to $9
sim5sim5: calls $3
*** FLOP *** [7s Js 5h]
TinaTurner72: bets $3
sim5sim5: folds
Uncalled bet ($3) returned to TinaTurner72
TinaTurner72 collected $17.64 from pot
TinaTurner72: doesn't show hand
*** SUMMARY ***
Total pot $18 | Rake $0.36
Board [7s Js 5h]
Seat 2: TinaTurner72 (big blind) collected ($17.64)
Seat 6: sim5sim5 (button) (small blind) folded on the Flop


PokerStars Hand #165987149527:  Hold'em Limit ($3/$6 USD) - 2017/02/10 10:33:05 ET
Table 'Chantal' 6-max Seat #6 is the button
Seat 2: TinaTurner72 ($110.64 in chips)
Seat 6: sim5sim5 ($89.50 in chips)
sim5sim5: posts small blind $1
TinaTurner72: posts big blind $3
*** HOLE CARDS ***
sim5sim5: raises $3 to $6
TinaTurner72: calls $3
*** FLOP *** [Jc 9s Ts]
TinaTurner72: checks
sim5sim5: bets $3
TinaTurner72: raises $3 to $6
sim5sim5: raises $3 to $9
TinaTurner72: calls $3
*** TURN *** [Jc 9s Ts] [7d]
TinaTurner72: checks
sim5sim5: bets $6
TinaTurner72: calls $6
*** RIVER *** [Jc 9s Ts 7d] [5d]
TinaTurner72: checks
sim5sim5: bets $6
TinaTurner72: folds
Uncalled bet ($6) returned to sim5sim5
sim5sim5 collected $41.50 from pot
sim5sim5: doesn't show hand
*** SUMMARY ***
Total pot $42 | Rake $0.50
Board [Jc 9s Ts 7d 5d]
Seat 2: TinaTurner72 (big blind) folded on the River
Seat 6: sim5sim5 (button) (small blind) collected ($41.50)


