PokerStars Hand #171173308895:  Hold'em Limit ($3/$6 USD) - 2017/05/31 16:52:09 ET
Table 'Charis II' 6-max Seat #3 is the button
Seat 1: Zubasa07 ($359.26 in chips)
Seat 3: ELSUPREMO999 ($22.78 in chips)
ELSUPREMO999: posts small blind $1
Zubasa07: posts big blind $3
*** HOLE CARDS ***
ELSUPREMO999: folds
Uncalled bet ($2) returned to Zubasa07
Zubasa07 collected $2 from pot
Zubasa07: doesn't show hand
*** SUMMARY ***
Total pot $2 | Rake $0
Seat 1: Zubasa07 (big blind) collected ($2)
Seat 3: ELSUPREMO999 (button) (small blind) folded before Flop


PokerStars Hand #171173298879:  Hold'em Limit ($3/$6 USD) - 2017/05/31 16:51:57 ET
Table 'Charis II' 6-max Seat #1 is the button
Seat 1: Zubasa07 ($365.26 in chips)
Seat 3: ELSUPREMO999 ($17.02 in chips)
Zubasa07: posts small blind $1
ELSUPREMO999: posts big blind $3
*** HOLE CARDS ***
Zubasa07: raises $3 to $6
ELSUPREMO999: calls $3
*** FLOP *** [Ac 2c Kd]
ELSUPREMO999: bets $3
Zubasa07: folds
Uncalled bet ($3) returned to ELSUPREMO999
ELSUPREMO999 collected $11.76 from pot
ELSUPREMO999: doesn't show hand
*** SUMMARY ***
Total pot $12 | Rake $0.24
Board [Ac 2c Kd]
Seat 1: Zubasa07 (button) (small blind) folded on the Flop
Seat 3: ELSUPREMO999 (big blind) collected ($11.76)


PokerStars Hand #171173312878:  Hold'em Limit ($3/$6 USD) - 2017/05/31 16:52:14 ET
Table 'Charis II' 6-max Seat #1 is the button
Seat 1: Zubasa07 ($360.26 in chips)
Seat 3: ELSUPREMO999 ($21.78 in chips)
Zubasa07: posts small blind $1
ELSUPREMO999: posts big blind $3
*** HOLE CARDS ***
Zubasa07: raises $3 to $6
ELSUPREMO999: calls $3
*** FLOP *** [2h Jd Ac]
ELSUPREMO999: bets $3
Zubasa07: calls $3
*** TURN *** [2h Jd Ac] [7d]
ELSUPREMO999: bets $6
Zubasa07: calls $6
*** RIVER *** [2h Jd Ac 7d] [7c]
ELSUPREMO999: bets $6
Zubasa07: folds
Uncalled bet ($6) returned to ELSUPREMO999
ELSUPREMO999 collected $29.50 from pot
ELSUPREMO999: doesn't show hand
*** SUMMARY ***
Total pot $30 | Rake $0.50
Board [2h Jd Ac 7d 7c]
Seat 1: Zubasa07 (button) (small blind) folded on the River
Seat 3: ELSUPREMO999 (big blind) collected ($29.50)


PokerStars Hand #171173352423:  Hold'em Limit ($3/$6 USD) - 2017/05/31 16:53:01 ET
Table 'Charis II' 6-max Seat #3 is the button
Seat 1: Zubasa07 ($345.26 in chips)
Seat 3: ELSUPREMO999 ($36.28 in chips)
ELSUPREMO999: posts small blind $1
Zubasa07: posts big blind $3
*** HOLE CARDS ***
ELSUPREMO999: raises $3 to $6
Zubasa07: raises $3 to $9
ELSUPREMO999: calls $3
*** FLOP *** [3c 3h 5d]
Zubasa07: bets $3
ELSUPREMO999: calls $3
*** TURN *** [3c 3h 5d] [Ac]
Zubasa07: checks
ELSUPREMO999: bets $6
Zubasa07: calls $6
*** RIVER *** [3c 3h 5d Ac] [7s]
Zubasa07: checks
ELSUPREMO999: bets $6
Zubasa07: calls $6
*** SHOW DOWN ***
ELSUPREMO999: shows [Kc Jc] (a pair of Threes)
Zubasa07: shows [Kd Qh] (a pair of Threes - Ace+King+Queen kicker)
Zubasa07 collected $47.50 from pot
*** SUMMARY ***
Total pot $48 | Rake $0.50
Board [3c 3h 5d Ac 7s]
Seat 1: Zubasa07 (big blind) showed [Kd Qh] and won ($47.50) with a pair of Threes
Seat 3: ELSUPREMO999 (button) (small blind) showed [Kc Jc] and lost with a pair of Threes


PokerStars Hand #171173406977:  Hold'em Limit ($3/$6 USD) - 2017/05/31 16:54:05 ET
Table 'Charis II' 6-max Seat #1 is the button
Seat 1: Zubasa07 ($368.76 in chips)
Seat 3: ELSUPREMO999 ($12.28 in chips)
Zubasa07: posts small blind $1
ELSUPREMO999: posts big blind $3
*** HOLE CARDS ***
Zubasa07: raises $3 to $6
ELSUPREMO999: folds
Uncalled bet ($3) returned to Zubasa07
Zubasa07 collected $6 from pot
Zubasa07: doesn't show hand
*** SUMMARY ***
Total pot $6 | Rake $0
Seat 1: Zubasa07 (button) (small blind) collected ($6)
Seat 3: ELSUPREMO999 (big blind) folded before Flop


PokerStars Hand #171173428596:  Hold'em Limit ($3/$6 USD) - 2017/05/31 16:54:30 ET
Table 'Charis II' 6-max Seat #1 is the button
Seat 1: Zubasa07 ($362.48 in chips)
Seat 3: ELSUPREMO999 ($18.19 in chips)
Zubasa07: posts small blind $1
ELSUPREMO999: posts big blind $3
*** HOLE CARDS ***
Zubasa07: folds
Uncalled bet ($2) returned to ELSUPREMO999
ELSUPREMO999 collected $2 from pot
ELSUPREMO999: doesn't show hand
*** SUMMARY ***
Total pot $2 | Rake $0
Seat 1: Zubasa07 (button) (small blind) folded before Flop
Seat 3: ELSUPREMO999 (big blind) collected ($2)


PokerStars Hand #171173412725:  Hold'em Limit ($3/$6 USD) - 2017/05/31 16:54:12 ET
Table 'Charis II' 6-max Seat #3 is the button
Seat 1: Zubasa07 ($371.76 in chips)
Seat 3: ELSUPREMO999 ($9.28 in chips)
ELSUPREMO999: posts small blind $1
Zubasa07: posts big blind $3
*** HOLE CARDS ***
ELSUPREMO999: raises $3 to $6
Zubasa07: raises $3 to $9
ELSUPREMO999: raises $0.28 to $9.28 and is all-in
Betting is capped
Zubasa07: calls $0.28
*** FLOP *** [7s 5c 8s]
*** TURN *** [7s 5c 8s] [5h]
*** RIVER *** [7s 5c 8s 5h] [6h]
*** SHOW DOWN ***
Zubasa07: shows [Qd 7d] (two pair, Sevens and Fives)
ELSUPREMO999: shows [9s 9h] (a straight, Five to Nine)
ELSUPREMO999 collected $18.19 from pot
*** SUMMARY ***
Total pot $18.56 | Rake $0.37
Board [7s 5c 8s 5h 6h]
Seat 1: Zubasa07 (big blind) showed [Qd 7d] and lost with two pair, Sevens and Fives
Seat 3: ELSUPREMO999 (button) (small blind) showed [9s 9h] and won ($18.19) with a straight, Five to Nine


PokerStars Hand #171173434806:  Hold'em Limit ($3/$6 USD) - 2017/05/31 16:54:38 ET
Table 'Charis II' 6-max Seat #3 is the button
Seat 1: Zubasa07 ($361.48 in chips)
Seat 3: ELSUPREMO999 ($19.19 in chips)
ELSUPREMO999: posts small blind $1
Zubasa07: posts big blind $3
*** HOLE CARDS ***
ELSUPREMO999: calls $2
Zubasa07: checks
*** FLOP *** [3c Qd Jh]
Zubasa07: bets $3
ELSUPREMO999: folds
Uncalled bet ($3) returned to Zubasa07
Zubasa07 collected $5.88 from pot
Zubasa07: doesn't show hand
*** SUMMARY ***
Total pot $6 | Rake $0.12
Board [3c Qd Jh]
Seat 1: Zubasa07 (big blind) collected ($5.88)
Seat 3: ELSUPREMO999 (button) (small blind) folded on the Flop


PokerStars Hand #171173447928:  Hold'em Limit ($3/$6 USD) - 2017/05/31 16:54:53 ET
Table 'Charis II' 6-max Seat #1 is the button
Seat 1: Zubasa07 ($364.36 in chips)
Seat 3: ELSUPREMO999 ($16.19 in chips)
Zubasa07: posts small blind $1
ELSUPREMO999: posts big blind $3
*** HOLE CARDS ***
Zubasa07: raises $3 to $6
ELSUPREMO999: raises $3 to $9
Zubasa07: calls $3
*** FLOP *** [Ah 8c Jd]
ELSUPREMO999: bets $3
Zubasa07: raises $3 to $6
ELSUPREMO999: raises $1.19 to $7.19 and is all-in
Zubasa07: calls $1.19
*** TURN *** [Ah 8c Jd] [Td]
*** RIVER *** [Ah 8c Jd Td] [Kh]
*** SHOW DOWN ***
ELSUPREMO999: shows [Ad Th] (two pair, Aces and Tens)
Zubasa07: shows [Kd 4d] (a pair of Kings)
ELSUPREMO999 collected $31.88 from pot
*** SUMMARY ***
Total pot $32.38 | Rake $0.50
Board [Ah 8c Jd Td Kh]
Seat 1: Zubasa07 (button) (small blind) showed [Kd 4d] and lost with a pair of Kings
Seat 3: ELSUPREMO999 (big blind) showed [Ad Th] and won ($31.88) with two pair, Aces and Tens


PokerStars Hand #171173470664:  Hold'em Limit ($3/$6 USD) - 2017/05/31 16:55:21 ET
Table 'Charis II' 6-max Seat #3 is the button
Seat 1: Zubasa07 ($348.17 in chips)
Seat 3: ELSUPREMO999 ($31.88 in chips)
ELSUPREMO999: posts small blind $1
Zubasa07: posts big blind $3
*** HOLE CARDS ***
ELSUPREMO999: calls $2
Zubasa07: raises $3 to $6
ELSUPREMO999: calls $3
*** FLOP *** [9h 7s 2d]
Zubasa07: bets $3
ELSUPREMO999: calls $3
*** TURN *** [9h 7s 2d] [9c]
Zubasa07: bets $6
ELSUPREMO999: raises $6 to $12
Zubasa07: calls $6
*** RIVER *** [9h 7s 2d 9c] [Kd]
Zubasa07: checks
vestimokrec joins the table at seat #4
ELSUPREMO999: bets $6
Zubasa07: calls $6
*** SHOW DOWN ***
ELSUPREMO999: shows [Qh 2h] (two pair, Nines and Deuces)
Zubasa07: shows [7h Jh] (two pair, Nines and Sevens)
Zubasa07 collected $53.50 from pot
*** SUMMARY ***
Total pot $54 | Rake $0.50
Board [9h 7s 2d 9c Kd]
Seat 1: Zubasa07 (big blind) showed [7h Jh] and won ($53.50) with two pair, Nines and Sevens
Seat 3: ELSUPREMO999 (button) (small blind) showed [Qh 2h] and lost with two pair, Nines and Deuces


PokerStars Hand #171173502372:  Hold'em Limit ($3/$6 USD) - 2017/05/31 16:56:07 ET
Table 'Charis II' 6-max Seat #1 is the button
Seat 1: Zubasa07 ($374.67 in chips)
Seat 3: ELSUPREMO999 ($4.88 in chips)
Zubasa07: posts small blind $1
ELSUPREMO999: posts big blind $3
*** HOLE CARDS ***
Zubasa07: raises $3 to $6
ELSUPREMO999: calls $1.88 and is all-in
Uncalled bet ($1.12) returned to Zubasa07
*** FLOP *** [2s 3s 7c]
*** TURN *** [2s 3s 7c] [6s]
*** RIVER *** [2s 3s 7c 6s] [Ks]
*** SHOW DOWN ***
ELSUPREMO999: shows [5h 4s] (a flush, King high)
Zubasa07: shows [8c Kd] (a pair of Kings)
ELSUPREMO999 collected $9.56 from pot
*** SUMMARY ***
Total pot $9.76 | Rake $0.20
Board [2s 3s 7c 6s Ks]
Seat 1: Zubasa07 (button) (small blind) showed [8c Kd] and lost with a pair of Kings
Seat 3: ELSUPREMO999 (big blind) showed [5h 4s] and won ($9.56) with a flush, King high


