PokerStars Hand #156914943179:  Hold'em Limit ($3/$6 USD) - 2016/08/05 19:06:05 ET
Table 'Charybdis' 6-max Seat #4 is the button
Seat 3: leodolf ($167.37 in chips)
Seat 4: AzureCaper ($72 in chips)
AzureCaper: posts small blind $1
leodolf: posts big blind $3
*** HOLE CARDS ***
AzureCaper: raises $3 to $6
leodolf: calls $3
*** FLOP *** [3h 8s 8c]
leodolf: checks
AzureCaper: bets $3
leodolf: raises $3 to $6
AzureCaper: calls $3
*** TURN *** [3h 8s 8c] [9s]
leodolf: bets $6
AzureCaper: calls $6
*** RIVER *** [3h 8s 8c 9s] [Jc]
leodolf: bets $6
AzureCaper: calls $6
*** SHOW DOWN ***
leodolf: shows [Qc 3s] (two pair, Eights and Threes)
AzureCaper: shows [7c 9c] (two pair, Nines and Eights)
AzureCaper collected $47.50 from pot
*** SUMMARY ***
Total pot $48 | Rake $0.50
Board [3h 8s 8c 9s Jc]
Seat 3: leodolf (big blind) showed [Qc 3s] and lost with two pair, Eights and Threes
Seat 4: AzureCaper (button) (small blind) showed [7c 9c] and won ($47.50) with two pair, Nines and Eights


PokerStars Hand #156914953553:  Hold'em Limit ($3/$6 USD) - 2016/08/05 19:06:23 ET
Table 'Charybdis' 6-max Seat #3 is the button
Seat 3: leodolf ($143.37 in chips)
Seat 4: AzureCaper ($95.50 in chips)
leodolf: posts small blind $1
AzureCaper: posts big blind $3
*** HOLE CARDS ***
leodolf: raises $3 to $6
AzureCaper: raises $3 to $9
leodolf: calls $3
*** FLOP *** [4s Ts 7s]
AzureCaper: bets $3
leodolf: calls $3
*** TURN *** [4s Ts 7s] [8h]
AzureCaper: bets $6
leodolf: calls $6
*** RIVER *** [4s Ts 7s 8h] [Kh]
AzureCaper: checks
leodolf: bets $6
AzureCaper: calls $6
*** SHOW DOWN ***
leodolf: shows [2s 5h] (high card King)
AzureCaper: shows [Qc Qh] (a pair of Queens)
AzureCaper collected $47.50 from pot
*** SUMMARY ***
Total pot $48 | Rake $0.50
Board [4s Ts 7s 8h Kh]
Seat 3: leodolf (button) (small blind) showed [2s 5h] and lost with high card King
Seat 4: AzureCaper (big blind) showed [Qc Qh] and won ($47.50) with a pair of Queens


PokerStars Hand #156914961180:  Hold'em Limit ($3/$6 USD) - 2016/08/05 19:06:36 ET
Table 'Charybdis' 6-max Seat #4 is the button
Seat 3: leodolf ($119.37 in chips)
Seat 4: AzureCaper ($119 in chips)
AzureCaper: posts small blind $1
leodolf: posts big blind $3
*** HOLE CARDS ***
AzureCaper: raises $3 to $6
leodolf: calls $3
*** FLOP *** [8s 6h 7h]
leodolf: checks
AzureCaper: bets $3
leodolf: folds
Uncalled bet ($3) returned to AzureCaper
AzureCaper collected $11.76 from pot
AzureCaper: doesn't show hand
*** SUMMARY ***
Total pot $12 | Rake $0.24
Board [8s 6h 7h]
Seat 3: leodolf (big blind) folded on the Flop
Seat 4: AzureCaper (button) (small blind) collected ($11.76)


PokerStars Hand #156914930951:  Hold'em Limit ($3/$6 USD) - 2016/08/05 19:05:44 ET
Table 'Charybdis' 6-max Seat #3 is the button
Seat 3: leodolf ($146.87 in chips)
Seat 4: AzureCaper ($72 in chips)
leodolf: posts small blind $1
AzureCaper: posts big blind $3
*** HOLE CARDS ***
leodolf: raises $3 to $6
AzureCaper: calls $3
*** FLOP *** [6s Ac Kh]
AzureCaper: checks
leodolf: bets $3
AzureCaper: calls $3
*** TURN *** [6s Ac Kh] [Ks]
AzureCaper: checks
leodolf: bets $6
AzureCaper: calls $6
*** RIVER *** [6s Ac Kh Ks] [7s]
AzureCaper: checks
leodolf: bets $6
AzureCaper: calls $6
*** SHOW DOWN ***
leodolf: shows [Ad Td] (two pair, Aces and Kings)
AzureCaper: mucks hand
leodolf collected $41.50 from pot
*** SUMMARY ***
Total pot $42 | Rake $0.50
Board [6s Ac Kh Ks 7s]
Seat 3: leodolf (button) (small blind) showed [Ad Td] and won ($41.50) with two pair, Aces and Kings
Seat 4: AzureCaper (big blind) mucked


PokerStars Hand #156914977785:  Hold'em Limit ($3/$6 USD) - 2016/08/05 19:07:05 ET
Table 'Charybdis' 6-max Seat #4 is the button
Seat 3: leodolf ($89.37 in chips)
Seat 4: AzureCaper ($148.26 in chips)
AzureCaper: posts small blind $1
leodolf: posts big blind $3
*** HOLE CARDS ***
AzureCaper: folds
Uncalled bet ($2) returned to leodolf
leodolf collected $2 from pot
*** SUMMARY ***
Total pot $2 | Rake $0
Seat 3: leodolf (big blind) collected ($2)
Seat 4: AzureCaper (button) (small blind) folded before Flop


PokerStars Hand #156914968639:  Hold'em Limit ($3/$6 USD) - 2016/08/05 19:06:49 ET
Table 'Charybdis' 6-max Seat #3 is the button
Seat 3: leodolf ($113.37 in chips)
Seat 4: AzureCaper ($124.76 in chips)
leodolf: posts small blind $1
AzureCaper: posts big blind $3
*** HOLE CARDS ***
leodolf: raises $3 to $6
AzureCaper: raises $3 to $9
leodolf: calls $3
*** FLOP *** [5c 8c 9h]
AzureCaper: bets $3
leodolf: calls $3
*** TURN *** [5c 8c 9h] [Kc]
AzureCaper: bets $6
leodolf: calls $6
*** RIVER *** [5c 8c 9h Kc] [Kh]
AzureCaper: bets $6
leodolf: calls $6
*** SHOW DOWN ***
AzureCaper: shows [9s 9c] (a full house, Nines full of Kings)
leodolf: mucks hand
AzureCaper collected $47.50 from pot
*** SUMMARY ***
Total pot $48 | Rake $0.50
Board [5c 8c 9h Kc Kh]
Seat 3: leodolf (button) (small blind) mucked
Seat 4: AzureCaper (big blind) showed [9s 9c] and won ($47.50) with a full house, Nines full of Kings


PokerStars Hand #156915003495:  Hold'em Limit ($3/$6 USD) - 2016/08/05 19:07:49 ET
Table 'Charybdis' 6-max Seat #4 is the button
Seat 3: leodolf ($105.87 in chips)
Seat 4: AzureCaper ($130.78 in chips)
AzureCaper: posts small blind $1
leodolf: posts big blind $3
*** HOLE CARDS ***
AzureCaper: folds
Uncalled bet ($2) returned to leodolf
leodolf collected $2 from pot
*** SUMMARY ***
Total pot $2 | Rake $0
Seat 3: leodolf (big blind) collected ($2)
Seat 4: AzureCaper (button) (small blind) folded before Flop


PokerStars Hand #156914993253:  Hold'em Limit ($3/$6 USD) - 2016/08/05 19:07:31 ET
Table 'Charybdis' 6-max Seat #3 is the button
Seat 3: leodolf ($79.37 in chips)
Seat 4: AzureCaper ($157.78 in chips)
leodolf: posts small blind $1
AzureCaper: posts big blind $3
*** HOLE CARDS ***
leodolf: raises $3 to $6
AzureCaper: calls $3
*** FLOP *** [6s 2s 7d]
AzureCaper: checks
leodolf: bets $3
AzureCaper: raises $3 to $6
leodolf: raises $3 to $9
AzureCaper: calls $3
*** TURN *** [6s 2s 7d] [2h]
AzureCaper: checks
leodolf: bets $6
AzureCaper: calls $6
*** RIVER *** [6s 2s 7d 2h] [2c]
AzureCaper: checks
leodolf: bets $6
AzureCaper: calls $6
*** SHOW DOWN ***
leodolf: shows [9c 7h] (a full house, Deuces full of Sevens)
AzureCaper: mucks hand
leodolf collected $53.50 from pot
*** SUMMARY ***
Total pot $54 | Rake $0.50
Board [6s 2s 7d 2h 2c]
Seat 3: leodolf (button) (small blind) showed [9c 7h] and won ($53.50) with a full house, Deuces full of Sevens
Seat 4: AzureCaper (big blind) mucked


PokerStars Hand #156914990140:  Hold'em Limit ($3/$6 USD) - 2016/08/05 19:07:26 ET
Table 'Charybdis' 6-max Seat #4 is the button
Seat 3: leodolf ($78.37 in chips)
Seat 4: AzureCaper ($158.78 in chips)
AzureCaper: posts small blind $1
leodolf: posts big blind $3
*** HOLE CARDS ***
AzureCaper: folds
Uncalled bet ($2) returned to leodolf
leodolf collected $2 from pot
*** SUMMARY ***
Total pot $2 | Rake $0
Seat 3: leodolf (big blind) collected ($2)
Seat 4: AzureCaper (button) (small blind) folded before Flop


PokerStars Hand #156914981808:  Hold'em Limit ($3/$6 USD) - 2016/08/05 19:07:11 ET
Table 'Charybdis' 6-max Seat #3 is the button
Seat 3: leodolf ($90.37 in chips)
Seat 4: AzureCaper ($147.26 in chips)
leodolf: posts small blind $1
AzureCaper: posts big blind $3
*** HOLE CARDS ***
leodolf: raises $3 to $6
AzureCaper: raises $3 to $9
leodolf: calls $3
*** FLOP *** [Js 5c Th]
AzureCaper: bets $3
leodolf: calls $3
*** TURN *** [Js 5c Th] [5h]
AzureCaper: checks
leodolf: checks
*** RIVER *** [Js 5c Th 5h] [4c]
AzureCaper: checks
leodolf: checks
*** SHOW DOWN ***
AzureCaper: shows [As Qh] (a pair of Fives)
leodolf: mucks hand
AzureCaper collected $23.52 from pot
*** SUMMARY ***
Total pot $24 | Rake $0.48
Board [Js 5c Th 5h 4c]
Seat 3: leodolf (button) (small blind) mucked
Seat 4: AzureCaper (big blind) showed [As Qh] and won ($23.52) with a pair of Fives


PokerStars Hand #156915032037:  Hold'em Limit ($3/$6 USD) - 2016/08/05 19:08:39 ET
Table 'Charybdis' 6-max Seat #4 is the button
Seat 3: leodolf ($68.87 in chips)
Seat 4: AzureCaper ($166.80 in chips)
AzureCaper: posts small blind $1
leodolf: posts big blind $3
*** HOLE CARDS ***
AzureCaper: folds
Uncalled bet ($2) returned to leodolf
leodolf collected $2 from pot
*** SUMMARY ***
Total pot $2 | Rake $0
Seat 3: leodolf (big blind) collected ($2)
Seat 4: AzureCaper (button) (small blind) folded before Flop


PokerStars Hand #156915034384:  Hold'em Limit ($3/$6 USD) - 2016/08/05 19:08:43 ET
Table 'Charybdis' 6-max Seat #3 is the button
Seat 3: leodolf ($69.87 in chips)
Seat 4: AzureCaper ($165.80 in chips)
leodolf: posts small blind $1
AzureCaper: posts big blind $3
*** HOLE CARDS ***
leodolf: raises $3 to $6
AzureCaper: calls $3
*** FLOP *** [Qc 9d Qh]
AzureCaper: checks
leodolf: bets $3
AzureCaper: calls $3
*** TURN *** [Qc 9d Qh] [3d]
AzureCaper: checks
leodolf: bets $6
AzureCaper: folds
Uncalled bet ($6) returned to leodolf
leodolf collected $17.64 from pot
*** SUMMARY ***
Total pot $18 | Rake $0.36
Board [Qc 9d Qh 3d]
Seat 3: leodolf (button) (small blind) collected ($17.64)
Seat 4: AzureCaper (big blind) folded on the Turn


PokerStars Hand #156915018329:  Hold'em Limit ($3/$6 USD) - 2016/08/05 19:08:15 ET
Table 'Charybdis' 6-max Seat #4 is the button
Seat 3: leodolf ($79.87 in chips)
Seat 4: AzureCaper ($156.28 in chips)
AzureCaper: posts small blind $1
leodolf: posts big blind $3
*** HOLE CARDS ***
AzureCaper: folds
Uncalled bet ($2) returned to leodolf
leodolf collected $2 from pot
*** SUMMARY ***
Total pot $2 | Rake $0
Seat 3: leodolf (big blind) collected ($2)
Seat 4: AzureCaper (button) (small blind) folded before Flop


PokerStars Hand #156915005996:  Hold'em Limit ($3/$6 USD) - 2016/08/05 19:07:53 ET
Table 'Charybdis' 6-max Seat #3 is the button
Seat 3: leodolf ($106.87 in chips)
Seat 4: AzureCaper ($129.78 in chips)
leodolf: posts small blind $1
AzureCaper: posts big blind $3
*** HOLE CARDS ***
leodolf: raises $3 to $6
AzureCaper: calls $3
*** FLOP *** [Kh 6c 8c]
AzureCaper: bets $3
leodolf: calls $3
*** TURN *** [Kh 6c 8c] [5d]
AzureCaper: bets $6
leodolf: raises $6 to $12
AzureCaper: calls $6
*** RIVER *** [Kh 6c 8c 5d] [9h]
AzureCaper: bets $6
leodolf: calls $6
*** SHOW DOWN ***
AzureCaper: shows [6h 9s] (two pair, Nines and Sixes)
leodolf: mucks hand
AzureCaper collected $53.50 from pot
*** SUMMARY ***
Total pot $54 | Rake $0.50
Board [Kh 6c 8c 5d 9h]
Seat 3: leodolf (button) (small blind) mucked
Seat 4: AzureCaper (big blind) showed [6h 9s] and won ($53.50) with two pair, Nines and Sixes


PokerStars Hand #156915056305:  Hold'em Limit ($3/$6 USD) - 2016/08/05 19:09:22 ET
Table 'Charybdis' 6-max Seat #3 is the button
Seat 3: leodolf ($67.51 in chips)
Seat 4: AzureCaper ($167.30 in chips)
leodolf: posts small blind $1
AzureCaper: posts big blind $3
*** HOLE CARDS ***
leodolf: raises $3 to $6
AzureCaper: raises $3 to $9
leodolf: calls $3
*** FLOP *** [8d 9s 4c]
AzureCaper: bets $3
leodolf: calls $3
*** TURN *** [8d 9s 4c] [5h]
AzureCaper: bets $6
leodolf: calls $6
*** RIVER *** [8d 9s 4c 5h] [2d]
AzureCaper: bets $6
leodolf: calls $6
*** SHOW DOWN ***
AzureCaper: shows [Qs Js] (high card Queen)
leodolf: shows [3s 4d] (a pair of Fours)
leodolf collected $47.50 from pot
*** SUMMARY ***
Total pot $48 | Rake $0.50
Board [8d 9s 4c 5h 2d]
Seat 3: leodolf (button) (small blind) showed [3s 4d] and won ($47.50) with a pair of Fours
Seat 4: AzureCaper (big blind) showed [Qs Js] and lost with high card Queen


PokerStars Hand #156915052486:  Hold'em Limit ($3/$6 USD) - 2016/08/05 19:09:15 ET
Table 'Charybdis' 6-max Seat #4 is the button
Seat 3: leodolf ($66.51 in chips)
Seat 4: AzureCaper ($168.30 in chips)
AzureCaper: posts small blind $1
leodolf: posts big blind $3
*** HOLE CARDS ***
AzureCaper: folds
Uncalled bet ($2) returned to leodolf
leodolf collected $2 from pot
*** SUMMARY ***
Total pot $2 | Rake $0
Seat 3: leodolf (big blind) collected ($2)
Seat 4: AzureCaper (button) (small blind) folded before Flop


PokerStars Hand #156915049520:  Hold'em Limit ($3/$6 USD) - 2016/08/05 19:09:09 ET
Table 'Charybdis' 6-max Seat #3 is the button
Seat 3: leodolf ($63.51 in chips)
Seat 4: AzureCaper ($171.30 in chips)
leodolf: posts small blind $1
AzureCaper: posts big blind $3
*** HOLE CARDS ***
leodolf: raises $3 to $6
AzureCaper: folds
Uncalled bet ($3) returned to leodolf
leodolf collected $6 from pot
*** SUMMARY ***
Total pot $6 | Rake $0
Seat 3: leodolf (button) (small blind) collected ($6)
Seat 4: AzureCaper (big blind) folded before Flop


PokerStars Hand #156915041727:  Hold'em Limit ($3/$6 USD) - 2016/08/05 19:08:56 ET
Table 'Charybdis' 6-max Seat #4 is the button
Seat 3: leodolf ($78.51 in chips)
Seat 4: AzureCaper ($156.80 in chips)
AzureCaper: posts small blind $1
leodolf: posts big blind $3
*** HOLE CARDS ***
AzureCaper: raises $3 to $6
leodolf: calls $3
*** FLOP *** [Ad 4s 9c]
leodolf: checks
AzureCaper: bets $3
leodolf: calls $3
*** TURN *** [Ad 4s 9c] [2s]
leodolf: checks
AzureCaper: checks
*** RIVER *** [Ad 4s 9c 2s] [Jd]
leodolf: bets $6
AzureCaper: calls $6
*** SHOW DOWN ***
leodolf: shows [5d Qc] (high card Ace)
AzureCaper: shows [7h 9s] (a pair of Nines)
AzureCaper collected $29.50 from pot
*** SUMMARY ***
Total pot $30 | Rake $0.50
Board [Ad 4s 9c 2s Jd]
Seat 3: leodolf (big blind) showed [5d Qc] and lost with high card Ace
Seat 4: AzureCaper (button) (small blind) showed [7h 9s] and won ($29.50) with a pair of Nines


PokerStars Hand #156915063384:  Hold'em Limit ($3/$6 USD) - 2016/08/05 19:09:34 ET
Table 'Charybdis' 6-max Seat #4 is the button
Seat 3: leodolf ($91.01 in chips)
Seat 4: AzureCaper ($143.30 in chips)
AzureCaper: posts small blind $1
leodolf: posts big blind $3
*** HOLE CARDS ***
AzureCaper: raises $3 to $6
leodolf: calls $3
*** FLOP *** [Qd 6s 6d]
leodolf: checks
AzureCaper: bets $3
leodolf: calls $3
*** TURN *** [Qd 6s 6d] [3d]
leodolf: checks
AzureCaper: bets $6
leodolf: raises $6 to $12
AzureCaper: calls $6
*** RIVER *** [Qd 6s 6d 3d] [5c]
leodolf: bets $6
AzureCaper: folds
Uncalled bet ($6) returned to leodolf
leodolf collected $41.50 from pot
*** SUMMARY ***
Total pot $42 | Rake $0.50
Board [Qd 6s 6d 3d 5c]
Seat 3: leodolf (big blind) collected ($41.50)
Seat 4: AzureCaper (button) (small blind) folded on the River


PokerStars Hand #156915073669:  Hold'em Limit ($3/$6 USD) - 2016/08/05 19:09:52 ET
Table 'Charybdis' 6-max Seat #3 is the button
Seat 3: leodolf ($111.51 in chips)
Seat 4: AzureCaper ($122.30 in chips)
leodolf: posts small blind $1
AzureCaper: posts big blind $3
*** HOLE CARDS ***
leodolf: raises $3 to $6
AzureCaper: calls $3
*** FLOP *** [4d 7d 2c]
AzureCaper: checks
leodolf: bets $3
AzureCaper: folds
Uncalled bet ($3) returned to leodolf
leodolf collected $11.76 from pot
*** SUMMARY ***
Total pot $12 | Rake $0.24
Board [4d 7d 2c]
Seat 3: leodolf (button) (small blind) collected ($11.76)
Seat 4: AzureCaper (big blind) folded on the Flop


PokerStars Hand #156915089461:  Hold'em Limit ($3/$6 USD) - 2016/08/05 19:10:20 ET
Table 'Charybdis' 6-max Seat #4 is the button
Seat 3: leodolf ($109.27 in chips)
Seat 4: AzureCaper ($123.94 in chips)
AzureCaper: posts small blind $1
leodolf: posts big blind $3
*** HOLE CARDS ***
AzureCaper: raises $3 to $6
leodolf: calls $3
*** FLOP *** [6h 7h Js]
leodolf: checks
AzureCaper: bets $3
leodolf: calls $3
*** TURN *** [6h 7h Js] [Qc]
leodolf: checks
AzureCaper: checks
*** RIVER *** [6h 7h Js Qc] [5d]
leodolf: bets $6
AzureCaper: folds
Uncalled bet ($6) returned to leodolf
leodolf collected $17.64 from pot
*** SUMMARY ***
Total pot $18 | Rake $0.36
Board [6h 7h Js Qc 5d]
Seat 3: leodolf (big blind) collected ($17.64)
Seat 4: AzureCaper (button) (small blind) folded on the River


PokerStars Hand #156915079286:  Hold'em Limit ($3/$6 USD) - 2016/08/05 19:10:02 ET
Table 'Charybdis' 6-max Seat #4 is the button
Seat 3: leodolf ($117.27 in chips)
Seat 4: AzureCaper ($116.30 in chips)
AzureCaper: posts small blind $1
leodolf: posts big blind $3
*** HOLE CARDS ***
AzureCaper: folds
Uncalled bet ($2) returned to leodolf
leodolf collected $2 from pot
*** SUMMARY ***
Total pot $2 | Rake $0
Seat 3: leodolf (big blind) collected ($2)
Seat 4: AzureCaper (button) (small blind) folded before Flop


PokerStars Hand #156915096285:  Hold'em Limit ($3/$6 USD) - 2016/08/05 19:10:32 ET
Table 'Charybdis' 6-max Seat #3 is the button
Seat 3: leodolf ($117.91 in chips)
Seat 4: AzureCaper ($114.94 in chips)
leodolf: posts small blind $1
AzureCaper: posts big blind $3
*** HOLE CARDS ***
leodolf: raises $3 to $6
AzureCaper: raises $3 to $9
leodolf: calls $3
*** FLOP *** [7s Ah Kh]
AzureCaper: bets $3
leodolf: folds
Uncalled bet ($3) returned to AzureCaper
AzureCaper collected $17.64 from pot
AzureCaper: doesn't show hand
*** SUMMARY ***
Total pot $18 | Rake $0.36
Board [7s Ah Kh]
Seat 3: leodolf (button) (small blind) folded on the Flop
Seat 4: AzureCaper (big blind) collected ($17.64)


PokerStars Hand #156915081974:  Hold'em Limit ($3/$6 USD) - 2016/08/05 19:10:07 ET
Table 'Charybdis' 6-max Seat #3 is the button
Seat 3: leodolf ($118.27 in chips)
Seat 4: AzureCaper ($115.30 in chips)
leodolf: posts small blind $1
AzureCaper: posts big blind $3
*** HOLE CARDS ***
leodolf: raises $3 to $6
AzureCaper: calls $3
*** FLOP *** [5h 9s 8d]
AzureCaper: bets $3
leodolf: calls $3
*** TURN *** [5h 9s 8d] [Td]
AzureCaper: bets $6
leodolf: folds
Uncalled bet ($6) returned to AzureCaper
AzureCaper collected $17.64 from pot
AzureCaper: doesn't show hand
*** SUMMARY ***
Total pot $18 | Rake $0.36
Board [5h 9s 8d Td]
Seat 3: leodolf (button) (small blind) folded on the Turn
Seat 4: AzureCaper (big blind) collected ($17.64)


PokerStars Hand #156915127049:  Hold'em Limit ($3/$6 USD) - 2016/08/05 19:11:26 ET
Table 'Charybdis' 6-max Seat #4 is the button
Seat 3: leodolf ($96.91 in chips)
Seat 4: AzureCaper ($135.08 in chips)
AzureCaper: posts small blind $1
leodolf: posts big blind $3
*** HOLE CARDS ***
AzureCaper: raises $3 to $6
leodolf: calls $3
*** FLOP *** [9h Ac Kd]
leodolf: checks
AzureCaper: bets $3
leodolf: raises $3 to $6
AzureCaper: calls $3
*** TURN *** [9h Ac Kd] [8c]
leodolf: bets $6
AzureCaper: raises $6 to $12
leodolf: calls $6
*** RIVER *** [9h Ac Kd 8c] [Qc]
leodolf: checks
AzureCaper: bets $6
leodolf: calls $6
*** SHOW DOWN ***
AzureCaper: shows [9c Kh] (two pair, Kings and Nines)
leodolf: mucks hand
AzureCaper collected $59.50 from pot
*** SUMMARY ***
Total pot $60 | Rake $0.50
Board [9h Ac Kd 8c Qc]
Seat 3: leodolf (big blind) mucked
Seat 4: AzureCaper (button) (small blind) showed [9c Kh] and won ($59.50) with two pair, Kings and Nines


PokerStars Hand #156915103162:  Hold'em Limit ($3/$6 USD) - 2016/08/05 19:10:44 ET
Table 'Charybdis' 6-max Seat #4 is the button
Seat 3: leodolf ($108.91 in chips)
Seat 4: AzureCaper ($123.58 in chips)
AzureCaper: posts small blind $1
leodolf: posts big blind $3
*** HOLE CARDS ***
AzureCaper: raises $3 to $6
leodolf: calls $3
*** FLOP *** [Ks 3s Jc]
leodolf: checks
AzureCaper: bets $3
leodolf: calls $3
*** TURN *** [Ks 3s Jc] [5s]
leodolf: checks
AzureCaper: bets $6
leodolf: calls $6
*** RIVER *** [Ks 3s Jc 5s] [6h]
leodolf: checks
AzureCaper: bets $6
leodolf: folds
Uncalled bet ($6) returned to AzureCaper
AzureCaper collected $29.50 from pot
AzureCaper: doesn't show hand
*** SUMMARY ***
Total pot $30 | Rake $0.50
Board [Ks 3s Jc 5s 6h]
Seat 3: leodolf (big blind) folded on the River
Seat 4: AzureCaper (button) (small blind) collected ($29.50)


PokerStars Hand #156915119414:  Hold'em Limit ($3/$6 USD) - 2016/08/05 19:11:13 ET
Table 'Charybdis' 6-max Seat #3 is the button
Seat 3: leodolf ($93.91 in chips)
Seat 4: AzureCaper ($138.08 in chips)
leodolf: posts small blind $1
AzureCaper: posts big blind $3
*** HOLE CARDS ***
leodolf: raises $3 to $6
AzureCaper: folds
Uncalled bet ($3) returned to leodolf
leodolf collected $6 from pot
*** SUMMARY ***
Total pot $6 | Rake $0
Seat 3: leodolf (button) (small blind) collected ($6)
Seat 4: AzureCaper (big blind) folded before Flop


PokerStars Hand #156915177165:  Hold'em Limit ($3/$6 USD) - 2016/08/05 19:12:54 ET
Table 'Charybdis' 6-max Seat #3 is the button
Seat 3: leodolf ($60.41 in chips)
Seat 4: AzureCaper ($169.58 in chips)
leodolf: posts small blind $1
AzureCaper: posts big blind $3
*** HOLE CARDS ***
leodolf: raises $3 to $6
AzureCaper: folds
Uncalled bet ($3) returned to leodolf
leodolf collected $6 from pot
*** SUMMARY ***
Total pot $6 | Rake $0
Seat 3: leodolf (button) (small blind) collected ($6)
Seat 4: AzureCaper (big blind) folded before Flop


PokerStars Hand #156915157253:  Hold'em Limit ($3/$6 USD) - 2016/08/05 19:12:19 ET
Table 'Charybdis' 6-max Seat #4 is the button
Seat 3: leodolf ($48.91 in chips)
Seat 4: AzureCaper ($182.08 in chips)
AzureCaper: posts small blind $1
leodolf: posts big blind $3
*** HOLE CARDS ***
AzureCaper: raises $3 to $6
leodolf: calls $3
*** FLOP *** [7c 9d Kd]
leodolf: checks
AzureCaper: bets $3
leodolf: calls $3
*** TURN *** [7c 9d Kd] [2d]
leodolf: checks
AzureCaper: checks
*** RIVER *** [7c 9d Kd 2d] [4s]
leodolf: bets $6
AzureCaper: calls $6
*** SHOW DOWN ***
leodolf: shows [5c 8d] (high card King)
AzureCaper: shows [Qc Ah] (high card Ace)
AzureCaper collected $29.50 from pot
*** SUMMARY ***
Total pot $30 | Rake $0.50
Board [7c 9d Kd 2d 4s]
Seat 3: leodolf (big blind) showed [5c 8d] and lost with high card King
Seat 4: AzureCaper (button) (small blind) showed [Qc Ah] and won ($29.50) with high card Ace


PokerStars Hand #156915169291:  Hold'em Limit ($3/$6 USD) - 2016/08/05 19:12:40 ET
Table 'Charybdis' 6-max Seat #4 is the button
Seat 3: leodolf ($36.91 in chips)
Seat 4: AzureCaper ($193.58 in chips)
AzureCaper: posts small blind $1
leodolf: posts big blind $3
*** HOLE CARDS ***
AzureCaper: raises $3 to $6
leodolf: raises $3 to $9
AzureCaper: calls $3
*** FLOP *** [6h 3d Jc]
leodolf: bets $3
AzureCaper: calls $3
*** TURN *** [6h 3d Jc] [8h]
leodolf: bets $6
AzureCaper: calls $6
*** RIVER *** [6h 3d Jc 8h] [9s]
leodolf: bets $6
AzureCaper: calls $6
*** SHOW DOWN ***
leodolf: shows [Jd Js] (three of a kind, Jacks)
AzureCaper: mucks hand
leodolf collected $47.50 from pot
*** SUMMARY ***
Total pot $48 | Rake $0.50
Board [6h 3d Jc 8h 9s]
Seat 3: leodolf (big blind) showed [Jd Js] and won ($47.50) with three of a kind, Jacks
Seat 4: AzureCaper (button) (small blind) mucked


PokerStars Hand #156915144105:  Hold'em Limit ($3/$6 USD) - 2016/08/05 19:11:56 ET
Table 'Charybdis' 6-max Seat #3 is the button
Seat 3: leodolf ($66.91 in chips)
Seat 4: AzureCaper ($164.58 in chips)
leodolf: posts small blind $1
AzureCaper: posts big blind $3
*** HOLE CARDS ***
leodolf: raises $3 to $6
AzureCaper: raises $3 to $9
leodolf: calls $3
*** FLOP *** [3d Kd Qh]
AzureCaper: bets $3
leodolf: calls $3
*** TURN *** [3d Kd Qh] [9h]
AzureCaper: checks
leodolf: checks
*** RIVER *** [3d Kd Qh 9h] [8h]
AzureCaper: checks
leodolf: bets $6
AzureCaper: calls $6
*** SHOW DOWN ***
leodolf: shows [Jd 7s] (high card King)
AzureCaper: shows [As Js] (high card Ace)
AzureCaper collected $35.50 from pot
*** SUMMARY ***
Total pot $36 | Rake $0.50
Board [3d Kd Qh 9h 8h]
Seat 3: leodolf (button) (small blind) showed [Jd 7s] and lost with high card King
Seat 4: AzureCaper (big blind) showed [As Js] and won ($35.50) with high card Ace


PokerStars Hand #156915203987:  Hold'em Limit ($3/$6 USD) - 2016/08/05 19:13:43 ET
Table 'Charybdis' 6-max Seat #4 is the button
Seat 3: leodolf ($92.31 in chips)
Seat 4: AzureCaper ($136.58 in chips)
AzureCaper: posts small blind $1
leodolf: posts big blind $3
*** HOLE CARDS ***
AzureCaper: folds
Uncalled bet ($2) returned to leodolf
leodolf collected $2 from pot
*** SUMMARY ***
Total pot $2 | Rake $0
Seat 3: leodolf (big blind) collected ($2)
Seat 4: AzureCaper (button) (small blind) folded before Flop


PokerStars Hand #156915191890:  Hold'em Limit ($3/$6 USD) - 2016/08/05 19:13:21 ET
Table 'Charybdis' 6-max Seat #4 is the button
Seat 3: leodolf ($77.81 in chips)
Seat 4: AzureCaper ($151.58 in chips)
AzureCaper: posts small blind $1
leodolf: posts big blind $3
*** HOLE CARDS ***
AzureCaper: raises $3 to $6
leodolf: folds
Uncalled bet ($3) returned to AzureCaper
AzureCaper collected $6 from pot
AzureCaper: doesn't show hand
*** SUMMARY ***
Total pot $6 | Rake $0
Seat 3: leodolf (big blind) folded before Flop
Seat 4: AzureCaper (button) (small blind) collected ($6)


PokerStars Hand #156915187508:  Hold'em Limit ($3/$6 USD) - 2016/08/05 19:13:13 ET
Table 'Charybdis' 6-max Seat #3 is the button
Seat 3: leodolf ($72.05 in chips)
Seat 4: AzureCaper ($157.58 in chips)
leodolf: posts small blind $1
AzureCaper: posts big blind $3
*** HOLE CARDS ***
leodolf: raises $3 to $6
AzureCaper: calls $3
*** FLOP *** [8s 9d 3h]
AzureCaper: checks
leodolf: bets $3
AzureCaper: folds
Uncalled bet ($3) returned to leodolf
leodolf collected $11.76 from pot
*** SUMMARY ***
Total pot $12 | Rake $0.24
Board [8s 9d 3h]
Seat 3: leodolf (button) (small blind) collected ($11.76)
Seat 4: AzureCaper (big blind) folded on the Flop


PokerStars Hand #156915195125:  Hold'em Limit ($3/$6 USD) - 2016/08/05 19:13:27 ET
Table 'Charybdis' 6-max Seat #3 is the button
Seat 3: leodolf ($74.81 in chips)
Seat 4: AzureCaper ($154.58 in chips)
leodolf: posts small blind $1
AzureCaper: posts big blind $3
*** HOLE CARDS ***
leodolf: raises $3 to $6
AzureCaper: calls $3
*** FLOP *** [Qs Qc 8s]
AzureCaper: checks
leodolf: bets $3
AzureCaper: raises $3 to $6
leodolf: calls $3
*** TURN *** [Qs Qc 8s] [2h]
AzureCaper: bets $6
leodolf: calls $6
*** RIVER *** [Qs Qc 8s 2h] [8d]
AzureCaper: checks
leodolf: checks
*** SHOW DOWN ***
AzureCaper: shows [9s 7s] (two pair, Queens and Eights)
leodolf: shows [3c Ad] (two pair, Queens and Eights - Ace kicker)
leodolf collected $35.50 from pot
*** SUMMARY ***
Total pot $36 | Rake $0.50
Board [Qs Qc 8s 2h 8d]
Seat 3: leodolf (button) (small blind) showed [3c Ad] and won ($35.50) with two pair, Queens and Eights
Seat 4: AzureCaper (big blind) showed [9s 7s] and lost with two pair, Queens and Eights


PokerStars Hand #156915180506:  Hold'em Limit ($3/$6 USD) - 2016/08/05 19:13:00 ET
Table 'Charybdis' 6-max Seat #4 is the button
Seat 3: leodolf ($63.41 in chips)
Seat 4: AzureCaper ($166.58 in chips)
AzureCaper: posts small blind $1
leodolf: posts big blind $3
*** HOLE CARDS ***
AzureCaper: raises $3 to $6
leodolf: calls $3
*** FLOP *** [6h 3s Kh]
leodolf: checks
AzureCaper: bets $3
leodolf: calls $3
*** TURN *** [6h 3s Kh] [5d]
leodolf: checks
AzureCaper: checks
*** RIVER *** [6h 3s Kh 5d] [Th]
leodolf: checks
AzureCaper: checks
*** SHOW DOWN ***
leodolf: shows [8s 5h] (a pair of Fives)
AzureCaper: mucks hand
leodolf collected $17.64 from pot
*** SUMMARY ***
Total pot $18 | Rake $0.36
Board [6h 3s Kh 5d Th]
Seat 3: leodolf (big blind) showed [8s 5h] and won ($17.64) with a pair of Fives
Seat 4: AzureCaper (button) (small blind) mucked


PokerStars Hand #156915226789:  Hold'em Limit ($3/$6 USD) - 2016/08/05 19:14:23 ET
Table 'Charybdis' 6-max Seat #4 is the button
Seat 3: leodolf ($90.06 in chips)
Seat 4: AzureCaper ($138.09 in chips)
AzureCaper: posts small blind $1
leodolf: posts big blind $3
*** HOLE CARDS ***
AzureCaper: raises $3 to $6
leodolf: calls $3
*** FLOP *** [8s 5d 5s]
leodolf: checks
AzureCaper: bets $3
leodolf: raises $3 to $6
AzureCaper: calls $3
*** TURN *** [8s 5d 5s] [7d]
leodolf: bets $6
AzureCaper: calls $6
*** RIVER *** [8s 5d 5s 7d] [3d]
leodolf: bets $6
AzureCaper: calls $6
*** SHOW DOWN ***
leodolf: shows [4s 9d] (a pair of Fives)
AzureCaper: shows [8h Ah] (two pair, Eights and Fives)
AzureCaper collected $47.50 from pot
*** SUMMARY ***
Total pot $48 | Rake $0.50
Board [8s 5d 5s 7d 3d]
Seat 3: leodolf (big blind) showed [4s 9d] and lost with a pair of Fives
Seat 4: AzureCaper (button) (small blind) showed [8h Ah] and won ($47.50) with two pair, Eights and Fives


PokerStars Hand #156915207186:  Hold'em Limit ($3/$6 USD) - 2016/08/05 19:13:48 ET
Table 'Charybdis' 6-max Seat #3 is the button
Seat 3: leodolf ($93.31 in chips)
Seat 4: AzureCaper ($135.58 in chips)
leodolf: posts small blind $1
AzureCaper: posts big blind $3
*** HOLE CARDS ***
leodolf: raises $3 to $6
AzureCaper: calls $3
*** FLOP *** [Ts 9h 4d]
AzureCaper: checks
leodolf: bets $3
AzureCaper: calls $3
*** TURN *** [Ts 9h 4d] [Th]
AzureCaper: checks
leodolf: bets $6
AzureCaper: calls $6
*** RIVER *** [Ts 9h 4d Th] [Qs]
AzureCaper: checks
leodolf: checks
*** SHOW DOWN ***
AzureCaper: shows [5d 4s] (two pair, Tens and Fours)
leodolf: shows [4c Jc] (two pair, Tens and Fours)
AzureCaper collected $14.75 from pot
leodolf collected $14.75 from pot
*** SUMMARY ***
Total pot $30 | Rake $0.50
Board [Ts 9h 4d Th Qs]
Seat 3: leodolf (button) (small blind) showed [4c Jc] and won ($14.75) with two pair, Tens and Fours
Seat 4: AzureCaper (big blind) showed [5d 4s] and won ($14.75) with two pair, Tens and Fours


PokerStars Hand #156915223696:  Hold'em Limit ($3/$6 USD) - 2016/08/05 19:14:18 ET
Table 'Charybdis' 6-max Seat #3 is the button
Seat 3: leodolf ($87.06 in chips)
Seat 4: AzureCaper ($141.09 in chips)
leodolf: posts small blind $1
AzureCaper: posts big blind $3
*** HOLE CARDS ***
leodolf: raises $3 to $6
AzureCaper: folds
Uncalled bet ($3) returned to leodolf
leodolf collected $6 from pot
*** SUMMARY ***
Total pot $6 | Rake $0
Seat 3: leodolf (button) (small blind) collected ($6)
Seat 4: AzureCaper (big blind) folded before Flop


PokerStars Hand #156915219016:  Hold'em Limit ($3/$6 USD) - 2016/08/05 19:14:09 ET
Table 'Charybdis' 6-max Seat #4 is the button
Seat 3: leodolf ($93.06 in chips)
Seat 4: AzureCaper ($135.33 in chips)
AzureCaper: posts small blind $1
leodolf: posts big blind $3
*** HOLE CARDS ***
AzureCaper: raises $3 to $6
leodolf: calls $3
*** FLOP *** [7s 7d Ks]
leodolf: checks
AzureCaper: bets $3
leodolf: folds
Uncalled bet ($3) returned to AzureCaper
AzureCaper collected $11.76 from pot
AzureCaper: doesn't show hand
*** SUMMARY ***
Total pot $12 | Rake $0.24
Board [7s 7d Ks]
Seat 3: leodolf (big blind) folded on the Flop
Seat 4: AzureCaper (button) (small blind) collected ($11.76)


PokerStars Hand #156915250095:  Hold'em Limit ($3/$6 USD) - 2016/08/05 19:15:06 ET
Table 'Charybdis' 6-max Seat #4 is the button
Seat 3: leodolf ($71.82 in chips)
Seat 4: AzureCaper ($155.59 in chips)
AzureCaper: posts small blind $1
leodolf: posts big blind $3
*** HOLE CARDS ***
AzureCaper: folds
Uncalled bet ($2) returned to leodolf
leodolf collected $2 from pot
*** SUMMARY ***
Total pot $2 | Rake $0
Seat 3: leodolf (big blind) collected ($2)
Seat 4: AzureCaper (button) (small blind) folded before Flop


PokerStars Hand #156915245150:  Hold'em Limit ($3/$6 USD) - 2016/08/05 19:14:57 ET
Table 'Charybdis' 6-max Seat #3 is the button
Seat 3: leodolf ($66.06 in chips)
Seat 4: AzureCaper ($161.59 in chips)
leodolf: posts small blind $1
AzureCaper: posts big blind $3
*** HOLE CARDS ***
leodolf: raises $3 to $6
AzureCaper: calls $3
*** FLOP *** [9h Ac 5c]
AzureCaper: checks
leodolf: bets $3
AzureCaper: folds
Uncalled bet ($3) returned to leodolf
leodolf collected $11.76 from pot
*** SUMMARY ***
Total pot $12 | Rake $0.24
Board [9h Ac 5c]
Seat 3: leodolf (button) (small blind) collected ($11.76)
Seat 4: AzureCaper (big blind) folded on the Flop


PokerStars Hand #156915270276:  Hold'em Limit ($3/$6 USD) - 2016/08/05 19:15:36 ET
Table 'Charybdis' 6-max Seat #4 is the button
Seat 3: leodolf ($90.32 in chips)
Seat 4: AzureCaper ($136.59 in chips)
AzureCaper: posts small blind $1
leodolf: posts big blind $3
*** HOLE CARDS ***
AzureCaper: raises $3 to $6
leodolf: calls $3
*** FLOP *** [8s 3s 9s]
leodolf: checks
AzureCaper: bets $3
leodolf: raises $3 to $6
karxarias22 joins the table at seat #5
AzureCaper: calls $3
*** TURN *** [8s 3s 9s] [5s]
leodolf: bets $6
AzureCaper: folds
Uncalled bet ($6) returned to leodolf
leodolf collected $23.52 from pot
*** SUMMARY ***
Total pot $24 | Rake $0.48
Board [8s 3s 9s 5s]
Seat 3: leodolf (big blind) collected ($23.52)
Seat 4: AzureCaper (button) (small blind) folded on the Turn


PokerStars Hand #156915278541:  Hold'em Limit ($3/$6 USD) - 2016/08/05 19:15:51 ET
Table 'Charybdis' 6-max Seat #3 is the button
Seat 3: leodolf ($101.84 in chips)
Seat 4: AzureCaper ($124.59 in chips)
leodolf: posts small blind $1
AzureCaper: posts big blind $3
*** HOLE CARDS ***
leodolf: raises $3 to $6
karxarias22 leaves the table
AzureCaper: calls $3
*** FLOP *** [9d 9h 5h]
AzureCaper: checks
leodolf: bets $3
AzureCaper: folds
Uncalled bet ($3) returned to leodolf
leodolf collected $11.76 from pot
*** SUMMARY ***
Total pot $12 | Rake $0.24
Board [9d 9h 5h]
Seat 3: leodolf (button) (small blind) collected ($11.76)
Seat 4: AzureCaper (big blind) folded on the Flop


PokerStars Hand #156915254489:  Hold'em Limit ($3/$6 USD) - 2016/08/05 19:15:14 ET
Table 'Charybdis' 6-max Seat #3 is the button
Seat 3: leodolf ($72.82 in chips)
Seat 4: AzureCaper ($154.59 in chips)
leodolf: posts small blind $1
AzureCaper: posts big blind $3
*** HOLE CARDS ***
leodolf: raises $3 to $6
AzureCaper: calls $3
*** FLOP *** [8h 6c 5s]
AzureCaper: checks
leodolf: checks
*** TURN *** [8h 6c 5s] [Tc]
AzureCaper: bets $6
leodolf: calls $6
*** RIVER *** [8h 6c 5s Tc] [7d]
AzureCaper: bets $6
leodolf: calls $6
*** SHOW DOWN ***
AzureCaper: shows [8d Ts] (two pair, Tens and Eights)
leodolf: shows [4h Jc] (a straight, Four to Eight)
leodolf collected $35.50 from pot
*** SUMMARY ***
Total pot $36 | Rake $0.50
Board [8h 6c 5s Tc 7d]
Seat 3: leodolf (button) (small blind) showed [4h Jc] and won ($35.50) with a straight, Four to Eight
Seat 4: AzureCaper (big blind) showed [8d Ts] and lost with two pair, Tens and Eights


PokerStars Hand #156915304379:  Hold'em Limit ($3/$6 USD) - 2016/08/05 19:16:37 ET
Table 'Charybdis' 6-max Seat #4 is the button
Seat 3: leodolf ($63.60 in chips)
Seat 4: AzureCaper ($161.85 in chips)
AzureCaper: posts small blind $1
leodolf: posts big blind $3
*** HOLE CARDS ***
AzureCaper: raises $3 to $6
leodolf: calls $3
*** FLOP *** [Ac Js Ah]
leodolf: checks
AzureCaper: bets $3
leodolf: calls $3
*** TURN *** [Ac Js Ah] [7d]
leodolf: checks
AzureCaper: checks
*** RIVER *** [Ac Js Ah 7d] [Th]
leodolf: bets $6
AzureCaper: folds
Uncalled bet ($6) returned to leodolf
leodolf collected $17.64 from pot
*** SUMMARY ***
Total pot $18 | Rake $0.36
Board [Ac Js Ah 7d Th]
Seat 3: leodolf (big blind) collected ($17.64)
Seat 4: AzureCaper (button) (small blind) folded on the River


PokerStars Hand #156915314296:  Hold'em Limit ($3/$6 USD) - 2016/08/05 19:16:55 ET
Table 'Charybdis' 6-max Seat #3 is the button
Seat 3: leodolf ($72.24 in chips)
Seat 4: AzureCaper ($152.85 in chips)
leodolf: posts small blind $1
AzureCaper: posts big blind $3
*** HOLE CARDS ***
leodolf: raises $3 to $6
AzureCaper: folds
Uncalled bet ($3) returned to leodolf
leodolf collected $6 from pot
*** SUMMARY ***
Total pot $6 | Rake $0
Seat 3: leodolf (button) (small blind) collected ($6)
Seat 4: AzureCaper (big blind) folded before Flop


PokerStars Hand #156915297400:  Hold'em Limit ($3/$6 USD) - 2016/08/05 19:16:25 ET
Table 'Charybdis' 6-max Seat #4 is the button
Seat 3: leodolf ($66.60 in chips)
Seat 4: AzureCaper ($159.09 in chips)
AzureCaper: posts small blind $1
leodolf: posts big blind $3
*** HOLE CARDS ***
AzureCaper: raises $3 to $6
leodolf: calls $3
*** FLOP *** [Kh Qd 5d]
leodolf: checks
AzureCaper: bets $3
leodolf: folds
Uncalled bet ($3) returned to AzureCaper
AzureCaper collected $11.76 from pot
AzureCaper: doesn't show hand
*** SUMMARY ***
Total pot $12 | Rake $0.24
Board [Kh Qd 5d]
Seat 3: leodolf (big blind) folded on the Flop
Seat 4: AzureCaper (button) (small blind) collected ($11.76)


PokerStars Hand #156915288620:  Hold'em Limit ($3/$6 USD) - 2016/08/05 19:16:09 ET
Table 'Charybdis' 6-max Seat #3 is the button
Seat 3: leodolf ($108.60 in chips)
Seat 4: AzureCaper ($117.59 in chips)
leodolf: posts small blind $1
AzureCaper: posts big blind $3
*** HOLE CARDS ***
leodolf: raises $3 to $6
AzureCaper: calls $3
*** FLOP *** [6d 4s 7s]
AzureCaper: checks
leodolf: checks
*** TURN *** [6d 4s 7s] [Kh]
AzureCaper: bets $6
leodolf: raises $6 to $12
AzureCaper: raises $6 to $18
leodolf: calls $6
*** RIVER *** [6d 4s 7s Kh] [3d]
AzureCaper: bets $6
leodolf: raises $6 to $12
AzureCaper: raises $6 to $18
leodolf: calls $6
*** SHOW DOWN ***
AzureCaper: shows [8s 5s] (a straight, Four to Eight)
leodolf: mucks hand
AzureCaper collected $83.50 from pot
*** SUMMARY ***
Total pot $84 | Rake $0.50
Board [6d 4s 7s Kh 3d]
Seat 3: leodolf (button) (small blind) mucked
Seat 4: AzureCaper (big blind) showed [8s 5s] and won ($83.50) with a straight, Four to Eight


PokerStars Hand #156915285730:  Hold'em Limit ($3/$6 USD) - 2016/08/05 19:16:04 ET
Table 'Charybdis' 6-max Seat #4 is the button
Seat 3: leodolf ($107.60 in chips)
Seat 4: AzureCaper ($118.59 in chips)
AzureCaper: posts small blind $1
leodolf: posts big blind $3
*** HOLE CARDS ***
AzureCaper: folds
Uncalled bet ($2) returned to leodolf
leodolf collected $2 from pot
*** SUMMARY ***
Total pot $2 | Rake $0
Seat 3: leodolf (big blind) collected ($2)
Seat 4: AzureCaper (button) (small blind) folded before Flop


PokerStars Hand #156915320179:  Hold'em Limit ($3/$6 USD) - 2016/08/05 19:17:06 ET
Table 'Charybdis' 6-max Seat #3 is the button
Seat 3: leodolf ($76.24 in chips)
Seat 4: AzureCaper ($148.85 in chips)
leodolf: posts small blind $1
AzureCaper: posts big blind $3
*** HOLE CARDS ***
leodolf: raises $3 to $6
AzureCaper: calls $3
*** FLOP *** [Jh 4s 2c]
AzureCaper: checks
leodolf: bets $3
AzureCaper: folds
Uncalled bet ($3) returned to leodolf
leodolf collected $11.76 from pot
*** SUMMARY ***
Total pot $12 | Rake $0.24
Board [Jh 4s 2c]
Seat 3: leodolf (button) (small blind) collected ($11.76)
Seat 4: AzureCaper (big blind) folded on the Flop


PokerStars Hand #156915317579:  Hold'em Limit ($3/$6 USD) - 2016/08/05 19:17:01 ET
Table 'Charybdis' 6-max Seat #4 is the button
Seat 3: leodolf ($75.24 in chips)
Seat 4: AzureCaper ($149.85 in chips)
AzureCaper: posts small blind $1
leodolf: posts big blind $3
*** HOLE CARDS ***
AzureCaper: folds
Uncalled bet ($2) returned to leodolf
leodolf collected $2 from pot
*** SUMMARY ***
Total pot $2 | Rake $0
Seat 3: leodolf (big blind) collected ($2)
Seat 4: AzureCaper (button) (small blind) folded before Flop


PokerStars Hand #156915338492:  Hold'em Limit ($3/$6 USD) - 2016/08/05 19:17:38 ET
Table 'Charybdis' 6-max Seat #3 is the button
Seat 3: leodolf ($87 in chips)
Seat 4: AzureCaper ($137.85 in chips)
leodolf: posts small blind $1
AzureCaper: posts big blind $3
*** HOLE CARDS ***
leodolf: raises $3 to $6
AzureCaper: raises $3 to $9
leodolf: calls $3
*** FLOP *** [9c 6c Kc]
AzureCaper: bets $3
leodolf: calls $3
*** TURN *** [9c 6c Kc] [Ks]
AzureCaper: bets $6
leodolf: calls $6
*** RIVER *** [9c 6c Kc Ks] [Qs]
AzureCaper: checks
leodolf: checks
*** SHOW DOWN ***
AzureCaper: shows [Ad Jh] (a pair of Kings)
leodolf: mucks hand
AzureCaper collected $35.50 from pot
*** SUMMARY ***
Total pot $36 | Rake $0.50
Board [9c 6c Kc Ks Qs]
Seat 3: leodolf (button) (small blind) mucked
Seat 4: AzureCaper (big blind) showed [Ad Jh] and won ($35.50) with a pair of Kings


PokerStars Hand #156915330266:  Hold'em Limit ($3/$6 USD) - 2016/08/05 19:17:24 ET
Table 'Charybdis' 6-max Seat #3 is the button
Seat 3: leodolf ($83 in chips)
Seat 4: AzureCaper ($141.85 in chips)
leodolf: posts small blind $1
AzureCaper: posts big blind $3
*** HOLE CARDS ***
leodolf: raises $3 to $6
AzureCaper: folds
Uncalled bet ($3) returned to leodolf
leodolf collected $6 from pot
*** SUMMARY ***
Total pot $6 | Rake $0
Seat 3: leodolf (button) (small blind) collected ($6)
Seat 4: AzureCaper (big blind) folded before Flop


PokerStars Hand #156915372013:  Hold'em Limit ($3/$6 USD) - 2016/08/05 19:18:39 ET
Table 'Charybdis' 6-max Seat #3 is the button
Seat 3: leodolf ($70.50 in chips)
Seat 4: AzureCaper ($152.49 in chips)
leodolf: posts small blind $1
AzureCaper: posts big blind $3
*** HOLE CARDS ***
leodolf: raises $3 to $6
AzureCaper: calls $3
*** FLOP *** [Tc 5h 4c]
AzureCaper: checks
leodolf: bets $3
AzureCaper: folds
Uncalled bet ($3) returned to leodolf
leodolf collected $11.76 from pot
*** SUMMARY ***
Total pot $12 | Rake $0.24
Board [Tc 5h 4c]
Seat 3: leodolf (button) (small blind) collected ($11.76)
Seat 4: AzureCaper (big blind) folded on the Flop


PokerStars Hand #156915355345:  Hold'em Limit ($3/$6 USD) - 2016/08/05 19:18:09 ET
Table 'Charybdis' 6-max Seat #4 is the button
Seat 3: leodolf ($61 in chips)
Seat 4: AzureCaper ($162.99 in chips)
AzureCaper: posts small blind $1
leodolf: posts big blind $3
*** HOLE CARDS ***
AzureCaper: raises $3 to $6
leodolf: calls $3
*** FLOP *** [5s Ts Ks]
leodolf: checks
AzureCaper: bets $3
leodolf: calls $3
*** TURN *** [5s Ts Ks] [Td]
leodolf: checks
AzureCaper: bets $6
leodolf: calls $6
*** RIVER *** [5s Ts Ks Td] [9h]
leodolf: checks
AzureCaper: checks
*** SHOW DOWN ***
leodolf: shows [4s 6c] (a pair of Tens)
AzureCaper: shows [7h 7d] (two pair, Tens and Sevens)
AzureCaper collected $29.50 from pot
*** SUMMARY ***
Total pot $30 | Rake $0.50
Board [5s Ts Ks Td 9h]
Seat 3: leodolf (big blind) showed [4s 6c] and lost with a pair of Tens
Seat 4: AzureCaper (button) (small blind) showed [7h 7d] and won ($29.50) with two pair, Tens and Sevens


PokerStars Hand #156915362635:  Hold'em Limit ($3/$6 USD) - 2016/08/05 19:18:22 ET
Table 'Charybdis' 6-max Seat #3 is the button
Seat 3: leodolf ($46 in chips)
Seat 4: AzureCaper ($177.49 in chips)
leodolf: posts small blind $1
AzureCaper: posts big blind $3
*** HOLE CARDS ***
leodolf: raises $3 to $6
AzureCaper: raises $3 to $9
leodolf: calls $3
*** FLOP *** [Qc Jc 2s]
AzureCaper: bets $3
leodolf: calls $3
*** TURN *** [Qc Jc 2s] [9c]
AzureCaper: checks
leodolf: bets $6
AzureCaper: calls $6
*** RIVER *** [Qc Jc 2s 9c] [9s]
AzureCaper: checks
leodolf: bets $6
AzureCaper: calls $6
*** SHOW DOWN ***
leodolf: shows [Qs 6d] (two pair, Queens and Nines)
AzureCaper: mucks hand
leodolf collected $47.50 from pot
*** SUMMARY ***
Total pot $48 | Rake $0.50
Board [Qc Jc 2s 9c 9s]
Seat 3: leodolf (button) (small blind) showed [Qs 6d] and won ($47.50) with two pair, Queens and Nines
Seat 4: AzureCaper (big blind) mucked


PokerStars Hand #156915369629:  Hold'em Limit ($3/$6 USD) - 2016/08/05 19:18:35 ET
Table 'Charybdis' 6-max Seat #4 is the button
Seat 3: leodolf ($69.50 in chips)
Seat 4: AzureCaper ($153.49 in chips)
AzureCaper: posts small blind $1
leodolf: posts big blind $3
*** HOLE CARDS ***
AzureCaper: folds
Uncalled bet ($2) returned to leodolf
leodolf collected $2 from pot
*** SUMMARY ***
Total pot $2 | Rake $0
Seat 3: leodolf (big blind) collected ($2)
Seat 4: AzureCaper (button) (small blind) folded before Flop


PokerStars Hand #156915350699:  Hold'em Limit ($3/$6 USD) - 2016/08/05 19:18:00 ET
Table 'Charybdis' 6-max Seat #3 is the button
Seat 3: leodolf ($70 in chips)
Seat 4: AzureCaper ($154.35 in chips)
leodolf: posts small blind $1
AzureCaper: posts big blind $3
*** HOLE CARDS ***
leodolf: raises $3 to $6
AzureCaper: raises $3 to $9
leodolf: calls $3
*** FLOP *** [9h Ks Jd]
AzureCaper: bets $3
leodolf: folds
Uncalled bet ($3) returned to AzureCaper
AzureCaper collected $17.64 from pot
AzureCaper: doesn't show hand
*** SUMMARY ***
Total pot $18 | Rake $0.36
Board [9h Ks Jd]
Seat 3: leodolf (button) (small blind) folded on the Flop
Seat 4: AzureCaper (big blind) collected ($17.64)


PokerStars Hand #156915377620:  Hold'em Limit ($3/$6 USD) - 2016/08/05 19:18:49 ET
Table 'Charybdis' 6-max Seat #4 is the button
Seat 3: leodolf ($76.26 in chips)
Seat 4: AzureCaper ($146.49 in chips)
AzureCaper: posts small blind $1
leodolf: posts big blind $3
*** HOLE CARDS ***
AzureCaper: raises $3 to $6
leodolf: calls $3
*** FLOP *** [6d 4c Ts]
leodolf: checks
AzureCaper: bets $3
leodolf: calls $3
*** TURN *** [6d 4c Ts] [5c]
leodolf: checks
AzureCaper: bets $6
leodolf: calls $6
*** RIVER *** [6d 4c Ts 5c] [Td]
leodolf: bets $6
AzureCaper: raises $6 to $12
leodolf: folds
Uncalled bet ($6) returned to AzureCaper
AzureCaper collected $41.50 from pot
AzureCaper: doesn't show hand
*** SUMMARY ***
Total pot $42 | Rake $0.50
Board [6d 4c Ts 5c Td]
Seat 3: leodolf (big blind) folded on the River
Seat 4: AzureCaper (button) (small blind) collected ($41.50)


PokerStars Hand #156915395566:  Hold'em Limit ($3/$6 USD) - 2016/08/05 19:19:22 ET
Table 'Charybdis' 6-max Seat #4 is the button
Seat 3: leodolf ($61.02 in chips)
Seat 4: AzureCaper ($160.99 in chips)
AzureCaper: posts small blind $1
leodolf: posts big blind $3
*** HOLE CARDS ***
AzureCaper: raises $3 to $6
leodolf: calls $3
*** FLOP *** [2s Tc 6h]
leodolf: checks
AzureCaper: bets $3
leodolf: calls $3
*** TURN *** [2s Tc 6h] [4c]
leodolf: checks
AzureCaper: checks
*** RIVER *** [2s Tc 6h 4c] [Td]
leodolf: bets $6
AzureCaper: calls $6
*** SHOW DOWN ***
leodolf: shows [As 7h] (a pair of Tens)
AzureCaper: shows [Ac 9s] (a pair of Tens - Ace+Nine kicker)
AzureCaper collected $29.50 from pot
*** SUMMARY ***
Total pot $30 | Rake $0.50
Board [2s Tc 6h 4c Td]
Seat 3: leodolf (big blind) showed [As 7h] and lost with a pair of Tens
Seat 4: AzureCaper (button) (small blind) showed [Ac 9s] and won ($29.50) with a pair of Tens


PokerStars Hand #156915408022:  Hold'em Limit ($3/$6 USD) - 2016/08/05 19:19:44 ET
Table 'Charybdis' 6-max Seat #3 is the button
Seat 3: leodolf ($46.02 in chips)
Seat 4: AzureCaper ($175.49 in chips)
leodolf: posts small blind $1
AzureCaper: posts big blind $3
*** HOLE CARDS ***
leodolf: raises $3 to $6
AzureCaper: calls $3
*** FLOP *** [As Js 7c]
AzureCaper: checks
leodolf: bets $3
AzureCaper: folds
Uncalled bet ($3) returned to leodolf
leodolf collected $11.76 from pot
*** SUMMARY ***
Total pot $12 | Rake $0.24
Board [As Js 7c]
Seat 3: leodolf (button) (small blind) collected ($11.76)
Seat 4: AzureCaper (big blind) folded on the Flop


PokerStars Hand #156915430245:  Hold'em Limit ($3/$6 USD) - 2016/08/05 19:20:24 ET
Table 'Charybdis' 6-max Seat #4 is the button
Seat 3: leodolf ($39.78 in chips)
Seat 4: AzureCaper ($180.99 in chips)
AzureCaper: posts small blind $1
leodolf: posts big blind $3
*** HOLE CARDS ***
AzureCaper: raises $3 to $6
leodolf: calls $3
*** FLOP *** [Jd Js Td]
leodolf: checks
AzureCaper: bets $3
leodolf: folds
Uncalled bet ($3) returned to AzureCaper
AzureCaper collected $11.76 from pot
AzureCaper: doesn't show hand
*** SUMMARY ***
Total pot $12 | Rake $0.24
Board [Jd Js Td]
Seat 3: leodolf (big blind) folded on the Flop
Seat 4: AzureCaper (button) (small blind) collected ($11.76)


PokerStars Hand #156915435953:  Hold'em Limit ($3/$6 USD) - 2016/08/05 19:20:34 ET
Table 'Charybdis' 6-max Seat #3 is the button
Seat 3: leodolf ($33.78 in chips)
Seat 4: AzureCaper ($186.75 in chips)
leodolf: posts small blind $1
AzureCaper: posts big blind $3
*** HOLE CARDS ***
leodolf: raises $3 to $6
AzureCaper: calls $3
*** FLOP *** [8c Ad Td]
AzureCaper: checks
leodolf: bets $3
AzureCaper: raises $3 to $6
leodolf: calls $3
*** TURN *** [8c Ad Td] [4d]
AzureCaper: bets $6
leodolf: raises $6 to $12
AzureCaper: raises $6 to $18
leodolf: raises $3.78 to $21.78 and is all-in
Betting is capped
AzureCaper: calls $3.78
*** RIVER *** [8c Ad Td 4d] [6s]
*** SHOW DOWN ***
AzureCaper: shows [5d 7d] (a flush, Ace high)
leodolf: shows [8d Ts] (two pair, Tens and Eights)
AzureCaper collected $67.06 from pot
*** SUMMARY ***
Total pot $67.56 | Rake $0.50
Board [8c Ad Td 4d 6s]
Seat 3: leodolf (button) (small blind) showed [8d Ts] and lost with two pair, Tens and Eights
Seat 4: AzureCaper (big blind) showed [5d 7d] and won ($67.06) with a flush, Ace high


PokerStars Hand #156915412996:  Hold'em Limit ($3/$6 USD) - 2016/08/05 19:19:53 ET
Table 'Charybdis' 6-max Seat #4 is the button
Seat 3: leodolf ($51.78 in chips)
Seat 4: AzureCaper ($169.49 in chips)
AzureCaper: posts small blind $1
leodolf: posts big blind $3
*** HOLE CARDS ***
AzureCaper: raises $3 to $6
leodolf: calls $3
*** FLOP *** [Jh 4h Kc]
leodolf: checks
AzureCaper: bets $3
leodolf: calls $3
*** TURN *** [Jh 4h Kc] [Kd]
leodolf: checks
AzureCaper: checks
*** RIVER *** [Jh 4h Kc Kd] [6c]
leodolf: checks
AzureCaper: bets $6
leodolf: calls $6
*** SHOW DOWN ***
AzureCaper: shows [8d Jd] (two pair, Kings and Jacks)
leodolf: mucks hand
AzureCaper collected $29.50 from pot
*** SUMMARY ***
Total pot $30 | Rake $0.50
Board [Jh 4h Kc Kd 6c]
Seat 3: leodolf (big blind) mucked
Seat 4: AzureCaper (button) (small blind) showed [8d Jd] and won ($29.50) with two pair, Kings and Jacks


