PokerStars Hand #170582622930:  Hold'em Limit ($3/$6 USD) - 2017/05/18 10:57:09 ET
Table 'Chara II' 6-max Seat #4 is the button
Seat 1: hasardeur79 ($122.88 in chips)
Seat 4: Actionni13 ($150 in chips)
Actionni13: posts small blind $1
hasardeur79: posts big blind $3
*** HOLE CARDS ***
Actionni13: raises $3 to $6
hasardeur79: calls $3
*** FLOP *** [Ks Qd 2s]
hasardeur79: checks
Actionni13: bets $3
hasardeur79: calls $3
*** TURN *** [Ks Qd 2s] [5s]
hasardeur79: checks
gus hanse193 joins the table at seat #5
Actionni13: bets $6
hasardeur79: calls $6
*** RIVER *** [Ks Qd 2s 5s] [4c]
hasardeur79: checks
Actionni13: bets $6
hasardeur79: folds
Uncalled bet ($6) returned to Actionni13
Actionni13 collected $29.50 from pot
Actionni13: doesn't show hand
*** SUMMARY ***
Total pot $30 | Rake $0.50
Board [Ks Qd 2s 5s 4c]
Seat 1: hasardeur79 (big blind) folded on the River
Seat 4: Actionni13 (button) (small blind) collected ($29.50)


PokerStars Hand #170582614178:  Hold'em Limit ($3/$6 USD) - 2017/05/18 10:56:51 ET
Table 'Chara II' 6-max Seat #1 is the button
Seat 1: hasardeur79 ($120 in chips)
Seat 4: Actionni13 ($150 in chips)
hasardeur79: posts small blind $1
Actionni13: posts big blind $3
*** HOLE CARDS ***
hasardeur79: calls $2
GoliafUa joins the table at seat #2
Actionni13: checks
*** FLOP *** [Ac Kd Qh]
Ale4o joins the table at seat #3
Actionni13: checks
hasardeur79: bets $3
Actionni13: folds
Uncalled bet ($3) returned to hasardeur79
hasardeur79 collected $5.88 from pot
*** SUMMARY ***
Total pot $6 | Rake $0.12
Board [Ac Kd Qh]
Seat 1: hasardeur79 (button) (small blind) collected ($5.88)
Seat 4: Actionni13 (big blind) folded on the Flop


PokerStars Hand #170584747410:  Hold'em Limit ($3/$6 USD) - 2017/05/18 11:54:39 ET
Table 'Chara II' 6-max Seat #4 is the button
Seat 4: uho4186 ($447.65 in chips)
Seat 6: B_loJkl ($236.05 in chips)
uho4186: posts small blind $1
7ardis: is sitting out
B_loJkl: posts big blind $3
*** HOLE CARDS ***
uho4186: folds
Uncalled bet ($2) returned to B_loJkl
B_loJkl collected $2 from pot
B_loJkl: doesn't show hand
*** SUMMARY ***
Total pot $2 | Rake $0
Seat 4: uho4186 (button) (small blind) folded before Flop
Seat 6: B_loJkl (big blind) collected ($2)


PokerStars Hand #170585257266:  Hold'em Limit ($3/$6 USD) - 2017/05/18 12:08:38 ET
Table 'Chara II' 6-max Seat #1 is the button
Seat 1: SALZHERZ ($112.89 in chips)
Seat 2: B_loJkl ($154.77 in chips)
SALZHERZ: posts small blind $1
B_loJkl: posts big blind $3
*** HOLE CARDS ***
SALZHERZ: raises $3 to $6
B_loJkl: calls $3
*** FLOP *** [7d 4h Ac]
B_loJkl: checks
SALZHERZ: bets $3
B_loJkl: raises $3 to $6
SALZHERZ: calls $3
*** TURN *** [7d 4h Ac] [Qh]
B_loJkl: checks
SALZHERZ: checks
*** RIVER *** [7d 4h Ac Qh] [5s]
B_loJkl: bets $6
SALZHERZ: folds
Uncalled bet ($6) returned to B_loJkl
B_loJkl collected $23.52 from pot
*** SUMMARY ***
Total pot $24 | Rake $0.48
Board [7d 4h Ac Qh 5s]
Seat 1: SALZHERZ (button) (small blind) folded on the River
Seat 2: B_loJkl (big blind) collected ($23.52)


