PokerStars Hand #174661935938:  Hold'em Limit ($3/$6 USD) - 2017/08/22 14:31:04 ET
Table 'Chara' 6-max Seat #6 is the button
Seat 2: zimin10 ($72 in chips)
Seat 6: boriskloris ($92.93 in chips)
boriskloris: posts small blind $1
zimin10: posts big blind $3
*** HOLE CARDS ***
boriskloris: folds
Uncalled bet ($2) returned to zimin10
zimin10 collected $2 from pot
*** SUMMARY ***
Total pot $2 | Rake $0
Seat 2: zimin10 (big blind) collected ($2)
Seat 6: boriskloris (button) (small blind) folded before Flop


PokerStars Hand #174661988057:  Hold'em Limit ($3/$6 USD) - 2017/08/22 14:32:15 ET
Table 'Chara' 6-max Seat #2 is the button
Seat 2: zimin10 ($72 in chips)
Seat 6: boriskloris ($112.19 in chips)
zimin10: posts small blind $1
boriskloris: posts big blind $3
*** HOLE CARDS ***
zimin10: folds
Uncalled bet ($2) returned to boriskloris
boriskloris collected $2 from pot
boriskloris: doesn't show hand
*** SUMMARY ***
Total pot $2 | Rake $0
Seat 2: zimin10 (button) (small blind) folded before Flop
Seat 6: boriskloris (big blind) collected ($2)


PokerStars Hand #174661941479:  Hold'em Limit ($3/$6 USD) - 2017/08/22 14:31:12 ET
Table 'Chara' 6-max Seat #2 is the button
Seat 2: zimin10 ($73 in chips)
Seat 6: boriskloris ($91.93 in chips)
zimin10: posts small blind $1
boriskloris: posts big blind $3
*** HOLE CARDS ***
zimin10: raises $3 to $6
boriskloris: calls $3
*** FLOP *** [9c As Ad]
boriskloris: checks
zimin10: bets $3
boriskloris: calls $3
*** TURN *** [9c As Ad] [5h]
boriskloris: checks
zimin10: bets $6
boriskloris: calls $6
*** RIVER *** [9c As Ad 5h] [8s]
boriskloris: bets $6
zimin10: folds
Uncalled bet ($6) returned to boriskloris
boriskloris collected $29.50 from pot
boriskloris: doesn't show hand
*** SUMMARY ***
Total pot $30 | Rake $0.50
Board [9c As Ad 5h 8s]
Seat 2: zimin10 (button) (small blind) folded on the River
Seat 6: boriskloris (big blind) collected ($29.50)


PokerStars Hand #174661964887:  Hold'em Limit ($3/$6 USD) - 2017/08/22 14:31:43 ET
Table 'Chara' 6-max Seat #6 is the button
Seat 2: zimin10 ($72 in chips)
Seat 6: boriskloris ($106.43 in chips)
boriskloris: posts small blind $1
zimin10: posts big blind $3
*** HOLE CARDS ***
boriskloris: raises $3 to $6
zimin10: calls $3
*** FLOP *** [Kc Tc Td]
zimin10: checks
boriskloris: checks
*** TURN *** [Kc Tc Td] [9c]
zimin10: checks
boriskloris: bets $6
zimin10: folds
Uncalled bet ($6) returned to boriskloris
boriskloris collected $11.76 from pot
boriskloris: doesn't show hand
*** SUMMARY ***
Total pot $12 | Rake $0.24
Board [Kc Tc Td 9c]
Seat 2: zimin10 (big blind) folded on the Turn
Seat 6: boriskloris (button) (small blind) collected ($11.76)


