PokerStars Hand #172653623353:  Hold'em Limit ($3/$6 USD) - 2017/07/05 17:45:16 ET
Table 'Charlois II' 6-max Seat #6 is the button
Seat 3: Rus29APX ($120 in chips)
Seat 6: MForce007 ($35 in chips)
MForce007: posts small blind $1
Rus29APX: posts big blind $3
*** HOLE CARDS ***
MForce007: folds
Uncalled bet ($2) returned to Rus29APX
Rus29APX collected $2 from pot
*** SUMMARY ***
Total pot $2 | Rake $0
Seat 3: Rus29APX (big blind) collected ($2)
Seat 6: MForce007 (button) (small blind) folded before Flop


PokerStars Hand #172653627761:  Hold'em Limit ($3/$6 USD) - 2017/07/05 17:45:22 ET
Table 'Charlois II' 6-max Seat #3 is the button
Seat 3: Rus29APX ($121 in chips)
Seat 6: MForce007 ($34 in chips)
Rus29APX: posts small blind $1
MForce007: posts big blind $3
*** HOLE CARDS ***
Rus29APX: raises $3 to $6
MForce007: calls $3
*** FLOP *** [Jd Ah Th]
MForce007: checks
Rus29APX: checks
*** TURN *** [Jd Ah Th] [6c]
MForce007: bets $6
Rus29APX: calls $6
*** RIVER *** [Jd Ah Th 6c] [Jh]
MForce007: checks
Rus29APX: checks
*** SHOW DOWN ***
MForce007: shows [3d Kd] (a pair of Jacks)
Rus29APX: mucks hand
MForce007 collected $23.52 from pot
*** SUMMARY ***
Total pot $24 | Rake $0.48
Board [Jd Ah Th 6c Jh]
Seat 3: Rus29APX (button) (small blind) mucked
Seat 6: MForce007 (big blind) showed [3d Kd] and won ($23.52) with a pair of Jacks


PokerStars Hand #172653657227:  Hold'em Limit ($3/$6 USD) - 2017/07/05 17:46:02 ET
Table 'Charlois II' 6-max Seat #6 is the button
Seat 3: Rus29APX ($109 in chips)
Seat 6: MForce007 ($45.52 in chips)
MForce007: posts small blind $1
Rus29APX: posts big blind $3
*** HOLE CARDS ***
MForce007: folds
Uncalled bet ($2) returned to Rus29APX
Rus29APX collected $2 from pot
Rus29APX: doesn't show hand
*** SUMMARY ***
Total pot $2 | Rake $0
Seat 3: Rus29APX (big blind) collected ($2)
Seat 6: MForce007 (button) (small blind) folded before Flop


