PokerStars Hand #168362629424:  Hold'em Limit ($3/$6 USD) - 2017/03/31 5:54:11 ET
Table 'Chara II' 6-max Seat #2 is the button
Seat 2: diRon1980 ($44.61 in chips)
Seat 3: B_loJkl ($150 in chips)
diRon1980: posts small blind $1
B_loJkl: posts big blind $3
*** HOLE CARDS ***
diRon1980: raises $3 to $6
Agrotait leaves the table
B_loJkl: calls $3
*** FLOP *** [4d 5s Jd]
B_loJkl: checks
diRon1980: bets $3
B_loJkl: calls $3
*** TURN *** [4d 5s Jd] [2h]
B_loJkl: checks
diRon1980: bets $6
B_loJkl: calls $6
*** RIVER *** [4d 5s Jd 2h] [Qc]
B_loJkl: checks
diRon1980: checks
*** SHOW DOWN ***
B_loJkl: shows [5h 9d] (a pair of Fives)
diRon1980: shows [7h 7d] (a pair of Sevens)
diRon1980 collected $29.50 from pot
*** SUMMARY ***
Total pot $30 | Rake $0.50
Board [4d 5s Jd 2h Qc]
Seat 2: diRon1980 (button) (small blind) showed [7h 7d] and won ($29.50) with a pair of Sevens
Seat 3: B_loJkl (big blind) showed [5h 9d] and lost with a pair of Fives


PokerStars Hand #168362667691:  Hold'em Limit ($3/$6 USD) - 2017/03/31 5:55:52 ET
Table 'Chara II' 6-max Seat #3 is the button
Seat 2: diRon1980 ($43.11 in chips)
Seat 3: B_loJkl ($150.50 in chips)
B_loJkl: posts small blind $1
diRon1980: posts big blind $3
*** HOLE CARDS ***
B_loJkl: raises $3 to $6
diRon1980: calls $3
*** FLOP *** [2s 2c 8d]
diRon1980: checks
B_loJkl: bets $3
diRon1980: calls $3
*** TURN *** [2s 2c 8d] [2d]
diRon1980: checks
B_loJkl: bets $6
diRon1980: raises $6 to $12
B_loJkl: calls $6
*** RIVER *** [2s 2c 8d 2d] [7d]
diRon1980: bets $6
B_loJkl: calls $6
*** SHOW DOWN ***
diRon1980: shows [Jh 8h] (a full house, Deuces full of Eights)
B_loJkl: shows [Tc 8s] (a full house, Deuces full of Eights)
diRon1980 collected $26.75 from pot
B_loJkl collected $26.75 from pot
*** SUMMARY ***
Total pot $54 | Rake $0.50
Board [2s 2c 8d 2d 7d]
Seat 2: diRon1980 (big blind) showed [Jh 8h] and won ($26.75) with a full house, Deuces full of Eights
Seat 3: B_loJkl (button) (small blind) showed [Tc 8s] and won ($26.75) with a full house, Deuces full of Eights


PokerStars Hand #168362665997:  Hold'em Limit ($3/$6 USD) - 2017/03/31 5:55:47 ET
Table 'Chara II' 6-max Seat #2 is the button
Seat 2: diRon1980 ($44.11 in chips)
Seat 3: B_loJkl ($149.50 in chips)
diRon1980: posts small blind $1
B_loJkl: posts big blind $3
*** HOLE CARDS ***
diRon1980: folds
Uncalled bet ($2) returned to B_loJkl
B_loJkl collected $2 from pot
B_loJkl: doesn't show hand
*** SUMMARY ***
Total pot $2 | Rake $0
Seat 2: diRon1980 (button) (small blind) folded before Flop
Seat 3: B_loJkl (big blind) collected ($2)


PokerStars Hand #168362652068:  Hold'em Limit ($3/$6 USD) - 2017/03/31 5:55:08 ET
Table 'Chara II' 6-max Seat #3 is the button
Seat 2: diRon1980 ($59.11 in chips)
Seat 3: B_loJkl ($135 in chips)
B_loJkl: posts small blind $1
diRon1980: posts big blind $3
*** HOLE CARDS ***
B_loJkl: raises $3 to $6
diRon1980: calls $3
*** FLOP *** [3h 8c 2h]
diRon1980: checks
B_loJkl: bets $3
diRon1980: calls $3
*** TURN *** [3h 8c 2h] [Ah]
diRon1980: checks
B_loJkl: checks
*** RIVER *** [3h 8c 2h Ah] [Kd]
diRon1980: checks
B_loJkl: bets $6
diRon1980: calls $6
*** SHOW DOWN ***
B_loJkl: shows [8s 3s] (two pair, Eights and Threes)
diRon1980: mucks hand
B_loJkl collected $29.50 from pot
*** SUMMARY ***
Total pot $30 | Rake $0.50
Board [3h 8c 2h Ah Kd]
Seat 2: diRon1980 (big blind) mucked
Seat 3: B_loJkl (button) (small blind) showed [8s 3s] and won ($29.50) with two pair, Eights and Threes


PokerStars Hand #168362693500:  Hold'em Limit ($3/$6 USD) - 2017/03/31 5:57:06 ET
Table 'Chara II' 6-max Seat #3 is the button
Seat 2: diRon1980 ($19.86 in chips)
Seat 3: B_loJkl ($172.75 in chips)
B_loJkl: posts small blind $1
diRon1980: posts big blind $3
*** HOLE CARDS ***
B_loJkl: raises $3 to $6
diRon1980: folds
Uncalled bet ($3) returned to B_loJkl
B_loJkl collected $6 from pot
B_loJkl: doesn't show hand
*** SUMMARY ***
Total pot $6 | Rake $0
Seat 2: diRon1980 (big blind) folded before Flop
Seat 3: B_loJkl (button) (small blind) collected ($6)


PokerStars Hand #168362691651:  Hold'em Limit ($3/$6 USD) - 2017/03/31 5:57:00 ET
Table 'Chara II' 6-max Seat #2 is the button
Seat 2: diRon1980 ($20.86 in chips)
Seat 3: B_loJkl ($171.75 in chips)
diRon1980: posts small blind $1
B_loJkl: posts big blind $3
*** HOLE CARDS ***
diRon1980: folds
Uncalled bet ($2) returned to B_loJkl
B_loJkl collected $2 from pot
B_loJkl: doesn't show hand
*** SUMMARY ***
Total pot $2 | Rake $0
Seat 2: diRon1980 (button) (small blind) folded before Flop
Seat 3: B_loJkl (big blind) collected ($2)


PokerStars Hand #168362688371:  Hold'em Limit ($3/$6 USD) - 2017/03/31 5:56:51 ET
Table 'Chara II' 6-max Seat #3 is the button
Seat 2: diRon1980 ($23.86 in chips)
Seat 3: B_loJkl ($168.75 in chips)
B_loJkl: posts small blind $1
diRon1980: posts big blind $3
*** HOLE CARDS ***
B_loJkl: raises $3 to $6
diRon1980: folds
Uncalled bet ($3) returned to B_loJkl
B_loJkl collected $6 from pot
B_loJkl: doesn't show hand
*** SUMMARY ***
Total pot $6 | Rake $0
Seat 2: diRon1980 (big blind) folded before Flop
Seat 3: B_loJkl (button) (small blind) collected ($6)


PokerStars Hand #168362680476:  Hold'em Limit ($3/$6 USD) - 2017/03/31 5:56:29 ET
Table 'Chara II' 6-max Seat #2 is the button
Seat 2: diRon1980 ($38.86 in chips)
Seat 3: B_loJkl ($154.25 in chips)
diRon1980: posts small blind $1
B_loJkl: posts big blind $3
*** HOLE CARDS ***
diRon1980: raises $3 to $6
B_loJkl: calls $3
*** FLOP *** [6h 8c 9s]
B_loJkl: checks
diRon1980: bets $3
B_loJkl: calls $3
*** TURN *** [6h 8c 9s] [3s]
B_loJkl: checks
diRon1980: bets $6
B_loJkl: calls $6
*** RIVER *** [6h 8c 9s 3s] [4c]
B_loJkl: checks
diRon1980: checks
*** SHOW DOWN ***
B_loJkl: shows [As 5d] (high card Ace)
diRon1980: mucks hand
B_loJkl collected $29.50 from pot
*** SUMMARY ***
Total pot $30 | Rake $0.50
Board [6h 8c 9s 3s 4c]
Seat 2: diRon1980 (button) (small blind) mucked
Seat 3: B_loJkl (big blind) showed [As 5d] and won ($29.50) with high card Ace


PokerStars Hand #168362678293:  Hold'em Limit ($3/$6 USD) - 2017/03/31 5:56:22 ET
Table 'Chara II' 6-max Seat #3 is the button
Seat 2: diRon1980 ($41.86 in chips)
Seat 3: B_loJkl ($151.25 in chips)
B_loJkl: posts small blind $1
diRon1980: posts big blind $3
*** HOLE CARDS ***
B_loJkl: raises $3 to $6
diRon1980: folds
Uncalled bet ($3) returned to B_loJkl
B_loJkl collected $6 from pot
B_loJkl: doesn't show hand
*** SUMMARY ***
Total pot $6 | Rake $0
Seat 2: diRon1980 (big blind) folded before Flop
Seat 3: B_loJkl (button) (small blind) collected ($6)


PokerStars Hand #168362675379:  Hold'em Limit ($3/$6 USD) - 2017/03/31 5:56:14 ET
Table 'Chara II' 6-max Seat #2 is the button
Seat 2: diRon1980 ($42.86 in chips)
Seat 3: B_loJkl ($150.25 in chips)
diRon1980: posts small blind $1
B_loJkl: posts big blind $3
*** HOLE CARDS ***
diRon1980: folds
Uncalled bet ($2) returned to B_loJkl
B_loJkl collected $2 from pot
B_loJkl: doesn't show hand
*** SUMMARY ***
Total pot $2 | Rake $0
Seat 2: diRon1980 (button) (small blind) folded before Flop
Seat 3: B_loJkl (big blind) collected ($2)


PokerStars Hand #168362703637:  Hold'em Limit ($3/$6 USD) - 2017/03/31 5:57:35 ET
Table 'Chara II' 6-max Seat #2 is the button
Seat 2: diRon1980 ($13.86 in chips)
Seat 3: B_loJkl ($178.51 in chips)
diRon1980: posts small blind $1
B_loJkl: posts big blind $3
*** HOLE CARDS ***
diRon1980: raises $3 to $6
B_loJkl: calls $3
*** FLOP *** [5d Ad 2d]
B_loJkl: checks
diRon1980: bets $3
B_loJkl: calls $3
*** TURN *** [5d Ad 2d] [4h]
B_loJkl: checks
diRon1980: bets $4.86 and is all-in
B_loJkl: calls $4.86
*** RIVER *** [5d Ad 2d 4h] [9s]
*** SHOW DOWN ***
B_loJkl: shows [6c Kd] (high card Ace)
diRon1980: shows [Th Qh] (high card Ace - lower kicker)
B_loJkl collected $27.22 from pot
*** SUMMARY ***
Total pot $27.72 | Rake $0.50
Board [5d Ad 2d 4h 9s]
Seat 2: diRon1980 (button) (small blind) showed [Th Qh] and lost with high card Ace
Seat 3: B_loJkl (big blind) showed [6c Kd] and won ($27.22) with high card Ace


PokerStars Hand #168362698843:  Hold'em Limit ($3/$6 USD) - 2017/03/31 5:57:21 ET
Table 'Chara II' 6-max Seat #3 is the button
Seat 2: diRon1980 ($19.86 in chips)
Seat 3: B_loJkl ($172.75 in chips)
B_loJkl: posts small blind $1
diRon1980: posts big blind $3
*** HOLE CARDS ***
B_loJkl: raises $3 to $6
diRon1980: calls $3
*** FLOP *** [Ac 9c 4c]
diRon1980: checks
B_loJkl: bets $3
diRon1980: folds
Uncalled bet ($3) returned to B_loJkl
B_loJkl collected $11.76 from pot
B_loJkl: doesn't show hand
*** SUMMARY ***
Total pot $12 | Rake $0.24
Board [Ac 9c 4c]
Seat 2: diRon1980 (big blind) folded on the Flop
Seat 3: B_loJkl (button) (small blind) collected ($11.76)


PokerStars Hand #168362696780:  Hold'em Limit ($3/$6 USD) - 2017/03/31 5:57:15 ET
Table 'Chara II' 6-max Seat #2 is the button
Seat 2: diRon1980 ($16.86 in chips)
Seat 3: B_loJkl ($175.75 in chips)
diRon1980: posts small blind $1
B_loJkl: posts big blind $3
*** HOLE CARDS ***
diRon1980: raises $3 to $6
B_loJkl: folds
Uncalled bet ($3) returned to diRon1980
diRon1980 collected $6 from pot
diRon1980: doesn't show hand
*** SUMMARY ***
Total pot $6 | Rake $0
Seat 2: diRon1980 (button) (small blind) collected ($6)
Seat 3: B_loJkl (big blind) folded before Flop


