PokerStars Hand #162030309139:  Hold'em Limit ($3/$6 USD) - 2016/11/27 5:53:19 ET
Table 'Charon II' 6-max Seat #1 is the button
Seat 1: cola26licht ($47.64 in chips)
Seat 4: Agrotait ($76 in chips)
cola26licht: posts small blind $1
Agrotait: posts big blind $3
*** HOLE CARDS ***
cola26licht: raises $3 to $6
Agrotait: raises $3 to $9
cola26licht: calls $3
*** FLOP *** [2h 9h 2c]
Agrotait: bets $3
cola26licht: calls $3
*** TURN *** [2h 9h 2c] [5d]
Agrotait: bets $6
cola26licht: calls $6
*** RIVER *** [2h 9h 2c 5d] [6c]
Agrotait: bets $6
cola26licht: calls $6
*** SHOW DOWN ***
Agrotait: shows [Jh Js] (two pair, Jacks and Deuces)
cola26licht: mucks hand
Agrotait collected $47.50 from pot
*** SUMMARY ***
Total pot $48 | Rake $0.50
Board [2h 9h 2c 5d 6c]
Seat 1: cola26licht (button) (small blind) mucked
Seat 4: Agrotait (big blind) showed [Jh Js] and won ($47.50) with two pair, Jacks and Deuces


PokerStars Hand #162030352209:  Hold'em Limit ($3/$6 USD) - 2016/11/27 5:54:44 ET
Table 'Charon II' 6-max Seat #4 is the button
Seat 1: cola26licht ($22.81 in chips)
Seat 4: Agrotait ($99.38 in chips)
Agrotait: posts small blind $1
cola26licht: posts big blind $3
*** HOLE CARDS ***
MilPopov joins the table at seat #3
Agrotait: folds
Uncalled bet ($2) returned to cola26licht
cola26licht collected $2 from pot
cola26licht: doesn't show hand
*** SUMMARY ***
Total pot $2 | Rake $0
Seat 1: cola26licht (big blind) collected ($2)
Seat 4: Agrotait (button) (small blind) folded before Flop


PokerStars Hand #162030340920:  Hold'em Limit ($3/$6 USD) - 2016/11/27 5:54:22 ET
Table 'Charon II' 6-max Seat #1 is the button
Seat 1: cola26licht ($11.64 in chips)
Seat 4: Agrotait ($111.02 in chips)
cola26licht: posts small blind $1
Agrotait: posts big blind $3
*** HOLE CARDS ***
cola26licht: raises $3 to $6
Agrotait: calls $3
*** FLOP *** [Jc 2d 6c]
Agrotait: checks
cola26licht: bets $3
Agrotait: calls $3
*** TURN *** [Jc 2d 6c] [Qd]
Agrotait: checks
cola26licht: bets $2.64 and is all-in
Agrotait: calls $2.64
*** RIVER *** [Jc 2d 6c Qd] [7s]
*** SHOW DOWN ***
Agrotait: shows [Ts 8c] (high card Queen)
cola26licht: shows [6s Jd] (two pair, Jacks and Sixes)
cola26licht collected $22.81 from pot
*** SUMMARY ***
Total pot $23.28 | Rake $0.47
Board [Jc 2d 6c Qd 7s]
Seat 1: cola26licht (button) (small blind) showed [6s Jd] and won ($22.81) with two pair, Jacks and Sixes
Seat 4: Agrotait (big blind) showed [Ts 8c] and lost with high card Queen


PokerStars Hand #162030325736:  Hold'em Limit ($3/$6 USD) - 2016/11/27 5:53:52 ET
Table 'Charon II' 6-max Seat #4 is the button
Seat 1: cola26licht ($23.64 in chips)
Seat 4: Agrotait ($99.50 in chips)
Agrotait: posts small blind $1
cola26licht: posts big blind $3
*** HOLE CARDS ***
Agrotait: raises $3 to $6
cola26licht: calls $3
*** FLOP *** [2d 9d 2s]
cola26licht: bets $3
Agrotait: raises $3 to $6
cola26licht: calls $3
*** TURN *** [2d 9d 2s] [Qc]
cola26licht: checks
Agrotait: bets $6
cola26licht: folds
Uncalled bet ($6) returned to Agrotait
Agrotait collected $23.52 from pot
Agrotait: doesn't show hand
*** SUMMARY ***
Total pot $24 | Rake $0.48
Board [2d 9d 2s Qc]
Seat 1: cola26licht (big blind) folded on the Turn
Seat 4: Agrotait (button) (small blind) collected ($23.52)


PokerStars Hand #162035315464:  Hold'em Limit ($3/$6 USD) - 2016/11/27 8:36:52 ET
Table 'Charon II' 6-max Seat #1 is the button
Seat 1: Bassie830 ($151.38 in chips)
Seat 6: Headgtboy ($108.35 in chips)
Bassie830: posts small blind $1
7superpoker: is sitting out
7superpoker leaves the table
Headgtboy: posts big blind $3
*** HOLE CARDS ***
Bassie830: folds
Uncalled bet ($2) returned to Headgtboy
Headgtboy collected $2 from pot
Headgtboy: doesn't show hand
*** SUMMARY ***
Total pot $2 | Rake $0
Seat 1: Bassie830 (button) (small blind) folded before Flop
Seat 6: Headgtboy (big blind) collected ($2)


