PokerStars Hand #157196749605:  Hold'em Limit ($3/$6 USD) - 2016/08/12 16:30:29 ET
Table 'Charon' 10-max Seat #5 is the button
Seat 5: simper11 ($120 in chips)
Seat 6: K. Ichinose ($120 in chips)
simper11: posts small blind $1
K. Ichinose: posts big blind $3
*** HOLE CARDS ***
simper11: raises $3 to $6
K. Ichinose: raises $3 to $9
simper11: calls $3
*** FLOP *** [Ts 6h 7c]
K. Ichinose: bets $3
simper11: calls $3
*** TURN *** [Ts 6h 7c] [6s]
K. Ichinose: bets $6
simper11: calls $6
*** RIVER *** [Ts 6h 7c 6s] [Qh]
K. Ichinose: bets $6
simper11: folds
Uncalled bet ($6) returned to K. Ichinose
K. Ichinose collected $35.50 from pot
K. Ichinose: doesn't show hand
*** SUMMARY ***
Total pot $36 | Rake $0.50
Board [Ts 6h 7c 6s Qh]
Seat 5: simper11 (button) (small blind) folded on the River
Seat 6: K. Ichinose (big blind) collected ($35.50)


PokerStars Hand #157196806335:  Hold'em Limit ($3/$6 USD) - 2016/08/12 16:31:46 ET
Table 'Charon' 10-max Seat #5 is the button
Seat 5: simper11 ($120 in chips)
Seat 6: K. Ichinose ($145.78 in chips)
simper11: posts small blind $1
K. Ichinose: posts big blind $3
*** HOLE CARDS ***
simper11: raises $3 to $6
K. Ichinose: folds
Uncalled bet ($3) returned to simper11
simper11 collected $6 from pot
simper11: doesn't show hand
*** SUMMARY ***
Total pot $6 | Rake $0
Seat 5: simper11 (button) (small blind) collected ($6)
Seat 6: K. Ichinose (big blind) folded before Flop


PokerStars Hand #157196798395:  Hold'em Limit ($3/$6 USD) - 2016/08/12 16:31:35 ET
Table 'Charon' 10-max Seat #6 is the button
Seat 5: simper11 ($120 in chips)
Seat 6: K. Ichinose ($140.02 in chips)
K. Ichinose: posts small blind $1
simper11: posts big blind $3
*** HOLE CARDS ***
K. Ichinose: raises $3 to $6
simper11: calls $3
*** FLOP *** [4c 5c 2h]
simper11: checks
K. Ichinose: bets $3
simper11: folds
Uncalled bet ($3) returned to K. Ichinose
K. Ichinose collected $11.76 from pot
K. Ichinose: doesn't show hand
*** SUMMARY ***
Total pot $12 | Rake $0.24
Board [4c 5c 2h]
Seat 5: simper11 (big blind) folded on the Flop
Seat 6: K. Ichinose (button) (small blind) collected ($11.76)


PokerStars Hand #157196794529:  Hold'em Limit ($3/$6 USD) - 2016/08/12 16:31:30 ET
Table 'Charon' 10-max Seat #5 is the button
Seat 5: simper11 ($121 in chips)
Seat 6: K. Ichinose ($139.02 in chips)
simper11: posts small blind $1
K. Ichinose: posts big blind $3
*** HOLE CARDS ***
simper11: folds
Uncalled bet ($2) returned to K. Ichinose
K. Ichinose collected $2 from pot
K. Ichinose: doesn't show hand
*** SUMMARY ***
Total pot $2 | Rake $0
Seat 5: simper11 (button) (small blind) folded before Flop
Seat 6: K. Ichinose (big blind) collected ($2)


PokerStars Hand #157196790921:  Hold'em Limit ($3/$6 USD) - 2016/08/12 16:31:25 ET
Table 'Charon' 10-max Seat #6 is the button
Seat 5: simper11 ($120 in chips)
Seat 6: K. Ichinose ($140.02 in chips)
K. Ichinose: posts small blind $1
simper11: posts big blind $3
*** HOLE CARDS ***
K. Ichinose: folds
Uncalled bet ($2) returned to simper11
simper11 collected $2 from pot
simper11: doesn't show hand
*** SUMMARY ***
Total pot $2 | Rake $0
Seat 5: simper11 (big blind) collected ($2)
Seat 6: K. Ichinose (button) (small blind) folded before Flop


PokerStars Hand #157196778350:  Hold'em Limit ($3/$6 USD) - 2016/08/12 16:31:08 ET
Table 'Charon' 10-max Seat #5 is the button
Seat 5: simper11 ($128.64 in chips)
Seat 6: K. Ichinose ($128.50 in chips)
simper11: posts small blind $1
K. Ichinose: posts big blind $3
*** HOLE CARDS ***
simper11: raises $3 to $6
K. Ichinose: raises $3 to $9
simper11: calls $3
*** FLOP *** [8d 6s 5d]
K. Ichinose: bets $3
simper11: calls $3
*** TURN *** [8d 6s 5d] [5s]
K. Ichinose: bets $6
simper11: folds
Uncalled bet ($6) returned to K. Ichinose
K. Ichinose collected $23.52 from pot
K. Ichinose: doesn't show hand
*** SUMMARY ***
Total pot $24 | Rake $0.48
Board [8d 6s 5d 5s]
Seat 5: simper11 (button) (small blind) folded on the Turn
Seat 6: K. Ichinose (big blind) collected ($23.52)


PokerStars Hand #157196765513:  Hold'em Limit ($3/$6 USD) - 2016/08/12 16:30:50 ET
Table 'Charon' 10-max Seat #6 is the button
Seat 5: simper11 ($120 in chips)
Seat 6: K. Ichinose ($137.50 in chips)
K. Ichinose: posts small blind $1
simper11: posts big blind $3
*** HOLE CARDS ***
K. Ichinose: raises $3 to $6
simper11: calls $3
*** FLOP *** [Kc 3h 7d]
simper11: checks
K. Ichinose: bets $3
simper11: calls $3
*** TURN *** [Kc 3h 7d] [6h]
simper11: checks
K. Ichinose: checks
*** RIVER *** [Kc 3h 7d 6h] [5s]
simper11: bets $6
K. Ichinose: folds
Uncalled bet ($6) returned to simper11
simper11 collected $17.64 from pot
simper11: doesn't show hand
*** SUMMARY ***
Total pot $18 | Rake $0.36
Board [Kc 3h 7d 6h 5s]
Seat 5: simper11 (big blind) collected ($17.64)
Seat 6: K. Ichinose (button) (small blind) folded on the River


PokerStars Hand #157196846313:  Hold'em Limit ($3/$6 USD) - 2016/08/12 16:32:37 ET
Table 'Charon' 10-max Seat #5 is the button
Seat 5: simper11 ($144.26 in chips)
Seat 6: K. Ichinose ($120.78 in chips)
simper11: posts small blind $1
K. Ichinose: posts big blind $3
*** HOLE CARDS ***
simper11: raises $3 to $6
K. Ichinose: calls $3
*** FLOP *** [8h 5h 2c]
K. Ichinose: checks
simper11: bets $3
K. Ichinose: calls $3
*** TURN *** [8h 5h 2c] [Jc]
K. Ichinose: checks
simper11: checks
*** RIVER *** [8h 5h 2c Jc] [Ks]
K. Ichinose: checks
simper11: bets $6
K. Ichinose: folds
Uncalled bet ($6) returned to simper11
simper11 collected $17.64 from pot
simper11: doesn't show hand
*** SUMMARY ***
Total pot $18 | Rake $0.36
Board [8h 5h 2c Jc Ks]
Seat 5: simper11 (button) (small blind) collected ($17.64)
Seat 6: K. Ichinose (big blind) folded on the River


PokerStars Hand #157196829969:  Hold'em Limit ($3/$6 USD) - 2016/08/12 16:32:19 ET
Table 'Charon' 10-max Seat #6 is the button
Seat 5: simper11 ($129.76 in chips)
Seat 6: K. Ichinose ($135.78 in chips)
K. Ichinose: posts small blind $1
simper11: posts big blind $3
*** HOLE CARDS ***
K. Ichinose: raises $3 to $6
simper11: calls $3
*** FLOP *** [4s Qh 6s]
simper11: checks
K. Ichinose: bets $3
simper11: calls $3
*** TURN *** [4s Qh 6s] [As]
simper11: checks
K. Ichinose: bets $6
simper11: raises $6 to $12
K. Ichinose: folds
Uncalled bet ($6) returned to simper11
simper11 collected $29.50 from pot
simper11: doesn't show hand
*** SUMMARY ***
Total pot $30 | Rake $0.50
Board [4s Qh 6s As]
Seat 5: simper11 (big blind) collected ($29.50)
Seat 6: K. Ichinose (button) (small blind) folded on the Turn


PokerStars Hand #157196816261:  Hold'em Limit ($3/$6 USD) - 2016/08/12 16:32:00 ET
Table 'Charon' 10-max Seat #5 is the button
Seat 5: simper11 ($124 in chips)
Seat 6: K. Ichinose ($141.78 in chips)
simper11: posts small blind $1
K. Ichinose: posts big blind $3
*** HOLE CARDS ***
simper11: raises $3 to $6
K. Ichinose: calls $3
*** FLOP *** [2s 8c 3h]
K. Ichinose: checks
simper11: bets $3
K. Ichinose: folds
Uncalled bet ($3) returned to simper11
simper11 collected $11.76 from pot
simper11: doesn't show hand
*** SUMMARY ***
Total pot $12 | Rake $0.24
Board [2s 8c 3h]
Seat 5: simper11 (button) (small blind) collected ($11.76)
Seat 6: K. Ichinose (big blind) folded on the Flop


PokerStars Hand #157196812837:  Hold'em Limit ($3/$6 USD) - 2016/08/12 16:31:55 ET
Table 'Charon' 10-max Seat #6 is the button
Seat 5: simper11 ($123 in chips)
Seat 6: K. Ichinose ($142.78 in chips)
K. Ichinose: posts small blind $1
simper11: posts big blind $3
*** HOLE CARDS ***
K. Ichinose: folds
Uncalled bet ($2) returned to simper11
simper11 collected $2 from pot
simper11: doesn't show hand
*** SUMMARY ***
Total pot $2 | Rake $0
Seat 5: simper11 (big blind) collected ($2)
Seat 6: K. Ichinose (button) (small blind) folded before Flop


PokerStars Hand #157196898159:  Hold'em Limit ($3/$6 USD) - 2016/08/12 16:33:49 ET
Table 'Charon' 10-max Seat #6 is the button
Seat 5: simper11 ($120 in chips)
Seat 6: K. Ichinose ($160.68 in chips)
K. Ichinose: posts small blind $1
simper11: posts big blind $3
*** HOLE CARDS ***
K. Ichinose: folds
Uncalled bet ($2) returned to simper11
simper11 collected $2 from pot
simper11: doesn't show hand
*** SUMMARY ***
Total pot $2 | Rake $0
Seat 5: simper11 (big blind) collected ($2)
Seat 6: K. Ichinose (button) (small blind) folded before Flop


PokerStars Hand #157196884779:  Hold'em Limit ($3/$6 USD) - 2016/08/12 16:33:30 ET
Table 'Charon' 10-max Seat #5 is the button
Seat 5: simper11 ($138.90 in chips)
Seat 6: K. Ichinose ($125.18 in chips)
simper11: posts small blind $1
K. Ichinose: posts big blind $3
*** HOLE CARDS ***
simper11: raises $3 to $6
K. Ichinose: raises $3 to $9
simper11: calls $3
*** FLOP *** [3h 6h 4d]
K. Ichinose: bets $3
simper11: calls $3
*** TURN *** [3h 6h 4d] [Ad]
K. Ichinose: bets $6
simper11: raises $6 to $12
K. Ichinose: raises $6 to $18
simper11: raises $6 to $24
Betting is capped
K. Ichinose: calls $6
*** RIVER *** [3h 6h 4d Ad] [Jh]
K. Ichinose: checks
simper11: checks
*** SHOW DOWN ***
K. Ichinose: shows [3s Ac] (two pair, Aces and Threes)
simper11: mucks hand
K. Ichinose collected $71.50 from pot
*** SUMMARY ***
Total pot $72 | Rake $0.50
Board [3h 6h 4d Ad Jh]
Seat 5: simper11 (button) (small blind) mucked
Seat 6: K. Ichinose (big blind) showed [3s Ac] and won ($71.50) with two pair, Aces and Threes


PokerStars Hand #157196877433:  Hold'em Limit ($3/$6 USD) - 2016/08/12 16:33:20 ET
Table 'Charon' 10-max Seat #6 is the button
Seat 5: simper11 ($144.90 in chips)
Seat 6: K. Ichinose ($119.42 in chips)
K. Ichinose: posts small blind $1
simper11: posts big blind $3
*** HOLE CARDS ***
K. Ichinose: raises $3 to $6
simper11: calls $3
*** FLOP *** [7h Qc Kc]
simper11: checks
K. Ichinose: bets $3
simper11: folds
Uncalled bet ($3) returned to K. Ichinose
K. Ichinose collected $11.76 from pot
K. Ichinose: doesn't show hand
*** SUMMARY ***
Total pot $12 | Rake $0.24
Board [7h Qc Kc]
Seat 5: simper11 (big blind) folded on the Flop
Seat 6: K. Ichinose (button) (small blind) collected ($11.76)


PokerStars Hand #157196863555:  Hold'em Limit ($3/$6 USD) - 2016/08/12 16:33:01 ET
Table 'Charon' 10-max Seat #5 is the button
Seat 5: simper11 ($153.90 in chips)
Seat 6: K. Ichinose ($110.78 in chips)
simper11: posts small blind $1
K. Ichinose: posts big blind $3
*** HOLE CARDS ***
simper11: raises $3 to $6
K. Ichinose: raises $3 to $9
simper11: calls $3
*** FLOP *** [Td As 4h]
K. Ichinose: checks
simper11: checks
*** TURN *** [Td As 4h] [8h]
K. Ichinose: bets $6
simper11: folds
Uncalled bet ($6) returned to K. Ichinose
K. Ichinose collected $17.64 from pot
K. Ichinose: doesn't show hand
*** SUMMARY ***
Total pot $18 | Rake $0.36
Board [Td As 4h 8h]
Seat 5: simper11 (button) (small blind) folded on the Turn
Seat 6: K. Ichinose (big blind) collected ($17.64)


PokerStars Hand #157196860400:  Hold'em Limit ($3/$6 USD) - 2016/08/12 16:32:57 ET
Table 'Charon' 10-max Seat #6 is the button
Seat 5: simper11 ($152.90 in chips)
Seat 6: K. Ichinose ($111.78 in chips)
K. Ichinose: posts small blind $1
simper11: posts big blind $3
*** HOLE CARDS ***
K. Ichinose: folds
Uncalled bet ($2) returned to simper11
simper11 collected $2 from pot
simper11: doesn't show hand
*** SUMMARY ***
Total pot $2 | Rake $0
Seat 5: simper11 (big blind) collected ($2)
Seat 6: K. Ichinose (button) (small blind) folded before Flop


PokerStars Hand #157196941526:  Hold'em Limit ($3/$6 USD) - 2016/08/12 16:34:49 ET
Table 'Charon' 10-max Seat #5 is the button
Seat 5: simper11 ($152.02 in chips)
Seat 6: K. Ichinose ($135.32 in chips)
simper11: posts small blind $1
K. Ichinose: posts big blind $3
*** HOLE CARDS ***
simper11: raises $3 to $6
K. Ichinose: folds
Uncalled bet ($3) returned to simper11
simper11 collected $6 from pot
simper11: doesn't show hand
*** SUMMARY ***
Total pot $6 | Rake $0
Seat 5: simper11 (button) (small blind) collected ($6)
Seat 6: K. Ichinose (big blind) folded before Flop


PokerStars Hand #157196929222:  Hold'em Limit ($3/$6 USD) - 2016/08/12 16:34:32 ET
Table 'Charon' 10-max Seat #6 is the button
Seat 5: simper11 ($140.50 in chips)
Seat 6: K. Ichinose ($147.32 in chips)
K. Ichinose: posts small blind $1
simper11: posts big blind $3
*** HOLE CARDS ***
K. Ichinose: raises $3 to $6
simper11: calls $3
*** FLOP *** [7c Jd 4h]
simper11: checks
K. Ichinose: checks
*** TURN *** [7c Jd 4h] [2c]
simper11: bets $6
K. Ichinose: calls $6
*** RIVER *** [7c Jd 4h 2c] [5c]
simper11: bets $6
K. Ichinose: folds
Uncalled bet ($6) returned to simper11
simper11 collected $23.52 from pot
simper11: doesn't show hand
*** SUMMARY ***
Total pot $24 | Rake $0.48
Board [7c Jd 4h 2c 5c]
Seat 5: simper11 (big blind) collected ($23.52)
Seat 6: K. Ichinose (button) (small blind) folded on the River


PokerStars Hand #157196923629:  Hold'em Limit ($3/$6 USD) - 2016/08/12 16:34:24 ET
Table 'Charon' 10-max Seat #5 is the button
Seat 5: simper11 ($137.50 in chips)
Seat 6: K. Ichinose ($150.32 in chips)
simper11: posts small blind $1
K. Ichinose: posts big blind $3
*** HOLE CARDS ***
simper11: raises $3 to $6
K. Ichinose: folds
Uncalled bet ($3) returned to simper11
simper11 collected $6 from pot
simper11: doesn't show hand
*** SUMMARY ***
Total pot $6 | Rake $0
Seat 5: simper11 (button) (small blind) collected ($6)
Seat 6: K. Ichinose (big blind) folded before Flop


PokerStars Hand #157196910031:  Hold'em Limit ($3/$6 USD) - 2016/08/12 16:34:05 ET
Table 'Charon' 10-max Seat #6 is the button
Seat 5: simper11 ($120 in chips)
Seat 6: K. Ichinose ($168.32 in chips)
K. Ichinose: posts small blind $1
simper11: posts big blind $3
*** HOLE CARDS ***
K. Ichinose: raises $3 to $6
simper11: calls $3
*** FLOP *** [5s 7h 4d]
simper11: checks
K. Ichinose: bets $3
simper11: raises $3 to $6
K. Ichinose: calls $3
*** TURN *** [5s 7h 4d] [As]
simper11: bets $6
K. Ichinose: calls $6
*** RIVER *** [5s 7h 4d As] [9d]
simper11: checks
K. Ichinose: checks
*** SHOW DOWN ***
simper11: shows [4h 3h] (a pair of Fours)
K. Ichinose: mucks hand
simper11 collected $35.50 from pot
*** SUMMARY ***
Total pot $36 | Rake $0.50
Board [5s 7h 4d As 9d]
Seat 5: simper11 (big blind) showed [4h 3h] and won ($35.50) with a pair of Fours
Seat 6: K. Ichinose (button) (small blind) mucked


PokerStars Hand #157196902117:  Hold'em Limit ($3/$6 USD) - 2016/08/12 16:33:54 ET
Table 'Charon' 10-max Seat #5 is the button
Seat 5: simper11 ($121 in chips)
Seat 6: K. Ichinose ($159.68 in chips)
simper11: posts small blind $1
K. Ichinose: posts big blind $3
*** HOLE CARDS ***
simper11: raises $3 to $6
K. Ichinose: raises $3 to $9
simper11: calls $3
*** FLOP *** [Ks 4c 9h]
K. Ichinose: bets $3
simper11: folds
Uncalled bet ($3) returned to K. Ichinose
K. Ichinose collected $17.64 from pot
K. Ichinose: doesn't show hand
*** SUMMARY ***
Total pot $18 | Rake $0.36
Board [Ks 4c 9h]
Seat 5: simper11 (button) (small blind) folded on the Flop
Seat 6: K. Ichinose (big blind) collected ($17.64)


PokerStars Hand #157196964470:  Hold'em Limit ($3/$6 USD) - 2016/08/12 16:35:20 ET
Table 'Charon' 10-max Seat #6 is the button
Seat 5: simper11 ($133.02 in chips)
Seat 6: K. Ichinose ($153.82 in chips)
K. Ichinose: posts small blind $1
simper11: posts big blind $3
*** HOLE CARDS ***
K. Ichinose: raises $3 to $6
simper11: calls $3
*** FLOP *** [3d 9c Kd]
simper11: checks
K. Ichinose: bets $3
simper11: raises $3 to $6
K. Ichinose: calls $3
*** TURN *** [3d 9c Kd] [8s]
simper11: bets $6
K. Ichinose: raises $6 to $12
simper11: calls $6
*** RIVER *** [3d 9c Kd 8s] [9s]
simper11: checks
K. Ichinose: bets $6
simper11: calls $6
*** SHOW DOWN ***
K. Ichinose: shows [Ks 5s] (two pair, Kings and Nines)
simper11: shows [Kc Th] (two pair, Kings and Nines - Ten kicker)
simper11 collected $59.50 from pot
*** SUMMARY ***
Total pot $60 | Rake $0.50
Board [3d 9c Kd 8s 9s]
Seat 5: simper11 (big blind) showed [Kc Th] and won ($59.50) with two pair, Kings and Nines
Seat 6: K. Ichinose (button) (small blind) showed [Ks 5s] and lost with two pair, Kings and Nines


PokerStars Hand #157196961268:  Hold'em Limit ($3/$6 USD) - 2016/08/12 16:35:16 ET
Table 'Charon' 10-max Seat #5 is the button
Seat 5: simper11 ($134.02 in chips)
Seat 6: K. Ichinose ($152.82 in chips)
simper11: posts small blind $1
K. Ichinose: posts big blind $3
*** HOLE CARDS ***
simper11: folds
Uncalled bet ($2) returned to K. Ichinose
K. Ichinose collected $2 from pot
K. Ichinose: doesn't show hand
*** SUMMARY ***
Total pot $2 | Rake $0
Seat 5: simper11 (button) (small blind) folded before Flop
Seat 6: K. Ichinose (big blind) collected ($2)


PokerStars Hand #157196946481:  Hold'em Limit ($3/$6 USD) - 2016/08/12 16:34:55 ET
Table 'Charon' 10-max Seat #6 is the button
Seat 5: simper11 ($155.02 in chips)
Seat 6: K. Ichinose ($132.32 in chips)
K. Ichinose: posts small blind $1
simper11: posts big blind $3
*** HOLE CARDS ***
K. Ichinose: raises $3 to $6
simper11: calls $3
*** FLOP *** [2s 7d Qh]
simper11: checks
K. Ichinose: bets $3
simper11: calls $3
*** TURN *** [2s 7d Qh] [3c]
simper11: checks
K. Ichinose: bets $6
simper11: calls $6
*** RIVER *** [2s 7d Qh 3c] [5s]
simper11: checks
K. Ichinose: bets $6
simper11: calls $6
*** SHOW DOWN ***
K. Ichinose: shows [5c 5d] (three of a kind, Fives)
simper11: mucks hand
K. Ichinose collected $41.50 from pot
*** SUMMARY ***
Total pot $42 | Rake $0.50
Board [2s 7d Qh 3c 5s]
Seat 5: simper11 (big blind) mucked
Seat 6: K. Ichinose (button) (small blind) showed [5c 5d] and won ($41.50) with three of a kind, Fives


PokerStars Hand #157197011731:  Hold'em Limit ($3/$6 USD) - 2016/08/12 16:36:25 ET
Table 'Charon' 10-max Seat #6 is the button
Seat 5: simper11 ($126.52 in chips)
Seat 6: K. Ichinose ($159.32 in chips)
K. Ichinose: posts small blind $1
simper11: posts big blind $3
*** HOLE CARDS ***
K. Ichinose: raises $3 to $6
simper11: calls $3
*** FLOP *** [Kc Kh 2h]
simper11: checks
K. Ichinose: bets $3
simper11: folds
Uncalled bet ($3) returned to K. Ichinose
K. Ichinose collected $11.76 from pot
K. Ichinose: doesn't show hand
*** SUMMARY ***
Total pot $12 | Rake $0.24
Board [Kc Kh 2h]
Seat 5: simper11 (big blind) folded on the Flop
Seat 6: K. Ichinose (button) (small blind) collected ($11.76)


PokerStars Hand #157196985952:  Hold'em Limit ($3/$6 USD) - 2016/08/12 16:35:50 ET
Table 'Charon' 10-max Seat #5 is the button
Seat 5: simper11 ($162.52 in chips)
Seat 6: K. Ichinose ($123.82 in chips)
simper11: posts small blind $1
K. Ichinose: posts big blind $3
*** HOLE CARDS ***
simper11: raises $3 to $6
K. Ichinose: calls $3
*** FLOP *** [7c Ts 2d]
K. Ichinose: checks
simper11: bets $3
K. Ichinose: raises $3 to $6
simper11: raises $3 to $9
K. Ichinose: raises $3 to $12
Betting is capped
simper11: calls $3
*** TURN *** [7c Ts 2d] [9s]
K. Ichinose: checks
simper11: bets $6
K. Ichinose: raises $6 to $12
simper11: calls $6
*** RIVER *** [7c Ts 2d 9s] [4h]
K. Ichinose: bets $6
simper11: calls $6
*** SHOW DOWN ***
K. Ichinose: shows [Th 7s] (two pair, Tens and Sevens)
simper11: mucks hand
K. Ichinose collected $71.50 from pot
*** SUMMARY ***
Total pot $72 | Rake $0.50
Board [7c Ts 2d 9s 4h]
Seat 5: simper11 (button) (small blind) mucked
Seat 6: K. Ichinose (big blind) showed [Th 7s] and won ($71.50) with two pair, Tens and Sevens


PokerStars Hand #157197061575:  Hold'em Limit ($3/$6 USD) - 2016/08/12 16:37:34 ET
Table 'Charon' 10-max Seat #5 is the button
Seat 5: simper11 ($146.66 in chips)
Seat 6: K. Ichinose ($138.08 in chips)
simper11: posts small blind $1
K. Ichinose: posts big blind $3
*** HOLE CARDS ***
simper11: raises $3 to $6
K. Ichinose: folds
Uncalled bet ($3) returned to simper11
simper11 collected $6 from pot
simper11: doesn't show hand
*** SUMMARY ***
Total pot $6 | Rake $0
Seat 5: simper11 (button) (small blind) collected ($6)
Seat 6: K. Ichinose (big blind) folded before Flop


PokerStars Hand #157197045213:  Hold'em Limit ($3/$6 USD) - 2016/08/12 16:37:11 ET
Table 'Charon' 10-max Seat #6 is the button
Seat 5: simper11 ($138.02 in chips)
Seat 6: K. Ichinose ($147.08 in chips)
K. Ichinose: posts small blind $1
simper11: posts big blind $3
*** HOLE CARDS ***
K. Ichinose: raises $3 to $6
simper11: raises $3 to $9
K. Ichinose: calls $3
*** FLOP *** [Kh 4d 3d]
simper11: bets $3
K. Ichinose: folds
Uncalled bet ($3) returned to simper11
simper11 collected $17.64 from pot
simper11: doesn't show hand
*** SUMMARY ***
Total pot $18 | Rake $0.36
Board [Kh 4d 3d]
Seat 5: simper11 (big blind) collected ($17.64)
Seat 6: K. Ichinose (button) (small blind) folded on the Flop


PokerStars Hand #157197026074:  Hold'em Limit ($3/$6 USD) - 2016/08/12 16:36:45 ET
Table 'Charon' 10-max Seat #5 is the button
Seat 5: simper11 ($120.52 in chips)
Seat 6: K. Ichinose ($165.08 in chips)
simper11: posts small blind $1
K. Ichinose: posts big blind $3
*** HOLE CARDS ***
simper11: raises $3 to $6
K. Ichinose: raises $3 to $9
simper11: calls $3
*** FLOP *** [4h 5c Th]
K. Ichinose: bets $3
simper11: calls $3
*** TURN *** [4h 5c Th] [Td]
K. Ichinose: bets $6
simper11: calls $6
*** RIVER *** [4h 5c Th Td] [7d]
K. Ichinose: checks
simper11: checks
*** SHOW DOWN ***
K. Ichinose: shows [Qs 9s] (a pair of Tens)
simper11: shows [Kd 2d] (a pair of Tens - King kicker)
simper11 collected $35.50 from pot
*** SUMMARY ***
Total pot $36 | Rake $0.50
Board [4h 5c Th Td 7d]
Seat 5: simper11 (button) (small blind) showed [Kd 2d] and won ($35.50) with a pair of Tens
Seat 6: K. Ichinose (big blind) showed [Qs 9s] and lost with a pair of Tens


PokerStars Hand #157197116489:  Hold'em Limit ($3/$6 USD) - 2016/08/12 16:38:50 ET
Table 'Charon' 10-max Seat #6 is the button
Seat 5: simper11 ($166.16 in chips)
Seat 6: K. Ichinose ($118.08 in chips)
K. Ichinose: posts small blind $1
simper11: posts big blind $3
*** HOLE CARDS ***
K. Ichinose: raises $3 to $6
simper11: folds
Uncalled bet ($3) returned to K. Ichinose
K. Ichinose collected $6 from pot
K. Ichinose: doesn't show hand
*** SUMMARY ***
Total pot $6 | Rake $0
Seat 5: simper11 (big blind) folded before Flop
Seat 6: K. Ichinose (button) (small blind) collected ($6)


PokerStars Hand #157197110658:  Hold'em Limit ($3/$6 USD) - 2016/08/12 16:38:42 ET
Table 'Charon' 10-max Seat #5 is the button
Seat 5: simper11 ($163.16 in chips)
Seat 6: K. Ichinose ($121.08 in chips)
simper11: posts small blind $1
K. Ichinose: posts big blind $3
*** HOLE CARDS ***
simper11: raises $3 to $6
K. Ichinose: folds
Uncalled bet ($3) returned to simper11
simper11 collected $6 from pot
simper11: doesn't show hand
*** SUMMARY ***
Total pot $6 | Rake $0
Seat 5: simper11 (button) (small blind) collected ($6)
Seat 6: K. Ichinose (big blind) folded before Flop


PokerStars Hand #157197101491:  Hold'em Limit ($3/$6 USD) - 2016/08/12 16:38:29 ET
Table 'Charon' 10-max Seat #6 is the button
Seat 5: simper11 ($162.16 in chips)
Seat 6: K. Ichinose ($122.08 in chips)
K. Ichinose: posts small blind $1
simper11: posts big blind $3
*** HOLE CARDS ***
K. Ichinose: folds
Uncalled bet ($2) returned to simper11
simper11 collected $2 from pot
simper11: doesn't show hand
*** SUMMARY ***
Total pot $2 | Rake $0
Seat 5: simper11 (big blind) collected ($2)
Seat 6: K. Ichinose (button) (small blind) folded before Flop


PokerStars Hand #157197098397:  Hold'em Limit ($3/$6 USD) - 2016/08/12 16:38:25 ET
Table 'Charon' 10-max Seat #5 is the button
Seat 5: simper11 ($163.16 in chips)
Seat 6: K. Ichinose ($121.08 in chips)
simper11: posts small blind $1
K. Ichinose: posts big blind $3
*** HOLE CARDS ***
simper11: folds
Uncalled bet ($2) returned to K. Ichinose
K. Ichinose collected $2 from pot
K. Ichinose: doesn't show hand
*** SUMMARY ***
Total pot $2 | Rake $0
Seat 5: simper11 (button) (small blind) folded before Flop
Seat 6: K. Ichinose (big blind) collected ($2)


PokerStars Hand #157197093116:  Hold'em Limit ($3/$6 USD) - 2016/08/12 16:38:17 ET
Table 'Charon' 10-max Seat #6 is the button
Seat 5: simper11 ($166.16 in chips)
Seat 6: K. Ichinose ($118.08 in chips)
K. Ichinose: posts small blind $1
simper11: posts big blind $3
*** HOLE CARDS ***
K. Ichinose: raises $3 to $6
simper11: folds
Uncalled bet ($3) returned to K. Ichinose
K. Ichinose collected $6 from pot
K. Ichinose: doesn't show hand
*** SUMMARY ***
Total pot $6 | Rake $0
Seat 5: simper11 (big blind) folded before Flop
Seat 6: K. Ichinose (button) (small blind) collected ($6)


PokerStars Hand #157197088717:  Hold'em Limit ($3/$6 USD) - 2016/08/12 16:38:11 ET
Table 'Charon' 10-max Seat #5 is the button
Seat 5: simper11 ($167.16 in chips)
Seat 6: K. Ichinose ($117.08 in chips)
simper11: posts small blind $1
K. Ichinose: posts big blind $3
*** HOLE CARDS ***
simper11: folds
Uncalled bet ($2) returned to K. Ichinose
K. Ichinose collected $2 from pot
K. Ichinose: doesn't show hand
*** SUMMARY ***
Total pot $2 | Rake $0
Seat 5: simper11 (button) (small blind) folded before Flop
Seat 6: K. Ichinose (big blind) collected ($2)


PokerStars Hand #157197071283:  Hold'em Limit ($3/$6 USD) - 2016/08/12 16:37:47 ET
Table 'Charon' 10-max Seat #6 is the button
Seat 5: simper11 ($149.66 in chips)
Seat 6: K. Ichinose ($135.08 in chips)
K. Ichinose: posts small blind $1
simper11: posts big blind $3
*** HOLE CARDS ***
K. Ichinose: raises $3 to $6
simper11: raises $3 to $9
K. Ichinose: calls $3
*** FLOP *** [4s 6c Qc]
simper11: bets $3
K. Ichinose: calls $3
*** TURN *** [4s 6c Qc] [8c]
simper11: bets $6
K. Ichinose: calls $6
*** RIVER *** [4s 6c Qc 8c] [4h]
simper11: bets $6
K. Ichinose: folds
Uncalled bet ($6) returned to simper11
simper11 collected $35.50 from pot
simper11: doesn't show hand
*** SUMMARY ***
Total pot $36 | Rake $0.50
Board [4s 6c Qc 8c 4h]
Seat 5: simper11 (big blind) collected ($35.50)
Seat 6: K. Ichinose (button) (small blind) folded on the River


PokerStars Hand #157197146909:  Hold'em Limit ($3/$6 USD) - 2016/08/12 16:39:32 ET
Table 'Charon' 10-max Seat #5 is the button
Seat 5: simper11 ($171.92 in chips)
Seat 6: K. Ichinose ($112.08 in chips)
simper11: posts small blind $1
K. Ichinose: posts big blind $3
*** HOLE CARDS ***
simper11: folds
Uncalled bet ($2) returned to K. Ichinose
K. Ichinose collected $2 from pot
K. Ichinose: doesn't show hand
*** SUMMARY ***
Total pot $2 | Rake $0
Seat 5: simper11 (button) (small blind) folded before Flop
Seat 6: K. Ichinose (big blind) collected ($2)


PokerStars Hand #157197142577:  Hold'em Limit ($3/$6 USD) - 2016/08/12 16:39:26 ET
Table 'Charon' 10-max Seat #6 is the button
Seat 5: simper11 ($170.92 in chips)
Seat 6: K. Ichinose ($113.08 in chips)
K. Ichinose: posts small blind $1
simper11: posts big blind $3
*** HOLE CARDS ***
K. Ichinose: folds
Uncalled bet ($2) returned to simper11
simper11 collected $2 from pot
simper11: doesn't show hand
*** SUMMARY ***
Total pot $2 | Rake $0
Seat 5: simper11 (big blind) collected ($2)
Seat 6: K. Ichinose (button) (small blind) folded before Flop


PokerStars Hand #157197137172:  Hold'em Limit ($3/$6 USD) - 2016/08/12 16:39:19 ET
Table 'Charon' 10-max Seat #5 is the button
Seat 5: simper11 ($167.92 in chips)
Seat 6: K. Ichinose ($116.08 in chips)
simper11: posts small blind $1
K. Ichinose: posts big blind $3
*** HOLE CARDS ***
simper11: raises $3 to $6
K. Ichinose: folds
Uncalled bet ($3) returned to simper11
simper11 collected $6 from pot
simper11: doesn't show hand
*** SUMMARY ***
Total pot $6 | Rake $0
Seat 5: simper11 (button) (small blind) collected ($6)
Seat 6: K. Ichinose (big blind) folded before Flop


PokerStars Hand #157197123824:  Hold'em Limit ($3/$6 USD) - 2016/08/12 16:39:00 ET
Table 'Charon' 10-max Seat #6 is the button
Seat 5: simper11 ($162.16 in chips)
Seat 6: K. Ichinose ($122.08 in chips)
K. Ichinose: posts small blind $1
simper11: posts big blind $3
*** HOLE CARDS ***
K. Ichinose: raises $3 to $6
simper11: calls $3
*** FLOP *** [9s Qs 6h]
simper11: checks
K. Ichinose: checks
*** TURN *** [9s Qs 6h] [7h]
simper11: bets $6
K. Ichinose: folds
Uncalled bet ($6) returned to simper11
simper11 collected $11.76 from pot
simper11: doesn't show hand
*** SUMMARY ***
Total pot $12 | Rake $0.24
Board [9s Qs 6h 7h]
Seat 5: simper11 (big blind) collected ($11.76)
Seat 6: K. Ichinose (button) (small blind) folded on the Turn


PokerStars Hand #157197120697:  Hold'em Limit ($3/$6 USD) - 2016/08/12 16:38:56 ET
Table 'Charon' 10-max Seat #5 is the button
Seat 5: simper11 ($163.16 in chips)
Seat 6: K. Ichinose ($121.08 in chips)
simper11: posts small blind $1
K. Ichinose: posts big blind $3
*** HOLE CARDS ***
simper11: folds
Uncalled bet ($2) returned to K. Ichinose
K. Ichinose collected $2 from pot
K. Ichinose: doesn't show hand
*** SUMMARY ***
Total pot $2 | Rake $0
Seat 5: simper11 (button) (small blind) folded before Flop
Seat 6: K. Ichinose (big blind) collected ($2)


PokerStars Hand #157197167535:  Hold'em Limit ($3/$6 USD) - 2016/08/12 16:40:01 ET
Table 'Charon' 10-max Seat #5 is the button
Seat 5: simper11 ($179.56 in chips)
Seat 6: K. Ichinose ($104.08 in chips)
simper11: posts small blind $1
K. Ichinose: posts big blind $3
*** HOLE CARDS ***
simper11: folds
Uncalled bet ($2) returned to K. Ichinose
K. Ichinose collected $2 from pot
K. Ichinose: doesn't show hand
*** SUMMARY ***
Total pot $2 | Rake $0
Seat 5: simper11 (button) (small blind) folded before Flop
Seat 6: K. Ichinose (big blind) collected ($2)


PokerStars Hand #157197150362:  Hold'em Limit ($3/$6 USD) - 2016/08/12 16:39:37 ET
Table 'Charon' 10-max Seat #6 is the button
Seat 5: simper11 ($170.92 in chips)
Seat 6: K. Ichinose ($113.08 in chips)
K. Ichinose: posts small blind $1
simper11: posts big blind $3
*** HOLE CARDS ***
K. Ichinose: raises $3 to $6
simper11: calls $3
*** FLOP *** [9c Kh Jd]
simper11: checks
K. Ichinose: bets $3
simper11: calls $3
*** TURN *** [9c Kh Jd] [Qh]
simper11: bets $6
K. Ichinose: folds
Uncalled bet ($6) returned to simper11
simper11 collected $17.64 from pot
simper11: doesn't show hand
*** SUMMARY ***
Total pot $18 | Rake $0.36
Board [9c Kh Jd Qh]
Seat 5: simper11 (big blind) collected ($17.64)
Seat 6: K. Ichinose (button) (small blind) folded on the Turn


PokerStars Hand #157197170689:  Hold'em Limit ($3/$6 USD) - 2016/08/12 16:40:05 ET
Table 'Charon' 10-max Seat #6 is the button
Seat 5: simper11 ($178.56 in chips)
Seat 6: K. Ichinose ($105.08 in chips)
K. Ichinose: posts small blind $1
simper11: posts big blind $3
*** HOLE CARDS ***
K. Ichinose: raises $3 to $6
simper11: calls $3
*** FLOP *** [Js Qs 2s]
simper11: checks
K. Ichinose: bets $3
simper11: calls $3
*** TURN *** [Js Qs 2s] [2h]
simper11: checks
K. Ichinose: checks
*** RIVER *** [Js Qs 2s 2h] [Td]
simper11: bets $6
K. Ichinose: folds
Uncalled bet ($6) returned to simper11
simper11 collected $17.64 from pot
simper11: doesn't show hand
*** SUMMARY ***
Total pot $18 | Rake $0.36
Board [Js Qs 2s 2h Td]
Seat 5: simper11 (big blind) collected ($17.64)
Seat 6: K. Ichinose (button) (small blind) folded on the River


PokerStars Hand #157197199240:  Hold'em Limit ($3/$6 USD) - 2016/08/12 16:40:45 ET
Table 'Charon' 10-max Seat #5 is the button
Seat 5: simper11 ($187.20 in chips)
Seat 6: K. Ichinose ($96.08 in chips)
simper11: posts small blind $1
K. Ichinose: posts big blind $3
*** HOLE CARDS ***
simper11: raises $3 to $6
K. Ichinose: calls $3
*** FLOP *** [Ad 4s Jc]
K. Ichinose: checks
simper11: bets $3
K. Ichinose: raises $3 to $6
simper11: calls $3
*** TURN *** [Ad 4s Jc] [8h]
K. Ichinose: checks
simper11: checks
*** RIVER *** [Ad 4s Jc 8h] [Qd]
K. Ichinose: bets $6
simper11: folds
Uncalled bet ($6) returned to K. Ichinose
K. Ichinose collected $23.52 from pot
K. Ichinose: doesn't show hand
*** SUMMARY ***
Total pot $24 | Rake $0.48
Board [Ad 4s Jc 8h Qd]
Seat 5: simper11 (button) (small blind) folded on the River
Seat 6: K. Ichinose (big blind) collected ($23.52)


PokerStars Hand #157197218897:  Hold'em Limit ($3/$6 USD) - 2016/08/12 16:41:12 ET
Table 'Charon' 10-max Seat #6 is the button
Seat 5: simper11 ($175.20 in chips)
Seat 6: K. Ichinose ($107.60 in chips)
K. Ichinose: posts small blind $1
simper11: posts big blind $3
*** HOLE CARDS ***
K. Ichinose: raises $3 to $6
simper11: raises $3 to $9
K. Ichinose: calls $3
*** FLOP *** [Js 7d Ac]
simper11: bets $3
K. Ichinose: calls $3
*** TURN *** [Js 7d Ac] [8c]
simper11: bets $6
K. Ichinose: calls $6
*** RIVER *** [Js 7d Ac 8c] [Ad]
simper11: bets $6
K. Ichinose: calls $6
*** SHOW DOWN ***
simper11: shows [Jd Kh] (two pair, Aces and Jacks)
K. Ichinose: mucks hand
simper11 collected $47.50 from pot
*** SUMMARY ***
Total pot $48 | Rake $0.50
Board [Js 7d Ac 8c Ad]
Seat 5: simper11 (big blind) showed [Jd Kh] and won ($47.50) with two pair, Aces and Jacks
Seat 6: K. Ichinose (button) (small blind) mucked


PokerStars Hand #157197237344:  Hold'em Limit ($3/$6 USD) - 2016/08/12 16:41:38 ET
Table 'Charon' 10-max Seat #5 is the button
Seat 5: simper11 ($198.70 in chips)
Seat 6: K. Ichinose ($83.60 in chips)
simper11: posts small blind $1
K. Ichinose: posts big blind $3
*** HOLE CARDS ***
simper11: folds
Uncalled bet ($2) returned to K. Ichinose
K. Ichinose collected $2 from pot
K. Ichinose: doesn't show hand
*** SUMMARY ***
Total pot $2 | Rake $0
Seat 5: simper11 (button) (small blind) folded before Flop
Seat 6: K. Ichinose (big blind) collected ($2)


PokerStars Hand #157197283250:  Hold'em Limit ($3/$6 USD) - 2016/08/12 16:42:41 ET
Table 'Charon' 10-max Seat #5 is the button
Seat 5: simper11 ($227.20 in chips)
Seat 6: K. Ichinose ($54.60 in chips)
simper11: posts small blind $1
K. Ichinose: posts big blind $3
*** HOLE CARDS ***
simper11: folds
Uncalled bet ($2) returned to K. Ichinose
K. Ichinose collected $2 from pot
K. Ichinose: doesn't show hand
*** SUMMARY ***
Total pot $2 | Rake $0
Seat 5: simper11 (button) (small blind) folded before Flop
Seat 6: K. Ichinose (big blind) collected ($2)


PokerStars Hand #157197241017:  Hold'em Limit ($3/$6 USD) - 2016/08/12 16:41:43 ET
Table 'Charon' 10-max Seat #6 is the button
Seat 5: simper11 ($197.70 in chips)
Seat 6: K. Ichinose ($84.60 in chips)
K. Ichinose: posts small blind $1
simper11: posts big blind $3
*** HOLE CARDS ***
K. Ichinose: raises $3 to $6
simper11: raises $3 to $9
K. Ichinose: raises $3 to $12
Betting is capped
simper11: calls $3
*** FLOP *** [9s 2h 3d]
simper11: checks
K. Ichinose: bets $3
simper11: raises $3 to $6
K. Ichinose: calls $3
*** TURN *** [9s 2h 3d] [Qs]
simper11: bets $6
K. Ichinose: calls $6
*** RIVER *** [9s 2h 3d Qs] [Ks]
simper11: bets $6
K. Ichinose: calls $6
*** SHOW DOWN ***
simper11: shows [9c 9d] (three of a kind, Nines)
K. Ichinose: mucks hand
simper11 collected $59.50 from pot
*** SUMMARY ***
Total pot $60 | Rake $0.50
Board [9s 2h 3d Qs Ks]
Seat 5: simper11 (big blind) showed [9c 9d] and won ($59.50) with three of a kind, Nines
Seat 6: K. Ichinose (button) (small blind) mucked


PokerStars Hand #157197286593:  Hold'em Limit ($3/$6 USD) - 2016/08/12 16:42:46 ET
Table 'Charon' 10-max Seat #6 is the button
Seat 5: simper11 ($226.20 in chips)
Seat 6: K. Ichinose ($55.60 in chips)
K. Ichinose: posts small blind $1
simper11: posts big blind $3
*** HOLE CARDS ***
K. Ichinose: raises $3 to $6
simper11: calls $3
*** FLOP *** [Qd 7h 4s]
simper11: checks
K. Ichinose: bets $3
simper11: folds
Uncalled bet ($3) returned to K. Ichinose
K. Ichinose collected $11.76 from pot
K. Ichinose: doesn't show hand
*** SUMMARY ***
Total pot $12 | Rake $0.24
Board [Qd 7h 4s]
Seat 5: simper11 (big blind) folded on the Flop
Seat 6: K. Ichinose (button) (small blind) collected ($11.76)


PokerStars Hand #157197298146:  Hold'em Limit ($3/$6 USD) - 2016/08/12 16:43:02 ET
Table 'Charon' 10-max Seat #5 is the button
Seat 5: simper11 ($220.20 in chips)
Seat 6: K. Ichinose ($61.36 in chips)
simper11: posts small blind $1
K. Ichinose: posts big blind $3
*** HOLE CARDS ***
simper11: raises $3 to $6
K. Ichinose: raises $3 to $9
simper11: calls $3
*** FLOP *** [5h 3s Td]
K. Ichinose: bets $3
simper11: calls $3
*** TURN *** [5h 3s Td] [6s]
K. Ichinose: bets $6
simper11: folds
Uncalled bet ($6) returned to K. Ichinose
K. Ichinose collected $23.52 from pot
K. Ichinose: doesn't show hand
*** SUMMARY ***
Total pot $24 | Rake $0.48
Board [5h 3s Td 6s]
Seat 5: simper11 (button) (small blind) folded on the Turn
Seat 6: K. Ichinose (big blind) collected ($23.52)


PokerStars Hand #157197311817:  Hold'em Limit ($3/$6 USD) - 2016/08/12 16:43:20 ET
Table 'Charon' 10-max Seat #6 is the button
Seat 5: simper11 ($208.20 in chips)
Seat 6: K. Ichinose ($72.88 in chips)
K. Ichinose: posts small blind $1
simper11: posts big blind $3
*** HOLE CARDS ***
K. Ichinose: raises $3 to $6
simper11: calls $3
*** FLOP *** [6c 8d 7h]
simper11: checks
K. Ichinose: bets $3
simper11: calls $3
*** TURN *** [6c 8d 7h] [6h]
simper11: checks
K. Ichinose: checks
*** RIVER *** [6c 8d 7h 6h] [5c]
simper11: checks
K. Ichinose: checks
*** SHOW DOWN ***
simper11: shows [7d Qs] (two pair, Sevens and Sixes)
K. Ichinose: mucks hand
simper11 collected $17.64 from pot
*** SUMMARY ***
Total pot $18 | Rake $0.36
Board [6c 8d 7h 6h 5c]
Seat 5: simper11 (big blind) showed [7d Qs] and won ($17.64) with two pair, Sevens and Sixes
Seat 6: K. Ichinose (button) (small blind) mucked


PokerStars Hand #157197341550:  Hold'em Limit ($3/$6 USD) - 2016/08/12 16:44:02 ET
Table 'Charon' 10-max Seat #5 is the button
Seat 5: simper11 ($216.84 in chips)
Seat 6: K. Ichinose ($63.88 in chips)
simper11: posts small blind $1
K. Ichinose: posts big blind $3
*** HOLE CARDS ***
simper11: raises $3 to $6
K. Ichinose: folds
Uncalled bet ($3) returned to simper11
simper11 collected $6 from pot
simper11: doesn't show hand
*** SUMMARY ***
Total pot $6 | Rake $0
Seat 5: simper11 (button) (small blind) collected ($6)
Seat 6: K. Ichinose (big blind) folded before Flop


PokerStars Hand #157197352773:  Hold'em Limit ($3/$6 USD) - 2016/08/12 16:44:17 ET
Table 'Charon' 10-max Seat #6 is the button
Seat 5: simper11 ($219.84 in chips)
Seat 6: K. Ichinose ($60.88 in chips)
K. Ichinose: posts small blind $1
simper11: posts big blind $3
*** HOLE CARDS ***
K. Ichinose: raises $3 to $6
simper11: calls $3
*** FLOP *** [4s 8s 5s]
simper11: checks
K. Ichinose: bets $3
simper11: raises $3 to $6
K. Ichinose: calls $3
*** TURN *** [4s 8s 5s] [7d]
simper11: bets $6
K. Ichinose: calls $6
*** RIVER *** [4s 8s 5s 7d] [Jd]
simper11: bets $6
K. Ichinose: calls $6
*** SHOW DOWN ***
simper11: shows [2c As] (high card Ace)
K. Ichinose: shows [Jc 9s] (a pair of Jacks)
K. Ichinose collected $47.50 from pot
*** SUMMARY ***
Total pot $48 | Rake $0.50
Board [4s 8s 5s 7d Jd]
Seat 5: simper11 (big blind) showed [2c As] and lost with high card Ace
Seat 6: K. Ichinose (button) (small blind) showed [Jc 9s] and won ($47.50) with a pair of Jacks


PokerStars Hand #157197385697:  Hold'em Limit ($3/$6 USD) - 2016/08/12 16:45:03 ET
Table 'Charon' 10-max Seat #5 is the button
Seat 5: simper11 ($195.84 in chips)
Seat 6: K. Ichinose ($84.38 in chips)
simper11: posts small blind $1
K. Ichinose: posts big blind $3
*** HOLE CARDS ***
simper11: raises $3 to $6
K. Ichinose: raises $3 to $9
simper11 said, "looooooool"
simper11: calls $3
*** FLOP *** [Kc 6c 4c]
K. Ichinose: bets $3
simper11: calls $3
*** TURN *** [Kc 6c 4c] [Tc]
K. Ichinose: checks
simper11: bets $6
K. Ichinose: calls $6
*** RIVER *** [Kc 6c 4c Tc] [As]
K. Ichinose: checks
simper11: bets $6
K. Ichinose: calls $6
*** SHOW DOWN ***
simper11: shows [5c Jc] (a flush, King high)
K. Ichinose: mucks hand
simper11 collected $47.50 from pot
*** SUMMARY ***
Total pot $48 | Rake $0.50
Board [Kc 6c 4c Tc As]
Seat 5: simper11 (button) (small blind) showed [5c Jc] and won ($47.50) with a flush, King high
Seat 6: K. Ichinose (big blind) mucked


PokerStars Hand #157197411697:  Hold'em Limit ($3/$6 USD) - 2016/08/12 16:45:39 ET
Table 'Charon' 10-max Seat #6 is the button
Seat 5: simper11 ($219.34 in chips)
Seat 6: K. Ichinose ($60.38 in chips)
K. Ichinose: posts small blind $1
simper11: posts big blind $3
*** HOLE CARDS ***
K. Ichinose: raises $3 to $6
simper11: calls $3
*** FLOP *** [Ac 2h 3h]
simper11: checks
K. Ichinose: bets $3
simper11: folds
Uncalled bet ($3) returned to K. Ichinose
K. Ichinose collected $11.76 from pot
K. Ichinose: doesn't show hand
*** SUMMARY ***
Total pot $12 | Rake $0.24
Board [Ac 2h 3h]
Seat 5: simper11 (big blind) folded on the Flop
Seat 6: K. Ichinose (button) (small blind) collected ($11.76)


PokerStars Hand #157197434883:  Hold'em Limit ($3/$6 USD) - 2016/08/12 16:45:58 ET
Table 'Charon' 10-max Seat #5 is the button
Seat 5: simper11 ($213.34 in chips)
Seat 6: K. Ichinose ($66.14 in chips)
simper11: posts small blind $1
K. Ichinose: posts big blind $3
*** HOLE CARDS ***
simper11: raises $3 to $6
K. Ichinose: folds
Uncalled bet ($3) returned to simper11
simper11 collected $6 from pot
simper11: doesn't show hand
*** SUMMARY ***
Total pot $6 | Rake $0
Seat 5: simper11 (button) (small blind) collected ($6)
Seat 6: K. Ichinose (big blind) folded before Flop


PokerStars Hand #157197466199:  Hold'em Limit ($3/$6 USD) - 2016/08/12 16:46:42 ET
Table 'Charon' 10-max Seat #5 is the button
Seat 5: simper11 ($210.34 in chips)
Seat 6: K. Ichinose ($68.90 in chips)
simper11: posts small blind $1
K. Ichinose: posts big blind $3
*** HOLE CARDS ***
simper11: folds
Uncalled bet ($2) returned to K. Ichinose
K. Ichinose collected $2 from pot
K. Ichinose: doesn't show hand
*** SUMMARY ***
Total pot $2 | Rake $0
Seat 5: simper11 (button) (small blind) folded before Flop
Seat 6: K. Ichinose (big blind) collected ($2)


PokerStars Hand #157197443845:  Hold'em Limit ($3/$6 USD) - 2016/08/12 16:46:11 ET
Table 'Charon' 10-max Seat #6 is the button
Seat 5: simper11 ($216.34 in chips)
Seat 6: K. Ichinose ($63.14 in chips)
K. Ichinose: posts small blind $1
simper11: posts big blind $3
*** HOLE CARDS ***
K. Ichinose: raises $3 to $6
simper11: calls $3
*** FLOP *** [9c Ts Ad]
simper11: checks
simper11 said, "hey"
simper11 said, "putana son"
K. Ichinose: bets $3
simper11 said, "go play 2 tables"
simper11: folds
Uncalled bet ($3) returned to K. Ichinose
K. Ichinose collected $11.76 from pot
K. Ichinose: doesn't show hand
*** SUMMARY ***
Total pot $12 | Rake $0.24
Board [9c Ts Ad]
Seat 5: simper11 (big blind) folded on the Flop
Seat 6: K. Ichinose (button) (small blind) collected ($11.76)


PokerStars Hand #157197469635:  Hold'em Limit ($3/$6 USD) - 2016/08/12 16:46:47 ET
Table 'Charon' 10-max Seat #6 is the button
Seat 5: simper11 ($209.34 in chips)
Seat 6: K. Ichinose ($69.90 in chips)
K. Ichinose: posts small blind $1
simper11: posts big blind $3
*** HOLE CARDS ***
K. Ichinose: raises $3 to $6
simper11: raises $3 to $9
K. Ichinose: calls $3
*** FLOP *** [9s Ac 6s]
simper11: bets $3
K. Ichinose: folds
Uncalled bet ($3) returned to simper11
simper11 collected $17.64 from pot
simper11: doesn't show hand
*** SUMMARY ***
Total pot $18 | Rake $0.36
Board [9s Ac 6s]
Seat 5: simper11 (big blind) collected ($17.64)
Seat 6: K. Ichinose (button) (small blind) folded on the Flop


PokerStars Hand #157197503061:  Hold'em Limit ($3/$6 USD) - 2016/08/12 16:47:33 ET
Table 'Charon' 10-max Seat #6 is the button
Seat 5: simper11 ($226.62 in chips)
Seat 6: K. Ichinose ($51.90 in chips)
K. Ichinose: posts small blind $1
simper11: posts big blind $3
*** HOLE CARDS ***
K. Ichinose: folds
Uncalled bet ($2) returned to simper11
simper11 collected $2 from pot
simper11: doesn't show hand
*** SUMMARY ***
Total pot $2 | Rake $0
Seat 5: simper11 (big blind) collected ($2)
Seat 6: K. Ichinose (button) (small blind) folded before Flop


PokerStars Hand #157197482808:  Hold'em Limit ($3/$6 USD) - 2016/08/12 16:47:05 ET
Table 'Charon' 10-max Seat #5 is the button
Seat 5: simper11 ($217.98 in chips)
Seat 6: K. Ichinose ($60.90 in chips)
simper11: posts small blind $1
K. Ichinose: posts big blind $3
*** HOLE CARDS ***
simper11: raises $3 to $6
K. Ichinose: calls $3
*** FLOP *** [Kd As 5d]
K. Ichinose: checks
simper11: bets $3
K. Ichinose: calls $3
*** TURN *** [Kd As 5d] [4d]
K. Ichinose: checks
simper11: bets $6
K. Ichinose: folds
Uncalled bet ($6) returned to simper11
simper11 collected $17.64 from pot
simper11: doesn't show hand
*** SUMMARY ***
Total pot $18 | Rake $0.36
Board [Kd As 5d 4d]
Seat 5: simper11 (button) (small blind) collected ($17.64)
Seat 6: K. Ichinose (big blind) folded on the Turn


PokerStars Hand #157197508440:  Hold'em Limit ($3/$6 USD) - 2016/08/12 16:47:40 ET
Table 'Charon' 10-max Seat #5 is the button
Seat 5: simper11 ($227.62 in chips)
Seat 6: K. Ichinose ($50.90 in chips)
simper11: posts small blind $1
K. Ichinose: posts big blind $3
*** HOLE CARDS ***
simper11: raises $3 to $6
K. Ichinose: raises $3 to $9
simper11: calls $3
*** FLOP *** [4c 7c 5h]
K. Ichinose: bets $3
simper11: calls $3
*** TURN *** [4c 7c 5h] [Qc]
K. Ichinose: bets $6
simper11: raises $6 to $12
K. Ichinose: raises $6 to $18
simper11: calls $6
*** RIVER *** [4c 7c 5h Qc] [Ad]
K. Ichinose: bets $6
simper11: raises $6 to $12
K. Ichinose: raises $6 to $18
simper11: calls $6
*** SHOW DOWN ***
K. Ichinose: shows [Jc Ac] (a flush, Ace high)
simper11: mucks hand
K. Ichinose collected $95.50 from pot
*** SUMMARY ***
Total pot $96 | Rake $0.50
Board [4c 7c 5h Qc Ad]
Seat 5: simper11 (button) (small blind) mucked
Seat 6: K. Ichinose (big blind) showed [Jc Ac] and won ($95.50) with a flush, Ace high


PokerStars Hand #157197527949:  Hold'em Limit ($3/$6 USD) - 2016/08/12 16:48:06 ET
Table 'Charon' 10-max Seat #6 is the button
Seat 5: simper11 ($179.62 in chips)
Seat 6: K. Ichinose ($98.40 in chips)
K. Ichinose: posts small blind $1
simper11: posts big blind $3
*** HOLE CARDS ***
K. Ichinose: folds
Uncalled bet ($2) returned to simper11
simper11 said, "lolol"
simper11 said, "ololo"
simper11 said, "lolo"
simper11 collected $2 from pot
simper11: doesn't show hand
*** SUMMARY ***
Total pot $2 | Rake $0
Seat 5: simper11 (big blind) collected ($2)
Seat 6: K. Ichinose (button) (small blind) folded before Flop


PokerStars Hand #157197532475:  Hold'em Limit ($3/$6 USD) - 2016/08/12 16:48:12 ET
Table 'Charon' 10-max Seat #5 is the button
Seat 5: simper11 ($180.62 in chips)
Seat 6: K. Ichinose ($97.40 in chips)
simper11: posts small blind $1
K. Ichinose: posts big blind $3
*** HOLE CARDS ***
simper11: raises $3 to $6
K. Ichinose: calls $3
*** FLOP *** [Jd Ah 8h]
K. Ichinose: checks
simper11: bets $3
K. Ichinose: raises $3 to $6
simper11: folds
Uncalled bet ($3) returned to K. Ichinose
K. Ichinose collected $17.64 from pot
K. Ichinose: doesn't show hand
*** SUMMARY ***
Total pot $18 | Rake $0.36
Board [Jd Ah 8h]
Seat 5: simper11 (button) (small blind) folded on the Flop
Seat 6: K. Ichinose (big blind) collected ($17.64)


PokerStars Hand #157197549143:  Hold'em Limit ($3/$6 USD) - 2016/08/12 16:48:35 ET
Table 'Charon' 10-max Seat #6 is the button
Seat 5: simper11 ($171.62 in chips)
Seat 6: K. Ichinose ($106.04 in chips)
K. Ichinose: posts small blind $1
simper11: posts big blind $3
*** HOLE CARDS ***
K. Ichinose: raises $3 to $6
simper11: calls $3
*** FLOP *** [3c Td 7c]
simper11: checks
K. Ichinose: bets $3
simper11: raises $3 to $6
K. Ichinose: calls $3
*** TURN *** [3c Td 7c] [Ks]
simper11: bets $6
K. Ichinose: calls $6
*** RIVER *** [3c Td 7c Ks] [5h]
simper11: checks
K. Ichinose: checks
*** SHOW DOWN ***
simper11: shows [4d 3d] (a pair of Threes)
K. Ichinose: mucks hand
simper11 collected $35.50 from pot
*** SUMMARY ***
Total pot $36 | Rake $0.50
Board [3c Td 7c Ks 5h]
Seat 5: simper11 (big blind) showed [4d 3d] and won ($35.50) with a pair of Threes
Seat 6: K. Ichinose (button) (small blind) mucked


PokerStars Hand #157197562622:  Hold'em Limit ($3/$6 USD) - 2016/08/12 16:48:53 ET
Table 'Charon' 10-max Seat #5 is the button
Seat 5: simper11 ($189.12 in chips)
Seat 6: K. Ichinose ($88.04 in chips)
simper11: posts small blind $1
K. Ichinose: posts big blind $3
*** HOLE CARDS ***
simper11: raises $3 to $6
K. Ichinose: calls $3
*** FLOP *** [Ac Qc 3d]
K. Ichinose: checks
simper11: bets $3
K. Ichinose: raises $3 to $6
simper11: calls $3
*** TURN *** [Ac Qc 3d] [4d]
K. Ichinose: bets $6
simper11: calls $6
*** RIVER *** [Ac Qc 3d 4d] [4h]
K. Ichinose: bets $6
simper11: calls $6
*** SHOW DOWN ***
K. Ichinose: shows [8c As] (two pair, Aces and Fours)
simper11: mucks hand
K. Ichinose collected $47.50 from pot
*** SUMMARY ***
Total pot $48 | Rake $0.50
Board [Ac Qc 3d 4d 4h]
Seat 5: simper11 (button) (small blind) mucked
Seat 6: K. Ichinose (big blind) showed [8c As] and won ($47.50) with two pair, Aces and Fours


PokerStars Hand #157197598064:  Hold'em Limit ($3/$6 USD) - 2016/08/12 16:49:41 ET
Table 'Charon' 10-max Seat #5 is the button
Seat 5: simper11 ($188.62 in chips)
Seat 6: K. Ichinose ($87.54 in chips)
simper11: posts small blind $1
K. Ichinose: posts big blind $3
*** HOLE CARDS ***
simper11: raises $3 to $6
K. Ichinose: folds
Uncalled bet ($3) returned to simper11
simper11 collected $6 from pot
simper11: doesn't show hand
*** SUMMARY ***
Total pot $6 | Rake $0
Seat 5: simper11 (button) (small blind) collected ($6)
Seat 6: K. Ichinose (big blind) folded before Flop


PokerStars Hand #157197581308:  Hold'em Limit ($3/$6 USD) - 2016/08/12 16:49:18 ET
Table 'Charon' 10-max Seat #6 is the button
Seat 5: simper11 ($165.12 in chips)
Seat 6: K. Ichinose ($111.54 in chips)
K. Ichinose: posts small blind $1
simper11: posts big blind $3
*** HOLE CARDS ***
K. Ichinose: raises $3 to $6
simper11: calls $3
*** FLOP *** [2d 3h 3s]
simper11: checks
K. Ichinose: bets $3
simper11: raises $3 to $6
K. Ichinose: calls $3
*** TURN *** [2d 3h 3s] [As]
simper11: bets $6
K. Ichinose: calls $6
*** RIVER *** [2d 3h 3s As] [Qd]
simper11: bets $6
K. Ichinose: calls $6
*** SHOW DOWN ***
simper11: shows [3d Kc] (three of a kind, Threes)
K. Ichinose: mucks hand
simper11 collected $47.50 from pot
*** SUMMARY ***
Total pot $48 | Rake $0.50
Board [2d 3h 3s As Qd]
Seat 5: simper11 (big blind) showed [3d Kc] and won ($47.50) with three of a kind, Threes
Seat 6: K. Ichinose (button) (small blind) mucked


PokerStars Hand #157197603579:  Hold'em Limit ($3/$6 USD) - 2016/08/12 16:49:48 ET
Table 'Charon' 10-max Seat #6 is the button
Seat 5: simper11 ($191.62 in chips)
Seat 6: K. Ichinose ($84.54 in chips)
K. Ichinose: posts small blind $1
simper11: posts big blind $3
*** HOLE CARDS ***
K. Ichinose: raises $3 to $6
simper11: raises $3 to $9
K. Ichinose: calls $3
*** FLOP *** [Tc 4d 9s]
simper11: bets $3
K. Ichinose: calls $3
*** TURN *** [Tc 4d 9s] [5s]
simper11: bets $6
K. Ichinose: raises $6 to $12
simper11: calls $6
*** RIVER *** [Tc 4d 9s 5s] [3c]
simper11: checks
K. Ichinose: bets $6
simper11: calls $6
*** SHOW DOWN ***
K. Ichinose: shows [2d Ac] (a straight, Ace to Five)
simper11: mucks hand
K. Ichinose collected $59.50 from pot
*** SUMMARY ***
Total pot $60 | Rake $0.50
Board [Tc 4d 9s 5s 3c]
Seat 5: simper11 (big blind) mucked
Seat 6: K. Ichinose (button) (small blind) showed [2d Ac] and won ($59.50) with a straight, Ace to Five


PokerStars Hand #157197637763:  Hold'em Limit ($3/$6 USD) - 2016/08/12 16:50:35 ET
Table 'Charon' 10-max Seat #5 is the button
Seat 5: simper11 ($161.62 in chips)
Seat 6: K. Ichinose ($114.04 in chips)
simper11: posts small blind $1
K. Ichinose: posts big blind $3
*** HOLE CARDS ***
simper11: raises $3 to $6
simper11 said, "llol"
K. Ichinose: raises $3 to $9
simper11 said, "oolol"
simper11: calls $3
*** FLOP *** [Jd 6s 9h]
simper11 said, "ololol"
simper11 said, "ololol"
simper11 said, "ololo"
simper11 said, "lol"
K. Ichinose: bets $3
simper11: calls $3
*** TURN *** [Jd 6s 9h] [8s]
K. Ichinose: checks
simper11: bets $6
K. Ichinose: calls $6
*** RIVER *** [Jd 6s 9h 8s] [2s]
K. Ichinose: checks
simper11: bets $6
K. Ichinose: calls $6
*** SHOW DOWN ***
simper11: shows [Qd Jh] (a pair of Jacks)
K. Ichinose: mucks hand
simper11 collected $47.50 from pot
*** SUMMARY ***
Total pot $48 | Rake $0.50
Board [Jd 6s 9h 8s 2s]
Seat 5: simper11 (button) (small blind) showed [Qd Jh] and won ($47.50) with a pair of Jacks
Seat 6: K. Ichinose (big blind) mucked


PokerStars Hand #157197655002:  Hold'em Limit ($3/$6 USD) - 2016/08/12 16:50:58 ET
Table 'Charon' 10-max Seat #6 is the button
Seat 5: simper11 ($185.12 in chips)
Seat 6: K. Ichinose ($90.04 in chips)
K. Ichinose: posts small blind $1
simper11: posts big blind $3
*** HOLE CARDS ***
K. Ichinose: raises $3 to $6
simper11: calls $3
*** FLOP *** [Jc 9s 2c]
simper11: checks
K. Ichinose: bets $3
simper11: calls $3
*** TURN *** [Jc 9s 2c] [7h]
simper11: checks
Mite1981 joins the table at seat #1
K. Ichinose: bets $6
simper11: folds
Uncalled bet ($6) returned to K. Ichinose
K. Ichinose collected $17.64 from pot
K. Ichinose: doesn't show hand
*** SUMMARY ***
Total pot $18 | Rake $0.36
Board [Jc 9s 2c 7h]
Seat 5: simper11 (big blind) folded on the Turn
Seat 6: K. Ichinose (button) (small blind) collected ($17.64)


PokerStars Hand #157197668599:  Hold'em Limit ($3/$6 USD) - 2016/08/12 16:51:17 ET
Table 'Charon' 10-max Seat #5 is the button
Seat 5: simper11 ($176.12 in chips)
Seat 6: K. Ichinose ($98.68 in chips)
simper11: posts small blind $1
K. Ichinose: posts big blind $3
*** HOLE CARDS ***
simper11: raises $3 to $6
K. Ichinose: calls $3
*** FLOP *** [6c 7h 2h]
K. Ichinose: checks
simper11: bets $3
K. Ichinose: calls $3
*** TURN *** [6c 7h 2h] [5c]
K. Ichinose: checks
simper11: bets $6
K. Ichinose: calls $6
*** RIVER *** [6c 7h 2h 5c] [Ts]
K. Ichinose: checks
simper11: bets $6
K. Ichinose: calls $6
*** SHOW DOWN ***
simper11: shows [Ac 6d] (a pair of Sixes)
K. Ichinose: mucks hand
simper11 collected $41.50 from pot
*** SUMMARY ***
Total pot $42 | Rake $0.50
Board [6c 7h 2h 5c Ts]
Seat 5: simper11 (button) (small blind) showed [Ac 6d] and won ($41.50) with a pair of Sixes
Seat 6: K. Ichinose (big blind) mucked


PokerStars Hand #157197970658:  Hold'em Limit ($3/$6 USD) - 2016/08/12 16:58:53 ET
Table 'Charon' 10-max Seat #6 is the button
Seat 5: simper11 ($162.84 in chips)
Seat 6: K. Ichinose ($70.71 in chips)
K. Ichinose: posts small blind $1
simper11: posts big blind $3
*** HOLE CARDS ***
K. Ichinose: raises $3 to $6
simper11: folds
Uncalled bet ($3) returned to K. Ichinose
K. Ichinose collected $6 from pot
K. Ichinose: doesn't show hand
*** SUMMARY ***
Total pot $6 | Rake $0
Seat 5: simper11 (big blind) folded before Flop
Seat 6: K. Ichinose (button) (small blind) collected ($6)


PokerStars Hand #157197959800:  Hold'em Limit ($3/$6 USD) - 2016/08/12 16:58:35 ET
Table 'Charon' 10-max Seat #5 is the button
Seat 5: simper11 ($139.34 in chips)
Seat 6: K. Ichinose ($94.71 in chips)
simper11: posts small blind $1
K. Ichinose: posts big blind $3
*** HOLE CARDS ***
simper11: raises $3 to $6
K. Ichinose: raises $3 to $9
simper11: calls $3
*** FLOP *** [3d 2h Qc]
K. Ichinose: bets $3
simper11: calls $3
*** TURN *** [3d 2h Qc] [Jc]
K. Ichinose: bets $6
simper11: calls $6
*** RIVER *** [3d 2h Qc Jc] [8c]
K. Ichinose: bets $6
simper11: calls $6
*** SHOW DOWN ***
K. Ichinose: shows [6h 8h] (a pair of Eights)
simper11: shows [9d Js] (a pair of Jacks)
simper11 collected $47.50 from pot
*** SUMMARY ***
Total pot $48 | Rake $0.50
Board [3d 2h Qc Jc 8c]
Seat 5: simper11 (button) (small blind) showed [9d Js] and won ($47.50) with a pair of Jacks
Seat 6: K. Ichinose (big blind) showed [6h 8h] and lost with a pair of Eights


PokerStars Hand #157197951673:  Hold'em Limit ($3/$6 USD) - 2016/08/12 16:58:22 ET
Table 'Charon' 10-max Seat #6 is the button
Seat 5: simper11 ($145.34 in chips)
Seat 6: K. Ichinose ($88.95 in chips)
K. Ichinose: posts small blind $1
simper11: posts big blind $3
*** HOLE CARDS ***
K. Ichinose: raises $3 to $6
simper11: calls $3
*** FLOP *** [6d 8s 5h]
simper11: checks
K. Ichinose: bets $3
simper11: folds
Uncalled bet ($3) returned to K. Ichinose
K. Ichinose collected $11.76 from pot
K. Ichinose: doesn't show hand
*** SUMMARY ***
Total pot $12 | Rake $0.24
Board [6d 8s 5h]
Seat 5: simper11 (big blind) folded on the Flop
Seat 6: K. Ichinose (button) (small blind) collected ($11.76)


PokerStars Hand #157197948740:  Hold'em Limit ($3/$6 USD) - 2016/08/12 16:58:17 ET
Table 'Charon' 10-max Seat #5 is the button
Seat 5: simper11 ($142.34 in chips)
Seat 6: K. Ichinose ($91.95 in chips)
simper11: posts small blind $1
K. Ichinose: posts big blind $3
*** HOLE CARDS ***
simper11: raises $3 to $6
K. Ichinose: folds
Uncalled bet ($3) returned to simper11
simper11 collected $6 from pot
simper11: doesn't show hand
*** SUMMARY ***
Total pot $6 | Rake $0
Seat 5: simper11 (button) (small blind) collected ($6)
Seat 6: K. Ichinose (big blind) folded before Flop


PokerStars Hand #157197938557:  Hold'em Limit ($3/$6 USD) - 2016/08/12 16:58:00 ET
Table 'Charon' 10-max Seat #6 is the button
Seat 5: simper11 ($130.82 in chips)
Seat 6: K. Ichinose ($103.95 in chips)
K. Ichinose: posts small blind $1
simper11: posts big blind $3
*** HOLE CARDS ***
K. Ichinose: raises $3 to $6
simper11: raises $3 to $9
K. Ichinose: calls $3
*** FLOP *** [Ah Qs 4c]
simper11: bets $3
K. Ichinose: calls $3
*** TURN *** [Ah Qs 4c] [Ts]
simper11: bets $6
K. Ichinose: folds
Uncalled bet ($6) returned to simper11
simper11 collected $23.52 from pot
simper11: doesn't show hand
*** SUMMARY ***
Total pot $24 | Rake $0.48
Board [Ah Qs 4c Ts]
Seat 5: simper11 (big blind) collected ($23.52)
Seat 6: K. Ichinose (button) (small blind) folded on the Turn


PokerStars Hand #157197998391:  Hold'em Limit ($3/$6 USD) - 2016/08/12 16:59:40 ET
Table 'Charon' 10-max Seat #6 is the button
Seat 5: simper11 ($159.34 in chips)
Seat 6: K. Ichinose ($73.21 in chips)
K. Ichinose: posts small blind $1
simper11: posts big blind $3
*** HOLE CARDS ***
K. Ichinose: raises $3 to $6
simper11: calls $3
*** FLOP *** [9d 6c 6d]
simper11: checks
K. Ichinose: checks
*** TURN *** [9d 6c 6d] [2s]
simper11: checks
K. Ichinose: bets $6
simper11: calls $6
*** RIVER *** [9d 6c 6d 2s] [Ts]
simper11: checks
K. Ichinose: checks
*** SHOW DOWN ***
simper11: shows [Ks Td] (two pair, Tens and Sixes)
K. Ichinose: mucks hand
simper11 collected $23.52 from pot
*** SUMMARY ***
Total pot $24 | Rake $0.48
Board [9d 6c 6d 2s Ts]
Seat 5: simper11 (big blind) showed [Ks Td] and won ($23.52) with two pair, Tens and Sixes
Seat 6: K. Ichinose (button) (small blind) mucked


PokerStars Hand #157197986546:  Hold'em Limit ($3/$6 USD) - 2016/08/12 16:59:20 ET
Table 'Charon' 10-max Seat #5 is the button
Seat 5: simper11 ($141.84 in chips)
Seat 6: K. Ichinose ($91.21 in chips)
simper11: posts small blind $1
K. Ichinose: posts big blind $3
*** HOLE CARDS ***
simper11: raises $3 to $6
K. Ichinose: calls $3
*** FLOP *** [Ad 7h 9c]
K. Ichinose: checks
simper11: bets $3
K. Ichinose: raises $3 to $6
simper11: calls $3
*** TURN *** [Ad 7h 9c] [8h]
K. Ichinose: bets $6
simper11: calls $6
*** RIVER *** [Ad 7h 9c 8h] [8d]
K. Ichinose: checks
simper11: checks
*** SHOW DOWN ***
K. Ichinose: shows [6d Qd] (a pair of Eights)
simper11: shows [Js Kc] (a pair of Eights - Ace+King kicker)
simper11 collected $35.50 from pot
*** SUMMARY ***
Total pot $36 | Rake $0.50
Board [Ad 7h 9c 8h 8d]
Seat 5: simper11 (button) (small blind) showed [Js Kc] and won ($35.50) with a pair of Eights
Seat 6: K. Ichinose (big blind) showed [6d Qd] and lost with a pair of Eights


PokerStars Hand #157197977495:  Hold'em Limit ($3/$6 USD) - 2016/08/12 16:59:05 ET
Table 'Charon' 10-max Seat #6 is the button
Seat 5: simper11 ($162.84 in chips)
Seat 6: K. Ichinose ($70.71 in chips)
K. Ichinose: posts small blind $1
simper11: posts big blind $3
*** HOLE CARDS ***
K. Ichinose: raises $3 to $6
simper11: calls $3
*** FLOP *** [2s 8s Kd]
simper11: checks
K. Ichinose: bets $3
simper11: calls $3
*** TURN *** [2s 8s Kd] [4h]
simper11: checks
K. Ichinose: bets $6
simper11: calls $6
*** RIVER *** [2s 8s Kd 4h] [2d]
simper11: checks
K. Ichinose: bets $6
simper11: calls $6
*** SHOW DOWN ***
K. Ichinose: shows [8h 5d] (two pair, Eights and Deuces)
simper11: mucks hand
K. Ichinose collected $41.50 from pot
*** SUMMARY ***
Total pot $42 | Rake $0.50
Board [2s 8s Kd 4h 2d]
Seat 5: simper11 (big blind) mucked
Seat 6: K. Ichinose (button) (small blind) showed [8h 5d] and won ($41.50) with two pair, Eights and Deuces


PokerStars Hand #157197974135:  Hold'em Limit ($3/$6 USD) - 2016/08/12 16:58:59 ET
Table 'Charon' 10-max Seat #5 is the button
Seat 5: simper11 ($159.84 in chips)
Seat 6: K. Ichinose ($73.71 in chips)
simper11: posts small blind $1
K. Ichinose: posts big blind $3
*** HOLE CARDS ***
simper11: raises $3 to $6
K. Ichinose: folds
Uncalled bet ($3) returned to simper11
simper11 collected $6 from pot
simper11: doesn't show hand
*** SUMMARY ***
Total pot $6 | Rake $0
Seat 5: simper11 (button) (small blind) collected ($6)
Seat 6: K. Ichinose (big blind) folded before Flop


PokerStars Hand #157198043827:  Hold'em Limit ($3/$6 USD) - 2016/08/12 17:00:53 ET
Table 'Charon' 10-max Seat #5 is the button
Seat 5: simper11 ($176.37 in chips)
Seat 6: K. Ichinose ($54.96 in chips)
simper11: posts small blind $1
K. Ichinose: posts big blind $3
*** HOLE CARDS ***
simper11: raises $3 to $6
K. Ichinose: folds
Uncalled bet ($3) returned to simper11
simper11 collected $6 from pot
simper11: doesn't show hand
*** SUMMARY ***
Total pot $6 | Rake $0
Seat 5: simper11 (button) (small blind) collected ($6)
Seat 6: K. Ichinose (big blind) folded before Flop


PokerStars Hand #157198026078:  Hold'em Limit ($3/$6 USD) - 2016/08/12 17:00:25 ET
Table 'Charon' 10-max Seat #6 is the button
Seat 5: simper11 ($176.62 in chips)
Seat 6: K. Ichinose ($55.21 in chips)
K. Ichinose: posts small blind $1
simper11: posts big blind $3
*** HOLE CARDS ***
K. Ichinose: raises $3 to $6
simper11: calls $3
*** FLOP *** [8c Js Ah]
simper11: checks
K. Ichinose: bets $3
simper11: raises $3 to $6
K. Ichinose: calls $3
*** TURN *** [8c Js Ah] [9h]
simper11: bets $6
K. Ichinose: raises $6 to $12
simper11: calls $6
*** RIVER *** [8c Js Ah 9h] [7d]
simper11: checks
K. Ichinose: checks
*** SHOW DOWN ***
simper11: shows [Ac 5c] (a pair of Aces)
K. Ichinose: shows [4s As] (a pair of Aces)
simper11 collected $23.75 from pot
K. Ichinose collected $23.75 from pot
*** SUMMARY ***
Total pot $48 | Rake $0.50
Board [8c Js Ah 9h 7d]
Seat 5: simper11 (big blind) showed [Ac 5c] and won ($23.75) with a pair of Aces
Seat 6: K. Ichinose (button) (small blind) showed [4s As] and won ($23.75) with a pair of Aces


PokerStars Hand #157198023169:  Hold'em Limit ($3/$6 USD) - 2016/08/12 17:00:20 ET
Table 'Charon' 10-max Seat #5 is the button
Seat 5: simper11 ($177.62 in chips)
Seat 6: K. Ichinose ($54.21 in chips)
simper11: posts small blind $1
K. Ichinose: posts big blind $3
*** HOLE CARDS ***
simper11: folds
Uncalled bet ($2) returned to K. Ichinose
K. Ichinose collected $2 from pot
K. Ichinose: doesn't show hand
*** SUMMARY ***
Total pot $2 | Rake $0
Seat 5: simper11 (button) (small blind) folded before Flop
Seat 6: K. Ichinose (big blind) collected ($2)


PokerStars Hand #157198018618:  Hold'em Limit ($3/$6 USD) - 2016/08/12 17:00:13 ET
Table 'Charon' 10-max Seat #6 is the button
Seat 5: simper11 ($176.62 in chips)
Seat 6: K. Ichinose ($55.21 in chips)
K. Ichinose: posts small blind $1
simper11: posts big blind $3
*** HOLE CARDS ***
K. Ichinose: folds
Uncalled bet ($2) returned to simper11
simper11 collected $2 from pot
simper11: doesn't show hand
*** SUMMARY ***
Total pot $2 | Rake $0
Seat 5: simper11 (big blind) collected ($2)
Seat 6: K. Ichinose (button) (small blind) folded before Flop


PokerStars Hand #157198011593:  Hold'em Limit ($3/$6 USD) - 2016/08/12 17:00:02 ET
Table 'Charon' 10-max Seat #5 is the button
Seat 5: simper11 ($170.86 in chips)
Seat 6: K. Ichinose ($61.21 in chips)
simper11: posts small blind $1
K. Ichinose: posts big blind $3
*** HOLE CARDS ***
simper11: raises $3 to $6
K. Ichinose: calls $3
*** FLOP *** [Kd 5h 7h]
K. Ichinose: checks
simper11: bets $3
K. Ichinose: folds
Uncalled bet ($3) returned to simper11
simper11 collected $11.76 from pot
simper11: doesn't show hand
*** SUMMARY ***
Total pot $12 | Rake $0.24
Board [Kd 5h 7h]
Seat 5: simper11 (button) (small blind) collected ($11.76)
Seat 6: K. Ichinose (big blind) folded on the Flop


PokerStars Hand #157198078547:  Hold'em Limit ($3/$6 USD) - 2016/08/12 17:01:44 ET
Table 'Charon' 10-max Seat #5 is the button
Seat 5: simper11 ($146.37 in chips)
Seat 6: K. Ichinose ($84.10 in chips)
simper11: posts small blind $1
K. Ichinose: posts big blind $3
*** HOLE CARDS ***
Mite1981 joins the table at seat #3
simper11: raises $3 to $6
K. Ichinose: raises $3 to $9
simper11: calls $3
*** FLOP *** [3s Th Kd]
K. Ichinose: checks
simper11: checks
*** TURN *** [3s Th Kd] [7d]
K. Ichinose: bets $6
simper11: folds
Uncalled bet ($6) returned to K. Ichinose
K. Ichinose collected $17.64 from pot
K. Ichinose: doesn't show hand
*** SUMMARY ***
Total pot $18 | Rake $0.36
Board [3s Th Kd 7d]
Seat 5: simper11 (button) (small blind) folded on the Turn
Seat 6: K. Ichinose (big blind) collected ($17.64)


PokerStars Hand #157198063112:  Hold'em Limit ($3/$6 USD) - 2016/08/12 17:01:22 ET
Table 'Charon' 10-max Seat #6 is the button
Seat 5: simper11 ($173.37 in chips)
Seat 6: K. Ichinose ($57.60 in chips)
K. Ichinose: posts small blind $1
simper11: posts big blind $3
*** HOLE CARDS ***
K. Ichinose: raises $3 to $6
simper11: calls $3
*** FLOP *** [Tc 6c Js]
simper11: checks
K. Ichinose: bets $3
simper11: raises $3 to $6
K. Ichinose: raises $3 to $9
simper11: calls $3
*** TURN *** [Tc 6c Js] [2s]
simper11: checks
K. Ichinose: bets $6
simper11: calls $6
*** RIVER *** [Tc 6c Js 2s] [9s]
simper11: checks
K. Ichinose: bets $6
simper11: calls $6
*** SHOW DOWN ***
K. Ichinose: shows [Jd 4d] (a pair of Jacks)
simper11: mucks hand
K. Ichinose collected $53.50 from pot
*** SUMMARY ***
Total pot $54 | Rake $0.50
Board [Tc 6c Js 2s 9s]
Seat 5: simper11 (big blind) mucked
Seat 6: K. Ichinose (button) (small blind) showed [Jd 4d] and won ($53.50) with a pair of Jacks


PokerStars Hand #157198058256:  Hold'em Limit ($3/$6 USD) - 2016/08/12 17:01:15 ET
Table 'Charon' 10-max Seat #5 is the button
Seat 5: simper11 ($170.37 in chips)
Seat 6: K. Ichinose ($60.60 in chips)
simper11: posts small blind $1
K. Ichinose: posts big blind $3
*** HOLE CARDS ***
simper11: raises $3 to $6
K. Ichinose: folds
Uncalled bet ($3) returned to simper11
simper11 collected $6 from pot
simper11: doesn't show hand
*** SUMMARY ***
Total pot $6 | Rake $0
Seat 5: simper11 (button) (small blind) collected ($6)
Seat 6: K. Ichinose (big blind) folded before Flop


PokerStars Hand #157198047654:  Hold'em Limit ($3/$6 USD) - 2016/08/12 17:00:59 ET
Table 'Charon' 10-max Seat #6 is the button
Seat 5: simper11 ($179.37 in chips)
Seat 6: K. Ichinose ($51.96 in chips)
K. Ichinose: posts small blind $1
simper11: posts big blind $3
*** HOLE CARDS ***
K. Ichinose: raises $3 to $6
simper11: calls $3
*** FLOP *** [7c 2h 8d]
simper11: checks
K. Ichinose: bets $3
simper11: calls $3
*** TURN *** [7c 2h 8d] [8c]
simper11: checks
K. Ichinose: bets $6
simper11: folds
Uncalled bet ($6) returned to K. Ichinose
K. Ichinose collected $17.64 from pot
K. Ichinose: doesn't show hand
*** SUMMARY ***
Total pot $18 | Rake $0.36
Board [7c 2h 8d 8c]
Seat 5: simper11 (big blind) folded on the Turn
Seat 6: K. Ichinose (button) (small blind) collected ($17.64)


PokerStars Hand #157198432725:  Hold'em Limit ($3/$6 USD) - 2016/08/12 17:09:50 ET
Table 'Charon' 10-max Seat #7 is the button
Seat 5: simper11 ($124.96 in chips)
Seat 7: pejsson372 ($121.09 in chips)
pejsson372: posts small blind $1
simper11: posts big blind $3
*** HOLE CARDS ***
pejsson372: folds
Uncalled bet ($2) returned to simper11
simper11 collected $2 from pot
simper11: doesn't show hand
*** SUMMARY ***
Total pot $2 | Rake $0
Seat 5: simper11 (big blind) collected ($2)
Seat 7: pejsson372 (button) (small blind) folded before Flop


PokerStars Hand #157198419407:  Hold'em Limit ($3/$6 USD) - 2016/08/12 17:09:32 ET
Table 'Charon' 10-max Seat #5 is the button
Seat 5: simper11 ($133.96 in chips)
Seat 7: pejsson372 ($112.45 in chips)
simper11: posts small blind $1
pejsson372: posts big blind $3
*** HOLE CARDS ***
simper11: raises $3 to $6
pejsson372: calls $3
*** FLOP *** [6h 5d Jd]
pejsson372: bets $3
simper11: calls $3
*** TURN *** [6h 5d Jd] [Ts]
pejsson372: checks
simper11: checks
*** RIVER *** [6h 5d Jd Ts] [7s]
pejsson372: checks
simper11: checks
*** SHOW DOWN ***
pejsson372: shows [5h Kh] (a pair of Fives)
simper11: mucks hand
pejsson372 collected $17.64 from pot
*** SUMMARY ***
Total pot $18 | Rake $0.36
Board [6h 5d Jd Ts 7s]
Seat 5: simper11 (button) (small blind) mucked
Seat 7: pejsson372 (big blind) showed [5h Kh] and won ($17.64) with a pair of Fives


PokerStars Hand #157198437226:  Hold'em Limit ($3/$6 USD) - 2016/08/12 17:09:56 ET
Table 'Charon' 10-max Seat #5 is the button
Seat 5: simper11 ($125.96 in chips)
Seat 7: pejsson372 ($120.09 in chips)
simper11: posts small blind $1
pejsson372: posts big blind $3
*** HOLE CARDS ***
simper11: folds
Uncalled bet ($2) returned to pejsson372
pejsson372 collected $2 from pot
pejsson372: doesn't show hand
*** SUMMARY ***
Total pot $2 | Rake $0
Seat 5: simper11 (button) (small blind) folded before Flop
Seat 7: pejsson372 (big blind) collected ($2)


PokerStars Hand #157198440418:  Hold'em Limit ($3/$6 USD) - 2016/08/12 17:10:00 ET
Table 'Charon' 10-max Seat #7 is the button
Seat 5: simper11 ($124.96 in chips)
Seat 7: pejsson372 ($121.09 in chips)
pejsson372: posts small blind $1
simper11: posts big blind $3
*** HOLE CARDS ***
pejsson372: raises $3 to $6
simper11: calls $3
*** FLOP *** [3c 8s Kc]
simper11: checks
pejsson372: bets $3
simper11: calls $3
*** TURN *** [3c 8s Kc] [7c]
simper11: checks
pejsson372: bets $6
simper11: folds
Uncalled bet ($6) returned to pejsson372
pejsson372 collected $17.64 from pot
pejsson372: doesn't show hand
*** SUMMARY ***
Total pot $18 | Rake $0.36
Board [3c 8s Kc 7c]
Seat 5: simper11 (big blind) folded on the Turn
Seat 7: pejsson372 (button) (small blind) collected ($17.64)


PokerStars Hand #157198450482:  Hold'em Limit ($3/$6 USD) - 2016/08/12 17:10:14 ET
Table 'Charon' 10-max Seat #5 is the button
Seat 5: simper11 ($120 in chips)
Seat 7: pejsson372 ($129.73 in chips)
simper11: posts small blind $1
pejsson372: posts big blind $3
*** HOLE CARDS ***
simper11: raises $3 to $6
pejsson372: calls $3
*** FLOP *** [Js 5s Tc]
pejsson372: checks
simper11: bets $3
pejsson372: calls $3
*** TURN *** [Js 5s Tc] [Jd]
pejsson372: checks
simper11: checks
*** RIVER *** [Js 5s Tc Jd] [2d]
pejsson372: bets $6
simper11: folds
Uncalled bet ($6) returned to pejsson372
pejsson372 collected $17.64 from pot
pejsson372: doesn't show hand
*** SUMMARY ***
Total pot $18 | Rake $0.36
Board [Js 5s Tc Jd 2d]
Seat 5: simper11 (button) (small blind) folded on the River
Seat 7: pejsson372 (big blind) collected ($17.64)


PokerStars Hand #157198468879:  Hold'em Limit ($3/$6 USD) - 2016/08/12 17:10:39 ET
Table 'Charon' 10-max Seat #7 is the button
Seat 5: simper11 ($120 in chips)
Seat 7: pejsson372 ($138.37 in chips)
pejsson372: posts small blind $1
simper11: posts big blind $3
*** HOLE CARDS ***
pejsson372: calls $2
simper11: raises $3 to $6
pejsson372: calls $3
*** FLOP *** [8s Jh 6h]
simper11: bets $3
pejsson372: calls $3
*** TURN *** [8s Jh 6h] [2c]
simper11: bets $6
pejsson372: calls $6
*** RIVER *** [8s Jh 6h 2c] [Qd]
simper11: bets $6
pejsson372: raises $6 to $12
simper11: calls $6
*** SHOW DOWN ***
pejsson372: shows [6s Qs] (two pair, Queens and Sixes)
simper11: mucks hand
pejsson372 collected $53.50 from pot
*** SUMMARY ***
Total pot $54 | Rake $0.50
Board [8s Jh 6h 2c Qd]
Seat 5: simper11 (big blind) mucked
Seat 7: pejsson372 (button) (small blind) showed [6s Qs] and won ($53.50) with two pair, Queens and Sixes


PokerStars Hand #157198488643:  Hold'em Limit ($3/$6 USD) - 2016/08/12 17:11:06 ET
Table 'Charon' 10-max Seat #5 is the button
Seat 5: simper11 ($120 in chips)
Seat 7: pejsson372 ($164.87 in chips)
simper11: posts small blind $1
pejsson372: posts big blind $3
*** HOLE CARDS ***
simper11 said, "lolo"
simper11 said, "lololo"
simper11: raises $3 to $6
pejsson372: calls $3
*** FLOP *** [8c 5h Js]
pejsson372: checks
simper11: bets $3
pejsson372: calls $3
*** TURN *** [8c 5h Js] [3s]
pejsson372: checks
simper11: bets $6
pejsson372: folds
Uncalled bet ($6) returned to simper11
simper11 collected $17.64 from pot
simper11: doesn't show hand
*** SUMMARY ***
Total pot $18 | Rake $0.36
Board [8c 5h Js 3s]
Seat 5: simper11 (button) (small blind) collected ($17.64)
Seat 7: pejsson372 (big blind) folded on the Turn


PokerStars Hand #157198506947:  Hold'em Limit ($3/$6 USD) - 2016/08/12 17:11:31 ET
Table 'Charon' 10-max Seat #7 is the button
Seat 5: simper11 ($128.64 in chips)
Seat 7: pejsson372 ($155.87 in chips)
pejsson372: posts small blind $1
simper11: posts big blind $3
*** HOLE CARDS ***
pejsson372: calls $2
simper11: checks
*** FLOP *** [4c Ah Kd]
simper11: checks
pejsson372: checks
*** TURN *** [4c Ah Kd] [8s]
simper11: checks
pejsson372: checks
*** RIVER *** [4c Ah Kd 8s] [Ts]
simper11: checks
pejsson372: checks
*** SHOW DOWN ***
simper11: shows [Jd 6d] (high card Ace)
pejsson372: shows [3h Jh] (high card Ace)
simper11 collected $2.94 from pot
pejsson372 collected $2.94 from pot
*** SUMMARY ***
Total pot $6 | Rake $0.12
Board [4c Ah Kd 8s Ts]
Seat 5: simper11 (big blind) showed [Jd 6d] and won ($2.94) with high card Ace
Seat 7: pejsson372 (button) (small blind) showed [3h Jh] and won ($2.94) with high card Ace


PokerStars Hand #157198524393:  Hold'em Limit ($3/$6 USD) - 2016/08/12 17:11:55 ET
Table 'Charon' 10-max Seat #5 is the button
Seat 5: simper11 ($128.58 in chips)
Seat 7: pejsson372 ($155.81 in chips)
simper11: posts small blind $1
pejsson372: posts big blind $3
*** HOLE CARDS ***
simper11: raises $3 to $6
pejsson372: calls $3
*** FLOP *** [8c 5d Ac]
pejsson372: bets $3
simper11: raises $3 to $6
pejsson372: calls $3
*** TURN *** [8c 5d Ac] [8s]
pejsson372: checks
simper11: bets $6
pejsson372: calls $6
*** RIVER *** [8c 5d Ac 8s] [Jc]
pejsson372: bets $6
simper11: raises $6 to $12
pejsson372: folds
Uncalled bet ($6) returned to simper11
simper11 collected $47.50 from pot
simper11: doesn't show hand
*** SUMMARY ***
Total pot $48 | Rake $0.50
Board [8c 5d Ac 8s Jc]
Seat 5: simper11 (button) (small blind) collected ($47.50)
Seat 7: pejsson372 (big blind) folded on the River


PokerStars Hand #157198556532:  Hold'em Limit ($3/$6 USD) - 2016/08/12 17:12:39 ET
Table 'Charon' 10-max Seat #7 is the button
Seat 5: simper11 ($152.08 in chips)
Seat 7: pejsson372 ($131.81 in chips)
pejsson372: posts small blind $1
simper11: posts big blind $3
*** HOLE CARDS ***
pejsson372: folds
Uncalled bet ($2) returned to simper11
simper11 collected $2 from pot
simper11: doesn't show hand
*** SUMMARY ***
Total pot $2 | Rake $0
Seat 5: simper11 (big blind) collected ($2)
Seat 7: pejsson372 (button) (small blind) folded before Flop


PokerStars Hand #157198562250:  Hold'em Limit ($3/$6 USD) - 2016/08/12 17:12:47 ET
Table 'Charon' 10-max Seat #5 is the button
Seat 5: simper11 ($153.08 in chips)
Seat 7: pejsson372 ($130.81 in chips)
simper11: posts small blind $1
pejsson372: posts big blind $3
*** HOLE CARDS ***
simper11: raises $3 to $6
pejsson372: folds
Uncalled bet ($3) returned to simper11
pejsson372 leaves the table
simper11 collected $6 from pot
simper11: doesn't show hand
*** SUMMARY ***
Total pot $6 | Rake $0
Seat 5: simper11 (button) (small blind) collected ($6)
Seat 7: pejsson372 (big blind) folded before Flop


