PokerStars Hand #148499805812:  Hold'em Limit ($3/$6 USD) - 2016/02/09 8:49:21 ET
Table 'Charon' 6-max Seat #6 is the button
Seat 4: Agrotait ($68.76 in chips)
Seat 6: las59 ($74.64 in chips)
las59: posts small blind $1
Agrotait: posts big blind $3
*** HOLE CARDS ***
las59: folds
Uncalled bet ($2) returned to Agrotait
Agrotait collected $2 from pot
Agrotait: doesn't show hand
*** SUMMARY ***
Total pot $2 | Rake $0
Seat 4: Agrotait (big blind) collected ($2)
Seat 6: las59 (button) (small blind) folded before Flop


PokerStars Hand #148499796216:  Hold'em Limit ($3/$6 USD) - 2016/02/09 8:49:08 ET
Table 'Charon' 6-max Seat #4 is the button
Seat 4: Agrotait ($63 in chips)
Seat 6: las59 ($80.64 in chips)
Agrotait: posts small blind $1
las59: posts big blind $3
*** HOLE CARDS ***
Agrotait: raises $3 to $6
las59: calls $3
*** FLOP *** [Kh Ad 9s]
las59: checks
Agrotait: bets $3
las59: folds
Uncalled bet ($3) returned to Agrotait
Agrotait collected $11.76 from pot
Agrotait: doesn't show hand
*** SUMMARY ***
Total pot $12 | Rake $0.24
Board [Kh Ad 9s]
Seat 4: Agrotait (button) (small blind) collected ($11.76)
Seat 6: las59 (big blind) folded on the Flop


PokerStars Hand #148499738347:  Hold'em Limit ($3/$6 USD) - 2016/02/09 8:47:49 ET
Table 'Charon' 6-max Seat #6 is the button
Seat 4: Agrotait ($72 in chips)
Seat 6: las59 ($72 in chips)
las59: posts small blind $1
Agrotait: posts big blind $3
*** HOLE CARDS ***
las59: raises $3 to $6
Agrotait: calls $3
*** FLOP *** [Kc 9d 4c]
Agrotait: checks
las59: bets $3
Agrotait: calls $3
*** TURN *** [Kc 9d 4c] [5h]
Agrotait: checks
las59: bets $6
Agrotait: folds
Uncalled bet ($6) returned to las59
las59 collected $17.64 from pot
*** SUMMARY ***
Total pot $18 | Rake $0.36
Board [Kc 9d 4c 5h]
Seat 4: Agrotait (big blind) folded on the Turn
Seat 6: las59 (button) (small blind) collected ($17.64)


PokerStars Hand #148499850757:  Hold'em Limit ($3/$6 USD) - 2016/02/09 8:50:22 ET
Table 'Charon' 6-max Seat #4 is the button
Seat 4: Agrotait ($69 in chips)
Seat 6: las59 ($100.14 in chips)
Agrotait: posts small blind $1
las59: posts big blind $3
*** HOLE CARDS ***
Agrotait: raises $3 to $6
las59: calls $3
*** FLOP *** [4h As 6h]
las59: checks
Agrotait: bets $3
las59: calls $3
*** TURN *** [4h As 6h] [Ks]
las59: checks
Agrotait: bets $6
las59: folds
Uncalled bet ($6) returned to Agrotait
Agrotait collected $17.64 from pot
Agrotait: doesn't show hand
*** SUMMARY ***
Total pot $18 | Rake $0.36
Board [4h As 6h Ks]
Seat 4: Agrotait (button) (small blind) collected ($17.64)
Seat 6: las59 (big blind) folded on the Turn


PokerStars Hand #148499843805:  Hold'em Limit ($3/$6 USD) - 2016/02/09 8:50:13 ET
Table 'Charon' 6-max Seat #6 is the button
Seat 4: Agrotait ($72 in chips)
Seat 6: las59 ($97.14 in chips)
las59: posts small blind $1
Agrotait: posts big blind $3
*** HOLE CARDS ***
las59: raises $3 to $6
Agrotait: folds
Uncalled bet ($3) returned to las59
las59 collected $6 from pot
*** SUMMARY ***
Total pot $6 | Rake $0
Seat 4: Agrotait (big blind) folded before Flop
Seat 6: las59 (button) (small blind) collected ($6)


PokerStars Hand #148499810109:  Hold'em Limit ($3/$6 USD) - 2016/02/09 8:49:27 ET
Table 'Charon' 6-max Seat #4 is the button
Seat 4: Agrotait ($69.76 in chips)
Seat 6: las59 ($73.64 in chips)
Agrotait: posts small blind $1
las59: posts big blind $3
*** HOLE CARDS ***
Agrotait: raises $3 to $6
las59: raises $3 to $9
Agrotait: calls $3
*** FLOP *** [4s 4d Kh]
las59: bets $3
Agrotait: calls $3
*** TURN *** [4s 4d Kh] [4h]
las59: bets $6
Agrotait: calls $6
*** RIVER *** [4s 4d Kh 4h] [Jd]
las59: bets $6
Agrotait: calls $6
*** SHOW DOWN ***
las59: shows [Qc Qh] (a full house, Fours full of Queens)
Agrotait: mucks hand
las59 collected $47.50 from pot
*** SUMMARY ***
Total pot $48 | Rake $0.50
Board [4s 4d Kh 4h Jd]
Seat 4: Agrotait (button) (small blind) mucked
Seat 6: las59 (big blind) showed [Qc Qh] and won ($47.50) with a full house, Fours full of Queens


PokerStars Hand #148499884236:  Hold'em Limit ($3/$6 USD) - 2016/02/09 8:51:08 ET
Table 'Charon' 6-max Seat #4 is the button
Seat 4: Agrotait ($74.64 in chips)
Seat 6: las59 ($94.14 in chips)
Agrotait: posts small blind $1
las59: posts big blind $3
*** HOLE CARDS ***
Agrotait: raises $3 to $6
las59: raises $3 to $9
Agrotait: calls $3
*** FLOP *** [4s 9s 5s]
las59: bets $3
Agrotait: raises $3 to $6
las59: raises $3 to $9
Agrotait: calls $3
*** TURN *** [4s 9s 5s] [7h]
las59: bets $6
Agrotait: calls $6
*** RIVER *** [4s 9s 5s 7h] [3c]
las59: checks
Agrotait: bets $6
las59: calls $6
*** SHOW DOWN ***
Agrotait: shows [Js 9c] (a pair of Nines)
las59: mucks hand
Agrotait collected $59.50 from pot
*** SUMMARY ***
Total pot $60 | Rake $0.50
Board [4s 9s 5s 7h 3c]
Seat 4: Agrotait (button) (small blind) showed [Js 9c] and won ($59.50) with a pair of Nines
Seat 6: las59 (big blind) mucked


PokerStars Hand #148499879087:  Hold'em Limit ($3/$6 USD) - 2016/02/09 8:51:01 ET
Table 'Charon' 6-max Seat #6 is the button
Seat 4: Agrotait ($73.64 in chips)
Seat 6: las59 ($95.14 in chips)
las59: posts small blind $1
Agrotait: posts big blind $3
*** HOLE CARDS ***
las59: folds
Uncalled bet ($2) returned to Agrotait
Agrotait collected $2 from pot
Agrotait: doesn't show hand
*** SUMMARY ***
Total pot $2 | Rake $0
Seat 4: Agrotait (big blind) collected ($2)
Seat 6: las59 (button) (small blind) folded before Flop


PokerStars Hand #148499873928:  Hold'em Limit ($3/$6 USD) - 2016/02/09 8:50:54 ET
Table 'Charon' 6-max Seat #4 is the button
Seat 4: Agrotait ($74.64 in chips)
Seat 6: las59 ($94.14 in chips)
Agrotait: posts small blind $1
las59: posts big blind $3
*** HOLE CARDS ***
Agrotait: folds
Uncalled bet ($2) returned to las59
las59 collected $2 from pot
*** SUMMARY ***
Total pot $2 | Rake $0
Seat 4: Agrotait (button) (small blind) folded before Flop
Seat 6: las59 (big blind) collected ($2)


PokerStars Hand #148499868090:  Hold'em Limit ($3/$6 USD) - 2016/02/09 8:50:46 ET
Table 'Charon' 6-max Seat #6 is the button
Seat 4: Agrotait ($77.64 in chips)
Seat 6: las59 ($91.14 in chips)
las59: posts small blind $1
Agrotait: posts big blind $3
*** HOLE CARDS ***
las59: raises $3 to $6
Agrotait: folds
Uncalled bet ($3) returned to las59
las59 collected $6 from pot
*** SUMMARY ***
Total pot $6 | Rake $0
Seat 4: Agrotait (big blind) folded before Flop
Seat 6: las59 (button) (small blind) collected ($6)


PokerStars Hand #148499915147:  Hold'em Limit ($3/$6 USD) - 2016/02/09 8:51:51 ET
Table 'Charon' 6-max Seat #6 is the button
Seat 4: Agrotait ($104.14 in chips)
Seat 6: las59 ($64.14 in chips)
las59: posts small blind $1
Agrotait: posts big blind $3
*** HOLE CARDS ***
las59: raises $3 to $6
Agrotait: calls $3
*** FLOP *** [5d 3s 9s]
Agrotait: checks
las59: checks
*** TURN *** [5d 3s 9s] [Jh]
Pandakey joins the table at seat #1
Agrotait: checks
las59: bets $6
Agrotait: calls $6
*** RIVER *** [5d 3s 9s Jh] [Qs]
Agrotait: checks
las59: checks
*** SHOW DOWN ***
Agrotait: shows [Ts Kh] (a straight, Nine to King)
las59: mucks hand
Agrotait collected $23.52 from pot
*** SUMMARY ***
Total pot $24 | Rake $0.48
Board [5d 3s 9s Jh Qs]
Seat 4: Agrotait (big blind) showed [Ts Kh] and won ($23.52) with a straight, Nine to King
Seat 6: las59 (button) (small blind) mucked


PokerStars Hand #148499958569:  Hold'em Limit ($3/$6 USD) - 2016/02/09 8:52:50 ET
Table 'Charon' 6-max Seat #4 is the button
Seat 4: Agrotait ($115.66 in chips)
Seat 6: las59 ($52.14 in chips)
Agrotait: posts small blind $1
las59: posts big blind $3
*** HOLE CARDS ***
Agrotait: raises $3 to $6
las59: calls $3
*** FLOP *** [9c 3s Qd]
las59: checks
Agrotait: bets $3
las59: calls $3
*** TURN *** [9c 3s Qd] [3h]
las59: checks
Agrotait: bets $6
las59: raises $6 to $12
Agrotait: calls $6
*** RIVER *** [9c 3s Qd 3h] [Th]
las59: bets $6
Agrotait: calls $6
*** SHOW DOWN ***
las59: shows [Qh 8s] (two pair, Queens and Threes)
Agrotait: shows [Qc Ks] (two pair, Queens and Threes - King kicker)
Agrotait collected $53.50 from pot
*** SUMMARY ***
Total pot $54 | Rake $0.50
Board [9c 3s Qd 3h Th]
Seat 4: Agrotait (button) (small blind) showed [Qc Ks] and won ($53.50) with two pair, Queens and Threes
Seat 6: las59 (big blind) showed [Qh 8s] and lost with two pair, Queens and Threes


