PokerStars Hand #147313724751:  Hold'em Limit ($3/$6 USD) - 2016/01/19 11:31:19 ET
Table 'Charis III' 10-max Seat #9 is the button
Seat 8: perten ($68.92 in chips)
Seat 9: kolaz03 ($72 in chips)
kolaz03: posts small blind $1
perten: posts big blind $3
*** HOLE CARDS ***
kolaz03: raises $3 to $6
perten: raises $3 to $9
kolaz03: calls $3
*** FLOP *** [9s 7d 7h]
perten: bets $3
kolaz03: calls $3
*** TURN *** [9s 7d 7h] [Th]
perten: bets $6
kolaz03: calls $6
*** RIVER *** [9s 7d 7h Th] [3s]
perten: bets $6
kolaz03: calls $6
*** SHOW DOWN ***
perten: shows [Kc Ks] (two pair, Kings and Sevens)
kolaz03: mucks hand
perten collected $47.50 from pot
*** SUMMARY ***
Total pot $48 | Rake $0.50
Board [9s 7d 7h Th 3s]
Seat 8: perten (big blind) showed [Kc Ks] and won ($47.50) with two pair, Kings and Sevens
Seat 9: kolaz03 (button) (small blind) mucked


PokerStars Hand #147313747977:  Hold'em Limit ($3/$6 USD) - 2016/01/19 11:31:45 ET
Table 'Charis III' 10-max Seat #8 is the button
Seat 8: perten ($92.42 in chips)
Seat 9: kolaz03 ($72 in chips)
perten: posts small blind $1
kolaz03: posts big blind $3
*** HOLE CARDS ***
perten: raises $3 to $6
VolkovDmitri leaves the table
kolaz03: calls $3
*** FLOP *** [3c Jh 6h]
kolaz03: checks
perten: bets $3
kolaz03: calls $3
*** TURN *** [3c Jh 6h] [4c]
kolaz03: checks
perten: checks
*** RIVER *** [3c Jh 6h 4c] [9c]
kolaz03: checks
perten: checks
*** SHOW DOWN ***
kolaz03: shows [7c As] (high card Ace)
perten: shows [9d Tc] (a pair of Nines)
perten collected $17.64 from pot
*** SUMMARY ***
Total pot $18 | Rake $0.36
Board [3c Jh 6h 4c 9c]
Seat 8: perten (button) (small blind) showed [9d Tc] and won ($17.64) with a pair of Nines
Seat 9: kolaz03 (big blind) showed [7c As] and lost with high card Ace


PokerStars Hand #147319953685:  Hold'em Limit ($3/$6 USD) - 2016/01/19 13:19:58 ET
Table 'Charis III' 10-max Seat #10 is the button
Seat 1: VolkovDmitri ($120 in chips)
Seat 10: sailence ($117.05 in chips)
sailence: posts small blind $1
VolkovDmitri: posts big blind $3
*** HOLE CARDS ***
sailence: raises $3 to $6
grabaz joins the table at seat #2
SashaYuvelir joins the table at seat #3
VolkovDmitri: calls $3
*** FLOP *** [Th 8h 7d]
VolkovDmitri: checks
sailence: bets $3
VolkovDmitri: raises $3 to $6
sailence: raises $3 to $9
VolkovDmitri: calls $3
*** TURN *** [Th 8h 7d] [2c]
VolkovDmitri: checks
sailence: bets $6
VolkovDmitri: calls $6
*** RIVER *** [Th 8h 7d 2c] [6s]
VolkovDmitri: checks
sailence: bets $6
VolkovDmitri: folds
Uncalled bet ($6) returned to sailence
sailence collected $41.50 from pot
*** SUMMARY ***
Total pot $42 | Rake $0.50
Board [Th 8h 7d 2c 6s]
Seat 1: VolkovDmitri (big blind) folded on the River
Seat 10: sailence (button) (small blind) collected ($41.50)


PokerStars Hand #147335440868:  Hold'em Limit ($3/$6 USD) - 2016/01/19 17:22:03 ET
Table 'Charis III' 10-max Seat #7 is the button
Seat 7: koprinski921 ($95.41 in chips)
Seat 10: MTails ($93.52 in chips)
koprinski921: posts small blind $1
MTails: posts big blind $3
*** HOLE CARDS ***
koprinski921: folds
Uncalled bet ($2) returned to MTails
MTails collected $2 from pot
*** SUMMARY ***
Total pot $2 | Rake $0
Seat 7: koprinski921 (button) (small blind) folded before Flop
Seat 10: MTails (big blind) collected ($2)


PokerStars Hand #147335433764:  Hold'em Limit ($3/$6 USD) - 2016/01/19 17:21:55 ET
Table 'Charis III' 10-max Seat #10 is the button
Seat 7: koprinski921 ($98.41 in chips)
Seat 10: MTails ($90.52 in chips)
MTails: posts small blind $1
koprinski921: posts big blind $3
*** HOLE CARDS ***
MTails: raises $3 to $6
koprinski921: folds
Uncalled bet ($3) returned to MTails
MTails collected $6 from pot
MTails: doesn't show hand
*** SUMMARY ***
Total pot $6 | Rake $0
Seat 7: koprinski921 (big blind) folded before Flop
Seat 10: MTails (button) (small blind) collected ($6)


PokerStars Hand #147335419687:  Hold'em Limit ($3/$6 USD) - 2016/01/19 17:21:41 ET
Table 'Charis III' 10-max Seat #7 is the button
Seat 7: koprinski921 ($104.41 in chips)
Seat 10: MTails ($84.76 in chips)
koprinski921: posts small blind $1
MTails: posts big blind $3
*** HOLE CARDS ***
koprinski921: raises $3 to $6
MTails: calls $3
*** FLOP *** [3d Jd 6h]
MTails: checks
koprinski921: checks
*** TURN *** [3d Jd 6h] [4c]
MTails: bets $6
koprinski921: folds
Uncalled bet ($6) returned to MTails
MTails collected $11.76 from pot
*** SUMMARY ***
Total pot $12 | Rake $0.24
Board [3d Jd 6h 4c]
Seat 7: koprinski921 (button) (small blind) folded on the Turn
Seat 10: MTails (big blind) collected ($11.76)


PokerStars Hand #147335397934:  Hold'em Limit ($3/$6 USD) - 2016/01/19 17:21:20 ET
Table 'Charis III' 10-max Seat #10 is the button
Seat 7: koprinski921 ($89.91 in chips)
Seat 10: MTails ($99.76 in chips)
MTails: posts small blind $1
koprinski921: posts big blind $3
*** HOLE CARDS ***
MTails: raises $3 to $6
koprinski921: calls $3
*** FLOP *** [4h 5h 6h]
koprinski921: bets $3
MTails: calls $3
*** TURN *** [4h 5h 6h] [Ac]
koprinski921: checks
MTails: bets $6
koprinski921: calls $6
*** RIVER *** [4h 5h 6h Ac] [Qd]
koprinski921: checks
MTails: checks
*** SHOW DOWN ***
koprinski921: shows [8s Kh] (high card Ace)
grabaz leaves the table
MTails: mucks hand
koprinski921 collected $29.50 from pot
*** SUMMARY ***
Total pot $30 | Rake $0.50
Board [4h 5h 6h Ac Qd]
Seat 7: koprinski921 (big blind) showed [8s Kh] and won ($29.50) with high card Ace
Seat 10: MTails (button) (small blind) mucked


PokerStars Hand #147335513948:  Hold'em Limit ($3/$6 USD) - 2016/01/19 17:23:16 ET
Table 'Charis III' 10-max Seat #10 is the button
Seat 7: koprinski921 ($89.91 in chips)
Seat 10: MTails ($98.02 in chips)
MTails: posts small blind $1
koprinski921: posts big blind $3
*** HOLE CARDS ***
MTails: raises $3 to $6
koprinski921: folds
Uncalled bet ($3) returned to MTails
MTails collected $6 from pot
*** SUMMARY ***
Total pot $6 | Rake $0
Seat 7: koprinski921 (big blind) folded before Flop
Seat 10: MTails (button) (small blind) collected ($6)


PokerStars Hand #147335504553:  Hold'em Limit ($3/$6 USD) - 2016/01/19 17:23:07 ET
Table 'Charis III' 10-max Seat #7 is the button
Seat 7: koprinski921 ($86.91 in chips)
Seat 10: MTails ($101.02 in chips)
koprinski921: posts small blind $1
MTails: posts big blind $3
*** HOLE CARDS ***
koprinski921: raises $3 to $6
MTails: folds
Uncalled bet ($3) returned to koprinski921
koprinski921 collected $6 from pot
koprinski921: doesn't show hand
*** SUMMARY ***
Total pot $6 | Rake $0
Seat 7: koprinski921 (button) (small blind) collected ($6)
Seat 10: MTails (big blind) folded before Flop


PokerStars Hand #147335480666:  Hold'em Limit ($3/$6 USD) - 2016/01/19 17:22:43 ET
Table 'Charis III' 10-max Seat #10 is the button
Seat 7: koprinski921 ($69.41 in chips)
Seat 10: MTails ($119.02 in chips)
MTails: posts small blind $1
koprinski921: posts big blind $3
*** HOLE CARDS ***
MTails: raises $3 to $6
koprinski921: raises $3 to $9
GoliafUa leaves the table
MTails: calls $3
*** FLOP *** [Js 9d Kc]
koprinski921: bets $3
MTails: calls $3
*** TURN *** [Js 9d Kc] [9h]
koprinski921: bets $6
MTails: calls $6
*** RIVER *** [Js 9d Kc 9h] [Qs]
koprinski921: bets $6
MTails: folds
Uncalled bet ($6) returned to koprinski921
koprinski921 collected $35.50 from pot
koprinski921: doesn't show hand
*** SUMMARY ***
Total pot $36 | Rake $0.50
Board [Js 9d Kc 9h Qs]
Seat 7: koprinski921 (big blind) collected ($35.50)
Seat 10: MTails (button) (small blind) folded on the River


PokerStars Hand #147335475801:  Hold'em Limit ($3/$6 USD) - 2016/01/19 17:22:38 ET
Table 'Charis III' 10-max Seat #7 is the button
Seat 7: koprinski921 ($70.41 in chips)
Seat 10: MTails ($118.02 in chips)
koprinski921: posts small blind $1
MTails: posts big blind $3
*** HOLE CARDS ***
koprinski921: folds
Uncalled bet ($2) returned to MTails
MTails collected $2 from pot
*** SUMMARY ***
Total pot $2 | Rake $0
Seat 7: koprinski921 (button) (small blind) folded before Flop
Seat 10: MTails (big blind) collected ($2)


PokerStars Hand #147335446447:  Hold'em Limit ($3/$6 USD) - 2016/01/19 17:22:08 ET
Table 'Charis III' 10-max Seat #10 is the button
Seat 7: koprinski921 ($94.41 in chips)
Seat 10: MTails ($94.52 in chips)
MTails: posts small blind $1
koprinski921: posts big blind $3
*** HOLE CARDS ***
MTails: raises $3 to $6
koprinski921: raises $3 to $9
MTails: calls $3
*** FLOP *** [6s Td As]
koprinski921: bets $3
MTails: calls $3
*** TURN *** [6s Td As] [9s]
koprinski921: bets $6
MTails: calls $6
*** RIVER *** [6s Td As 9s] [9h]
koprinski921: checks
MTails: bets $6
koprinski921: calls $6
*** SHOW DOWN ***
MTails: shows [Th 7c] (two pair, Tens and Nines)
koprinski921: mucks hand
MTails collected $47.50 from pot
*** SUMMARY ***
Total pot $48 | Rake $0.50
Board [6s Td As 9s 9h]
Seat 7: koprinski921 (big blind) mucked
Seat 10: MTails (button) (small blind) showed [Th 7c] and won ($47.50) with two pair, Tens and Nines


PokerStars Hand #147335567617:  Hold'em Limit ($3/$6 USD) - 2016/01/19 17:24:10 ET
Table 'Charis III' 10-max Seat #10 is the button
Seat 7: koprinski921 ($59.91 in chips)
Seat 10: MTails ($127.28 in chips)
MTails: posts small blind $1
koprinski921: posts big blind $3
*** HOLE CARDS ***
MTails: folds
Uncalled bet ($2) returned to koprinski921
koprinski921 collected $2 from pot
koprinski921: doesn't show hand
*** SUMMARY ***
Total pot $2 | Rake $0
Seat 7: koprinski921 (big blind) collected ($2)
Seat 10: MTails (button) (small blind) folded before Flop


PokerStars Hand #147335546504:  Hold'em Limit ($3/$6 USD) - 2016/01/19 17:23:49 ET
Table 'Charis III' 10-max Seat #7 is the button
Seat 7: koprinski921 ($77.91 in chips)
Seat 10: MTails ($109.78 in chips)
koprinski921: posts small blind $1
MTails: posts big blind $3
*** HOLE CARDS ***
koprinski921: raises $3 to $6
MTails: calls $3
*** FLOP *** [2h 8s Td]
MTails: checks
koprinski921: bets $3
MTails: raises $3 to $6
koprinski921: calls $3
*** TURN *** [2h 8s Td] [As]
MTails: checks
koprinski921: checks
*** RIVER *** [2h 8s Td As] [Ad]
MTails: bets $6
koprinski921: calls $6
*** SHOW DOWN ***
MTails: shows [2d 7d] (two pair, Aces and Deuces)
koprinski921: mucks hand
MTails collected $35.50 from pot
*** SUMMARY ***
Total pot $36 | Rake $0.50
Board [2h 8s Td As Ad]
Seat 7: koprinski921 (button) (small blind) mucked
Seat 10: MTails (big blind) showed [2d 7d] and won ($35.50) with two pair, Aces and Deuces


PokerStars Hand #147335539767:  Hold'em Limit ($3/$6 USD) - 2016/01/19 17:23:42 ET
Table 'Charis III' 10-max Seat #10 is the button
Seat 7: koprinski921 ($80.91 in chips)
Seat 10: MTails ($106.78 in chips)
MTails: posts small blind $1
koprinski921: posts big blind $3
*** HOLE CARDS ***
MTails: raises $3 to $6
koprinski921: folds
Uncalled bet ($3) returned to MTails
MTails collected $6 from pot
*** SUMMARY ***
Total pot $6 | Rake $0
Seat 7: koprinski921 (big blind) folded before Flop
Seat 10: MTails (button) (small blind) collected ($6)


PokerStars Hand #147335520797:  Hold'em Limit ($3/$6 USD) - 2016/01/19 17:23:23 ET
Table 'Charis III' 10-max Seat #7 is the button
Seat 7: koprinski921 ($86.91 in chips)
Seat 10: MTails ($101.02 in chips)
koprinski921: posts small blind $1
MTails: posts big blind $3
*** HOLE CARDS ***
koprinski921: raises $3 to $6
MTails: calls $3
*** FLOP *** [5h Td 3d]
MTails: checks
koprinski921: checks
*** TURN *** [5h Td 3d] [Kd]
MTails: bets $6
koprinski921: folds
Uncalled bet ($6) returned to MTails
MTails collected $11.76 from pot
*** SUMMARY ***
Total pot $12 | Rake $0.24
Board [5h Td 3d Kd]
Seat 7: koprinski921 (button) (small blind) folded on the Turn
Seat 10: MTails (big blind) collected ($11.76)


PokerStars Hand #147335627974:  Hold'em Limit ($3/$6 USD) - 2016/01/19 17:25:09 ET
Table 'Charis III' 10-max Seat #7 is the button
Seat 7: koprinski921 ($101.91 in chips)
Seat 10: MTails ($84.28 in chips)
koprinski921: posts small blind $1
MTails: posts big blind $3
*** HOLE CARDS ***
koprinski921: raises $3 to $6
MTails: calls $3
*** FLOP *** [8d Th 5c]
MTails: checks
koprinski921: bets $3
MTails: calls $3
*** TURN *** [8d Th 5c] [3d]
MTails: checks
koprinski921: bets $6
MTails: folds
Uncalled bet ($6) returned to koprinski921
koprinski921 collected $17.64 from pot
koprinski921: doesn't show hand
*** SUMMARY ***
Total pot $18 | Rake $0.36
Board [8d Th 5c 3d]
Seat 7: koprinski921 (button) (small blind) collected ($17.64)
Seat 10: MTails (big blind) folded on the Turn


PokerStars Hand #147335601835:  Hold'em Limit ($3/$6 USD) - 2016/01/19 17:24:44 ET
Table 'Charis III' 10-max Seat #10 is the button
Seat 7: koprinski921 ($87.41 in chips)
Seat 10: MTails ($99.28 in chips)
MTails: posts small blind $1
koprinski921: posts big blind $3
*** HOLE CARDS ***
MTails: raises $3 to $6
koprinski921: raises $3 to $9
MTails: calls $3
*** FLOP *** [8d Qh 9d]
koprinski921: checks
MTails: bets $3
koprinski921: raises $3 to $6
MTails: calls $3
*** TURN *** [8d Qh 9d] [2h]
koprinski921: bets $6
MTails: folds
Uncalled bet ($6) returned to koprinski921
koprinski921 collected $29.50 from pot
koprinski921: doesn't show hand
*** SUMMARY ***
Total pot $30 | Rake $0.50
Board [8d Qh 9d 2h]
Seat 7: koprinski921 (big blind) collected ($29.50)
Seat 10: MTails (button) (small blind) folded on the Turn


PokerStars Hand #147335573259:  Hold'em Limit ($3/$6 USD) - 2016/01/19 17:24:15 ET
Table 'Charis III' 10-max Seat #7 is the button
Seat 7: koprinski921 ($60.91 in chips)
Seat 10: MTails ($126.28 in chips)
koprinski921: posts small blind $1
MTails: posts big blind $3
*** HOLE CARDS ***
koprinski921: raises $3 to $6
MTails: calls $3
*** FLOP *** [5s Tc 2h]
MTails: checks
koprinski921: bets $3
MTails: calls $3
*** TURN *** [5s Tc 2h] [6h]
MTails: checks
koprinski921: bets $6
MTails: raises $6 to $12
koprinski921: calls $6
*** RIVER *** [5s Tc 2h 6h] [Ad]
MTails: bets $6
koprinski921: raises $6 to $12
MTails: folds
Uncalled bet ($6) returned to koprinski921
koprinski921 collected $53.50 from pot
koprinski921: doesn't show hand
*** SUMMARY ***
Total pot $54 | Rake $0.50
Board [5s Tc 2h 6h Ad]
Seat 7: koprinski921 (button) (small blind) collected ($53.50)
Seat 10: MTails (big blind) folded on the River


PokerStars Hand #147335651928:  Hold'em Limit ($3/$6 USD) - 2016/01/19 17:25:30 ET
Table 'Charis III' 10-max Seat #7 is the button
Seat 7: koprinski921 ($107.55 in chips)
Seat 10: MTails ($78.28 in chips)
koprinski921: posts small blind $1
MTails: posts big blind $3
*** HOLE CARDS ***
koprinski921: folds
Uncalled bet ($2) returned to MTails
MTails collected $2 from pot
MTails: doesn't show hand
*** SUMMARY ***
Total pot $2 | Rake $0
Seat 7: koprinski921 (button) (small blind) folded before Flop
Seat 10: MTails (big blind) collected ($2)


PokerStars Hand #147335841069:  Hold'em Limit ($3/$6 USD) - 2016/01/19 17:28:08 ET
Table 'Charis III' 10-max Seat #10 is the button
Seat 7: koprinski921 ($69.87 in chips)
Seat 10: MTails ($85.28 in chips)
MTails: posts small blind $1
koprinski921: posts big blind $3
*** HOLE CARDS ***
MTails: raises $3 to $6
Warner13 leaves the table
koprinski921: folds
Uncalled bet ($3) returned to MTails
MTails collected $6 from pot
*** SUMMARY ***
Total pot $6 | Rake $0
Seat 7: koprinski921 (big blind) folded before Flop
Seat 10: MTails (button) (small blind) collected ($6)


PokerStars Hand #147335834637:  Hold'em Limit ($3/$6 USD) - 2016/01/19 17:28:02 ET
Table 'Charis III' 10-max Seat #7 is the button
Seat 7: koprinski921 ($70.87 in chips)
Seat 10: MTails ($84.28 in chips)
koprinski921: posts small blind $1
MTails: posts big blind $3
*** HOLE CARDS ***
koprinski921: folds
Uncalled bet ($2) returned to MTails
MTails collected $2 from pot
MTails: doesn't show hand
*** SUMMARY ***
Total pot $2 | Rake $0
Seat 7: koprinski921 (button) (small blind) folded before Flop
Seat 10: MTails (big blind) collected ($2)


PokerStars Hand #147335809744:  Hold'em Limit ($3/$6 USD) - 2016/01/19 17:27:42 ET
Table 'Charis III' 10-max Seat #10 is the button
Seat 7: koprinski921 ($53.37 in chips)
Seat 10: MTails ($102.28 in chips)
MTails: posts small blind $1
Warner13: is sitting out
koprinski921: posts big blind $3
*** HOLE CARDS ***
MTails: raises $3 to $6
koprinski921: calls $3
*** FLOP *** [Jh 7s 2s]
koprinski921: bets $3
MTails: raises $3 to $6
Warner13 said, "so long"
koprinski921: calls $3
*** TURN *** [Jh 7s 2s] [5d]
koprinski921: checks
MTails: bets $6
koprinski921: calls $6
*** RIVER *** [Jh 7s 2s 5d] [4s]
koprinski921: bets $6
MTails: folds
Uncalled bet ($6) returned to koprinski921
koprinski921 collected $35.50 from pot
koprinski921: doesn't show hand
*** SUMMARY ***
Total pot $36 | Rake $0.50
Board [Jh 7s 2s 5d 4s]
Seat 7: koprinski921 (big blind) collected ($35.50)
Seat 10: MTails (button) (small blind) folded on the River


PokerStars Hand #147335910381:  Hold'em Limit ($3/$6 USD) - 2016/01/19 17:29:06 ET
Table 'Charis III' 10-max Seat #7 is the button
Seat 7: koprinski921 ($58.51 in chips)
Seat 10: MTails ($95.92 in chips)
koprinski921: posts small blind $1
MTails: posts big blind $3
*** HOLE CARDS ***
koprinski921: folds
Uncalled bet ($2) returned to MTails
MTails collected $2 from pot
MTails: doesn't show hand
*** SUMMARY ***
Total pot $2 | Rake $0
Seat 7: koprinski921 (button) (small blind) folded before Flop
Seat 10: MTails (big blind) collected ($2)


PokerStars Hand #147335901045:  Hold'em Limit ($3/$6 USD) - 2016/01/19 17:28:58 ET
Table 'Charis III' 10-max Seat #10 is the button
Seat 7: koprinski921 ($61.51 in chips)
Seat 10: MTails ($92.92 in chips)
MTails: posts small blind $1
koprinski921: posts big blind $3
*** HOLE CARDS ***
MTails: raises $3 to $6
koprinski921: folds
Uncalled bet ($3) returned to MTails
MTails collected $6 from pot
*** SUMMARY ***
Total pot $6 | Rake $0
Seat 7: koprinski921 (big blind) folded before Flop
Seat 10: MTails (button) (small blind) collected ($6)


PokerStars Hand #147335895205:  Hold'em Limit ($3/$6 USD) - 2016/01/19 17:28:53 ET
Table 'Charis III' 10-max Seat #7 is the button
Seat 7: koprinski921 ($62.51 in chips)
Seat 10: MTails ($91.92 in chips)
koprinski921: posts small blind $1
MTails: posts big blind $3
*** HOLE CARDS ***
koprinski921: folds
Uncalled bet ($2) returned to MTails
MTails collected $2 from pot
MTails: doesn't show hand
*** SUMMARY ***
Total pot $2 | Rake $0
Seat 7: koprinski921 (button) (small blind) folded before Flop
Seat 10: MTails (big blind) collected ($2)


PokerStars Hand #147335887749:  Hold'em Limit ($3/$6 USD) - 2016/01/19 17:28:47 ET
Table 'Charis III' 10-max Seat #10 is the button
Seat 7: koprinski921 ($65.51 in chips)
Seat 10: MTails ($88.92 in chips)
MTails: posts small blind $1
koprinski921: posts big blind $3
*** HOLE CARDS ***
MTails: raises $3 to $6
koprinski921: folds
Uncalled bet ($3) returned to MTails
MTails collected $6 from pot
*** SUMMARY ***
Total pot $6 | Rake $0
Seat 7: koprinski921 (big blind) folded before Flop
Seat 10: MTails (button) (small blind) collected ($6)


PokerStars Hand #147335880341:  Hold'em Limit ($3/$6 USD) - 2016/01/19 17:28:40 ET
Table 'Charis III' 10-max Seat #7 is the button
Seat 7: koprinski921 ($66.51 in chips)
Seat 10: MTails ($87.92 in chips)
koprinski921: posts small blind $1
MTails: posts big blind $3
*** HOLE CARDS ***
koprinski921: folds
Uncalled bet ($2) returned to MTails
MTails collected $2 from pot
*** SUMMARY ***
Total pot $2 | Rake $0
Seat 7: koprinski921 (button) (small blind) folded before Flop
Seat 10: MTails (big blind) collected ($2)


PokerStars Hand #147335865640:  Hold'em Limit ($3/$6 USD) - 2016/01/19 17:28:28 ET
Table 'Charis III' 10-max Seat #10 is the button
Seat 7: koprinski921 ($57.87 in chips)
Seat 10: MTails ($96.92 in chips)
MTails: posts small blind $1
koprinski921: posts big blind $3
*** HOLE CARDS ***
MTails: raises $3 to $6
koprinski921: raises $3 to $9
MTails: calls $3
*** FLOP *** [Ad Kd Ah]
koprinski921: bets $3
MTails: folds
Uncalled bet ($3) returned to koprinski921
koprinski921 collected $17.64 from pot
koprinski921: doesn't show hand
*** SUMMARY ***
Total pot $18 | Rake $0.36
Board [Ad Kd Ah]
Seat 7: koprinski921 (big blind) collected ($17.64)
Seat 10: MTails (button) (small blind) folded on the Flop


PokerStars Hand #147335850899:  Hold'em Limit ($3/$6 USD) - 2016/01/19 17:28:16 ET
Table 'Charis III' 10-max Seat #7 is the button
Seat 7: koprinski921 ($66.87 in chips)
Seat 10: MTails ($88.28 in chips)
koprinski921: posts small blind $1
MTails: posts big blind $3
*** HOLE CARDS ***
koprinski921: raises $3 to $6
MTails: raises $3 to $9
koprinski921: calls $3
*** FLOP *** [4c Kd 4s]
MTails: bets $3
koprinski921: folds
Uncalled bet ($3) returned to MTails
MTails collected $17.64 from pot
*** SUMMARY ***
Total pot $18 | Rake $0.36
Board [4c Kd 4s]
Seat 7: koprinski921 (button) (small blind) folded on the Flop
Seat 10: MTails (big blind) collected ($17.64)


PokerStars Hand #147335981543:  Hold'em Limit ($3/$6 USD) - 2016/01/19 17:30:06 ET
Table 'Charis III' 10-max Seat #7 is the button
Seat 7: koprinski921 ($104.51 in chips)
Seat 10: MTails ($108.92 in chips)
koprinski921: posts small blind $1
MTails: posts big blind $3
*** HOLE CARDS ***
koprinski921: raises $3 to $6
MTails: calls $3
*** FLOP *** [3s 5c Kh]
MTails: checks
koprinski921: checks
*** TURN *** [3s 5c Kh] [Jd]
MTails: bets $6
koprinski921: calls $6
*** RIVER *** [3s 5c Kh Jd] [8d]
MTails: bets $6
koprinski921: folds
Uncalled bet ($6) returned to MTails
MTails collected $23.52 from pot
*** SUMMARY ***
Total pot $24 | Rake $0.48
Board [3s 5c Kh Jd 8d]
Seat 7: koprinski921 (button) (small blind) folded on the River
Seat 10: MTails (big blind) collected ($23.52)


PokerStars Hand #147335974796:  Hold'em Limit ($3/$6 USD) - 2016/01/19 17:30:00 ET
Table 'Charis III' 10-max Seat #10 is the button
Seat 7: koprinski921 ($107.51 in chips)
Seat 10: MTails ($105.92 in chips)
MTails: posts small blind $1
koprinski921: posts big blind $3
*** HOLE CARDS ***
MTails: raises $3 to $6
koprinski921: folds
Uncalled bet ($3) returned to MTails
MTails collected $6 from pot
*** SUMMARY ***
Total pot $6 | Rake $0
Seat 7: koprinski921 (big blind) folded before Flop
Seat 10: MTails (button) (small blind) collected ($6)


PokerStars Hand #147335949142:  Hold'em Limit ($3/$6 USD) - 2016/01/19 17:29:38 ET
Table 'Charis III' 10-max Seat #7 is the button
Seat 7: koprinski921 ($93.01 in chips)
Seat 10: MTails ($60.92 in chips)
koprinski921: posts small blind $1
MTails: posts big blind $3
*** HOLE CARDS ***
koprinski921: raises $3 to $6
MTails: calls $3
*** FLOP *** [4h 8s 3d]
MTails: checks
koprinski921: bets $3
MTails: calls $3
*** TURN *** [4h 8s 3d] [9s]
MTails: checks
koprinski921: bets $6
MTails: calls $6
*** RIVER *** [4h 8s 3d 9s] [Jd]
MTails: checks
koprinski921: bets $6
MTails: folds
Uncalled bet ($6) returned to koprinski921
koprinski921 collected $29.50 from pot
koprinski921: doesn't show hand
*** SUMMARY ***
Total pot $30 | Rake $0.50
Board [4h 8s 3d 9s Jd]
Seat 7: koprinski921 (button) (small blind) collected ($29.50)
Seat 10: MTails (big blind) folded on the River


PokerStars Hand #147335923418:  Hold'em Limit ($3/$6 USD) - 2016/01/19 17:29:17 ET
Table 'Charis III' 10-max Seat #10 is the button
Seat 7: koprinski921 ($57.51 in chips)
Seat 10: MTails ($96.92 in chips)
MTails: posts small blind $1
koprinski921: posts big blind $3
*** HOLE CARDS ***
MTails: raises $3 to $6
koprinski921: calls $3
*** FLOP *** [9s 8h 4h]
koprinski921: bets $3
MTails: raises $3 to $6
koprinski921: calls $3
*** TURN *** [9s 8h 4h] [Qh]
koprinski921: bets $6
MTails: raises $6 to $12
koprinski921: raises $6 to $18
MTails: calls $6
*** RIVER *** [9s 8h 4h Qh] [Ah]
koprinski921: bets $6
MTails: calls $6
*** SHOW DOWN ***
koprinski921: shows [Jc Th] (a flush, Ace high)
MTails: mucks hand
koprinski921 collected $71.50 from pot
*** SUMMARY ***
Total pot $72 | Rake $0.50
Board [9s 8h 4h Qh Ah]
Seat 7: koprinski921 (big blind) showed [Jc Th] and won ($71.50) with a flush, Ace high
Seat 10: MTails (button) (small blind) mucked


PokerStars Hand #147336032890:  Hold'em Limit ($3/$6 USD) - 2016/01/19 17:30:49 ET
Table 'Charis III' 10-max Seat #7 is the button
Seat 7: koprinski921 ($92.26 in chips)
Seat 10: MTails ($120.19 in chips)
koprinski921: posts small blind $1
MTails: posts big blind $3
*** HOLE CARDS ***
koprinski921: raises $3 to $6
MTails: calls $3
*** FLOP *** [8d 8c Kh]
MTails: checks
koprinski921: checks
*** TURN *** [8d 8c Kh] [5s]
MTails: checks
koprinski921: checks
*** RIVER *** [8d 8c Kh 5s] [Qc]
MTails: bets $6
koprinski921: calls $6
*** SHOW DOWN ***
MTails: shows [Ah 8h] (three of a kind, Eights)
koprinski921: mucks hand
MTails collected $23.52 from pot
*** SUMMARY ***
Total pot $24 | Rake $0.48
Board [8d 8c Kh 5s Qc]
Seat 7: koprinski921 (button) (small blind) mucked
Seat 10: MTails (big blind) showed [Ah 8h] and won ($23.52) with three of a kind, Eights


PokerStars Hand #147336002784:  Hold'em Limit ($3/$6 USD) - 2016/01/19 17:30:24 ET
Table 'Charis III' 10-max Seat #10 is the button
Seat 7: koprinski921 ($92.51 in chips)
Seat 10: MTails ($120.44 in chips)
MTails: posts small blind $1
koprinski921: posts big blind $3
*** HOLE CARDS ***
MTails: raises $3 to $6
koprinski921: raises $3 to $9
MTails: calls $3
*** FLOP *** [9c 5c Ks]
koprinski921: bets $3
MTails: calls $3
*** TURN *** [9c 5c Ks] [As]
koprinski921: bets $6
MTails: raises $6 to $12
koprinski921: calls $6
*** RIVER *** [9c 5c Ks As] [Kh]
koprinski921: checks
MTails: bets $6
koprinski921: calls $6
*** SHOW DOWN ***
MTails: shows [Ah 7d] (two pair, Aces and Kings)
koprinski921: shows [2d Ad] (two pair, Aces and Kings)
koprinski921 collected $29.75 from pot
MTails collected $29.75 from pot
*** SUMMARY ***
Total pot $60 | Rake $0.50
Board [9c 5c Ks As Kh]
Seat 7: koprinski921 (big blind) showed [2d Ad] and won ($29.75) with two pair, Aces and Kings
Seat 10: MTails (button) (small blind) showed [Ah 7d] and won ($29.75) with two pair, Aces and Kings


PokerStars Hand #147336096613:  Hold'em Limit ($3/$6 USD) - 2016/01/19 17:31:44 ET
Table 'Charis III' 10-max Seat #7 is the button
Seat 7: koprinski921 ($74.26 in chips)
Seat 10: MTails ($137.47 in chips)
koprinski921: posts small blind $1
MTails: posts big blind $3
*** HOLE CARDS ***
koprinski921: folds
Uncalled bet ($2) returned to MTails
koprinski921 leaves the table
MTails collected $2 from pot
*** SUMMARY ***
Total pot $2 | Rake $0
Seat 7: koprinski921 (button) (small blind) folded before Flop
Seat 10: MTails (big blind) collected ($2)


PokerStars Hand #147336090340:  Hold'em Limit ($3/$6 USD) - 2016/01/19 17:31:38 ET
Table 'Charis III' 10-max Seat #10 is the button
Seat 7: koprinski921 ($73.26 in chips)
Seat 10: MTails ($138.47 in chips)
MTails: posts small blind $1
koprinski921: posts big blind $3
*** HOLE CARDS ***
MTails: folds
Uncalled bet ($2) returned to koprinski921
koprinski921 collected $2 from pot
koprinski921: doesn't show hand
*** SUMMARY ***
Total pot $2 | Rake $0
Seat 7: koprinski921 (big blind) collected ($2)
Seat 10: MTails (button) (small blind) folded before Flop


PokerStars Hand #147336084654:  Hold'em Limit ($3/$6 USD) - 2016/01/19 17:31:33 ET
Table 'Charis III' 10-max Seat #7 is the button
Seat 7: koprinski921 ($74.26 in chips)
Seat 10: MTails ($137.47 in chips)
koprinski921: posts small blind $1
MTails: posts big blind $3
*** HOLE CARDS ***
koprinski921: folds
Uncalled bet ($2) returned to MTails
MTails collected $2 from pot
*** SUMMARY ***
Total pot $2 | Rake $0
Seat 7: koprinski921 (button) (small blind) folded before Flop
Seat 10: MTails (big blind) collected ($2)


PokerStars Hand #147336063220:  Hold'em Limit ($3/$6 USD) - 2016/01/19 17:31:15 ET
Table 'Charis III' 10-max Seat #10 is the button
Seat 7: koprinski921 ($80.26 in chips)
Seat 10: MTails ($131.71 in chips)
MTails: posts small blind $1
koprinski921: posts big blind $3
*** HOLE CARDS ***
MTails: raises $3 to $6
koprinski921: calls $3
*** FLOP *** [Kc Jc 5c]
koprinski921: checks
MTails: bets $3
koprinski921: folds
Uncalled bet ($3) returned to MTails
MTails collected $11.76 from pot
*** SUMMARY ***
Total pot $12 | Rake $0.24
Board [Kc Jc 5c]
Seat 7: koprinski921 (big blind) folded on the Flop
Seat 10: MTails (button) (small blind) collected ($11.76)


PokerStars Hand #147339186218:  Hold'em Limit ($3/$6 USD) - 2016/01/19 18:27:52 ET
Table 'Charis III' 10-max Seat #10 is the button
Seat 8: seymour67 ($131.50 in chips)
Seat 10: MTails ($126.47 in chips)
MTails: posts small blind $1
seymour67: posts big blind $3
*** HOLE CARDS ***
MTails: raises $3 to $6
seymour67: calls $3
*** FLOP *** [Ad 3c 8d]
seymour67: checks
MTails: bets $3
seymour67: calls $3
*** TURN *** [Ad 3c 8d] [Qh]
LukaSteel joins the table at seat #1
seymour67: checks
MTails: bets $6
seymour67: calls $6
*** RIVER *** [Ad 3c 8d Qh] [6s]
seymour67: checks
MTails: bets $6
seymour67: calls $6
*** SHOW DOWN ***
MTails: shows [5h Jd] (high card Ace)
seymour67: shows [Ac Ts] (a pair of Aces)
seymour67 collected $41.50 from pot
*** SUMMARY ***
Total pot $42 | Rake $0.50
Board [Ad 3c 8d Qh 6s]
Seat 8: seymour67 (big blind) showed [Ac Ts] and won ($41.50) with a pair of Aces
Seat 10: MTails (button) (small blind) showed [5h Jd] and lost with high card Ace


PokerStars Hand #147339170824:  Hold'em Limit ($3/$6 USD) - 2016/01/19 18:27:33 ET
Table 'Charis III' 10-max Seat #8 is the button
Seat 8: seymour67 ($117 in chips)
Seat 10: MTails ($141.47 in chips)
seymour67: posts small blind $1
MTails: posts big blind $3
*** HOLE CARDS ***
seymour67: raises $3 to $6
MTails: calls $3
*** FLOP *** [8h 4c Jh]
MTails: checks
seymour67: bets $3
MTails: calls $3
*** TURN *** [8h 4c Jh] [Kc]
MTails: checks
seymour67: bets $6
MTails: calls $6
*** RIVER *** [8h 4c Jh Kc] [6c]
MTails: checks
seymour67: checks
*** SHOW DOWN ***
MTails: shows [3h Ah] (high card Ace)
seymour67: shows [7c 7h] (a pair of Sevens)
seymour67 collected $29.50 from pot
*** SUMMARY ***
Total pot $30 | Rake $0.50
Board [8h 4c Jh Kc 6c]
Seat 8: seymour67 (button) (small blind) showed [7c 7h] and won ($29.50) with a pair of Sevens
Seat 10: MTails (big blind) showed [3h Ah] and lost with high card Ace


PokerStars Hand #147339207998:  Hold'em Limit ($3/$6 USD) - 2016/01/19 18:28:18 ET
Table 'Charis III' 10-max Seat #8 is the button
Seat 8: seymour67 ($152 in chips)
Seat 10: MTails ($105.47 in chips)
seymour67: posts small blind $1
MTails: posts big blind $3
*** HOLE CARDS ***
seymour67: calls $2
MTails: raises $3 to $6
seymour67: calls $3
*** FLOP *** [6c 3h Kd]
MTails: bets $3
seymour67: calls $3
*** TURN *** [6c 3h Kd] [2d]
MTails: bets $6
seymour67: folds
Uncalled bet ($6) returned to MTails
MTails collected $17.64 from pot
*** SUMMARY ***
Total pot $18 | Rake $0.36
Board [6c 3h Kd 2d]
Seat 8: seymour67 (button) (small blind) folded on the Turn
Seat 10: MTails (big blind) collected ($17.64)


PokerStars Hand #147339956897:  Hold'em Limit ($3/$6 USD) - 2016/01/19 18:43:12 ET
Table 'Charis III' 10-max Seat #8 is the button
Seat 1: LukaSteel ($154.41 in chips)
Seat 8: seymour67 ($79.85 in chips)
seymour67: posts small blind $1
MTails: is sitting out
LukaSteel: posts big blind $3
*** HOLE CARDS ***
MTails leaves the table
seymour67: calls $2
LukaSteel: raises $3 to $6
seymour67: calls $3
*** FLOP *** [As Td Qs]
LukaSteel: bets $3
seymour67: calls $3
*** TURN *** [As Td Qs] [7s]
LukaSteel: checks
seymour67: bets $6
LukaSteel: folds
Uncalled bet ($6) returned to seymour67
seymour67 collected $17.64 from pot
seymour67: doesn't show hand
*** SUMMARY ***
Total pot $18 | Rake $0.36
Board [As Td Qs 7s]
Seat 1: LukaSteel (big blind) folded on the Turn
Seat 8: seymour67 (button) (small blind) collected ($17.64)


PokerStars Hand #147339972151:  Hold'em Limit ($3/$6 USD) - 2016/01/19 18:43:31 ET
Table 'Charis III' 10-max Seat #1 is the button
Seat 1: LukaSteel ($145.41 in chips)
Seat 8: seymour67 ($88.49 in chips)
LukaSteel: posts small blind $1
seymour67: posts big blind $3
*** HOLE CARDS ***
LukaSteel: raises $3 to $6
seymour67: raises $3 to $9
LukaSteel: calls $3
*** FLOP *** [Js Jc 9s]
seymour67: bets $3
LukaSteel: calls $3
*** TURN *** [Js Jc 9s] [6c]
seymour67: bets $6
LukaSteel: calls $6
*** RIVER *** [Js Jc 9s 6c] [2c]
seymour67: bets $6
LukaSteel: folds
Uncalled bet ($6) returned to seymour67
seymour67 collected $35.50 from pot
seymour67: doesn't show hand
*** SUMMARY ***
Total pot $36 | Rake $0.50
Board [Js Jc 9s 6c 2c]
Seat 1: LukaSteel (button) (small blind) folded on the River
Seat 8: seymour67 (big blind) collected ($35.50)


PokerStars Hand #147339991365:  Hold'em Limit ($3/$6 USD) - 2016/01/19 18:43:55 ET
Table 'Charis III' 10-max Seat #8 is the button
Seat 1: LukaSteel ($127.41 in chips)
Seat 8: seymour67 ($105.99 in chips)
seymour67: posts small blind $1
LukaSteel: posts big blind $3
*** HOLE CARDS ***
seymour67: calls $2
LukaSteel: checks
*** FLOP *** [Qc Jh 4c]
LukaSteel: checks
seymour67: checks
*** TURN *** [Qc Jh 4c] [7d]
LukaSteel: checks
seymour67: checks
*** RIVER *** [Qc Jh 4c 7d] [6h]
LukaSteel: bets $6
seymour67: folds
Uncalled bet ($6) returned to LukaSteel
LukaSteel collected $5.88 from pot
LukaSteel: doesn't show hand
*** SUMMARY ***
Total pot $6 | Rake $0.12
Board [Qc Jh 4c 7d 6h]
Seat 1: LukaSteel (big blind) collected ($5.88)
Seat 8: seymour67 (button) (small blind) folded on the River


PokerStars Hand #147340049254:  Hold'em Limit ($3/$6 USD) - 2016/01/19 18:45:07 ET
Table 'Charis III' 10-max Seat #8 is the button
Seat 1: LukaSteel ($127.93 in chips)
Seat 8: seymour67 ($104.51 in chips)
seymour67: posts small blind $1
LukaSteel: posts big blind $3
*** HOLE CARDS ***
seymour67: folds
Uncalled bet ($2) returned to LukaSteel
LukaSteel collected $2 from pot
LukaSteel: doesn't show hand
*** SUMMARY ***
Total pot $2 | Rake $0
Seat 1: LukaSteel (big blind) collected ($2)
Seat 8: seymour67 (button) (small blind) folded before Flop


PokerStars Hand #147340034454:  Hold'em Limit ($3/$6 USD) - 2016/01/19 18:44:49 ET
Table 'Charis III' 10-max Seat #1 is the button
Seat 1: LukaSteel ($139.93 in chips)
Seat 8: seymour67 ($92.99 in chips)
LukaSteel: posts small blind $1
seymour67: posts big blind $3
*** HOLE CARDS ***
LukaSteel: raises $3 to $6
seymour67: raises $3 to $9
LukaSteel: calls $3
*** FLOP *** [8d 8h 6d]
seymour67: bets $3
LukaSteel: calls $3
*** TURN *** [8d 8h 6d] [4s]
seymour67: bets $6
LukaSteel: folds
Uncalled bet ($6) returned to seymour67
seymour67 collected $23.52 from pot
seymour67: doesn't show hand
*** SUMMARY ***
Total pot $24 | Rake $0.48
Board [8d 8h 6d 4s]
Seat 1: LukaSteel (button) (small blind) folded on the Turn
Seat 8: seymour67 (big blind) collected ($23.52)


PokerStars Hand #147340030430:  Hold'em Limit ($3/$6 USD) - 2016/01/19 18:44:44 ET
Table 'Charis III' 10-max Seat #8 is the button
Seat 1: LukaSteel ($138.93 in chips)
Seat 8: seymour67 ($93.99 in chips)
seymour67: posts small blind $1
LukaSteel: posts big blind $3
*** HOLE CARDS ***
seymour67: folds
Uncalled bet ($2) returned to LukaSteel
LukaSteel collected $2 from pot
LukaSteel: doesn't show hand
*** SUMMARY ***
Total pot $2 | Rake $0
Seat 1: LukaSteel (big blind) collected ($2)
Seat 8: seymour67 (button) (small blind) folded before Flop


PokerStars Hand #147340007679:  Hold'em Limit ($3/$6 USD) - 2016/01/19 18:44:15 ET
Table 'Charis III' 10-max Seat #1 is the button
Seat 1: LukaSteel ($130.29 in chips)
Seat 8: seymour67 ($102.99 in chips)
LukaSteel: posts small blind $1
seymour67: posts big blind $3
*** HOLE CARDS ***
LukaSteel: raises $3 to $6
seymour67: calls $3
*** FLOP *** [9s 7s Kc]
seymour67: checks
LukaSteel: bets $3
seymour67: calls $3
*** TURN *** [9s 7s Kc] [7c]
seymour67: checks
LukaSteel: bets $6
seymour67: folds
Uncalled bet ($6) returned to LukaSteel
LukaSteel collected $17.64 from pot
LukaSteel: doesn't show hand
*** SUMMARY ***
Total pot $18 | Rake $0.36
Board [9s 7s Kc 7c]
Seat 1: LukaSteel (button) (small blind) collected ($17.64)
Seat 8: seymour67 (big blind) folded on the Turn


PokerStars Hand #147340071842:  Hold'em Limit ($3/$6 USD) - 2016/01/19 18:45:35 ET
Table 'Charis III' 10-max Seat #8 is the button
Seat 1: LukaSteel ($140.45 in chips)
Seat 8: seymour67 ($91.51 in chips)
seymour67: posts small blind $1
LukaSteel: posts big blind $3
*** HOLE CARDS ***
seymour67: calls $2
LukaSteel: raises $3 to $6
seymour67: raises $3 to $9
LukaSteel: calls $3
*** FLOP *** [Ts Ks Jc]
LukaSteel: checks
seymour67: checks
*** TURN *** [Ts Ks Jc] [Jd]
LukaSteel: bets $6
seymour67: folds
Uncalled bet ($6) returned to LukaSteel
LukaSteel collected $17.64 from pot
LukaSteel: doesn't show hand
*** SUMMARY ***
Total pot $18 | Rake $0.36
Board [Ts Ks Jc Jd]
Seat 1: LukaSteel (big blind) collected ($17.64)
Seat 8: seymour67 (button) (small blind) folded on the Turn


PokerStars Hand #147340054069:  Hold'em Limit ($3/$6 USD) - 2016/01/19 18:45:13 ET
Table 'Charis III' 10-max Seat #1 is the button
Seat 1: LukaSteel ($128.93 in chips)
Seat 8: seymour67 ($103.51 in chips)
LukaSteel: posts small blind $1
seymour67: posts big blind $3
*** HOLE CARDS ***
LukaSteel: raises $3 to $6
seymour67: raises $3 to $9
LukaSteel: calls $3
*** FLOP *** [Kd 6c 2c]
seymour67: checks
LukaSteel: bets $3
seymour67: calls $3
*** TURN *** [Kd 6c 2c] [Ts]
seymour67: checks
LukaSteel: bets $6
seymour67: folds
Uncalled bet ($6) returned to LukaSteel
LukaSteel collected $23.52 from pot
LukaSteel: doesn't show hand
*** SUMMARY ***
Total pot $24 | Rake $0.48
Board [Kd 6c 2c Ts]
Seat 1: LukaSteel (button) (small blind) collected ($23.52)
Seat 8: seymour67 (big blind) folded on the Turn


PokerStars Hand #147340120908:  Hold'em Limit ($3/$6 USD) - 2016/01/19 18:46:37 ET
Table 'Charis III' 10-max Seat #1 is the button
Seat 1: LukaSteel ($135.09 in chips)
Seat 8: seymour67 ($96.01 in chips)
LukaSteel: posts small blind $1
seymour67: posts big blind $3
*** HOLE CARDS ***
LukaSteel: raises $3 to $6
seymour67: calls $3
*** FLOP *** [2c 5h 6c]
seymour67: checks
LukaSteel: bets $3
seymour67: raises $3 to $6
LukaSteel: calls $3
*** TURN *** [2c 5h 6c] [Jh]
seymour67: checks
LukaSteel: checks
*** RIVER *** [2c 5h 6c Jh] [Ts]
seymour67: bets $6
LukaSteel: raises $6 to $12
seymour67: folds
Uncalled bet ($6) returned to LukaSteel
LukaSteel collected $35.50 from pot
LukaSteel: doesn't show hand
*** SUMMARY ***
Total pot $36 | Rake $0.50
Board [2c 5h 6c Jh Ts]
Seat 1: LukaSteel (button) (small blind) collected ($35.50)
Seat 8: seymour67 (big blind) folded on the River


PokerStars Hand #147340116020:  Hold'em Limit ($3/$6 USD) - 2016/01/19 18:46:31 ET
Table 'Charis III' 10-max Seat #8 is the button
Seat 1: LukaSteel ($134.09 in chips)
Seat 8: seymour67 ($97.01 in chips)
seymour67: posts small blind $1
LukaSteel: posts big blind $3
*** HOLE CARDS ***
seymour67: folds
Uncalled bet ($2) returned to LukaSteel
LukaSteel collected $2 from pot
LukaSteel: doesn't show hand
*** SUMMARY ***
Total pot $2 | Rake $0
Seat 1: LukaSteel (big blind) collected ($2)
Seat 8: seymour67 (button) (small blind) folded before Flop


PokerStars Hand #147340092568:  Hold'em Limit ($3/$6 USD) - 2016/01/19 18:46:01 ET
Table 'Charis III' 10-max Seat #1 is the button
Seat 1: LukaSteel ($149.09 in chips)
Seat 8: seymour67 ($82.51 in chips)
LukaSteel: posts small blind $1
seymour67: posts big blind $3
*** HOLE CARDS ***
LukaSteel: raises $3 to $6
seymour67: calls $3
*** FLOP *** [8h 9c 7d]
seymour67: checks
LukaSteel: bets $3
seymour67: calls $3
*** TURN *** [8h 9c 7d] [Js]
seymour67: checks
LukaSteel: bets $6
seymour67: calls $6
*** RIVER *** [8h 9c 7d Js] [Tc]
seymour67: bets $6
LukaSteel: folds
Uncalled bet ($6) returned to seymour67
seymour67 collected $29.50 from pot
seymour67: doesn't show hand
*** SUMMARY ***
Total pot $30 | Rake $0.50
Board [8h 9c 7d Js Tc]
Seat 1: LukaSteel (button) (small blind) folded on the River
Seat 8: seymour67 (big blind) collected ($29.50)


PokerStars Hand #147340202262:  Hold'em Limit ($3/$6 USD) - 2016/01/19 18:48:19 ET
Table 'Charis III' 10-max Seat #8 is the button
Seat 1: LukaSteel ($164.09 in chips)
Seat 8: seymour67 ($65.51 in chips)
seymour67: posts small blind $1
LukaSteel: posts big blind $3
*** HOLE CARDS ***
seymour67: folds
Uncalled bet ($2) returned to LukaSteel
LukaSteel collected $2 from pot
LukaSteel: doesn't show hand
*** SUMMARY ***
Total pot $2 | Rake $0
Seat 1: LukaSteel (big blind) collected ($2)
Seat 8: seymour67 (button) (small blind) folded before Flop


PokerStars Hand #147340183580:  Hold'em Limit ($3/$6 USD) - 2016/01/19 18:47:56 ET
Table 'Charis III' 10-max Seat #1 is the button
Seat 1: LukaSteel ($182.09 in chips)
Seat 8: seymour67 ($48.01 in chips)
LukaSteel: posts small blind $1
seymour67: posts big blind $3
*** HOLE CARDS ***
LukaSteel: raises $3 to $6
seymour67: raises $3 to $9
LukaSteel: calls $3
*** FLOP *** [Ts 5h 7c]
seymour67: bets $3
LukaSteel: calls $3
*** TURN *** [Ts 5h 7c] [Ad]
seymour67: bets $6
LukaSteel: calls $6
*** RIVER *** [Ts 5h 7c Ad] [9d]
seymour67: bets $6
LukaSteel: folds
Uncalled bet ($6) returned to seymour67
seymour67 collected $35.50 from pot
seymour67: doesn't show hand
*** SUMMARY ***
Total pot $36 | Rake $0.50
Board [Ts 5h 7c Ad 9d]
Seat 1: LukaSteel (button) (small blind) folded on the River
Seat 8: seymour67 (big blind) collected ($35.50)


PokerStars Hand #147340159427:  Hold'em Limit ($3/$6 USD) - 2016/01/19 18:47:25 ET
Table 'Charis III' 10-max Seat #8 is the button
Seat 1: LukaSteel ($152.59 in chips)
Seat 8: seymour67 ($78.01 in chips)
seymour67: posts small blind $1
LukaSteel: posts big blind $3
*** HOLE CARDS ***
seymour67: raises $3 to $6
LukaSteel: calls $3
*** FLOP *** [Qh 9h Jh]
LukaSteel: checks
seymour67: bets $3
LukaSteel: raises $3 to $6
seymour67: calls $3
*** TURN *** [Qh 9h Jh] [Kc]
LukaSteel: bets $6
seymour67: raises $6 to $12
LukaSteel: calls $6
*** RIVER *** [Qh 9h Jh Kc] [Jd]
LukaSteel: checks
seymour67: bets $6
LukaSteel: calls $6
*** SHOW DOWN ***
seymour67: shows [As Ah] (two pair, Aces and Jacks)
LukaSteel: shows [8h Tc] (a straight, Nine to King)
LukaSteel collected $59.50 from pot
*** SUMMARY ***
Total pot $60 | Rake $0.50
Board [Qh 9h Jh Kc Jd]
Seat 1: LukaSteel (big blind) showed [8h Tc] and won ($59.50) with a straight, Nine to King
Seat 8: seymour67 (button) (small blind) showed [As Ah] and lost with two pair, Aces and Jacks


PokerStars Hand #147340207661:  Hold'em Limit ($3/$6 USD) - 2016/01/19 18:48:26 ET
Table 'Charis III' 10-max Seat #1 is the button
Seat 1: LukaSteel ($165.09 in chips)
Seat 8: seymour67 ($64.51 in chips)
LukaSteel: posts small blind $1
seymour67: posts big blind $3
*** HOLE CARDS ***
LukaSteel: raises $3 to $6
seymour67: calls $3
*** FLOP *** [4c 3c 7h]
seymour67: checks
Zubasa07 joins the table at seat #9
LukaSteel: bets $3
seymour67: calls $3
*** TURN *** [4c 3c 7h] [5c]
seymour67: checks
LukaSteel: bets $6
seymour67: raises $6 to $12
LukaSteel: raises $6 to $18
seymour67: raises $6 to $24
Betting is capped
LukaSteel: calls $6
*** RIVER *** [4c 3c 7h 5c] [Qh]
seymour67: bets $6
LukaSteel: calls $6
*** SHOW DOWN ***
seymour67: shows [Ad 2s] (a straight, Ace to Five)
LukaSteel: shows [Kc 6d] (a straight, Three to Seven)
LukaSteel collected $77.50 from pot
*** SUMMARY ***
Total pot $78 | Rake $0.50
Board [4c 3c 7h 5c Qh]
Seat 1: LukaSteel (button) (small blind) showed [Kc 6d] and won ($77.50) with a straight, Three to Seven
Seat 8: seymour67 (big blind) showed [Ad 2s] and lost with a straight, Ace to Five


