PokerStars Hand #158832040499:  Hold'em Limit ($3/$6 USD) - 2016/09/19 18:06:39 ET
Table 'Charybdis' 6-max Seat #1 is the button
Seat 1: Zubasa07 ($488 in chips)
Seat 2: 19woody58 ($123.27 in chips)
Zubasa07: posts small blind $1
19woody58: posts big blind $3
*** HOLE CARDS ***
Zubasa07: raises $3 to $6
19woody58: folds
Uncalled bet ($3) returned to Zubasa07
Zubasa07 collected $6 from pot
Zubasa07: doesn't show hand
*** SUMMARY ***
Total pot $6 | Rake $0
Seat 1: Zubasa07 (button) (small blind) collected ($6)
Seat 2: 19woody58 (big blind) folded before Flop


PokerStars Hand #158832030860:  Hold'em Limit ($3/$6 USD) - 2016/09/19 18:06:26 ET
Table 'Charybdis' 6-max Seat #2 is the button
Seat 1: Zubasa07 ($491 in chips)
Seat 2: 19woody58 ($120.39 in chips)
19woody58: posts small blind $1
Zubasa07: posts big blind $3
*** HOLE CARDS ***
19woody58: calls $2
Zubasa07: checks
*** FLOP *** [3h 6c Js]
Zubasa07: checks
ToDaFelt joins the table at seat #3
19woody58: bets $3
vestimokrec joins the table at seat #4
Zubasa07: folds
Uncalled bet ($3) returned to 19woody58
19woody58 collected $5.88 from pot
*** SUMMARY ***
Total pot $6 | Rake $0.12
Board [3h 6c Js]
Seat 1: Zubasa07 (big blind) folded on the Flop
Seat 2: 19woody58 (button) (small blind) collected ($5.88)


PokerStars Hand #158832010324:  Hold'em Limit ($3/$6 USD) - 2016/09/19 18:05:57 ET
Table 'Charybdis' 6-max Seat #1 is the button
Seat 1: Zubasa07 ($500 in chips)
Seat 2: 19woody58 ($111.75 in chips)
Zubasa07: posts small blind $1
19woody58: posts big blind $3
*** HOLE CARDS ***
Zubasa07: raises $3 to $6
19woody58: calls $3
*** FLOP *** [8h 6h 8d]
19woody58: checks
Zubasa07: bets $3
19woody58: calls $3
*** TURN *** [8h 6h 8d] [Tc]
19woody58: checks
Zubasa07: checks
*** RIVER *** [8h 6h 8d Tc] [6c]
19woody58: bets $6
Zubasa07: folds
Uncalled bet ($6) returned to 19woody58
19woody58 collected $17.64 from pot
*** SUMMARY ***
Total pot $18 | Rake $0.36
Board [8h 6h 8d Tc 6c]
Seat 1: Zubasa07 (button) (small blind) folded on the River
Seat 2: 19woody58 (big blind) collected ($17.64)


PokerStars Hand #158834246389:  Hold'em Limit ($3/$6 USD) - 2016/09/19 19:02:19 ET
Table 'Charybdis' 6-max Seat #1 is the button
Seat 1: masterblstr8 ($57.16 in chips)
Seat 5: boogi ($92.17 in chips)
masterblstr8: posts small blind $1
vestimokrec: is sitting out
boogi: posts big blind $3
*** HOLE CARDS ***
masterblstr8: raises $3 to $6
boogi: raises $3 to $9
vestimokrec leaves the table
masterblstr8: raises $3 to $12
Betting is capped
boogi: calls $3
*** FLOP *** [3c 6s 7c]
boogi: checks
masterblstr8: bets $3
boogi: raises $3 to $6
masterblstr8: calls $3
*** TURN *** [3c 6s 7c] [4d]
boogi: bets $6
masterblstr8: raises $6 to $12
boogi: calls $6
*** RIVER *** [3c 6s 7c 4d] [9c]
boogi: checks
masterblstr8: checks
*** SHOW DOWN ***
boogi: shows [Qh Qs] (a pair of Queens)
masterblstr8: shows [Kc Kd] (a pair of Kings)
masterblstr8 collected $59.50 from pot
*** SUMMARY ***
Total pot $60 | Rake $0.50
Board [3c 6s 7c 4d 9c]
Seat 1: masterblstr8 (button) (small blind) showed [Kc Kd] and won ($59.50) with a pair of Kings
Seat 5: boogi (big blind) showed [Qh Qs] and lost with a pair of Queens


