PokerStars Hand #151504624902:  Hold'em Limit ($3/$6 USD) - 2016/04/06 3:47:53 ET
Table 'Chara' 6-max Seat #3 is the button
Seat 3: robertass84 ($120 in chips)
Seat 4: Mudager ($120 in chips)
robertass84: posts small blind $1
Mudager: posts big blind $3
*** HOLE CARDS ***
robertass84: raises $3 to $6
Mudager: calls $3
*** FLOP *** [As 6d 7h]
Mudager: checks
robertass84: bets $3
Mudager: calls $3
*** TURN *** [As 6d 7h] [5s]
Mudager: checks
robertass84: bets $6
Mudager: raises $6 to $12
robertass84: calls $6
*** RIVER *** [As 6d 7h 5s] [9s]
Mudager: bets $6
robertass84: calls $6
*** SHOW DOWN ***
Mudager: shows [7s 6c] (two pair, Sevens and Sixes)
robertass84: mucks hand
Mudager collected $53.50 from pot
*** SUMMARY ***
Total pot $54 | Rake $0.50
Board [As 6d 7h 5s 9s]
Seat 3: robertass84 (button) (small blind) mucked
Seat 4: Mudager (big blind) showed [7s 6c] and won ($53.50) with two pair, Sevens and Sixes


PokerStars Hand #151504632019:  Hold'em Limit ($3/$6 USD) - 2016/04/06 3:48:15 ET
Table 'Chara' 6-max Seat #4 is the button
Seat 3: robertass84 ($120 in chips)
Seat 4: Mudager ($146.50 in chips)
Mudager: posts small blind $1
robertass84: posts big blind $3
*** HOLE CARDS ***
Mudager: folds
Uncalled bet ($2) returned to robertass84
robertass84 collected $2 from pot
robertass84: doesn't show hand
*** SUMMARY ***
Total pot $2 | Rake $0
Seat 3: robertass84 (big blind) collected ($2)
Seat 4: Mudager (button) (small blind) folded before Flop


PokerStars Hand #151504642066:  Hold'em Limit ($3/$6 USD) - 2016/04/06 3:48:47 ET
Table 'Chara' 6-max Seat #4 is the button
Seat 3: robertass84 ($129.64 in chips)
Seat 4: Mudager ($136.50 in chips)
Mudager: posts small blind $1
robertass84: posts big blind $3
*** HOLE CARDS ***
Mudager: folds
Uncalled bet ($2) returned to robertass84
robertass84 collected $2 from pot
robertass84: doesn't show hand
*** SUMMARY ***
Total pot $2 | Rake $0
Seat 3: robertass84 (big blind) collected ($2)
Seat 4: Mudager (button) (small blind) folded before Flop


PokerStars Hand #151504635434:  Hold'em Limit ($3/$6 USD) - 2016/04/06 3:48:26 ET
Table 'Chara' 6-max Seat #3 is the button
Seat 3: robertass84 ($121 in chips)
Seat 4: Mudager ($145.50 in chips)
robertass84: posts small blind $1
Mudager: posts big blind $3
*** HOLE CARDS ***
robertass84: raises $3 to $6
Mudager: calls $3
*** FLOP *** [3s 7c 7s]
Mudager: checks
robertass84: bets $3
Mudager: calls $3
*** TURN *** [3s 7c 7s] [Ts]
Mudager: checks
robertass84: bets $6
Mudager: folds
Uncalled bet ($6) returned to robertass84
robertass84 collected $17.64 from pot
robertass84: doesn't show hand
*** SUMMARY ***
Total pot $18 | Rake $0.36
Board [3s 7c 7s Ts]
Seat 3: robertass84 (button) (small blind) collected ($17.64)
Seat 4: Mudager (big blind) folded on the Turn


PokerStars Hand #151504647133:  Hold'em Limit ($3/$6 USD) - 2016/04/06 3:49:03 ET
Table 'Chara' 6-max Seat #4 is the button
Seat 3: robertass84 ($136.40 in chips)
Seat 4: Mudager ($129.50 in chips)
Mudager: posts small blind $1
robertass84: posts big blind $3
*** HOLE CARDS ***
Mudager: folds
Uncalled bet ($2) returned to robertass84
robertass84 collected $2 from pot
robertass84: doesn't show hand
*** SUMMARY ***
Total pot $2 | Rake $0
Seat 3: robertass84 (big blind) collected ($2)
Seat 4: Mudager (button) (small blind) folded before Flop


PokerStars Hand #151504643622:  Hold'em Limit ($3/$6 USD) - 2016/04/06 3:48:52 ET
Table 'Chara' 6-max Seat #3 is the button
Seat 3: robertass84 ($130.64 in chips)
Seat 4: Mudager ($135.50 in chips)
robertass84: posts small blind $1
Mudager: posts big blind $3
*** HOLE CARDS ***
robertass84: raises $3 to $6
Mudager: calls $3
*** FLOP *** [Ac 8d 3d]
Mudager: checks
robertass84: bets $3
Mudager: folds
Uncalled bet ($3) returned to robertass84
robertass84 collected $11.76 from pot
robertass84: doesn't show hand
*** SUMMARY ***
Total pot $12 | Rake $0.24
Board [Ac 8d 3d]
Seat 3: robertass84 (button) (small blind) collected ($11.76)
Seat 4: Mudager (big blind) folded on the Flop


PokerStars Hand #151504648964:  Hold'em Limit ($3/$6 USD) - 2016/04/06 3:49:08 ET
Table 'Chara' 6-max Seat #3 is the button
Seat 3: robertass84 ($137.40 in chips)
Seat 4: Mudager ($128.50 in chips)
robertass84: posts small blind $1
Mudager: posts big blind $3
*** HOLE CARDS ***
robertass84: raises $3 to $6
Mudager: calls $3
*** FLOP *** [4s 2s 4c]
Mudager: checks
robertass84: bets $3
Mudager: calls $3
*** TURN *** [4s 2s 4c] [Jd]
Mudager: checks
robertass84: checks
*** RIVER *** [4s 2s 4c Jd] [5c]
Mudager: checks
robertass84: checks
*** SHOW DOWN ***
Mudager: shows [6d Qd] (a pair of Fours)
robertass84: shows [7d Kc] (a pair of Fours - King kicker)
robertass84 collected $17.64 from pot
*** SUMMARY ***
Total pot $18 | Rake $0.36
Board [4s 2s 4c Jd 5c]
Seat 3: robertass84 (button) (small blind) showed [7d Kc] and won ($17.64) with a pair of Fours
Seat 4: Mudager (big blind) showed [6d Qd] and lost with a pair of Fours


PokerStars Hand #151504656147:  Hold'em Limit ($3/$6 USD) - 2016/04/06 3:49:31 ET
Table 'Chara' 6-max Seat #4 is the button
Seat 3: robertass84 ($146.04 in chips)
Seat 4: Mudager ($120 in chips)
Mudager: posts small blind $1
robertass84: posts big blind $3
*** HOLE CARDS ***
Mudager: raises $3 to $6
robertass84: raises $3 to $9
Mudager: calls $3
*** FLOP *** [6s Tc 5d]
robertass84: bets $3
Mudager: raises $3 to $6
robertass84: calls $3
*** TURN *** [6s Tc 5d] [4s]
robertass84: checks
Mudager: bets $6
robertass84: folds
Uncalled bet ($6) returned to Mudager
Mudager collected $29.50 from pot
Mudager: doesn't show hand
*** SUMMARY ***
Total pot $30 | Rake $0.50
Board [6s Tc 5d 4s]
Seat 3: robertass84 (big blind) folded on the Turn
Seat 4: Mudager (button) (small blind) collected ($29.50)


PokerStars Hand #151504669368:  Hold'em Limit ($3/$6 USD) - 2016/04/06 3:50:12 ET
Table 'Chara' 6-max Seat #3 is the button
Seat 3: robertass84 ($133.80 in chips)
Seat 4: Mudager ($131.50 in chips)
robertass84: posts small blind $1
Mudager: posts big blind $3
*** HOLE CARDS ***
robertass84: raises $3 to $6
Mudager: raises $3 to $9
robertass84: raises $3 to $12
Betting is capped
Mudager: calls $3
*** FLOP *** [9d 4s 3c]
Mudager: checks
robertass84: bets $3
Mudager: calls $3
*** TURN *** [9d 4s 3c] [Kc]
Mudager: checks
robertass84: bets $6
Mudager: raises $6 to $12
robertass84: calls $6
*** RIVER *** [9d 4s 3c Kc] [8d]
Mudager: bets $6
robertass84: folds
Uncalled bet ($6) returned to Mudager
Mudager collected $53.50 from pot
Mudager: doesn't show hand
*** SUMMARY ***
Total pot $54 | Rake $0.50
Board [9d 4s 3c Kc 8d]
Seat 3: robertass84 (button) (small blind) folded on the River
Seat 4: Mudager (big blind) collected ($53.50)


PokerStars Hand #151504667449:  Hold'em Limit ($3/$6 USD) - 2016/04/06 3:50:06 ET
Table 'Chara' 6-max Seat #4 is the button
Seat 3: robertass84 ($136.80 in chips)
Seat 4: Mudager ($128.50 in chips)
Mudager: posts small blind $1
robertass84: posts big blind $3
*** HOLE CARDS ***
Mudager: raises $3 to $6
robertass84: folds
Uncalled bet ($3) returned to Mudager
Mudager collected $6 from pot
Mudager: doesn't show hand
*** SUMMARY ***
Total pot $6 | Rake $0
Seat 3: robertass84 (big blind) folded before Flop
Seat 4: Mudager (button) (small blind) collected ($6)


PokerStars Hand #151504663643:  Hold'em Limit ($3/$6 USD) - 2016/04/06 3:49:54 ET
Table 'Chara' 6-max Seat #3 is the button
Seat 3: robertass84 ($131.04 in chips)
Seat 4: Mudager ($134.50 in chips)
robertass84: posts small blind $1
Mudager: posts big blind $3
*** HOLE CARDS ***
robertass84: raises $3 to $6
Mudager: calls $3
*** FLOP *** [9d 2h Ac]
Mudager: checks
robertass84: bets $3
Mudager: folds
Uncalled bet ($3) returned to robertass84
robertass84 collected $11.76 from pot
robertass84: doesn't show hand
*** SUMMARY ***
Total pot $12 | Rake $0.24
Board [9d 2h Ac]
Seat 3: robertass84 (button) (small blind) collected ($11.76)
Seat 4: Mudager (big blind) folded on the Flop


PokerStars Hand #151504683680:  Hold'em Limit ($3/$6 USD) - 2016/04/06 3:50:57 ET
Table 'Chara' 6-max Seat #3 is the button
Seat 3: robertass84 ($131.52 in chips)
Seat 4: Mudager ($146 in chips)
robertass84: posts small blind $1
Mudager: posts big blind $3
*** HOLE CARDS ***
robertass84: folds
Uncalled bet ($2) returned to Mudager
Mudager collected $2 from pot
Mudager: doesn't show hand
*** SUMMARY ***
Total pot $2 | Rake $0
Seat 3: robertass84 (button) (small blind) folded before Flop
Seat 4: Mudager (big blind) collected ($2)


PokerStars Hand #151504678198:  Hold'em Limit ($3/$6 USD) - 2016/04/06 3:50:40 ET
Table 'Chara' 6-max Seat #4 is the button
Seat 3: robertass84 ($120 in chips)
Seat 4: Mudager ($158 in chips)
Mudager: posts small blind $1
robertass84: posts big blind $3
*** HOLE CARDS ***
Mudager: raises $3 to $6
robertass84: raises $3 to $9
Mudager: calls $3
*** FLOP *** [Kh 6d 9c]
robertass84: bets $3
Mudager: calls $3
*** TURN *** [Kh 6d 9c] [Qs]
robertass84: bets $6
Mudager: folds
Uncalled bet ($6) returned to robertass84
robertass84 collected $23.52 from pot
robertass84: doesn't show hand
*** SUMMARY ***
Total pot $24 | Rake $0.48
Board [Kh 6d 9c Qs]
Seat 3: robertass84 (big blind) collected ($23.52)
Seat 4: Mudager (button) (small blind) folded on the Turn


PokerStars Hand #151504702869:  Hold'em Limit ($3/$6 USD) - 2016/04/06 3:51:56 ET
Table 'Chara' 6-max Seat #3 is the button
Seat 3: robertass84 ($167 in chips)
Seat 4: Mudager ($120 in chips)
robertass84: posts small blind $1
Mudager: posts big blind $3
*** HOLE CARDS ***
robertass84: folds
Uncalled bet ($2) returned to Mudager
Mudager collected $2 from pot
Mudager: doesn't show hand
*** SUMMARY ***
Total pot $2 | Rake $0
Seat 3: robertass84 (button) (small blind) folded before Flop
Seat 4: Mudager (big blind) collected ($2)


PokerStars Hand #151504696348:  Hold'em Limit ($3/$6 USD) - 2016/04/06 3:51:36 ET
Table 'Chara' 6-max Seat #4 is the button
Seat 3: robertass84 ($140.50 in chips)
Seat 4: Mudager ($143.50 in chips)
Mudager: posts small blind $1
robertass84: posts big blind $3
*** HOLE CARDS ***
Mudager: raises $3 to $6
robertass84: raises $3 to $9
Mudager: calls $3
*** FLOP *** [Ah 9h Kc]
robertass84: bets $3
Mudager: raises $3 to $6
robertass84: calls $3
*** TURN *** [Ah 9h Kc] [Ks]
robertass84: checks
Mudager: bets $6
robertass84: calls $6
*** RIVER *** [Ah 9h Kc Ks] [Td]
robertass84: checks
Mudager: bets $6
robertass84: calls $6
*** SHOW DOWN ***
Mudager: shows [7d Jh] (a pair of Kings)
robertass84: shows [2d Ac] (two pair, Aces and Kings)
robertass84 collected $53.50 from pot
*** SUMMARY ***
Total pot $54 | Rake $0.50
Board [Ah 9h Kc Ks Td]
Seat 3: robertass84 (big blind) showed [2d Ac] and won ($53.50) with two pair, Aces and Kings
Seat 4: Mudager (button) (small blind) showed [7d Jh] and lost with a pair of Kings


PokerStars Hand #151504685059:  Hold'em Limit ($3/$6 USD) - 2016/04/06 3:51:01 ET
Table 'Chara' 6-max Seat #4 is the button
Seat 3: robertass84 ($130.52 in chips)
Seat 4: Mudager ($147 in chips)
Mudager: posts small blind $1
robertass84: posts big blind $3
*** HOLE CARDS ***
Mudager: raises $3 to $6
robertass84: raises $3 to $9
Mudager: calls $3
*** FLOP *** [8s 6h 4h]
robertass84: bets $3
Mudager: calls $3
*** TURN *** [8s 6h 4h] [Qh]
robertass84: bets $6
Mudager: raises $6 to $12
robertass84: folds
Uncalled bet ($6) returned to Mudager
Mudager collected $35.50 from pot
Mudager: doesn't show hand
*** SUMMARY ***
Total pot $36 | Rake $0.50
Board [8s 6h 4h Qh]
Seat 3: robertass84 (big blind) folded on the Turn
Seat 4: Mudager (button) (small blind) collected ($35.50)


PokerStars Hand #151504690702:  Hold'em Limit ($3/$6 USD) - 2016/04/06 3:51:19 ET
Table 'Chara' 6-max Seat #3 is the button
Seat 3: robertass84 ($120 in chips)
Seat 4: Mudager ($164.50 in chips)
robertass84: posts small blind $1
Mudager: posts big blind $3
*** HOLE CARDS ***
robertass84: raises $3 to $6
Mudager: calls $3
*** FLOP *** [5d Qd Qc]
Mudager: checks
robertass84: bets $3
Mudager: calls $3
*** TURN *** [5d Qd Qc] [Qs]
Mudager: checks
robertass84: bets $6
Mudager: calls $6
*** RIVER *** [5d Qd Qc Qs] [Jh]
Mudager: checks
robertass84: bets $6
Mudager: calls $6
*** SHOW DOWN ***
robertass84: shows [7d 7c] (a full house, Queens full of Sevens)
Mudager: mucks hand
robertass84 collected $41.50 from pot
*** SUMMARY ***
Total pot $42 | Rake $0.50
Board [5d Qd Qc Qs Jh]
Seat 3: robertass84 (button) (small blind) showed [7d 7c] and won ($41.50) with a full house, Queens full of Sevens
Seat 4: Mudager (big blind) mucked


PokerStars Hand #151504704571:  Hold'em Limit ($3/$6 USD) - 2016/04/06 3:52:01 ET
Table 'Chara' 6-max Seat #4 is the button
Seat 3: robertass84 ($166 in chips)
Seat 4: Mudager ($121 in chips)
Mudager: posts small blind $1
robertass84: posts big blind $3
*** HOLE CARDS ***
Mudager: raises $3 to $6
robertass84: raises $3 to $9
Mudager: calls $3
*** FLOP *** [5h 7c Qs]
robertass84: bets $3
Mudager: raises $3 to $6
robertass84: calls $3
*** TURN *** [5h 7c Qs] [Th]
robertass84: checks
Mudager: bets $6
robertass84: folds
Uncalled bet ($6) returned to Mudager
Mudager collected $29.50 from pot
Mudager: doesn't show hand
*** SUMMARY ***
Total pot $30 | Rake $0.50
Board [5h 7c Qs Th]
Seat 3: robertass84 (big blind) folded on the Turn
Seat 4: Mudager (button) (small blind) collected ($29.50)


PokerStars Hand #151504709645:  Hold'em Limit ($3/$6 USD) - 2016/04/06 3:52:17 ET
Table 'Chara' 6-max Seat #3 is the button
Seat 3: robertass84 ($151 in chips)
Seat 4: Mudager ($135.50 in chips)
robertass84: posts small blind $1
Mudager: posts big blind $3
*** HOLE CARDS ***
robertass84: raises $3 to $6
Mudager: folds
Uncalled bet ($3) returned to robertass84
robertass84 collected $6 from pot
robertass84: doesn't show hand
*** SUMMARY ***
Total pot $6 | Rake $0
Seat 3: robertass84 (button) (small blind) collected ($6)
Seat 4: Mudager (big blind) folded before Flop


PokerStars Hand #151504712268:  Hold'em Limit ($3/$6 USD) - 2016/04/06 3:52:25 ET
Table 'Chara' 6-max Seat #4 is the button
Seat 3: robertass84 ($154 in chips)
Seat 4: Mudager ($132.50 in chips)
Mudager: posts small blind $1
robertass84: posts big blind $3
*** HOLE CARDS ***
Mudager: raises $3 to $6
robertass84: raises $3 to $9
Mudager: calls $3
*** FLOP *** [6d 7s 3d]
robertass84: bets $3
Mudager: raises $3 to $6
robertass84: calls $3
*** TURN *** [6d 7s 3d] [2c]
robertass84: checks
Mudager: bets $6
robertass84: folds
Uncalled bet ($6) returned to Mudager
Mudager collected $29.50 from pot
Mudager: doesn't show hand
*** SUMMARY ***
Total pot $30 | Rake $0.50
Board [6d 7s 3d 2c]
Seat 3: robertass84 (big blind) folded on the Turn
Seat 4: Mudager (button) (small blind) collected ($29.50)


PokerStars Hand #151504733133:  Hold'em Limit ($3/$6 USD) - 2016/04/06 3:53:30 ET
Table 'Chara' 6-max Seat #3 is the button
Seat 3: robertass84 ($180.02 in chips)
Seat 4: Mudager ($120 in chips)
robertass84: posts small blind $1
Mudager: posts big blind $3
*** HOLE CARDS ***
robertass84: raises $3 to $6
Mudager: calls $3
*** FLOP *** [4h Ah 3h]
Mudager: checks
robertass84: bets $3
Mudager: calls $3
*** TURN *** [4h Ah 3h] [Ac]
Mudager: checks
robertass84: bets $6
Mudager: calls $6
*** RIVER *** [4h Ah 3h Ac] [4d]
Mudager: checks
robertass84: bets $6
Mudager: folds
Uncalled bet ($6) returned to robertass84
robertass84 collected $29.50 from pot
robertass84: doesn't show hand
*** SUMMARY ***
Total pot $30 | Rake $0.50
Board [4h Ah 3h Ac 4d]
Seat 3: robertass84 (button) (small blind) collected ($29.50)
Seat 4: Mudager (big blind) folded on the River


PokerStars Hand #151504726539:  Hold'em Limit ($3/$6 USD) - 2016/04/06 3:53:09 ET
Table 'Chara' 6-max Seat #4 is the button
Seat 3: robertass84 ($168.50 in chips)
Seat 4: Mudager ($120 in chips)
Mudager: posts small blind $1
robertass84: posts big blind $3
*** HOLE CARDS ***
Mudager: raises $3 to $6
robertass84: raises $3 to $9
Mudager: calls $3
*** FLOP *** [4c Jd 3h]
robertass84: bets $3
Mudager: calls $3
*** TURN *** [4c Jd 3h] [9c]
robertass84: bets $6
Mudager: folds
Uncalled bet ($6) returned to robertass84
robertass84 collected $23.52 from pot
robertass84: doesn't show hand
*** SUMMARY ***
Total pot $24 | Rake $0.48
Board [4c Jd 3h 9c]
Seat 3: robertass84 (big blind) collected ($23.52)
Seat 4: Mudager (button) (small blind) folded on the Turn


PokerStars Hand #151504719845:  Hold'em Limit ($3/$6 USD) - 2016/04/06 3:52:48 ET
Table 'Chara' 6-max Seat #3 is the button
Seat 3: robertass84 ($139 in chips)
Seat 4: Mudager ($147 in chips)
robertass84: posts small blind $1
Mudager: posts big blind $3
*** HOLE CARDS ***
robertass84: raises $3 to $6
Mudager: calls $3
*** FLOP *** [6c 7c Ad]
Mudager: checks
robertass84: bets $3
Mudager: raises $3 to $6
robertass84: calls $3
*** TURN *** [6c 7c Ad] [9d]
Mudager: bets $6
robertass84: raises $6 to $12
Mudager: calls $6
*** RIVER *** [6c 7c Ad 9d] [Ah]
Mudager: checks
robertass84: bets $6
Mudager: calls $6
*** SHOW DOWN ***
robertass84: shows [9c 9s] (a full house, Nines full of Aces)
Mudager: mucks hand
robertass84 collected $59.50 from pot
*** SUMMARY ***
Total pot $60 | Rake $0.50
Board [6c 7c Ad 9d Ah]
Seat 3: robertass84 (button) (small blind) showed [9c 9s] and won ($59.50) with a full house, Nines full of Aces
Seat 4: Mudager (big blind) mucked


PokerStars Hand #151504742164:  Hold'em Limit ($3/$6 USD) - 2016/04/06 3:53:58 ET
Table 'Chara' 6-max Seat #3 is the button
Seat 3: robertass84 ($191.52 in chips)
Seat 4: Mudager ($123 in chips)
robertass84: posts small blind $1
Mudager: posts big blind $3
*** HOLE CARDS ***
robertass84: folds
Uncalled bet ($2) returned to Mudager
Mudager collected $2 from pot
Mudager: doesn't show hand
*** SUMMARY ***
Total pot $2 | Rake $0
Seat 3: robertass84 (button) (small blind) folded before Flop
Seat 4: Mudager (big blind) collected ($2)


PokerStars Hand #151504739729:  Hold'em Limit ($3/$6 USD) - 2016/04/06 3:53:50 ET
Table 'Chara' 6-max Seat #4 is the button
Seat 3: robertass84 ($194.52 in chips)
Seat 4: Mudager ($120 in chips)
Mudager: posts small blind $1
robertass84: posts big blind $3
*** HOLE CARDS ***
Mudager: raises $3 to $6
robertass84: folds
Uncalled bet ($3) returned to Mudager
Mudager collected $6 from pot
Mudager: doesn't show hand
*** SUMMARY ***
Total pot $6 | Rake $0
Seat 3: robertass84 (big blind) folded before Flop
Seat 4: Mudager (button) (small blind) collected ($6)


PokerStars Hand #151504743686:  Hold'em Limit ($3/$6 USD) - 2016/04/06 3:54:03 ET
Table 'Chara' 6-max Seat #4 is the button
Seat 3: robertass84 ($190.52 in chips)
Seat 4: Mudager ($124 in chips)
Mudager: posts small blind $1
robertass84: posts big blind $3
*** HOLE CARDS ***
Mudager: raises $3 to $6
robertass84: raises $3 to $9
Mudager: calls $3
*** FLOP *** [9d 4c Jd]
robertass84: bets $3
Mudager: raises $3 to $6
robertass84: calls $3
*** TURN *** [9d 4c Jd] [Tc]
robertass84: checks
Mudager: checks
*** RIVER *** [9d 4c Jd Tc] [8d]
robertass84: checks
Mudager: checks
*** SHOW DOWN ***
robertass84: shows [Qc Qh] (a straight, Eight to Queen)
Mudager: mucks hand
robertass84 collected $29.50 from pot
*** SUMMARY ***
Total pot $30 | Rake $0.50
Board [9d 4c Jd Tc 8d]
Seat 3: robertass84 (big blind) showed [Qc Qh] and won ($29.50) with a straight, Eight to Queen
Seat 4: Mudager (button) (small blind) mucked


