PokerStars Hand #160500876973:  Hold'em Limit ($3/$6 USD) - 2016/10/27 6:20:35 ET
Table 'Charon' 6-max Seat #3 is the button
Seat 3: Fantomet ($66 in chips)
Seat 4: Agrotait ($72 in chips)
Fantomet: posts small blind $1
Agrotait: posts big blind $3
*** HOLE CARDS ***
Fantomet: raises $3 to $6
Agrotait: calls $3
*** FLOP *** [Kh 7c Kd]
Agrotait: checks
Fantomet: bets $3
Agrotait: raises $3 to $6
Fantomet: folds
Uncalled bet ($3) returned to Agrotait
Agrotait collected $17.64 from pot
Agrotait: doesn't show hand
*** SUMMARY ***
Total pot $18 | Rake $0.36
Board [Kh 7c Kd]
Seat 3: Fantomet (button) (small blind) folded on the Flop
Seat 4: Agrotait (big blind) collected ($17.64)


PokerStars Hand #160500891505:  Hold'em Limit ($3/$6 USD) - 2016/10/27 6:21:12 ET
Table 'Charon' 6-max Seat #3 is the button
Seat 3: Fantomet ($51 in chips)
Seat 4: Agrotait ($86.40 in chips)
Fantomet: posts small blind $1
Agrotait: posts big blind $3
*** HOLE CARDS ***
Fantomet: folds
Uncalled bet ($2) returned to Agrotait
Agrotait collected $2 from pot
Agrotait: doesn't show hand
*** SUMMARY ***
Total pot $2 | Rake $0
Seat 3: Fantomet (button) (small blind) folded before Flop
Seat 4: Agrotait (big blind) collected ($2)


PokerStars Hand #160500882871:  Hold'em Limit ($3/$6 USD) - 2016/10/27 6:20:50 ET
Table 'Charon' 6-max Seat #4 is the button
Seat 3: Fantomet ($57 in chips)
Seat 4: Agrotait ($80.64 in chips)
Agrotait: posts small blind $1
Fantomet: posts big blind $3
*** HOLE CARDS ***
Agrotait: raises $3 to $6
Fantomet: calls $3
*** FLOP *** [Kc Jd 4s]
Fantomet: checks
Agrotait: bets $3
Fantomet: folds
Uncalled bet ($3) returned to Agrotait
partyalex92 joins the table at seat #2
Agrotait collected $11.76 from pot
Agrotait: doesn't show hand
*** SUMMARY ***
Total pot $12 | Rake $0.24
Board [Kc Jd 4s]
Seat 3: Fantomet (big blind) folded on the Flop
Seat 4: Agrotait (button) (small blind) collected ($11.76)


PokerStars Hand #160500927853:  Hold'em Limit ($3/$6 USD) - 2016/10/27 6:22:46 ET
Table 'Charon' 6-max Seat #3 is the button
Seat 3: Fantomet ($42.07 in chips)
Seat 4: Agrotait ($109.47 in chips)
Fantomet: posts small blind $1
Agrotait: posts big blind $3
*** HOLE CARDS ***
Fantomet: raises $3 to $6
Agrotait: calls $3
*** FLOP *** [5h 3c 2s]
Agrotait: checks
Fantomet: bets $3
Agrotait: calls $3
*** TURN *** [5h 3c 2s] [6c]
Agrotait: checks
Fantomet: bets $6
Agrotait: folds
Uncalled bet ($6) returned to Fantomet
Fantomet collected $17.64 from pot
*** SUMMARY ***
Total pot $18 | Rake $0.36
Board [5h 3c 2s 6c]
Seat 3: Fantomet (button) (small blind) collected ($17.64)
Seat 4: Agrotait (big blind) folded on the Turn


PokerStars Hand #160500917194:  Hold'em Limit ($3/$6 USD) - 2016/10/27 6:22:19 ET
Table 'Charon' 6-max Seat #3 is the button
Seat 3: Fantomet ($50.07 in chips)
Seat 4: Agrotait ($101.47 in chips)
Fantomet: posts small blind $1
Agrotait: posts big blind $3
*** HOLE CARDS ***
Fantomet: folds
Uncalled bet ($2) returned to Agrotait
Agrotait collected $2 from pot
Agrotait: doesn't show hand
*** SUMMARY ***
Total pot $2 | Rake $0
Seat 3: Fantomet (button) (small blind) folded before Flop
Seat 4: Agrotait (big blind) collected ($2)


PokerStars Hand #160500922833:  Hold'em Limit ($3/$6 USD) - 2016/10/27 6:22:33 ET
Table 'Charon' 6-max Seat #3 is the button
Seat 3: Fantomet ($46.07 in chips)
Seat 4: Agrotait ($105.47 in chips)
Fantomet: posts small blind $1
Agrotait: posts big blind $3
*** HOLE CARDS ***
Fantomet: folds
Uncalled bet ($2) returned to Agrotait
Agrotait collected $2 from pot
Agrotait: doesn't show hand
*** SUMMARY ***
Total pot $2 | Rake $0
Seat 3: Fantomet (button) (small blind) folded before Flop
Seat 4: Agrotait (big blind) collected ($2)


PokerStars Hand #160500934700:  Hold'em Limit ($3/$6 USD) - 2016/10/27 6:23:04 ET
Table 'Charon' 6-max Seat #4 is the button
Seat 3: Fantomet ($50.71 in chips)
Seat 4: Agrotait ($100.47 in chips)
Agrotait: posts small blind $1
Fantomet: posts big blind $3
*** HOLE CARDS ***
Agrotait: raises $3 to $6
Fantomet: calls $3
*** FLOP *** [Td 4d 2d]
Fantomet: checks
Agrotait: bets $3
Fantomet: calls $3
*** TURN *** [Td 4d 2d] [Tc]
Fantomet: checks
Agrotait: bets $6
Fantomet: folds
Uncalled bet ($6) returned to Agrotait
Agrotait collected $17.64 from pot
Agrotait: doesn't show hand
*** SUMMARY ***
Total pot $18 | Rake $0.36
Board [Td 4d 2d Tc]
Seat 3: Fantomet (big blind) folded on the Turn
Seat 4: Agrotait (button) (small blind) collected ($17.64)


PokerStars Hand #160500949807:  Hold'em Limit ($3/$6 USD) - 2016/10/27 6:23:42 ET
Table 'Charon' 6-max Seat #4 is the button
Seat 3: Fantomet ($59.21 in chips)
Seat 4: Agrotait ($91.11 in chips)
Agrotait: posts small blind $1
Fantomet: posts big blind $3
*** HOLE CARDS ***
Agrotait: folds
Uncalled bet ($2) returned to Fantomet
Fantomet collected $2 from pot
*** SUMMARY ***
Total pot $2 | Rake $0
Seat 3: Fantomet (big blind) collected ($2)
Seat 4: Agrotait (button) (small blind) folded before Flop


PokerStars Hand #160500940394:  Hold'em Limit ($3/$6 USD) - 2016/10/27 6:23:18 ET
Table 'Charon' 6-max Seat #3 is the button
Seat 3: Fantomet ($41.71 in chips)
Seat 4: Agrotait ($109.11 in chips)
Fantomet: posts small blind $1
Agrotait: posts big blind $3
*** HOLE CARDS ***
Fantomet: raises $3 to $6
Agrotait: calls $3
*** FLOP *** [6s 2h Jd]
Agrotait: checks
Fantomet: checks
*** TURN *** [6s 2h Jd] [8s]
Agrotait: checks
Fantomet: bets $6
Agrotait: calls $6
*** RIVER *** [6s 2h Jd 8s] [4c]
Agrotait: checks
Fantomet: bets $6
Agrotait: calls $6
*** SHOW DOWN ***
Fantomet: shows [5s 7h] (a straight, Four to Eight)
Agrotait: mucks hand
Fantomet collected $35.50 from pot
*** SUMMARY ***
Total pot $36 | Rake $0.50
Board [6s 2h Jd 8s 4c]
Seat 3: Fantomet (button) (small blind) showed [5s 7h] and won ($35.50) with a straight, Four to Eight
Seat 4: Agrotait (big blind) mucked


PokerStars Hand #160500951819:  Hold'em Limit ($3/$6 USD) - 2016/10/27 6:23:47 ET
Table 'Charon' 6-max Seat #3 is the button
Seat 3: Fantomet ($60.21 in chips)
Seat 4: Agrotait ($90.11 in chips)
Fantomet: posts small blind $1
Agrotait: posts big blind $3
*** HOLE CARDS ***
Fantomet: folds
Uncalled bet ($2) returned to Agrotait
Agrotait collected $2 from pot
Agrotait: doesn't show hand
*** SUMMARY ***
Total pot $2 | Rake $0
Seat 3: Fantomet (button) (small blind) folded before Flop
Seat 4: Agrotait (big blind) collected ($2)


PokerStars Hand #160500953932:  Hold'em Limit ($3/$6 USD) - 2016/10/27 6:23:53 ET
Table 'Charon' 6-max Seat #4 is the button
Seat 3: Fantomet ($59.21 in chips)
Seat 4: Agrotait ($91.11 in chips)
Agrotait: posts small blind $1
Fantomet: posts big blind $3
*** HOLE CARDS ***
Agrotait: raises $3 to $6
Fantomet: calls $3
*** FLOP *** [6d Ks Kc]
Fantomet: checks
Agrotait: bets $3
Fantomet: calls $3
*** TURN *** [6d Ks Kc] [5c]
Fantomet: checks
Agrotait: checks
*** RIVER *** [6d Ks Kc 5c] [Kh]
Fantomet: bets $6
Agrotait: folds
Uncalled bet ($6) returned to Fantomet
Fantomet collected $17.64 from pot
*** SUMMARY ***
Total pot $18 | Rake $0.36
Board [6d Ks Kc 5c Kh]
Seat 3: Fantomet (big blind) collected ($17.64)
Seat 4: Agrotait (button) (small blind) folded on the River


PokerStars Hand #160500961497:  Hold'em Limit ($3/$6 USD) - 2016/10/27 6:24:12 ET
Table 'Charon' 6-max Seat #3 is the button
Seat 3: Fantomet ($67.85 in chips)
Seat 4: Agrotait ($82.11 in chips)
Fantomet: posts small blind $1
Agrotait: posts big blind $3
*** HOLE CARDS ***
Fantomet: raises $3 to $6
Agrotait: raises $3 to $9
Fantomet: calls $3
*** FLOP *** [Kc 6d 6s]
Agrotait: bets $3
Fantomet: folds
Uncalled bet ($3) returned to Agrotait
Agrotait collected $17.64 from pot
Agrotait: doesn't show hand
*** SUMMARY ***
Total pot $18 | Rake $0.36
Board [Kc 6d 6s]
Seat 3: Fantomet (button) (small blind) folded on the Flop
Seat 4: Agrotait (big blind) collected ($17.64)


PokerStars Hand #160500995501:  Hold'em Limit ($3/$6 USD) - 2016/10/27 6:25:38 ET
Table 'Charon' 6-max Seat #4 is the button
Seat 3: Fantomet ($84.99 in chips)
Seat 4: Agrotait ($63.75 in chips)
Agrotait: posts small blind $1
Fantomet: posts big blind $3
*** HOLE CARDS ***
Agrotait: raises $3 to $6
Fantomet: raises $3 to $9
Agrotait: calls $3
*** FLOP *** [4c 2h 8d]
Fantomet: bets $3
Agrotait: calls $3
*** TURN *** [4c 2h 8d] [8h]
Fantomet: bets $6
Agrotait: calls $6
*** RIVER *** [4c 2h 8d 8h] [9c]
Fantomet: checks
Agrotait: bets $6
Fantomet: calls $6
*** SHOW DOWN ***
Agrotait: shows [Qs 4s] (two pair, Eights and Fours)
Fantomet: mucks hand
Agrotait collected $47.50 from pot
*** SUMMARY ***
Total pot $48 | Rake $0.50
Board [4c 2h 8d 8h 9c]
Seat 3: Fantomet (big blind) mucked
Seat 4: Agrotait (button) (small blind) showed [Qs 4s] and won ($47.50) with two pair, Eights and Fours


PokerStars Hand #160500988062:  Hold'em Limit ($3/$6 USD) - 2016/10/27 6:25:19 ET
Table 'Charon' 6-max Seat #4 is the button
Seat 3: Fantomet ($75.35 in chips)
Seat 4: Agrotait ($73.75 in chips)
Agrotait: posts small blind $1
Fantomet: posts big blind $3
*** HOLE CARDS ***
Agrotait: folds
Uncalled bet ($2) returned to Fantomet
Fantomet collected $2 from pot
*** SUMMARY ***
Total pot $2 | Rake $0
Seat 3: Fantomet (big blind) collected ($2)
Seat 4: Agrotait (button) (small blind) folded before Flop


PokerStars Hand #160500986093:  Hold'em Limit ($3/$6 USD) - 2016/10/27 6:25:14 ET
Table 'Charon' 6-max Seat #3 is the button
Seat 3: Fantomet ($76.35 in chips)
Seat 4: Agrotait ($72.75 in chips)
Fantomet: posts small blind $1
Agrotait: posts big blind $3
*** HOLE CARDS ***
Fantomet: folds
Uncalled bet ($2) returned to Agrotait
Agrotait collected $2 from pot
Agrotait: doesn't show hand
*** SUMMARY ***
Total pot $2 | Rake $0
Seat 3: Fantomet (button) (small blind) folded before Flop
Seat 4: Agrotait (big blind) collected ($2)


PokerStars Hand #160500989949:  Hold'em Limit ($3/$6 USD) - 2016/10/27 6:25:24 ET
Table 'Charon' 6-max Seat #3 is the button
Seat 3: Fantomet ($76.35 in chips)
Seat 4: Agrotait ($72.75 in chips)
Fantomet: posts small blind $1
Agrotait: posts big blind $3
*** HOLE CARDS ***
Fantomet: raises $3 to $6
Agrotait: calls $3
*** FLOP *** [5d 9d 7s]
Agrotait: checks
Fantomet: bets $3
Agrotait: calls $3
*** TURN *** [5d 9d 7s] [3s]
Agrotait: checks
Fantomet: bets $6
Agrotait: folds
Uncalled bet ($6) returned to Fantomet
Fantomet collected $17.64 from pot
*** SUMMARY ***
Total pot $18 | Rake $0.36
Board [5d 9d 7s 3s]
Seat 3: Fantomet (button) (small blind) collected ($17.64)
Seat 4: Agrotait (big blind) folded on the Turn


PokerStars Hand #160500971829:  Hold'em Limit ($3/$6 USD) - 2016/10/27 6:24:38 ET
Table 'Charon' 6-max Seat #4 is the button
Seat 3: Fantomet ($58.85 in chips)
Seat 4: Agrotait ($90.75 in chips)
Agrotait: posts small blind $1
Fantomet: posts big blind $3
*** HOLE CARDS ***
Agrotait: raises $3 to $6
Fantomet: raises $3 to $9
Agrotait: calls $3
*** FLOP *** [Kh 4h Qc]
Fantomet: checks
Agrotait: bets $3
Fantomet: calls $3
*** TURN *** [Kh 4h Qc] [5d]
Fantomet: checks
Agrotait: bets $6
Fantomet: raises $6 to $12
Agrotait: folds
Uncalled bet ($6) returned to Fantomet
Fantomet collected $35.50 from pot
Fantomet: shows [Ac Ad] (a pair of Aces)
*** SUMMARY ***
Total pot $36 | Rake $0.50
Board [Kh 4h Qc 5d]
Seat 3: Fantomet (big blind) collected ($35.50)
Seat 4: Agrotait (button) (small blind) folded on the Turn


PokerStars Hand #160501024338:  Hold'em Limit ($3/$6 USD) - 2016/10/27 6:26:53 ET
Table 'Charon' 6-max Seat #4 is the button
Seat 3: Fantomet ($32.99 in chips)
Seat 4: Agrotait ($114.51 in chips)
Agrotait: posts small blind $1
Fantomet: posts big blind $3
*** HOLE CARDS ***
Agrotait: raises $3 to $6
Fantomet: calls $3
*** FLOP *** [Js 5c 2s]
Fantomet: checks
Agrotait: bets $3
Fantomet: calls $3
*** TURN *** [Js 5c 2s] [Kd]
Fantomet: checks
Agrotait: checks
*** RIVER *** [Js 5c 2s Kd] [7d]
Fantomet: bets $6
Agrotait: folds
Uncalled bet ($6) returned to Fantomet
Fantomet collected $17.64 from pot
*** SUMMARY ***
Total pot $18 | Rake $0.36
Board [Js 5c 2s Kd 7d]
Seat 3: Fantomet (big blind) collected ($17.64)
Seat 4: Agrotait (button) (small blind) folded on the River


PokerStars Hand #160501012152:  Hold'em Limit ($3/$6 USD) - 2016/10/27 6:26:21 ET
Table 'Charon' 6-max Seat #4 is the button
Seat 3: Fantomet ($45.99 in chips)
Seat 4: Agrotait ($101.75 in chips)
Agrotait: posts small blind $1
Fantomet: posts big blind $3
*** HOLE CARDS ***
Agrotait: raises $3 to $6
Fantomet: folds
Uncalled bet ($3) returned to Agrotait
Agrotait collected $6 from pot
Agrotait: doesn't show hand
*** SUMMARY ***
Total pot $6 | Rake $0
Seat 3: Fantomet (big blind) folded before Flop
Seat 4: Agrotait (button) (small blind) collected ($6)


PokerStars Hand #160501003483:  Hold'em Limit ($3/$6 USD) - 2016/10/27 6:25:59 ET
Table 'Charon' 6-max Seat #3 is the button
Seat 3: Fantomet ($60.99 in chips)
Seat 4: Agrotait ($87.25 in chips)
Fantomet: posts small blind $1
Agrotait: posts big blind $3
*** HOLE CARDS ***
Fantomet: raises $3 to $6
Agrotait: calls $3
*** FLOP *** [9c 7d 5h]
Agrotait: checks
Fantomet: bets $3
Agrotait: calls $3
*** TURN *** [9c 7d 5h] [5c]
Agrotait: checks
Fantomet: bets $6
Agrotait: calls $6
*** RIVER *** [9c 7d 5h 5c] [Th]
Agrotait: checks
Fantomet: checks
*** SHOW DOWN ***
Agrotait: shows [Ah 4d] (a pair of Fives)
Fantomet: mucks hand
Agrotait collected $29.50 from pot
*** SUMMARY ***
Total pot $30 | Rake $0.50
Board [9c 7d 5h 5c Th]
Seat 3: Fantomet (button) (small blind) mucked
Seat 4: Agrotait (big blind) showed [Ah 4d] and won ($29.50) with a pair of Fives


PokerStars Hand #160501020058:  Hold'em Limit ($3/$6 USD) - 2016/10/27 6:26:42 ET
Table 'Charon' 6-max Seat #4 is the button
Seat 3: Fantomet ($36.99 in chips)
Seat 4: Agrotait ($110.51 in chips)
Agrotait: posts small blind $1
Fantomet: posts big blind $3
*** HOLE CARDS ***
Agrotait: raises $3 to $6
Fantomet: folds
Uncalled bet ($3) returned to Agrotait
Agrotait collected $6 from pot
Agrotait: doesn't show hand
*** SUMMARY ***
Total pot $6 | Rake $0
Seat 3: Fantomet (big blind) folded before Flop
Seat 4: Agrotait (button) (small blind) collected ($6)


PokerStars Hand #160501014576:  Hold'em Limit ($3/$6 USD) - 2016/10/27 6:26:28 ET
Table 'Charon' 6-max Seat #3 is the button
Seat 3: Fantomet ($42.99 in chips)
Seat 4: Agrotait ($104.75 in chips)
Fantomet: posts small blind $1
Agrotait: posts big blind $3
*** HOLE CARDS ***
Fantomet: calls $2
Agrotait: raises $3 to $6
Fantomet: calls $3
*** FLOP *** [7d Qc Kd]
Agrotait: bets $3
Fantomet: folds
Uncalled bet ($3) returned to Agrotait
Agrotait collected $11.76 from pot
Agrotait: doesn't show hand
*** SUMMARY ***
Total pot $12 | Rake $0.24
Board [7d Qc Kd]
Seat 3: Fantomet (button) (small blind) folded on the Flop
Seat 4: Agrotait (big blind) collected ($11.76)


PokerStars Hand #160501022240:  Hold'em Limit ($3/$6 USD) - 2016/10/27 6:26:47 ET
Table 'Charon' 6-max Seat #3 is the button
Seat 3: Fantomet ($33.99 in chips)
Seat 4: Agrotait ($113.51 in chips)
Fantomet: posts small blind $1
Agrotait: posts big blind $3
*** HOLE CARDS ***
Fantomet: folds
Uncalled bet ($2) returned to Agrotait
Agrotait collected $2 from pot
Agrotait: doesn't show hand
*** SUMMARY ***
Total pot $2 | Rake $0
Seat 3: Fantomet (button) (small blind) folded before Flop
Seat 4: Agrotait (big blind) collected ($2)


PokerStars Hand #160501030808:  Hold'em Limit ($3/$6 USD) - 2016/10/27 6:27:09 ET
Table 'Charon' 6-max Seat #3 is the button
Seat 3: Fantomet ($41.63 in chips)
Seat 4: Agrotait ($105.51 in chips)
Fantomet: posts small blind $1
Agrotait: posts big blind $3
*** HOLE CARDS ***
Fantomet: raises $3 to $6
Agrotait: calls $3
*** FLOP *** [6s Jc 2c]
Agrotait: checks
Fantomet: bets $3
Agrotait: raises $3 to $6
Fantomet: calls $3
*** TURN *** [6s Jc 2c] [8d]
Agrotait: checks
Fantomet is disconnected
Fantomet is connected
Fantomet: checks
*** RIVER *** [6s Jc 2c 8d] [Ts]
Agrotait: bets $6
Fantomet: calls $6
*** SHOW DOWN ***
Agrotait: shows [4s 5c] (high card Jack)
Fantomet: shows [Ac 2s] (a pair of Deuces)
Fantomet collected $35.50 from pot
*** SUMMARY ***
Total pot $36 | Rake $0.50
Board [6s Jc 2c 8d Ts]
Seat 3: Fantomet (button) (small blind) showed [Ac 2s] and won ($35.50) with a pair of Deuces
Seat 4: Agrotait (big blind) showed [4s 5c] and lost with high card Jack


PokerStars Hand #160501062195:  Hold'em Limit ($3/$6 USD) - 2016/10/27 6:28:30 ET
Table 'Charon' 6-max Seat #4 is the button
Seat 3: Fantomet ($61.63 in chips)
Seat 4: Agrotait ($84.03 in chips)
Agrotait: posts small blind $1
Fantomet: posts big blind $3
*** HOLE CARDS ***
Agrotait: raises $3 to $6
Fantomet: calls $3
*** FLOP *** [3c Jh Td]
Fantomet: checks
Agrotait: bets $3
Fantomet: calls $3
*** TURN *** [3c Jh Td] [3s]
Fantomet: checks
Agrotait: checks
*** RIVER *** [3c Jh Td 3s] [Tc]
Fantomet: bets $6
Agrotait: folds
Uncalled bet ($6) returned to Fantomet
Fantomet collected $17.64 from pot
Fantomet: shows [Kh Ts] (a full house, Tens full of Threes)
*** SUMMARY ***
Total pot $18 | Rake $0.36
Board [3c Jh Td 3s Tc]
Seat 3: Fantomet (big blind) collected ($17.64)
Seat 4: Agrotait (button) (small blind) folded on the River


PokerStars Hand #160501055486:  Hold'em Limit ($3/$6 USD) - 2016/10/27 6:28:13 ET
Table 'Charon' 6-max Seat #3 is the button
Seat 3: Fantomet ($73.63 in chips)
Seat 4: Agrotait ($72.51 in chips)
Fantomet: posts small blind $1
Agrotait: posts big blind $3
*** HOLE CARDS ***
Fantomet: raises $3 to $6
Agrotait: calls $3
*** FLOP *** [Kh 5d 3s]
Agrotait: checks
Fantomet: bets $3
Agrotait: raises $3 to $6
Fantomet: calls $3
*** TURN *** [Kh 5d 3s] [8d]
Agrotait: bets $6
Fantomet: folds
Uncalled bet ($6) returned to Agrotait
Agrotait collected $23.52 from pot
Agrotait: doesn't show hand
*** SUMMARY ***
Total pot $24 | Rake $0.48
Board [Kh 5d 3s 8d]
Seat 3: Fantomet (button) (small blind) folded on the Turn
Seat 4: Agrotait (big blind) collected ($23.52)


PokerStars Hand #160501049302:  Hold'em Limit ($3/$6 USD) - 2016/10/27 6:27:56 ET
Table 'Charon' 6-max Seat #4 is the button
Seat 3: Fantomet ($59.13 in chips)
Seat 4: Agrotait ($87.51 in chips)
Agrotait: posts small blind $1
Fantomet: posts big blind $3
*** HOLE CARDS ***
Agrotait: raises $3 to $6
Fantomet: calls $3
*** FLOP *** [Th Ts 2c]
Fantomet: bets $3
Agrotait: calls $3
*** TURN *** [Th Ts 2c] [2d]
Fantomet: checks
Agrotait: bets $6
Fantomet: raises $6 to $12
Agrotait: folds
Uncalled bet ($6) returned to Fantomet
Fantomet collected $29.50 from pot
*** SUMMARY ***
Total pot $30 | Rake $0.50
Board [Th Ts 2c 2d]
Seat 3: Fantomet (big blind) collected ($29.50)
Seat 4: Agrotait (button) (small blind) folded on the Turn


PokerStars Hand #160501067970:  Hold'em Limit ($3/$6 USD) - 2016/10/27 6:28:45 ET
Table 'Charon' 6-max Seat #3 is the button
Seat 3: Fantomet ($70.27 in chips)
Seat 4: Agrotait ($75.03 in chips)
Fantomet: posts small blind $1
Agrotait: posts big blind $3
*** HOLE CARDS ***
Fantomet: raises $3 to $6
Agrotait: calls $3
*** FLOP *** [4d Td 7s]
Agrotait: checks
Fantomet: bets $3
Agrotait: raises $3 to $6
NEST201300 joins the table at seat #5
Fantomet: calls $3
*** TURN *** [4d Td 7s] [Ks]
Agrotait: bets $6
Fantomet: folds
Uncalled bet ($6) returned to Agrotait
Agrotait collected $23.52 from pot
Agrotait: doesn't show hand
*** SUMMARY ***
Total pot $24 | Rake $0.48
Board [4d Td 7s Ks]
Seat 3: Fantomet (button) (small blind) folded on the Turn
Seat 4: Agrotait (big blind) collected ($23.52)


PokerStars Hand #160501174022:  Hold'em Limit ($3/$6 USD) - 2016/10/27 6:33:18 ET
Table 'Charon' 6-max Seat #4 is the button
Seat 4: Agrotait ($77 in chips)
Seat 6: kolaz03 ($115.64 in chips)
Agrotait: posts small blind $1
NEST201300: is sitting out
kolaz03: posts big blind $3
*** HOLE CARDS ***
Agrotait: raises $3 to $6
NEST201300 leaves the table
kolaz03: raises $3 to $9
Agrotait: calls $3
*** FLOP *** [Kh Ks 3c]
kolaz03: bets $3
Agrotait: calls $3
*** TURN *** [Kh Ks 3c] [6c]
kolaz03: bets $6
Agrotait: raises $6 to $12
kolaz03: calls $6
*** RIVER *** [Kh Ks 3c 6c] [6s]
kolaz03: checks
Agrotait: bets $6
kolaz03: folds
Uncalled bet ($6) returned to Agrotait
Agrotait collected $47.50 from pot
Agrotait: doesn't show hand
*** SUMMARY ***
Total pot $48 | Rake $0.50
Board [Kh Ks 3c 6c 6s]
Seat 4: Agrotait (button) (small blind) collected ($47.50)
Seat 6: kolaz03 (big blind) folded on the River


