PokerStars Hand #145708035599:  Hold'em Limit ($3/$6 USD) - 2015/12/21 16:45:13 ET
Table 'Charon II' 6-max Seat #3 is the button
Seat 1: Zubasa07 ($505.76 in chips)
Seat 3: missbleuf ($43.17 in chips)
missbleuf: posts small blind $1
Zubasa07: posts big blind $3
*** HOLE CARDS ***
missbleuf: raises $3 to $6
Zubasa07: calls $3
*** FLOP *** [Qh Ks 5s]
Zubasa07: checks
missbleuf: bets $3
Zubasa07: calls $3
*** TURN *** [Qh Ks 5s] [Js]
Zubasa07: checks
missbleuf: checks
*** RIVER *** [Qh Ks 5s Js] [7s]
Zubasa07: checks
missbleuf: bets $6
Zubasa07: calls $6
*** SHOW DOWN ***
missbleuf: shows [3s Ac] (a flush, King high)
Zubasa07: mucks hand
missbleuf collected $29.50 from pot
*** SUMMARY ***
Total pot $30 | Rake $0.50
Board [Qh Ks 5s Js 7s]
Seat 1: Zubasa07 (big blind) mucked
Seat 3: missbleuf (button) (small blind) showed [3s Ac] and won ($29.50) with a flush, King high


PokerStars Hand #145708123447:  Hold'em Limit ($3/$6 USD) - 2015/12/21 16:46:47 ET
Table 'Charon II' 6-max Seat #3 is the button
Seat 1: Zubasa07 ($499.40 in chips)
Seat 3: missbleuf ($48.67 in chips)
missbleuf: posts small blind $1
Zubasa07: posts big blind $3
*** HOLE CARDS ***
missbleuf: folds
Uncalled bet ($2) returned to Zubasa07
Zubasa07 collected $2 from pot
Zubasa07: doesn't show hand
*** SUMMARY ***
Total pot $2 | Rake $0
Seat 1: Zubasa07 (big blind) collected ($2)
Seat 3: missbleuf (button) (small blind) folded before Flop


PokerStars Hand #145708102348:  Hold'em Limit ($3/$6 USD) - 2015/12/21 16:46:24 ET
Table 'Charon II' 6-max Seat #1 is the button
Seat 1: Zubasa07 ($490.76 in chips)
Seat 3: missbleuf ($57.67 in chips)
Zubasa07: posts small blind $1
missbleuf: posts big blind $3
*** HOLE CARDS ***
Zubasa07: raises $3 to $6
missbleuf: calls $3
*** FLOP *** [9h 8s 9c]
missbleuf: checks
Zubasa07: bets $3
missbleuf: calls $3
*** TURN *** [9h 8s 9c] [2d]
missbleuf: checks
Zubasa07: bets $6
missbleuf: folds
Uncalled bet ($6) returned to Zubasa07
Zubasa07 collected $17.64 from pot
Zubasa07: doesn't show hand
*** SUMMARY ***
Total pot $18 | Rake $0.36
Board [9h 8s 9c 2d]
Seat 1: Zubasa07 (button) (small blind) collected ($17.64)
Seat 3: missbleuf (big blind) folded on the Turn


PokerStars Hand #145708182206:  Hold'em Limit ($3/$6 USD) - 2015/12/21 16:47:50 ET
Table 'Charon II' 6-max Seat #1 is the button
Seat 1: Zubasa07 ($486.40 in chips)
Seat 3: missbleuf ($61.17 in chips)
Zubasa07: posts small blind $1
missbleuf: posts big blind $3
*** HOLE CARDS ***
Zubasa07: raises $3 to $6
missbleuf: raises $3 to $9
Zubasa07: calls $3
*** FLOP *** [4d 9s Td]
Airbag999 joins the table at seat #4
missbleuf: checks
Zubasa07: checks
*** TURN *** [4d 9s Td] [2s]
missbleuf: checks
Leo Scotch19 joins the table at seat #6
Velbor107 joins the table at seat #2
Zubasa07: bets $6
missbleuf: folds
Uncalled bet ($6) returned to Zubasa07
vestimokrec joins the table at seat #5
Zubasa07 collected $17.64 from pot
Zubasa07: doesn't show hand
Leo Scotch19 leaves the table
*** SUMMARY ***
Total pot $18 | Rake $0.36
Board [4d 9s Td 2s]
Seat 1: Zubasa07 (button) (small blind) collected ($17.64)
Seat 3: missbleuf (big blind) folded on the Turn


PokerStars Hand #145708176996:  Hold'em Limit ($3/$6 USD) - 2015/12/21 16:47:45 ET
Table 'Charon II' 6-max Seat #3 is the button
Seat 1: Zubasa07 ($485.40 in chips)
Seat 3: missbleuf ($62.17 in chips)
missbleuf: posts small blind $1
Zubasa07: posts big blind $3
*** HOLE CARDS ***
missbleuf: folds
Uncalled bet ($2) returned to Zubasa07
Zubasa07 collected $2 from pot
Zubasa07: doesn't show hand
*** SUMMARY ***
Total pot $2 | Rake $0
Seat 1: Zubasa07 (big blind) collected ($2)
Seat 3: missbleuf (button) (small blind) folded before Flop


PokerStars Hand #145708132180:  Hold'em Limit ($3/$6 USD) - 2015/12/21 16:46:56 ET
Table 'Charon II' 6-max Seat #1 is the button
Seat 1: Zubasa07 ($500.40 in chips)
Seat 3: missbleuf ($47.67 in chips)
Zubasa07: posts small blind $1
missbleuf: posts big blind $3
*** HOLE CARDS ***
Zubasa07: raises $3 to $6
missbleuf: raises $3 to $9
Zubasa07: calls $3
*** FLOP *** [9h 3s Ac]
missbleuf: checks
Zubasa07: checks
*** TURN *** [9h 3s Ac] [4s]
missbleuf: bets $6
Zubasa07: calls $6
*** RIVER *** [9h 3s Ac 4s] [8h]
missbleuf: bets $6
Zubasa07: folds
Uncalled bet ($6) returned to missbleuf
missbleuf collected $29.50 from pot
*** SUMMARY ***
Total pot $30 | Rake $0.50
Board [9h 3s Ac 4s 8h]
Seat 1: Zubasa07 (button) (small blind) folded on the River
Seat 3: missbleuf (big blind) collected ($29.50)


PokerStars Hand #145708535044:  Hold'em Limit ($3/$6 USD) - 2015/12/21 16:54:14 ET
Table 'Charon II' 6-max Seat #4 is the button
Seat 3: missbleuf ($65.93 in chips)
Seat 4: Airbag999 ($120 in chips)
Airbag999: posts small blind $1
missbleuf: posts big blind $3
*** HOLE CARDS ***
Airbag999: folds
Uncalled bet ($2) returned to missbleuf
missbleuf collected $2 from pot
*** SUMMARY ***
Total pot $2 | Rake $0
Seat 3: missbleuf (big blind) collected ($2)
Seat 4: Airbag999 (button) (small blind) folded before Flop


PokerStars Hand #145708499858:  Hold'em Limit ($3/$6 USD) - 2015/12/21 16:53:36 ET
Table 'Charon II' 6-max Seat #3 is the button
Seat 3: missbleuf ($42.43 in chips)
Seat 4: Airbag999 ($116.50 in chips)
missbleuf: posts small blind $1
Airbag999: posts big blind $3
*** HOLE CARDS ***
missbleuf: raises $3 to $6
Airbag999: raises $3 to $9
missbleuf: raises $3 to $12
Betting is capped
Airbag999: calls $3
*** FLOP *** [6h 9d 4h]
Airbag999: checks
missbleuf: checks
*** TURN *** [6h 9d 4h] [Jc]
Airbag999: bets $6
missbleuf: calls $6
*** RIVER *** [6h 9d 4h Jc] [2h]
Airbag999: bets $6
missbleuf: calls $6
*** SHOW DOWN ***
Airbag999: shows [8d Ad] (high card Ace)
missbleuf: shows [Qc 6c] (a pair of Sixes)
missbleuf collected $47.50 from pot
*** SUMMARY ***
Total pot $48 | Rake $0.50
Board [6h 9d 4h Jc 2h]
Seat 3: missbleuf (button) (small blind) showed [Qc 6c] and won ($47.50) with a pair of Sixes
Seat 4: Airbag999 (big blind) showed [8d Ad] and lost with high card Ace


PokerStars Hand #145708493683:  Hold'em Limit ($3/$6 USD) - 2015/12/21 16:53:29 ET
Table 'Charon II' 6-max Seat #4 is the button
Seat 3: missbleuf ($41.43 in chips)
Seat 4: Airbag999 ($117.50 in chips)
Airbag999: posts small blind $1
Zubasa07: is sitting out
missbleuf: posts big blind $3
*** HOLE CARDS ***
Zubasa07 leaves the table
Airbag999: folds
Uncalled bet ($2) returned to missbleuf
missbleuf collected $2 from pot
*** SUMMARY ***
Total pot $2 | Rake $0
Seat 3: missbleuf (big blind) collected ($2)
Seat 4: Airbag999 (button) (small blind) folded before Flop


PokerStars Hand #145708560589:  Hold'em Limit ($3/$6 USD) - 2015/12/21 16:54:42 ET
Table 'Charon II' 6-max Seat #3 is the button
Seat 3: missbleuf ($74.57 in chips)
Seat 4: Airbag999 ($111 in chips)
missbleuf: posts small blind $1
Airbag999: posts big blind $3
*** HOLE CARDS ***
missbleuf: raises $3 to $6
Airbag999: calls $3
*** FLOP *** [As 4s Ts]
Airbag999: checks
missbleuf: bets $3
Airbag999: raises $3 to $6
missbleuf: calls $3
*** TURN *** [As 4s Ts] [7c]
Airbag999: checks
missbleuf: bets $6
Airbag999: calls $6
*** RIVER *** [As 4s Ts 7c] [4h]
Airbag999: checks
missbleuf: bets $6
Airbag999: folds
Uncalled bet ($6) returned to missbleuf
missbleuf collected $35.50 from pot
*** SUMMARY ***
Total pot $36 | Rake $0.50
Board [As 4s Ts 7c 4h]
Seat 3: missbleuf (button) (small blind) collected ($35.50)
Seat 4: Airbag999 (big blind) folded on the River


PokerStars Hand #145708547130:  Hold'em Limit ($3/$6 USD) - 2015/12/21 16:54:28 ET
Table 'Charon II' 6-max Seat #4 is the button
Seat 3: missbleuf ($65.93 in chips)
Seat 4: Airbag999 ($120 in chips)
Airbag999: posts small blind $1
missbleuf: posts big blind $3
*** HOLE CARDS ***
Airbag999: raises $3 to $6
missbleuf: raises $3 to $9
Airbag999: calls $3
*** FLOP *** [3c 8c Jh]
missbleuf: bets $3
Airbag999: folds
Uncalled bet ($3) returned to missbleuf
missbleuf collected $17.64 from pot
*** SUMMARY ***
Total pot $18 | Rake $0.36
Board [3c 8c Jh]
Seat 3: missbleuf (big blind) collected ($17.64)
Seat 4: Airbag999 (button) (small blind) folded on the Flop


PokerStars Hand #145708542376:  Hold'em Limit ($3/$6 USD) - 2015/12/21 16:54:22 ET
Table 'Charon II' 6-max Seat #3 is the button
Seat 3: missbleuf ($66.93 in chips)
Seat 4: Airbag999 ($119 in chips)
missbleuf: posts small blind $1
Airbag999: posts big blind $3
*** HOLE CARDS ***
missbleuf: folds
Uncalled bet ($2) returned to Airbag999
Airbag999 collected $2 from pot
Airbag999: doesn't show hand
*** SUMMARY ***
Total pot $2 | Rake $0
Seat 3: missbleuf (button) (small blind) folded before Flop
Seat 4: Airbag999 (big blind) collected ($2)


PokerStars Hand #145708608105:  Hold'em Limit ($3/$6 USD) - 2015/12/21 16:55:41 ET
Table 'Charon II' 6-max Seat #4 is the button
Seat 3: missbleuf ($76.07 in chips)
Seat 4: Airbag999 ($135.50 in chips)
Airbag999: posts small blind $1
missbleuf: posts big blind $3
*** HOLE CARDS ***
Airbag999: raises $3 to $6
missbleuf: raises $3 to $9
Airbag999: calls $3
*** FLOP *** [6d 8s Qs]
missbleuf: bets $3
Airbag999: raises $3 to $6
missbleuf: calls $3
*** TURN *** [6d 8s Qs] [4h]
missbleuf: checks
Airbag999: bets $6
missbleuf: calls $6
*** RIVER *** [6d 8s Qs 4h] [Kd]
missbleuf: checks
Airbag999: bets $6
missbleuf: calls $6
*** SHOW DOWN ***
Airbag999: shows [7h 9h] (high card King)
missbleuf: shows [8h 7d] (a pair of Eights)
missbleuf collected $53.50 from pot
*** SUMMARY ***
Total pot $54 | Rake $0.50
Board [6d 8s Qs 4h Kd]
Seat 3: missbleuf (big blind) showed [8h 7d] and won ($53.50) with a pair of Eights
Seat 4: Airbag999 (button) (small blind) showed [7h 9h] and lost with high card King


PokerStars Hand #145708604508:  Hold'em Limit ($3/$6 USD) - 2015/12/21 16:55:36 ET
Table 'Charon II' 6-max Seat #3 is the button
Seat 3: missbleuf ($77.07 in chips)
Seat 4: Airbag999 ($134.50 in chips)
missbleuf: posts small blind $1
Airbag999: posts big blind $3
*** HOLE CARDS ***
missbleuf: folds
Uncalled bet ($2) returned to Airbag999
Airbag999 collected $2 from pot
Airbag999: doesn't show hand
*** SUMMARY ***
Total pot $2 | Rake $0
Seat 3: missbleuf (button) (small blind) folded before Flop
Seat 4: Airbag999 (big blind) collected ($2)


PokerStars Hand #145708586933:  Hold'em Limit ($3/$6 USD) - 2015/12/21 16:55:12 ET
Table 'Charon II' 6-max Seat #4 is the button
Seat 3: missbleuf ($92.07 in chips)
Seat 4: Airbag999 ($120 in chips)
Airbag999: posts small blind $1
missbleuf: posts big blind $3
*** HOLE CARDS ***
Airbag999: raises $3 to $6
missbleuf: calls $3
*** FLOP *** [Th 7c Ad]
missbleuf: checks
Airbag999: bets $3
missbleuf: calls $3
*** TURN *** [Th 7c Ad] [Qs]
missbleuf: checks
Airbag999: checks
*** RIVER *** [Th 7c Ad Qs] [5c]
missbleuf: bets $6
Airbag999: calls $6
*** SHOW DOWN ***
missbleuf: shows [Js 9c] (high card Ace)
Airbag999: shows [4s 5s] (a pair of Fives)
Airbag999 collected $29.50 from pot
*** SUMMARY ***
Total pot $30 | Rake $0.50
Board [Th 7c Ad Qs 5c]
Seat 3: missbleuf (big blind) showed [Js 9c] and lost with high card Ace
Seat 4: Airbag999 (button) (small blind) showed [4s 5s] and won ($29.50) with a pair of Fives


PokerStars Hand #145708668890:  Hold'em Limit ($3/$6 USD) - 2015/12/21 16:57:03 ET
Table 'Charon II' 6-max Seat #4 is the button
Seat 3: missbleuf ($125.07 in chips)
Seat 4: Airbag999 ($121 in chips)
Airbag999: posts small blind $1
missbleuf: posts big blind $3
*** HOLE CARDS ***
Airbag999: raises $3 to $6
missbleuf: raises $3 to $9
Airbag999: calls $3
*** FLOP *** [5d 4s Qs]
missbleuf: checks
Airbag999: checks
*** TURN *** [5d 4s Qs] [7h]
missbleuf: bets $6
Airbag999: calls $6
*** RIVER *** [5d 4s Qs 7h] [Jh]
missbleuf: bets $6
Airbag999: calls $6
*** SHOW DOWN ***
missbleuf: shows [Ac As] (a pair of Aces)
Airbag999: mucks hand
missbleuf collected $41.50 from pot
*** SUMMARY ***
Total pot $42 | Rake $0.50
Board [5d 4s Qs 7h Jh]
Seat 3: missbleuf (big blind) showed [Ac As] and won ($41.50) with a pair of Aces
Seat 4: Airbag999 (button) (small blind) mucked


PokerStars Hand #145708663403:  Hold'em Limit ($3/$6 USD) - 2015/12/21 16:56:56 ET
Table 'Charon II' 6-max Seat #3 is the button
Seat 3: missbleuf ($126.07 in chips)
Seat 4: Airbag999 ($120 in chips)
missbleuf: posts small blind $1
Airbag999: posts big blind $3
*** HOLE CARDS ***
missbleuf: folds
Uncalled bet ($2) returned to Airbag999
Airbag999 collected $2 from pot
Airbag999: doesn't show hand
*** SUMMARY ***
Total pot $2 | Rake $0
Seat 3: missbleuf (button) (small blind) folded before Flop
Seat 4: Airbag999 (big blind) collected ($2)


PokerStars Hand #145708643357:  Hold'em Limit ($3/$6 USD) - 2015/12/21 16:56:29 ET
Table 'Charon II' 6-max Seat #4 is the button
Seat 3: missbleuf ($96.57 in chips)
Seat 4: Airbag999 ($114.26 in chips)
Airbag999: posts small blind $1
missbleuf: posts big blind $3
*** HOLE CARDS ***
Airbag999: raises $3 to $6
missbleuf: raises $3 to $9
Airbag999: raises $3 to $12
Betting is capped
missbleuf: calls $3
*** FLOP *** [3s 4s Tc]
missbleuf: checks
Airbag999: bets $3
missbleuf: raises $3 to $6
Airbag999: calls $3
*** TURN *** [3s 4s Tc] [6d]
missbleuf: bets $6
Airbag999: calls $6
*** RIVER *** [3s 4s Tc 6d] [Ts]
missbleuf: bets $6
Airbag999: calls $6
*** SHOW DOWN ***
missbleuf: shows [Td 8h] (three of a kind, Tens)
Airbag999: mucks hand
missbleuf collected $59.50 from pot
*** SUMMARY ***
Total pot $60 | Rake $0.50
Board [3s 4s Tc 6d Ts]
Seat 3: missbleuf (big blind) showed [Td 8h] and won ($59.50) with three of a kind, Tens
Seat 4: Airbag999 (button) (small blind) mucked


PokerStars Hand #145708630314:  Hold'em Limit ($3/$6 USD) - 2015/12/21 16:56:12 ET
Table 'Charon II' 6-max Seat #3 is the button
Seat 3: missbleuf ($102.57 in chips)
Seat 4: Airbag999 ($108.50 in chips)
missbleuf: posts small blind $1
Airbag999: posts big blind $3
*** HOLE CARDS ***
missbleuf: calls $2
Airbag999: raises $3 to $6
missbleuf: calls $3
*** FLOP *** [6c Qd 6d]
Airbag999: bets $3
missbleuf: folds
Uncalled bet ($3) returned to Airbag999
Airbag999 collected $11.76 from pot
Airbag999: doesn't show hand
*** SUMMARY ***
Total pot $12 | Rake $0.24
Board [6c Qd 6d]
Seat 3: missbleuf (button) (small blind) folded on the Flop
Seat 4: Airbag999 (big blind) collected ($11.76)


PokerStars Hand #145708723571:  Hold'em Limit ($3/$6 USD) - 2015/12/21 16:58:16 ET
Table 'Charon II' 6-max Seat #3 is the button
Seat 3: missbleuf ($172.71 in chips)
Seat 4: Airbag999 ($115.76 in chips)
missbleuf: posts small blind $1
Airbag999: posts big blind $3
*** HOLE CARDS ***
missbleuf: folds
Uncalled bet ($2) returned to Airbag999
Airbag999 collected $2 from pot
Airbag999: doesn't show hand
*** SUMMARY ***
Total pot $2 | Rake $0
Seat 3: missbleuf (button) (small blind) folded before Flop
Seat 4: Airbag999 (big blind) collected ($2)


PokerStars Hand #145708714099:  Hold'em Limit ($3/$6 USD) - 2015/12/21 16:58:03 ET
Table 'Charon II' 6-max Seat #4 is the button
Seat 3: missbleuf ($178.71 in chips)
Seat 4: Airbag999 ($110 in chips)
Airbag999: posts small blind $1
missbleuf: posts big blind $3
*** HOLE CARDS ***
Airbag999: raises $3 to $6
missbleuf: calls $3
*** FLOP *** [Jh 2h 9s]
missbleuf: checks
Airbag999: bets $3
missbleuf: folds
Uncalled bet ($3) returned to Airbag999
Airbag999 collected $11.76 from pot
*** SUMMARY ***
Total pot $12 | Rake $0.24
Board [Jh 2h 9s]
Seat 3: missbleuf (big blind) folded on the Flop
Seat 4: Airbag999 (button) (small blind) collected ($11.76)


PokerStars Hand #145708702919:  Hold'em Limit ($3/$6 USD) - 2015/12/21 16:57:48 ET
Table 'Charon II' 6-max Seat #3 is the button
Seat 3: missbleuf ($170.07 in chips)
Seat 4: Airbag999 ($119 in chips)
missbleuf: posts small blind $1
Airbag999: posts big blind $3
*** HOLE CARDS ***
missbleuf: raises $3 to $6
Airbag999: calls $3
*** FLOP *** [4h 8h 3c]
Airbag999: checks
missbleuf: bets $3
Airbag999: calls $3
*** TURN *** [4h 8h 3c] [3d]
Airbag999: checks
missbleuf: bets $6
Airbag999: folds
Uncalled bet ($6) returned to missbleuf
missbleuf collected $17.64 from pot
*** SUMMARY ***
Total pot $18 | Rake $0.36
Board [4h 8h 3c 3d]
Seat 3: missbleuf (button) (small blind) collected ($17.64)
Seat 4: Airbag999 (big blind) folded on the Turn


PokerStars Hand #145708698316:  Hold'em Limit ($3/$6 USD) - 2015/12/21 16:57:42 ET
Table 'Charon II' 6-max Seat #4 is the button
Seat 3: missbleuf ($169.07 in chips)
Seat 4: Airbag999 ($120 in chips)
Airbag999: posts small blind $1
missbleuf: posts big blind $3
*** HOLE CARDS ***
Airbag999: folds
Uncalled bet ($2) returned to missbleuf
missbleuf collected $2 from pot
*** SUMMARY ***
Total pot $2 | Rake $0
Seat 3: missbleuf (big blind) collected ($2)
Seat 4: Airbag999 (button) (small blind) folded before Flop


PokerStars Hand #145708684001:  Hold'em Limit ($3/$6 USD) - 2015/12/21 16:57:23 ET
Table 'Charon II' 6-max Seat #3 is the button
Seat 3: missbleuf ($145.57 in chips)
Seat 4: Airbag999 ($100 in chips)
missbleuf: posts small blind $1
Airbag999: posts big blind $3
*** HOLE CARDS ***
missbleuf: raises $3 to $6
Airbag999: calls $3
*** FLOP *** [7d 8s 2h]
Airbag999: checks
missbleuf: bets $3
Airbag999: raises $3 to $6
missbleuf: calls $3
*** TURN *** [7d 8s 2h] [Qs]
Airbag999: bets $6
missbleuf: calls $6
*** RIVER *** [7d 8s 2h Qs] [3h]
Airbag999: bets $6
missbleuf: calls $6
*** SHOW DOWN ***
Airbag999: shows [6s 5h] (high card Queen)
missbleuf: shows [7c 4c] (a pair of Sevens)
missbleuf collected $47.50 from pot
*** SUMMARY ***
Total pot $48 | Rake $0.50
Board [7d 8s 2h Qs 3h]
Seat 3: missbleuf (button) (small blind) showed [7c 4c] and won ($47.50) with a pair of Sevens
Seat 4: Airbag999 (big blind) showed [6s 5h] and lost with high card Queen


PokerStars Hand #145708739152:  Hold'em Limit ($3/$6 USD) - 2015/12/21 16:58:36 ET
Table 'Charon II' 6-max Seat #3 is the button
Seat 3: missbleuf ($183.23 in chips)
Seat 4: Airbag999 ($104.76 in chips)
missbleuf: posts small blind $1
Airbag999: posts big blind $3
*** HOLE CARDS ***
missbleuf: raises $3 to $6
Airbag999: calls $3
*** FLOP *** [2s Ks 7d]
Airbag999: checks
missbleuf: bets $3
Airbag999: calls $3
*** TURN *** [2s Ks 7d] [Qc]
Leo Scotch19 joins the table at seat #1
Airbag999: checks
missbleuf: bets $6
Airbag999: calls $6
*** RIVER *** [2s Ks 7d Qc] [3s]
Airbag999: checks
missbleuf: bets $6
Airbag999: calls $6
*** SHOW DOWN ***
missbleuf: shows [6h 8h] (high card King)
Airbag999: shows [4s Ah] (high card Ace)
Airbag999 collected $41.50 from pot
*** SUMMARY ***
Total pot $42 | Rake $0.50
Board [2s Ks 7d Qc 3s]
Seat 3: missbleuf (button) (small blind) showed [6h 8h] and lost with high card King
Seat 4: Airbag999 (big blind) showed [4s Ah] and won ($41.50) with high card Ace


PokerStars Hand #145708727500:  Hold'em Limit ($3/$6 USD) - 2015/12/21 16:58:21 ET
Table 'Charon II' 6-max Seat #4 is the button
Seat 3: missbleuf ($171.71 in chips)
Seat 4: Airbag999 ($116.76 in chips)
Airbag999: posts small blind $1
missbleuf: posts big blind $3
*** HOLE CARDS ***
Airbag999: raises $3 to $6
missbleuf: raises $3 to $9
Airbag999: calls $3
*** FLOP *** [2h Kc 3d]
missbleuf: bets $3
Airbag999: calls $3
*** TURN *** [2h Kc 3d] [Qd]
missbleuf: bets $6
Airbag999: folds
Uncalled bet ($6) returned to missbleuf
missbleuf collected $23.52 from pot
*** SUMMARY ***
Total pot $24 | Rake $0.48
Board [2h Kc 3d Qd]
Seat 3: missbleuf (big blind) collected ($23.52)
Seat 4: Airbag999 (button) (small blind) folded on the Turn


