PokerStars Hand #163686033188:  Hold'em Limit ($3/$6 USD) - 2016/12/28 18:05:05 ET
Table 'Charon II' 6-max Seat #1 is the button
Seat 1: ToDaFelt ($120 in chips)
Seat 5: JacksonNytorget ($120 in chips)
ToDaFelt: posts small blind $1
JacksonNytorget: posts big blind $3
*** HOLE CARDS ***
vestimokrec joins the table at seat #6
ToDaFelt: raises $3 to $6
GoliafUa joins the table at seat #2
JacksonNytorget: calls $3
*** FLOP *** [Kh 4d 2s]
JacksonNytorget: checks
ToDaFelt: bets $3
JacksonNytorget: calls $3
*** TURN *** [Kh 4d 2s] [6s]
JacksonNytorget: bets $6
ToDaFelt: raises $6 to $12
JacksonNytorget: calls $6
*** RIVER *** [Kh 4d 2s 6s] [8h]
JacksonNytorget: checks
ToDaFelt: bets $6
JacksonNytorget: folds
Uncalled bet ($6) returned to ToDaFelt
ToDaFelt collected $41.50 from pot
ToDaFelt: doesn't show hand
*** SUMMARY ***
Total pot $42 | Rake $0.50
Board [Kh 4d 2s 6s 8h]
Seat 1: ToDaFelt (button) (small blind) collected ($41.50)
Seat 5: JacksonNytorget (big blind) folded on the River


PokerStars Hand #163686478217:  Hold'em Limit ($3/$6 USD) - 2016/12/28 18:13:16 ET
Table 'Charon II' 6-max Seat #2 is the button
Seat 1: ToDaFelt ($171.85 in chips)
Seat 2: karambakilla ($117 in chips)
karambakilla: posts small blind $1
vestimokrec: is sitting out
ToDaFelt: posts big blind $3
*** HOLE CARDS ***
vestimokrec leaves the table
karambakilla: folds
Uncalled bet ($2) returned to ToDaFelt
ToDaFelt collected $2 from pot
ToDaFelt: doesn't show hand
*** SUMMARY ***
Total pot $2 | Rake $0
Seat 1: ToDaFelt (big blind) collected ($2)
Seat 2: karambakilla (button) (small blind) folded before Flop


