PokerStars Hand #172589337464:  Hold'em Limit ($3/$6 USD) - 2017/07/04 7:20:57 ET
Table 'Charybdis' 6-max Seat #1 is the button
Seat 1: sim5sim5 ($72 in chips)
Seat 5: Chrisgalo33 ($30 in chips)
sim5sim5: posts small blind $1
Chrisgalo33: posts big blind $3
*** HOLE CARDS ***
AzureCaper joins the table at seat #6
sim5sim5: raises $3 to $6
Chrisgalo33: calls $3
*** FLOP *** [9c Ts 4d]
Chrisgalo33: checks
sim5sim5: bets $3
Chrisgalo33: calls $3
*** TURN *** [9c Ts 4d] [5d]
Chrisgalo33: checks
sim5sim5: checks
*** RIVER *** [9c Ts 4d 5d] [8s]
Chrisgalo33: bets $6
sim5sim5: raises $6 to $12
Chrisgalo33: calls $6
*** SHOW DOWN ***
sim5sim5: shows [Jh 7c] (a straight, Seven to Jack)
Chrisgalo33: mucks hand
sim5sim5 collected $41.50 from pot
*** SUMMARY ***
Total pot $42 | Rake $0.50
Board [9c Ts 4d 5d 8s]
Seat 1: sim5sim5 (button) (small blind) showed [Jh 7c] and won ($41.50) with a straight, Seven to Jack
Seat 5: Chrisgalo33 (big blind) mucked


PokerStars Hand #172589375360:  Hold'em Limit ($3/$6 USD) - 2017/07/04 7:22:31 ET
Table 'Charybdis' 6-max Seat #1 is the button
Seat 1: sim5sim5 ($97.02 in chips)
Seat 6: AzureCaper ($76 in chips)
sim5sim5: posts small blind $1
AzureCaper: posts big blind $3
*** HOLE CARDS ***
sim5sim5: raises $3 to $6
AzureCaper: calls $3
*** FLOP *** [6d Qd Jd]
AzureCaper: checks
sim5sim5: checks
*** TURN *** [6d Qd Jd] [8s]
AzureCaper: bets $6
sim5sim5: raises $6 to $12
AzureCaper: folds
Uncalled bet ($6) returned to sim5sim5
sim5sim5 collected $23.52 from pot
sim5sim5: doesn't show hand
*** SUMMARY ***
Total pot $24 | Rake $0.48
Board [6d Qd Jd 8s]
Seat 1: sim5sim5 (button) (small blind) collected ($23.52)
Seat 6: AzureCaper (big blind) folded on the Turn


PokerStars Hand #172589386937:  Hold'em Limit ($3/$6 USD) - 2017/07/04 7:22:59 ET
Table 'Charybdis' 6-max Seat #6 is the button
Seat 1: sim5sim5 ($108.54 in chips)
Seat 6: AzureCaper ($72 in chips)
AzureCaper: posts small blind $1
sim5sim5: posts big blind $3
*** HOLE CARDS ***
AzureCaper: raises $3 to $6
sim5sim5: raises $3 to $9
AzureCaper: raises $3 to $12
Betting is capped
sim5sim5: calls $3
*** FLOP *** [Qh 5d 3d]
sim5sim5: checks
AzureCaper: bets $3
sim5sim5: raises $3 to $6
AzureCaper: calls $3
*** TURN *** [Qh 5d 3d] [Kd]
sim5sim5: bets $6
AzureCaper: folds
Uncalled bet ($6) returned to sim5sim5
sim5sim5 collected $35.50 from pot
sim5sim5: doesn't show hand
*** SUMMARY ***
Total pot $36 | Rake $0.50
Board [Qh 5d 3d Kd]
Seat 1: sim5sim5 (big blind) collected ($35.50)
Seat 6: AzureCaper (button) (small blind) folded on the Turn


PokerStars Hand #172590799176:  Hold'em Limit ($3/$6 USD) - 2017/07/04 8:18:48 ET
Table 'Charybdis' 6-max Seat #3 is the button
Seat 2: Fetish73 ($189.64 in chips)
Seat 3: scorpio04 ($238.72 in chips)
scorpio04: posts small blind $1
oliwan: is sitting out
Fetish73: posts big blind $3
*** HOLE CARDS ***
oliwan leaves the table
scorpio04: raises $3 to $6
Fetish73: calls $3
*** FLOP *** [Ts Qs 5c]
Fetish73: checks
scorpio04: bets $3
Fetish73: calls $3
*** TURN *** [Ts Qs 5c] [3h]
Fetish73: checks
scorpio04: checks
*** RIVER *** [Ts Qs 5c 3h] [2h]
Fetish73: bets $6
scorpio04: folds
Uncalled bet ($6) returned to Fetish73
Fetish73 collected $17.64 from pot
*** SUMMARY ***
Total pot $18 | Rake $0.36
Board [Ts Qs 5c 3h 2h]
Seat 2: Fetish73 (big blind) collected ($17.64)
Seat 3: scorpio04 (button) (small blind) folded on the River


PokerStars Hand #172590806194:  Hold'em Limit ($3/$6 USD) - 2017/07/04 8:19:04 ET
Table 'Charybdis' 6-max Seat #2 is the button
Seat 2: Fetish73 ($198.28 in chips)
Seat 3: scorpio04 ($229.72 in chips)
Fetish73: posts small blind $1
scorpio04: posts big blind $3
*** HOLE CARDS ***
Fetish73: raises $3 to $6
scorpio04: calls $3
*** FLOP *** [8s 6s As]
scorpio04: checks
Fetish73: bets $3
scorpio04: folds
Uncalled bet ($3) returned to Fetish73
Fetish73 collected $11.76 from pot
*** SUMMARY ***
Total pot $12 | Rake $0.24
Board [8s 6s As]
Seat 2: Fetish73 (button) (small blind) collected ($11.76)
Seat 3: scorpio04 (big blind) folded on the Flop


