PokerStars Hand #145091549773:  Hold'em Limit ($3/$6 USD) - 2015/12/09 16:19:38 ET
Table 'Chara II' 6-max Seat #4 is the button
Seat 2: cnholio ($60 in chips)
Seat 4: Azrarn ($72 in chips)
SashaYuvelir joins the table at seat #3
Azrarn: posts small blind $1
cnholio: posts big blind $3
*** HOLE CARDS ***
Azrarn: raises $3 to $6
cnholio: folds
Uncalled bet ($3) returned to Azrarn
Azrarn collected $6 from pot
Azrarn: doesn't show hand
*** SUMMARY ***
Total pot $6 | Rake $0
Seat 2: cnholio (big blind) folded before Flop
Seat 4: Azrarn (button) (small blind) collected ($6)


PokerStars Hand #145091624777:  Hold'em Limit ($3/$6 USD) - 2015/12/09 16:20:58 ET
Table 'Chara II' 6-max Seat #2 is the button
Seat 2: cnholio ($58.56 in chips)
Seat 3: SashaYuvelir ($92.50 in chips)
cnholio: posts small blind $1
SashaYuvelir: posts big blind $3
*** HOLE CARDS ***
cnholio: raises $3 to $6
SashaYuvelir: calls $3
*** FLOP *** [6h 5s 3h]
SashaYuvelir: checks
cnholio: bets $3
SashaYuvelir: folds
Uncalled bet ($3) returned to cnholio
cnholio collected $11.76 from pot
cnholio: doesn't show hand
*** SUMMARY ***
Total pot $12 | Rake $0.24
Board [6h 5s 3h]
Seat 2: cnholio (button) (small blind) collected ($11.76)
Seat 3: SashaYuvelir (big blind) folded on the Flop


PokerStars Hand #145091607089:  Hold'em Limit ($3/$6 USD) - 2015/12/09 16:20:39 ET
Table 'Chara II' 6-max Seat #3 is the button
Seat 2: cnholio ($79.56 in chips)
Seat 3: SashaYuvelir ($72 in chips)
SashaYuvelir: posts small blind $1
Azrarn: is sitting out
cnholio: posts big blind $3
*** HOLE CARDS ***
SashaYuvelir: raises $3 to $6
cnholio: calls $3
*** FLOP *** [Qd 8d 9s]
cnholio: checks
SashaYuvelir: bets $3
cnholio: calls $3
*** TURN *** [Qd 8d 9s] [5h]
cnholio: checks
SashaYuvelir: bets $6
cnholio: calls $6
*** RIVER *** [Qd 8d 9s 5h] [Ah]
cnholio: checks
SashaYuvelir: bets $6
cnholio: calls $6
*** SHOW DOWN ***
SashaYuvelir: shows [6d 7s] (a straight, Five to Nine)
cnholio: mucks hand
SashaYuvelir collected $41.50 from pot
*** SUMMARY ***
Total pot $42 | Rake $0.50
Board [Qd 8d 9s 5h Ah]
Seat 2: cnholio (big blind) mucked
Seat 3: SashaYuvelir (button) (small blind) showed [6d 7s] and won ($41.50) with a straight, Five to Nine


PokerStars Hand #145092951269:  Hold'em Limit ($3/$6 USD) - 2015/12/09 16:45:05 ET
Table 'Chara II' 6-max Seat #4 is the button
Seat 4: Azrarn ($81.92 in chips)
Seat 5: Lillafisen ($154.93 in chips)
Azrarn: posts small blind $1
Lillafisen: posts big blind $3
*** HOLE CARDS ***
Azrarn: folds
Uncalled bet ($2) returned to Lillafisen
Lillafisen collected $2 from pot
Lillafisen: doesn't show hand
*** SUMMARY ***
Total pot $2 | Rake $0
Seat 4: Azrarn (button) (small blind) folded before Flop
Seat 5: Lillafisen (big blind) collected ($2)


PokerStars Hand #145092946021:  Hold'em Limit ($3/$6 USD) - 2015/12/09 16:44:59 ET
Table 'Chara II' 6-max Seat #5 is the button
Seat 4: Azrarn ($84.92 in chips)
Seat 5: Lillafisen ($151.93 in chips)
Lillafisen: posts small blind $1
cnholio: is sitting out
Azrarn: posts big blind $3
*** HOLE CARDS ***
Lillafisen: raises $3 to $6
Azrarn: folds
Uncalled bet ($3) returned to Lillafisen
cnholio leaves the table
Lillafisen collected $6 from pot
Lillafisen: doesn't show hand
*** SUMMARY ***
Total pot $6 | Rake $0
Seat 4: Azrarn (big blind) folded before Flop
Seat 5: Lillafisen (button) (small blind) collected ($6)


