PokerStars Hand #172335949939:  Hold'em Limit ($3/$6 USD) - 2017/06/28 4:48:30 ET
Table 'Chertan' 6-max Seat #3 is the button
Seat 3: Auge72 ($108.11 in chips)
Seat 4: Agrotait ($72 in chips)
Auge72: posts small blind $1
Agrotait: posts big blind $3
*** HOLE CARDS ***
Auge72: raises $3 to $6
Agrotait: calls $3
*** FLOP *** [8d 2d Qs]
Agrotait: checks
Auge72: checks
*** TURN *** [8d 2d Qs] [9s]
Agrotait: bets $6
Auge72: calls $6
*** RIVER *** [8d 2d Qs 9s] [4d]
Agrotait: checks
Auge72: checks
*** SHOW DOWN ***
Agrotait: shows [6h 8c] (a pair of Eights)
Auge72: mucks hand
Agrotait collected $23.52 from pot
*** SUMMARY ***
Total pot $24 | Rake $0.48
Board [8d 2d Qs 9s 4d]
Seat 3: Auge72 (button) (small blind) mucked
Seat 4: Agrotait (big blind) showed [6h 8c] and won ($23.52) with a pair of Eights


PokerStars Hand #172335962554:  Hold'em Limit ($3/$6 USD) - 2017/06/28 4:49:12 ET
Table 'Chertan' 6-max Seat #3 is the button
Seat 3: Auge72 ($90.11 in chips)
Seat 4: Agrotait ($89.28 in chips)
Auge72: posts small blind $1
Agrotait: posts big blind $3
*** HOLE CARDS ***
Auge72: folds
Uncalled bet ($2) returned to Agrotait
Agrotait collected $2 from pot
Agrotait: doesn't show hand
*** SUMMARY ***
Total pot $2 | Rake $0
Seat 3: Auge72 (button) (small blind) folded before Flop
Seat 4: Agrotait (big blind) collected ($2)


PokerStars Hand #172335958891:  Hold'em Limit ($3/$6 USD) - 2017/06/28 4:48:59 ET
Table 'Chertan' 6-max Seat #4 is the button
Seat 3: Auge72 ($96.11 in chips)
Seat 4: Agrotait ($83.52 in chips)
Agrotait: posts small blind $1
Auge72: posts big blind $3
*** HOLE CARDS ***
Agrotait: raises $3 to $6
Auge72: calls $3
*** FLOP *** [Qd 2d Kc]
Auge72: checks
Agrotait: bets $3
Auge72: folds
Uncalled bet ($3) returned to Agrotait
Agrotait collected $11.76 from pot
Agrotait: doesn't show hand
*** SUMMARY ***
Total pot $12 | Rake $0.24
Board [Qd 2d Kc]
Seat 3: Auge72 (big blind) folded on the Flop
Seat 4: Agrotait (button) (small blind) collected ($11.76)


PokerStars Hand #172335964146:  Hold'em Limit ($3/$6 USD) - 2017/06/28 4:49:17 ET
Table 'Chertan' 6-max Seat #4 is the button
Seat 3: Auge72 ($89.11 in chips)
Seat 4: Agrotait ($90.28 in chips)
Agrotait: posts small blind $1
Auge72: posts big blind $3
*** HOLE CARDS ***
Agrotait: raises $3 to $6
Auge72: calls $3
*** FLOP *** [9s 3c Ah]
Auge72: checks
Agrotait: bets $3
Auge72: folds
Uncalled bet ($3) returned to Agrotait
Agrotait collected $11.76 from pot
Agrotait: doesn't show hand
*** SUMMARY ***
Total pot $12 | Rake $0.24
Board [9s 3c Ah]
Seat 3: Auge72 (big blind) folded on the Flop
Seat 4: Agrotait (button) (small blind) collected ($11.76)


PokerStars Hand #172335968516:  Hold'em Limit ($3/$6 USD) - 2017/06/28 4:49:31 ET
Table 'Chertan' 6-max Seat #3 is the button
Seat 3: Auge72 ($83.11 in chips)
Seat 4: Agrotait ($96.04 in chips)
Auge72: posts small blind $1
Agrotait: posts big blind $3
*** HOLE CARDS ***
Auge72: raises $3 to $6
Agrotait: calls $3
*** FLOP *** [9c 6c Ah]
Agrotait: checks
Auge72: bets $3
Agrotait: calls $3
*** TURN *** [9c 6c Ah] [7h]
Agrotait: checks
Auge72: bets $6
Agrotait: raises $6 to $12
Auge72: calls $6
*** RIVER *** [9c 6c Ah 7h] [8h]
Agrotait: bets $6
Auge72: raises $6 to $12
Agrotait: folds
Uncalled bet ($6) returned to Auge72
Auge72 collected $53.50 from pot
*** SUMMARY ***
Total pot $54 | Rake $0.50
Board [9c 6c Ah 7h 8h]
Seat 3: Auge72 (button) (small blind) collected ($53.50)
Seat 4: Agrotait (big blind) folded on the River


PokerStars Hand #172335991589:  Hold'em Limit ($3/$6 USD) - 2017/06/28 4:50:47 ET
Table 'Chertan' 6-max Seat #4 is the button
Seat 3: Auge72 ($85.61 in chips)
Seat 4: Agrotait ($92.18 in chips)
Agrotait: posts small blind $1
Auge72: posts big blind $3
*** HOLE CARDS ***
Agrotait: raises $3 to $6
Auge72: raises $3 to $9
Agrotait: calls $3
*** FLOP *** [7s 9h Ks]
Auge72: bets $3
Agrotait: raises $3 to $6
Auge72: raises $3 to $9
Agrotait: calls $3
*** TURN *** [7s 9h Ks] [Qh]
Auge72: bets $6
Agrotait: calls $6
*** RIVER *** [7s 9h Ks Qh] [2d]
Auge72: bets $6
Agrotait: folds
Uncalled bet ($6) returned to Auge72
Auge72 collected $47.50 from pot
Auge72: doesn't show hand
*** SUMMARY ***
Total pot $48 | Rake $0.50
Board [7s 9h Ks Qh 2d]
Seat 3: Auge72 (big blind) collected ($47.50)
Seat 4: Agrotait (button) (small blind) folded on the River


PokerStars Hand #172335986996:  Hold'em Limit ($3/$6 USD) - 2017/06/28 4:50:32 ET
Table 'Chertan' 6-max Seat #3 is the button
Seat 3: Auge72 ($94.61 in chips)
Seat 4: Agrotait ($83.54 in chips)
Auge72: posts small blind $1
Agrotait: posts big blind $3
*** HOLE CARDS ***
Auge72: raises $3 to $6
Agrotait: raises $3 to $9
Auge72: calls $3
*** FLOP *** [Qc As Kd]
Agrotait: bets $3
Auge72: folds
Uncalled bet ($3) returned to Agrotait
Agrotait collected $17.64 from pot
Agrotait: doesn't show hand
*** SUMMARY ***
Total pot $18 | Rake $0.36
Board [Qc As Kd]
Seat 3: Auge72 (button) (small blind) folded on the Flop
Seat 4: Agrotait (big blind) collected ($17.64)


PokerStars Hand #172336003274:  Hold'em Limit ($3/$6 USD) - 2017/06/28 4:51:25 ET
Table 'Chertan' 6-max Seat #3 is the button
Seat 3: Auge72 ($109.11 in chips)
Seat 4: Agrotait ($68.18 in chips)
Auge72: posts small blind $1
Agrotait: posts big blind $3
*** HOLE CARDS ***
Auge72: folds
Uncalled bet ($2) returned to Agrotait
Agrotait collected $2 from pot
Agrotait: doesn't show hand
*** SUMMARY ***
Total pot $2 | Rake $0
Seat 3: Auge72 (button) (small blind) folded before Flop
Seat 4: Agrotait (big blind) collected ($2)


PokerStars Hand #172336007323:  Hold'em Limit ($3/$6 USD) - 2017/06/28 4:51:39 ET
Table 'Chertan' 6-max Seat #4 is the button
Seat 3: Auge72 ($108.11 in chips)
Seat 4: Agrotait ($69.18 in chips)
Agrotait: posts small blind $1
Auge72: posts big blind $3
*** HOLE CARDS ***
Agrotait: raises $3 to $6
Auge72: raises $3 to $9
Agrotait: calls $3
*** FLOP *** [Ts Qd 5d]
Auge72: bets $3
Agrotait: calls $3
*** TURN *** [Ts Qd 5d] [6s]
Auge72: bets $6
Agrotait: calls $6
*** RIVER *** [Ts Qd 5d 6s] [7d]
Auge72: bets $6
Agrotait: calls $6
*** SHOW DOWN ***
Auge72: shows [5c 2c] (a pair of Fives)
Agrotait: shows [Ks 5h] (a pair of Fives - King kicker)
Agrotait collected $47.50 from pot
*** SUMMARY ***
Total pot $48 | Rake $0.50
Board [Ts Qd 5d 6s 7d]
Seat 3: Auge72 (big blind) showed [5c 2c] and lost with a pair of Fives
Seat 4: Agrotait (button) (small blind) showed [Ks 5h] and won ($47.50) with a pair of Fives


PokerStars Hand #172336025581:  Hold'em Limit ($3/$6 USD) - 2017/06/28 4:52:38 ET
Table 'Chertan' 6-max Seat #3 is the button
Seat 3: Auge72 ($66.11 in chips)
Seat 4: Agrotait ($110.18 in chips)
Auge72: posts small blind $1
Agrotait: posts big blind $3
*** HOLE CARDS ***
Auge72: raises $3 to $6
Agrotait: calls $3
*** FLOP *** [9s 8h 7c]
Agrotait: checks
Auge72: checks
*** TURN *** [9s 8h 7c] [7d]
Agrotait: bets $6
Auge72: calls $6
*** RIVER *** [9s 8h 7c 7d] [9d]
Agrotait: checks
Auge72: checks
*** SHOW DOWN ***
Agrotait: shows [Jh 2s] (two pair, Nines and Sevens)
Auge72: shows [Qd 6s] (two pair, Nines and Sevens - Queen kicker)
Auge72 collected $23.52 from pot
*** SUMMARY ***
Total pot $24 | Rake $0.48
Board [9s 8h 7c 7d 9d]
Seat 3: Auge72 (button) (small blind) showed [Qd 6s] and won ($23.52) with two pair, Nines and Sevens
Seat 4: Agrotait (big blind) showed [Jh 2s] and lost with two pair, Nines and Sevens


PokerStars Hand #172336016030:  Hold'em Limit ($3/$6 USD) - 2017/06/28 4:52:07 ET
Table 'Chertan' 6-max Seat #4 is the button
Seat 3: Auge72 ($87.11 in chips)
Seat 4: Agrotait ($89.68 in chips)
Agrotait: posts small blind $1
Auge72: posts big blind $3
*** HOLE CARDS ***
Agrotait: raises $3 to $6
Auge72: calls $3
*** FLOP *** [9d Tc 7d]
Auge72: bets $3
Agrotait: raises $3 to $6
Auge72: raises $3 to $9
Agrotait: calls $3
*** TURN *** [9d Tc 7d] [Qd]
Auge72: checks
Agrotait: checks
*** RIVER *** [9d Tc 7d Qd] [As]
Auge72: checks
Agrotait: bets $6
Auge72: calls $6
*** SHOW DOWN ***
Agrotait: shows [7c 7s] (three of a kind, Sevens)
Auge72: mucks hand
Agrotait collected $41.50 from pot
*** SUMMARY ***
Total pot $42 | Rake $0.50
Board [9d Tc 7d Qd As]
Seat 3: Auge72 (big blind) mucked
Seat 4: Agrotait (button) (small blind) showed [7c 7s] and won ($41.50) with three of a kind, Sevens


PokerStars Hand #172336031569:  Hold'em Limit ($3/$6 USD) - 2017/06/28 4:52:57 ET
Table 'Chertan' 6-max Seat #4 is the button
Seat 3: Auge72 ($77.63 in chips)
Seat 4: Agrotait ($98.18 in chips)
Agrotait: posts small blind $1
Auge72: posts big blind $3
*** HOLE CARDS ***
Agrotait: raises $3 to $6
Auge72: calls $3
*** FLOP *** [8s 9s As]
Auge72: checks
Agrotait: bets $3
Auge72: calls $3
*** TURN *** [8s 9s As] [2h]
Auge72: checks
Agrotait: checks
*** RIVER *** [8s 9s As 2h] [6s]
Auge72: bets $6
Agrotait: folds
Uncalled bet ($6) returned to Auge72
Auge72 collected $17.64 from pot
*** SUMMARY ***
Total pot $18 | Rake $0.36
Board [8s 9s As 2h 6s]
Seat 3: Auge72 (big blind) collected ($17.64)
Seat 4: Agrotait (button) (small blind) folded on the River


PokerStars Hand #172336057081:  Hold'em Limit ($3/$6 USD) - 2017/06/28 4:54:20 ET
Table 'Chertan' 6-max Seat #4 is the button
Seat 3: Auge72 ($44.27 in chips)
Seat 4: Agrotait ($129.70 in chips)
Agrotait: posts small blind $1
Auge72: posts big blind $3
*** HOLE CARDS ***
Agrotait: folds
Uncalled bet ($2) returned to Auge72
Auge72 collected $2 from pot
*** SUMMARY ***
Total pot $2 | Rake $0
Seat 3: Auge72 (big blind) collected ($2)
Seat 4: Agrotait (button) (small blind) folded before Flop


PokerStars Hand #172336049760:  Hold'em Limit ($3/$6 USD) - 2017/06/28 4:53:56 ET
Table 'Chertan' 6-max Seat #3 is the button
Seat 3: Auge72 ($56.27 in chips)
Seat 4: Agrotait ($118.18 in chips)
Auge72: posts small blind $1
Agrotait: posts big blind $3
*** HOLE CARDS ***
Auge72: raises $3 to $6
Agrotait: calls $3
*** FLOP *** [Qd 8s 3s]
Agrotait: checks
Auge72: checks
*** TURN *** [Qd 8s 3s] [3h]
Agrotait: bets $6
Auge72: calls $6
*** RIVER *** [Qd 8s 3s 3h] [Qh]
Agrotait: bets $6
Auge72: folds
Uncalled bet ($6) returned to Agrotait
Agrotait collected $23.52 from pot
Agrotait: doesn't show hand
*** SUMMARY ***
Total pot $24 | Rake $0.48
Board [Qd 8s 3s 3h Qh]
Seat 3: Auge72 (button) (small blind) folded on the River
Seat 4: Agrotait (big blind) collected ($23.52)


PokerStars Hand #172336058621:  Hold'em Limit ($3/$6 USD) - 2017/06/28 4:54:25 ET
Table 'Chertan' 6-max Seat #3 is the button
Seat 3: Auge72 ($45.27 in chips)
Seat 4: Agrotait ($128.70 in chips)
Auge72: posts small blind $1
Agrotait: posts big blind $3
*** HOLE CARDS ***
Auge72: folds
Uncalled bet ($2) returned to Agrotait
Agrotait collected $2 from pot
Agrotait: doesn't show hand
*** SUMMARY ***
Total pot $2 | Rake $0
Seat 3: Auge72 (button) (small blind) folded before Flop
Seat 4: Agrotait (big blind) collected ($2)


PokerStars Hand #172336038375:  Hold'em Limit ($3/$6 USD) - 2017/06/28 4:53:19 ET
Table 'Chertan' 6-max Seat #3 is the button
Seat 3: Auge72 ($86.27 in chips)
Seat 4: Agrotait ($89.18 in chips)
Auge72: posts small blind $1
Agrotait: posts big blind $3
*** HOLE CARDS ***
Auge72: raises $3 to $6
Agrotait: calls $3
*** FLOP *** [Jh 9d 6s]
Agrotait: bets $3
Auge72: calls $3
*** TURN *** [Jh 9d 6s] [3h]
Agrotait: bets $6
Auge72: calls $6
*** RIVER *** [Jh 9d 6s 3h] [Ks]
Agrotait: checks
Auge72: checks
*** SHOW DOWN ***
Agrotait: shows [6c Ts] (a pair of Sixes)
Auge72: mucks hand
Agrotait collected $29.50 from pot
*** SUMMARY ***
Total pot $30 | Rake $0.50
Board [Jh 9d 6s 3h Ks]
Seat 3: Auge72 (button) (small blind) mucked
Seat 4: Agrotait (big blind) showed [6c Ts] and won ($29.50) with a pair of Sixes


PokerStars Hand #172336060098:  Hold'em Limit ($3/$6 USD) - 2017/06/28 4:54:30 ET
Table 'Chertan' 6-max Seat #4 is the button
Seat 3: Auge72 ($44.27 in chips)
Seat 4: Agrotait ($129.70 in chips)
Agrotait: posts small blind $1
Auge72: posts big blind $3
*** HOLE CARDS ***
Agrotait: raises $3 to $6
Auge72: raises $3 to $9
Agrotait: calls $3
*** FLOP *** [8s Jh 7s]
Auge72: bets $3
Agrotait: calls $3
*** TURN *** [8s Jh 7s] [3c]
Auge72: bets $6
Agrotait: calls $6
*** RIVER *** [8s Jh 7s 3c] [Qs]
Auge72: bets $6
Agrotait: calls $6
*** SHOW DOWN ***
Auge72: shows [Js Ts] (a flush, Queen high)
Agrotait: mucks hand
Auge72 collected $47.50 from pot
*** SUMMARY ***
Total pot $48 | Rake $0.50
Board [8s Jh 7s 3c Qs]
Seat 3: Auge72 (big blind) showed [Js Ts] and won ($47.50) with a flush, Queen high
Seat 4: Agrotait (button) (small blind) mucked


PokerStars Hand #172336070970:  Hold'em Limit ($3/$6 USD) - 2017/06/28 4:55:05 ET
Table 'Chertan' 6-max Seat #3 is the button
Seat 3: Auge72 ($67.77 in chips)
Seat 4: Agrotait ($105.70 in chips)
Auge72: posts small blind $1
Agrotait: posts big blind $3
*** HOLE CARDS ***
Auge72: raises $3 to $6
Agrotait: calls $3
*** FLOP *** [Ad 3c 9d]
Agrotait: checks
Auge72: checks
*** TURN *** [Ad 3c 9d] [8s]
Agrotait: checks
Auge72: bets $6
Agrotait: calls $6
*** RIVER *** [Ad 3c 9d 8s] [Ks]
Agrotait: checks
Auge72: checks
*** SHOW DOWN ***
Agrotait: shows [Kh Td] (a pair of Kings)
Auge72: mucks hand
Agrotait collected $23.52 from pot
*** SUMMARY ***
Total pot $24 | Rake $0.48
Board [Ad 3c 9d 8s Ks]
Seat 3: Auge72 (button) (small blind) mucked
Seat 4: Agrotait (big blind) showed [Kh Td] and won ($23.52) with a pair of Kings


PokerStars Hand #172336075892:  Hold'em Limit ($3/$6 USD) - 2017/06/28 4:55:24 ET
Table 'Chertan' 6-max Seat #4 is the button
Seat 3: Auge72 ($55.77 in chips)
Seat 4: Agrotait ($117.22 in chips)
Agrotait: posts small blind $1
Auge72: posts big blind $3
*** HOLE CARDS ***
Agrotait: raises $3 to $6
Auge72: raises $3 to $9
Agrotait: calls $3
*** FLOP *** [5c 7h 3c]
Auge72: bets $3
Agrotait: calls $3
*** TURN *** [5c 7h 3c] [Kh]
Auge72: bets $6
artecris joins the table at seat #2
Agrotait: calls $6
*** RIVER *** [5c 7h 3c Kh] [9c]
Auge72: bets $6
Agrotait: calls $6
*** SHOW DOWN ***
Auge72: shows [8c Jc] (a flush, Jack high)
Agrotait: mucks hand
Auge72 collected $47.50 from pot
*** SUMMARY ***
Total pot $48 | Rake $0.50
Board [5c 7h 3c Kh 9c]
Seat 3: Auge72 (big blind) showed [8c Jc] and won ($47.50) with a flush, Jack high
Seat 4: Agrotait (button) (small blind) mucked


PokerStars Hand #172336096501:  Hold'em Limit ($3/$6 USD) - 2017/06/28 4:56:38 ET
Table 'Chertan' 6-max Seat #3 is the button
Seat 3: Auge72 ($79.27 in chips)
Seat 4: Agrotait ($93.22 in chips)
Auge72: posts small blind $1
Agrotait: posts big blind $3
*** HOLE CARDS ***
Auge72: folds
Uncalled bet ($2) returned to Agrotait
Agrotait collected $2 from pot
Agrotait: doesn't show hand
*** SUMMARY ***
Total pot $2 | Rake $0
Seat 3: Auge72 (button) (small blind) folded before Flop
Seat 4: Agrotait (big blind) collected ($2)


