PokerStars Hand #165243785585:  Hold'em Limit ($3/$6 USD) - 2017/01/27 9:32:56 ET
Table 'Cheruskia' 6-max Seat #5 is the button
Seat 2: Fusee ($130.60 in chips)
Seat 5: belik555 ($331.51 in chips)
belik555: posts small blind $1
Fusee: posts big blind $3
*** HOLE CARDS ***
belik555: raises $3 to $6
Fusee: calls $3
*** FLOP *** [6d 2h Ts]
Fusee: checks
belik555: bets $3
Fusee: folds
Uncalled bet ($3) returned to belik555
belik555 collected $11.76 from pot
belik555: doesn't show hand
*** SUMMARY ***
Total pot $12 | Rake $0.24
Board [6d 2h Ts]
Seat 2: Fusee (big blind) folded on the Flop
Seat 5: belik555 (button) (small blind) collected ($11.76)


PokerStars Hand #165243794391:  Hold'em Limit ($3/$6 USD) - 2017/01/27 9:33:10 ET
Table 'Cheruskia' 6-max Seat #2 is the button
Seat 2: Fusee ($124.60 in chips)
Seat 5: belik555 ($337.27 in chips)
Fusee: posts small blind $1
belik555: posts big blind $3
*** HOLE CARDS ***
Fusee: raises $3 to $6
belik555: calls $3
*** FLOP *** [6c Qc Kd]
belik555: checks
Fusee: bets $3
belik555: calls $3
*** TURN *** [6c Qc Kd] [4h]
belik555: checks
Fusee: checks
*** RIVER *** [6c Qc Kd 4h] [4c]
belik555: bets $6
Fusee: folds
Uncalled bet ($6) returned to belik555
Fusee leaves the table
belik555 collected $17.64 from pot
belik555: doesn't show hand
*** SUMMARY ***
Total pot $18 | Rake $0.36
Board [6c Qc Kd 4h 4c]
Seat 2: Fusee (button) (small blind) folded on the River
Seat 5: belik555 (big blind) collected ($17.64)


