PokerStars Hand #149878351802:  Hold'em Limit ($3/$6 USD) - 2016/03/05 11:21:01 ET
Table 'Chicago' 6-max Seat #3 is the button
Seat 3: baur017017 ($28.76 in chips)
Seat 4: AzureCaper ($79.52 in chips)
baur017017: posts small blind $1
AzureCaper: posts big blind $3
*** HOLE CARDS ***
baur017017: raises $3 to $6
AzureCaper: calls $3
*** FLOP *** [Tc 3c 9s]
AzureCaper: checks
baur017017: bets $3
AzureCaper: folds
Uncalled bet ($3) returned to baur017017
baur017017 collected $11.76 from pot
*** SUMMARY ***
Total pot $12 | Rake $0.24
Board [Tc 3c 9s]
Seat 3: baur017017 (button) (small blind) collected ($11.76)
Seat 4: AzureCaper (big blind) folded on the Flop


PokerStars Hand #149878345766:  Hold'em Limit ($3/$6 USD) - 2016/03/05 11:20:54 ET
Table 'Chicago' 6-max Seat #4 is the button
Seat 3: baur017017 ($27.76 in chips)
Seat 4: AzureCaper ($80.52 in chips)
AzureCaper: posts small blind $1
baur017017: posts big blind $3
*** HOLE CARDS ***
AzureCaper: folds
Uncalled bet ($2) returned to baur017017
baur017017 collected $2 from pot
*** SUMMARY ***
Total pot $2 | Rake $0
Seat 3: baur017017 (big blind) collected ($2)
Seat 4: AzureCaper (button) (small blind) folded before Flop


PokerStars Hand #149878335787:  Hold'em Limit ($3/$6 USD) - 2016/03/05 11:20:42 ET
Table 'Chicago' 6-max Seat #3 is the button
Seat 3: baur017017 ($22 in chips)
Seat 4: AzureCaper ($86.52 in chips)
baur017017: posts small blind $1
AzureCaper: posts big blind $3
*** HOLE CARDS ***
baur017017: raises $3 to $6
AzureCaper: calls $3
*** FLOP *** [6h 7s As]
AzureCaper: checks
baur017017: bets $3
AzureCaper: folds
Uncalled bet ($3) returned to baur017017
baur017017 collected $11.76 from pot
*** SUMMARY ***
Total pot $12 | Rake $0.24
Board [6h 7s As]
Seat 3: baur017017 (button) (small blind) collected ($11.76)
Seat 4: AzureCaper (big blind) folded on the Flop


PokerStars Hand #149878329646:  Hold'em Limit ($3/$6 USD) - 2016/03/05 11:20:35 ET
Table 'Chicago' 6-max Seat #4 is the button
Seat 3: baur017017 ($25 in chips)
Seat 4: AzureCaper ($83.52 in chips)
AzureCaper: posts small blind $1
baur017017: posts big blind $3
*** HOLE CARDS ***
AzureCaper: raises $3 to $6
baur017017: folds
Uncalled bet ($3) returned to AzureCaper
AzureCaper collected $6 from pot
AzureCaper: doesn't show hand
*** SUMMARY ***
Total pot $6 | Rake $0
Seat 3: baur017017 (big blind) folded before Flop
Seat 4: AzureCaper (button) (small blind) collected ($6)


PokerStars Hand #149878306599:  Hold'em Limit ($3/$6 USD) - 2016/03/05 11:20:07 ET
Table 'Chicago' 6-max Seat #3 is the button
Seat 3: baur017017 ($37 in chips)
Seat 4: AzureCaper ($72 in chips)
baur017017: posts small blind $1
AzureCaper: posts big blind $3
*** HOLE CARDS ***
baur017017: raises $3 to $6
AzureCaper: calls $3
*** FLOP *** [Qh 3c 8h]
AzureCaper: checks
baur017017: bets $3
AzureCaper: raises $3 to $6
baur017017: calls $3
*** TURN *** [Qh 3c 8h] [9d]
AzureCaper: bets $6
baur017017: folds
Uncalled bet ($6) returned to AzureCaper
AzureCaper collected $23.52 from pot
AzureCaper: doesn't show hand
*** SUMMARY ***
Total pot $24 | Rake $0.48
Board [Qh 3c 8h 9d]
Seat 3: baur017017 (button) (small blind) folded on the Turn
Seat 4: AzureCaper (big blind) collected ($23.52)


PokerStars Hand #149878395647:  Hold'em Limit ($3/$6 USD) - 2016/03/05 11:21:54 ET
Table 'Chicago' 6-max Seat #3 is the button
Seat 3: baur017017 ($31.52 in chips)
Seat 4: AzureCaper ($76.52 in chips)
baur017017: posts small blind $1
AzureCaper: posts big blind $3
*** HOLE CARDS ***
baur017017: raises $3 to $6
AzureCaper: calls $3
*** FLOP *** [Ad 5c 9d]
AzureCaper: checks
baur017017: bets $3
AzureCaper: calls $3
*** TURN *** [Ad 5c 9d] [4d]
AzureCaper: checks
baur017017: checks
*** RIVER *** [Ad 5c 9d 4d] [2d]
AzureCaper: bets $6
baur017017: folds
Uncalled bet ($6) returned to AzureCaper
AzureCaper collected $17.64 from pot
AzureCaper: doesn't show hand
*** SUMMARY ***
Total pot $18 | Rake $0.36
Board [Ad 5c 9d 4d 2d]
Seat 3: baur017017 (button) (small blind) folded on the River
Seat 4: AzureCaper (big blind) collected ($17.64)


PokerStars Hand #149878390226:  Hold'em Limit ($3/$6 USD) - 2016/03/05 11:21:47 ET
Table 'Chicago' 6-max Seat #4 is the button
Seat 3: baur017017 ($30.52 in chips)
Seat 4: AzureCaper ($77.52 in chips)
AzureCaper: posts small blind $1
baur017017: posts big blind $3
*** HOLE CARDS ***
AzureCaper: folds
Uncalled bet ($2) returned to baur017017
baur017017 collected $2 from pot
*** SUMMARY ***
Total pot $2 | Rake $0
Seat 3: baur017017 (big blind) collected ($2)
Seat 4: AzureCaper (button) (small blind) folded before Flop


PokerStars Hand #149878383901:  Hold'em Limit ($3/$6 USD) - 2016/03/05 11:21:40 ET
Table 'Chicago' 6-max Seat #3 is the button
Seat 3: baur017017 ($31.52 in chips)
Seat 4: AzureCaper ($76.52 in chips)
baur017017: posts small blind $1
AzureCaper: posts big blind $3
*** HOLE CARDS ***
baur017017: folds
Uncalled bet ($2) returned to AzureCaper
AzureCaper collected $2 from pot
AzureCaper: doesn't show hand
*** SUMMARY ***
Total pot $2 | Rake $0
Seat 3: baur017017 (button) (small blind) folded before Flop
Seat 4: AzureCaper (big blind) collected ($2)


PokerStars Hand #149878378625:  Hold'em Limit ($3/$6 USD) - 2016/03/05 11:21:33 ET
Table 'Chicago' 6-max Seat #4 is the button
Seat 3: baur017017 ($30.52 in chips)
Seat 4: AzureCaper ($77.52 in chips)
AzureCaper: posts small blind $1
baur017017: posts big blind $3
*** HOLE CARDS ***
AzureCaper: folds
Uncalled bet ($2) returned to baur017017
baur017017 collected $2 from pot
*** SUMMARY ***
Total pot $2 | Rake $0
Seat 3: baur017017 (big blind) collected ($2)
Seat 4: AzureCaper (button) (small blind) folded before Flop


PokerStars Hand #149878373191:  Hold'em Limit ($3/$6 USD) - 2016/03/05 11:21:27 ET
Table 'Chicago' 6-max Seat #3 is the button
Seat 3: baur017017 ($31.52 in chips)
Seat 4: AzureCaper ($76.52 in chips)
baur017017: posts small blind $1
AzureCaper: posts big blind $3
*** HOLE CARDS ***
baur017017: folds
Uncalled bet ($2) returned to AzureCaper
AzureCaper collected $2 from pot
AzureCaper: doesn't show hand
*** SUMMARY ***
Total pot $2 | Rake $0
Seat 3: baur017017 (button) (small blind) folded before Flop
Seat 4: AzureCaper (big blind) collected ($2)


PokerStars Hand #149878365920:  Hold'em Limit ($3/$6 USD) - 2016/03/05 11:21:18 ET
Table 'Chicago' 6-max Seat #4 is the button
Seat 3: baur017017 ($34.52 in chips)
Seat 4: AzureCaper ($73.52 in chips)
AzureCaper: posts small blind $1
baur017017: posts big blind $3
*** HOLE CARDS ***
AzureCaper: raises $3 to $6
baur017017: folds
Uncalled bet ($3) returned to AzureCaper
AzureCaper collected $6 from pot
AzureCaper: doesn't show hand
*** SUMMARY ***
Total pot $6 | Rake $0
Seat 3: baur017017 (big blind) folded before Flop
Seat 4: AzureCaper (button) (small blind) collected ($6)


PokerStars Hand #149878433336:  Hold'em Limit ($3/$6 USD) - 2016/03/05 11:22:39 ET
Table 'Chicago' 6-max Seat #4 is the button
Seat 3: baur017017 ($29.28 in chips)
Seat 4: AzureCaper ($78.16 in chips)
AzureCaper: posts small blind $1
baur017017: posts big blind $3
*** HOLE CARDS ***
AzureCaper: raises $3 to $6
baur017017: calls $3
*** FLOP *** [9s 3d Tc]
baur017017: checks
AzureCaper: bets $3
baur017017: calls $3
*** TURN *** [9s 3d Tc] [Qh]
baur017017: checks
AzureCaper: checks
*** RIVER *** [9s 3d Tc Qh] [3s]
baur017017: bets $6
AzureCaper: folds
Uncalled bet ($6) returned to baur017017
baur017017 collected $17.64 from pot
*** SUMMARY ***
Total pot $18 | Rake $0.36
Board [9s 3d Tc Qh 3s]
Seat 3: baur017017 (big blind) collected ($17.64)
Seat 4: AzureCaper (button) (small blind) folded on the River


PokerStars Hand #149878421982:  Hold'em Limit ($3/$6 USD) - 2016/03/05 11:22:25 ET
Table 'Chicago' 6-max Seat #3 is the button
Seat 3: baur017017 ($23.52 in chips)
Seat 4: AzureCaper ($84.16 in chips)
baur017017: posts small blind $1
AzureCaper: posts big blind $3
*** HOLE CARDS ***
baur017017: raises $3 to $6
AzureCaper: calls $3
*** FLOP *** [8h Ah 3d]
AzureCaper: checks
baur017017: bets $3
AzureCaper: folds
Uncalled bet ($3) returned to baur017017
baur017017 collected $11.76 from pot
*** SUMMARY ***
Total pot $12 | Rake $0.24
Board [8h Ah 3d]
Seat 3: baur017017 (button) (small blind) collected ($11.76)
Seat 4: AzureCaper (big blind) folded on the Flop


PokerStars Hand #149878416361:  Hold'em Limit ($3/$6 USD) - 2016/03/05 11:22:19 ET
Table 'Chicago' 6-max Seat #4 is the button
Seat 3: baur017017 ($22.52 in chips)
Seat 4: AzureCaper ($85.16 in chips)
AzureCaper: posts small blind $1
baur017017: posts big blind $3
*** HOLE CARDS ***
AzureCaper: folds
Uncalled bet ($2) returned to baur017017
baur017017 collected $2 from pot
*** SUMMARY ***
Total pot $2 | Rake $0
Seat 3: baur017017 (big blind) collected ($2)
Seat 4: AzureCaper (button) (small blind) folded before Flop


PokerStars Hand #149878484755:  Hold'em Limit ($3/$6 USD) - 2016/03/05 11:23:41 ET
Table 'Chicago' 6-max Seat #3 is the button
Seat 3: baur017017 ($34.92 in chips)
Seat 4: AzureCaper ($77.76 in chips)
baur017017: posts small blind $1
AzureCaper: posts big blind $3
*** HOLE CARDS ***
baur017017: raises $3 to $6
gracetime joins the table at seat #2
AzureCaper: calls $3
*** FLOP *** [3d 8s 2c]
AzureCaper: checks
baur017017: bets $3
AzureCaper: raises $3 to $6
baur017017: calls $3
*** TURN *** [3d 8s 2c] [2d]
AzureCaper: bets $6
baur017017: folds
Uncalled bet ($6) returned to AzureCaper
AzureCaper collected $23.52 from pot
AzureCaper: doesn't show hand
*** SUMMARY ***
Total pot $24 | Rake $0.48
Board [3d 8s 2c 2d]
Seat 3: baur017017 (button) (small blind) folded on the Turn
Seat 4: AzureCaper (big blind) collected ($23.52)


PokerStars Hand #149878473781:  Hold'em Limit ($3/$6 USD) - 2016/03/05 11:23:28 ET
Table 'Chicago' 6-max Seat #4 is the button
Seat 3: baur017017 ($40.92 in chips)
Seat 4: AzureCaper ($72 in chips)
AzureCaper: posts small blind $1
baur017017: posts big blind $3
*** HOLE CARDS ***
AzureCaper: raises $3 to $6
baur017017: calls $3
*** FLOP *** [Jc 9s 9c]
baur017017: checks
AzureCaper: bets $3
baur017017: folds
Uncalled bet ($3) returned to AzureCaper
AzureCaper collected $11.76 from pot
AzureCaper: doesn't show hand
*** SUMMARY ***
Total pot $12 | Rake $0.24
Board [Jc 9s 9c]
Seat 3: baur017017 (big blind) folded on the Flop
Seat 4: AzureCaper (button) (small blind) collected ($11.76)


PokerStars Hand #149878464830:  Hold'em Limit ($3/$6 USD) - 2016/03/05 11:23:17 ET
Table 'Chicago' 6-max Seat #3 is the button
Seat 3: baur017017 ($37.92 in chips)
Seat 4: AzureCaper ($72 in chips)
baur017017: posts small blind $1
AzureCaper: posts big blind $3
*** HOLE CARDS ***
baur017017: raises $3 to $6
AzureCaper: folds
Uncalled bet ($3) returned to baur017017
baur017017 collected $6 from pot
*** SUMMARY ***
Total pot $6 | Rake $0
Seat 3: baur017017 (button) (small blind) collected ($6)
Seat 4: AzureCaper (big blind) folded before Flop


PokerStars Hand #149878553154:  Hold'em Limit ($3/$6 USD) - 2016/03/05 11:25:03 ET
Table 'Chicago' 6-max Seat #2 is the button
Seat 2: gracetime ($138.54 in chips)
Seat 4: AzureCaper ($92.28 in chips)
gracetime: posts small blind $1
AzureCaper: posts big blind $3
*** HOLE CARDS ***
gracetime: folds
Uncalled bet ($2) returned to AzureCaper
AzureCaper collected $2 from pot
AzureCaper: doesn't show hand
*** SUMMARY ***
Total pot $2 | Rake $0
Seat 2: gracetime (button) (small blind) folded before Flop
Seat 4: AzureCaper (big blind) collected ($2)


