PokerStars Hand #145351312468:  Hold'em Limit ($3/$6 USD) - 2015/12/14 16:50:19 ET
Table 'Chilton II' 2-max Seat #2 is the button
Seat 1: simper11 ($120 in chips)
Seat 2: Kosova1968 ($86.52 in chips)
Kosova1968: posts small blind $1
simper11: posts big blind $3
*** HOLE CARDS ***
Kosova1968: raises $3 to $6
simper11: calls $3
*** FLOP *** [Js 6d As]
simper11: checks
Kosova1968: bets $3
simper11: calls $3
*** TURN *** [Js 6d As] [8s]
simper11: checks
Kosova1968: checks
*** RIVER *** [Js 6d As 8s] [3s]
simper11: bets $6
Kosova1968: folds [6h]
Uncalled bet ($6) returned to simper11
simper11 collected $17.64 from pot
simper11: doesn't show hand
*** SUMMARY ***
Total pot $18 | Rake $0.36
Board [Js 6d As 8s 3s]
Seat 1: simper11 (big blind) collected ($17.64)
Seat 2: Kosova1968 (button) (small blind) folded on the River


PokerStars Hand #145351341122:  Hold'em Limit ($3/$6 USD) - 2015/12/14 16:50:49 ET
Table 'Chilton II' 2-max Seat #1 is the button
Seat 1: simper11 ($128.64 in chips)
Seat 2: Kosova1968 ($77.52 in chips)
simper11: posts small blind $1
Kosova1968: posts big blind $3
*** HOLE CARDS ***
simper11: raises $3 to $6
Kosova1968: calls $3
*** FLOP *** [Qs Ts As]
Kosova1968: checks
simper11: checks
*** TURN *** [Qs Ts As] [Ah]
Kosova1968: bets $6
simper11: folds
Uncalled bet ($6) returned to Kosova1968
Kosova1968 collected $11.76 from pot
*** SUMMARY ***
Total pot $12 | Rake $0.24
Board [Qs Ts As Ah]
Seat 1: simper11 (button) (small blind) folded on the Turn
Seat 2: Kosova1968 (big blind) collected ($11.76)


PokerStars Hand #145351358182:  Hold'em Limit ($3/$6 USD) - 2015/12/14 16:51:07 ET
Table 'Chilton II' 2-max Seat #2 is the button
Seat 1: simper11 ($122.64 in chips)
Seat 2: Kosova1968 ($83.28 in chips)
Kosova1968: posts small blind $1
simper11: posts big blind $3
*** HOLE CARDS ***
Kosova1968: raises $3 to $6
simper11: calls $3
*** FLOP *** [9s 7d Jd]
simper11: checks
Kosova1968: checks
*** TURN *** [9s 7d Jd] [8d]
simper11: checks
Kosova1968: bets $6
simper11: folds
Uncalled bet ($6) returned to Kosova1968
Kosova1968 collected $11.76 from pot
*** SUMMARY ***
Total pot $12 | Rake $0.24
Board [9s 7d Jd 8d]
Seat 1: simper11 (big blind) folded on the Turn
Seat 2: Kosova1968 (button) (small blind) collected ($11.76)


PokerStars Hand #145351372602:  Hold'em Limit ($3/$6 USD) - 2015/12/14 16:51:23 ET
Table 'Chilton II' 2-max Seat #1 is the button
Seat 1: simper11 ($120 in chips)
Seat 2: Kosova1968 ($89.04 in chips)
simper11: posts small blind $1
Kosova1968: posts big blind $3
*** HOLE CARDS ***
simper11: raises $3 to $6
Kosova1968: calls $3
*** FLOP *** [6s 3s 4c]
Kosova1968: checks
simper11: bets $3
Kosova1968: calls $3
*** TURN *** [6s 3s 4c] [5d]
Kosova1968: checks
simper11: checks
*** RIVER *** [6s 3s 4c 5d] [8s]
Kosova1968: bets $6
simper11: calls $6
*** SHOW DOWN ***
Kosova1968: shows [Jh 9c] (high card Jack)
simper11: shows [Qh 4s] (a pair of Fours)
simper11 collected $29.50 from pot
*** SUMMARY ***
Total pot $30 | Rake $0.50
Board [6s 3s 4c 5d 8s]
Seat 1: simper11 (button) (small blind) showed [Qh 4s] and won ($29.50) with a pair of Fours
Seat 2: Kosova1968 (big blind) showed [Jh 9c] and lost with high card Jack


PokerStars Hand #145351402642:  Hold'em Limit ($3/$6 USD) - 2015/12/14 16:51:55 ET
Table 'Chilton II' 2-max Seat #2 is the button
Seat 1: simper11 ($134.50 in chips)
Seat 2: Kosova1968 ($74.04 in chips)
Kosova1968: posts small blind $1
simper11: posts big blind $3
*** HOLE CARDS ***
Kosova1968: raises $3 to $6
simper11: calls $3
*** FLOP *** [6d 2c 8c]
simper11: checks
Kosova1968: checks
*** TURN *** [6d 2c 8c] [8s]
simper11: checks
Kosova1968: bets $6
simper11: calls $6
*** RIVER *** [6d 2c 8c 8s] [2d]
simper11: checks
Kosova1968: bets $6
simper11: calls $6
*** SHOW DOWN ***
Kosova1968: shows [9h Ac] (two pair, Eights and Deuces)
simper11: mucks hand
Kosova1968 collected $35.50 from pot
*** SUMMARY ***
Total pot $36 | Rake $0.50
Board [6d 2c 8c 8s 2d]
Seat 1: simper11 (big blind) mucked
Seat 2: Kosova1968 (button) (small blind) showed [9h Ac] and won ($35.50) with two pair, Eights and Deuces


PokerStars Hand #145351418917:  Hold'em Limit ($3/$6 USD) - 2015/12/14 16:52:12 ET
Table 'Chilton II' 2-max Seat #1 is the button
Seat 1: simper11 ($120 in chips)
Seat 2: Kosova1968 ($91.54 in chips)
simper11: posts small blind $1
Kosova1968: posts big blind $3
*** HOLE CARDS ***
simper11: raises $3 to $6
Kosova1968: calls $3
*** FLOP *** [4h 9c 3h]
Kosova1968: checks
simper11: checks
*** TURN *** [4h 9c 3h] [6h]
Kosova1968: bets $6
simper11: calls $6
*** RIVER *** [4h 9c 3h 6h] [Qs]
Kosova1968: bets $6
simper11: folds
Uncalled bet ($6) returned to Kosova1968
Kosova1968 collected $23.52 from pot
*** SUMMARY ***
Total pot $24 | Rake $0.48
Board [4h 9c 3h 6h Qs]
Seat 1: simper11 (button) (small blind) folded on the River
Seat 2: Kosova1968 (big blind) collected ($23.52)


PokerStars Hand #145351435638:  Hold'em Limit ($3/$6 USD) - 2015/12/14 16:52:30 ET
Table 'Chilton II' 2-max Seat #2 is the button
Seat 1: simper11 ($120 in chips)
Seat 2: Kosova1968 ($103.06 in chips)
Kosova1968: posts small blind $1
simper11: posts big blind $3
*** HOLE CARDS ***
Kosova1968: raises $3 to $6
simper11: calls $3
*** FLOP *** [4c Qs 3d]
simper11: checks
Kosova1968: checks
*** TURN *** [4c Qs 3d] [8h]
simper11: checks
Kosova1968: checks
*** RIVER *** [4c Qs 3d 8h] [Kc]
simper11: checks
Kosova1968: checks
*** SHOW DOWN ***
simper11: shows [Ac 7d] (high card Ace)
Kosova1968: mucks hand
simper11 collected $11.76 from pot
*** SUMMARY ***
Total pot $12 | Rake $0.24
Board [4c Qs 3d 8h Kc]
Seat 1: simper11 (big blind) showed [Ac 7d] and won ($11.76) with high card Ace
Seat 2: Kosova1968 (button) (small blind) mucked


PokerStars Hand #145351461882:  Hold'em Limit ($3/$6 USD) - 2015/12/14 16:52:58 ET
Table 'Chilton II' 2-max Seat #2 is the button
Seat 1: simper11 ($120 in chips)
Seat 2: Kosova1968 ($102.82 in chips)
Kosova1968: posts small blind $1
simper11: posts big blind $3
*** HOLE CARDS ***
Kosova1968: raises $3 to $6
simper11: folds
Uncalled bet ($3) returned to Kosova1968
Kosova1968 collected $6 from pot
*** SUMMARY ***
Total pot $6 | Rake $0
Seat 1: simper11 (big blind) folded before Flop
Seat 2: Kosova1968 (button) (small blind) collected ($6)


PokerStars Hand #145351451166:  Hold'em Limit ($3/$6 USD) - 2015/12/14 16:52:47 ET
Table 'Chilton II' 2-max Seat #1 is the button
Seat 1: simper11 ($125.76 in chips)
Seat 2: Kosova1968 ($97.06 in chips)
simper11: posts small blind $1
Kosova1968: posts big blind $3
*** HOLE CARDS ***
simper11: raises $3 to $6
Kosova1968: calls $3
*** FLOP *** [2s Qh Td]
Kosova1968: bets $3
simper11: folds
Uncalled bet ($3) returned to Kosova1968
Kosova1968 collected $11.76 from pot
*** SUMMARY ***
Total pot $12 | Rake $0.24
Board [2s Qh Td]
Seat 1: simper11 (button) (small blind) folded on the Flop
Seat 2: Kosova1968 (big blind) collected ($11.76)


PokerStars Hand #145351466852:  Hold'em Limit ($3/$6 USD) - 2015/12/14 16:53:04 ET
Table 'Chilton II' 2-max Seat #1 is the button
Seat 1: simper11 ($120 in chips)
Seat 2: Kosova1968 ($105.82 in chips)
simper11: posts small blind $1
Kosova1968: posts big blind $3
*** HOLE CARDS ***
simper11: raises $3 to $6
Kosova1968: calls $3
*** FLOP *** [2c 3c Qc]
Kosova1968: bets $3
simper11: calls $3
*** TURN *** [2c 3c Qc] [Ac]
Kosova1968: bets $6
simper11: calls $6
*** RIVER *** [2c 3c Qc Ac] [Qd]
Kosova1968: bets $6
simper11: calls $6
*** SHOW DOWN ***
Kosova1968: shows [6s Kd] (a pair of Queens)
simper11: shows [Qh 7d] (three of a kind, Queens)
simper11 collected $41.50 from pot
*** SUMMARY ***
Total pot $42 | Rake $0.50
Board [2c 3c Qc Ac Qd]
Seat 1: simper11 (button) (small blind) showed [Qh 7d] and won ($41.50) with three of a kind, Queens
Seat 2: Kosova1968 (big blind) showed [6s Kd] and lost with a pair of Queens


PokerStars Hand #145351483601:  Hold'em Limit ($3/$6 USD) - 2015/12/14 16:53:22 ET
Table 'Chilton II' 2-max Seat #2 is the button
Seat 1: simper11 ($140.50 in chips)
Seat 2: Kosova1968 ($84.82 in chips)
Kosova1968: posts small blind $1
simper11: posts big blind $3
*** HOLE CARDS ***
Kosova1968: raises $3 to $6
simper11: calls $3
*** FLOP *** [Ad 8d 7h]
simper11: checks
Kosova1968: checks
*** TURN *** [Ad 8d 7h] [Ks]
simper11: checks
Kosova1968: bets $6
simper11: calls $6
*** RIVER *** [Ad 8d 7h Ks] [8h]
simper11: checks
Kosova1968: bets $6
simper11: calls $6
*** SHOW DOWN ***
Kosova1968: shows [Qc 9s] (a pair of Eights)
simper11: shows [9d 7c] (two pair, Eights and Sevens)
simper11 collected $35.50 from pot
*** SUMMARY ***
Total pot $36 | Rake $0.50
Board [Ad 8d 7h Ks 8h]
Seat 1: simper11 (big blind) showed [9d 7c] and won ($35.50) with two pair, Eights and Sevens
Seat 2: Kosova1968 (button) (small blind) showed [Qc 9s] and lost with a pair of Eights


PokerStars Hand #145351499947:  Hold'em Limit ($3/$6 USD) - 2015/12/14 16:53:39 ET
Table 'Chilton II' 2-max Seat #1 is the button
Seat 1: simper11 ($158 in chips)
Seat 2: Kosova1968 ($66.82 in chips)
simper11: posts small blind $1
Kosova1968: posts big blind $3
*** HOLE CARDS ***
simper11: raises $3 to $6
Kosova1968: calls $3
*** FLOP *** [2c 6h 6d]
Kosova1968: checks
simper11: bets $3
Kosova1968: folds
Uncalled bet ($3) returned to simper11
simper11 collected $11.76 from pot
simper11: doesn't show hand
*** SUMMARY ***
Total pot $12 | Rake $0.24
Board [2c 6h 6d]
Seat 1: simper11 (button) (small blind) collected ($11.76)
Seat 2: Kosova1968 (big blind) folded on the Flop


PokerStars Hand #145351510706:  Hold'em Limit ($3/$6 USD) - 2015/12/14 16:53:50 ET
Table 'Chilton II' 2-max Seat #2 is the button
Seat 1: simper11 ($163.76 in chips)
Seat 2: Kosova1968 ($60.82 in chips)
Kosova1968: posts small blind $1
simper11: posts big blind $3
*** HOLE CARDS ***
Kosova1968: raises $3 to $6
simper11: folds
Uncalled bet ($3) returned to Kosova1968
Kosova1968 collected $6 from pot
*** SUMMARY ***
Total pot $6 | Rake $0
Seat 1: simper11 (big blind) folded before Flop
Seat 2: Kosova1968 (button) (small blind) collected ($6)


PokerStars Hand #145351515564:  Hold'em Limit ($3/$6 USD) - 2015/12/14 16:53:56 ET
Table 'Chilton II' 2-max Seat #1 is the button
Seat 1: simper11 ($160.76 in chips)
Seat 2: Kosova1968 ($63.82 in chips)
simper11: posts small blind $1
Kosova1968: posts big blind $3
*** HOLE CARDS ***
simper11: raises $3 to $6
Kosova1968: calls $3
*** FLOP *** [Td 4c Ks]
Kosova1968: checks
simper11: bets $3
Kosova1968: calls $3
*** TURN *** [Td 4c Ks] [3h]
Kosova1968: checks
simper11: checks
*** RIVER *** [Td 4c Ks 3h] [Tc]
Kosova1968: bets $6
simper11: calls $6
*** SHOW DOWN ***
Kosova1968: shows [5c Kh] (two pair, Kings and Tens)
simper11: mucks hand
Kosova1968 collected $29.50 from pot
*** SUMMARY ***
Total pot $30 | Rake $0.50
Board [Td 4c Ks 3h Tc]
Seat 1: simper11 (button) (small blind) mucked
Seat 2: Kosova1968 (big blind) showed [5c Kh] and won ($29.50) with two pair, Kings and Tens


PokerStars Hand #145351536264:  Hold'em Limit ($3/$6 USD) - 2015/12/14 16:54:18 ET
Table 'Chilton II' 2-max Seat #2 is the button
Seat 1: simper11 ($145.76 in chips)
Seat 2: Kosova1968 ($78.32 in chips)
Kosova1968: posts small blind $1
simper11: posts big blind $3
*** HOLE CARDS ***
Kosova1968: raises $3 to $6
simper11: calls $3
*** FLOP *** [Ad 4d 2s]
simper11: checks
Kosova1968: bets $3
simper11: folds
Uncalled bet ($3) returned to Kosova1968
Kosova1968 collected $11.76 from pot
*** SUMMARY ***
Total pot $12 | Rake $0.24
Board [Ad 4d 2s]
Seat 1: simper11 (big blind) folded on the Flop
Seat 2: Kosova1968 (button) (small blind) collected ($11.76)


PokerStars Hand #145351549511:  Hold'em Limit ($3/$6 USD) - 2015/12/14 16:54:32 ET
Table 'Chilton II' 2-max Seat #1 is the button
Seat 1: simper11 ($139.76 in chips)
Seat 2: Kosova1968 ($84.08 in chips)
simper11: posts small blind $1
Kosova1968: posts big blind $3
*** HOLE CARDS ***
simper11: raises $3 to $6
Kosova1968: calls $3
*** FLOP *** [5s Qh Ad]
Kosova1968: checks
simper11: bets $3
Kosova1968: calls $3
*** TURN *** [5s Qh Ad] [2h]
Kosova1968: checks
simper11: checks
*** RIVER *** [5s Qh Ad 2h] [8h]
Kosova1968: checks
simper11: checks
*** SHOW DOWN ***
Kosova1968: shows [7h 3d] (high card Ace)
simper11: shows [6s 6d] (a pair of Sixes)
simper11 collected $17.64 from pot
*** SUMMARY ***
Total pot $18 | Rake $0.36
Board [5s Qh Ad 2h 8h]
Seat 1: simper11 (button) (small blind) showed [6s 6d] and won ($17.64) with a pair of Sixes
Seat 2: Kosova1968 (big blind) showed [7h 3d] and lost with high card Ace


PokerStars Hand #145351573100:  Hold'em Limit ($3/$6 USD) - 2015/12/14 16:54:58 ET
Table 'Chilton II' 2-max Seat #2 is the button
Seat 1: simper11 ($148.40 in chips)
Seat 2: Kosova1968 ($75.08 in chips)
Kosova1968: posts small blind $1
simper11: posts big blind $3
*** HOLE CARDS ***
Kosova1968: folds
Uncalled bet ($2) returned to simper11
simper11 collected $2 from pot
simper11: doesn't show hand
*** SUMMARY ***
Total pot $2 | Rake $0
Seat 1: simper11 (big blind) collected ($2)
Seat 2: Kosova1968 (button) (small blind) folded before Flop


