PokerStars Hand #172604850733:  Hold'em Limit ($3/$6 USD) - 2017/07/04 14:54:09 ET
Table 'Chimaera II' 6-max Seat #3 is the button
Seat 3: Rus29APX ($135.50 in chips)
Seat 6: robertass84 ($120 in chips)
Rus29APX: posts small blind $1
robertass84: posts big blind $3
*** HOLE CARDS ***
Rus29APX: raises $3 to $6
robertass84: raises $3 to $9
Rus29APX: calls $3
*** FLOP *** [Js 3s 8s]
robertass84: bets $3
Rus29APX: calls $3
*** TURN *** [Js 3s 8s] [Qs]
robertass84: checks
Rus29APX: bets $6
robertass84: folds
Uncalled bet ($6) returned to Rus29APX
Rus29APX collected $23.52 from pot
Rus29APX: doesn't show hand
*** SUMMARY ***
Total pot $24 | Rake $0.48
Board [Js 3s 8s Qs]
Seat 3: Rus29APX (button) (small blind) collected ($23.52)
Seat 6: robertass84 (big blind) folded on the Turn


PokerStars Hand #172604825446:  Hold'em Limit ($3/$6 USD) - 2017/07/04 14:53:36 ET
Table 'Chimaera II' 6-max Seat #3 is the button
Seat 3: Rus29APX ($111 in chips)
Seat 6: robertass84 ($128.64 in chips)
Rus29APX: posts small blind $1
robertass84: posts big blind $3
*** HOLE CARDS ***
Rus29APX: raises $3 to $6
robertass84: raises $3 to $9
Rus29APX: calls $3
*** FLOP *** [Kc 2d 2c]
robertass84: bets $3
Rus29APX: calls $3
*** TURN *** [Kc 2d 2c] [8s]
robertass84: checks
Rus29APX: bets $6
robertass84: calls $6
*** RIVER *** [Kc 2d 2c 8s] [6c]
robertass84: checks
Rus29APX: bets $6
robertass84: calls $6
*** SHOW DOWN ***
Rus29APX: shows [Ad Kd] (two pair, Kings and Deuces)
robertass84: mucks hand
Rus29APX collected $47.50 from pot
*** SUMMARY ***
Total pot $48 | Rake $0.50
Board [Kc 2d 2c 8s 6c]
Seat 3: Rus29APX (button) (small blind) showed [Ad Kd] and won ($47.50) with two pair, Kings and Deuces
Seat 6: robertass84 (big blind) mucked


PokerStars Hand #172604846502:  Hold'em Limit ($3/$6 USD) - 2017/07/04 14:54:03 ET
Table 'Chimaera II' 6-max Seat #6 is the button
Seat 3: Rus29APX ($134.50 in chips)
Seat 6: robertass84 ($120 in chips)
robertass84: posts small blind $1
Rus29APX: posts big blind $3
*** HOLE CARDS ***
robertass84: folds
Uncalled bet ($2) returned to Rus29APX
Rus29APX collected $2 from pot
Rus29APX: doesn't show hand
*** SUMMARY ***
Total pot $2 | Rake $0
Seat 3: Rus29APX (big blind) collected ($2)
Seat 6: robertass84 (button) (small blind) folded before Flop


PokerStars Hand #172604794801:  Hold'em Limit ($3/$6 USD) - 2017/07/04 14:52:56 ET
Table 'Chimaera II' 6-max Seat #6 is the button
Seat 3: Rus29APX ($120 in chips)
Seat 6: robertass84 ($120 in chips)
robertass84: posts small blind $1
Rus29APX: posts big blind $3
*** HOLE CARDS ***
robertass84: raises $3 to $6
Rus29APX: calls $3
*** FLOP *** [8h Tc Jc]
Rus29APX: checks
robertass84: bets $3
Rus29APX: calls $3
*** TURN *** [8h Tc Jc] [Qs]
Rus29APX: checks
robertass84: bets $6
Rus29APX: folds
Uncalled bet ($6) returned to robertass84
robertass84 collected $17.64 from pot
robertass84: doesn't show hand
*** SUMMARY ***
Total pot $18 | Rake $0.36
Board [8h Tc Jc Qs]
Seat 3: Rus29APX (big blind) folded on the Turn
Seat 6: robertass84 (button) (small blind) collected ($17.64)


PokerStars Hand #172604873528:  Hold'em Limit ($3/$6 USD) - 2017/07/04 14:54:39 ET
Table 'Chimaera II' 6-max Seat #3 is the button
Seat 3: Rus29APX ($141.02 in chips)
Seat 6: robertass84 ($125.76 in chips)
Rus29APX: posts small blind $1
robertass84: posts big blind $3
*** HOLE CARDS ***
Rus29APX: raises $3 to $6
robertass84: raises $3 to $9
Rus29APX: calls $3
*** FLOP *** [5s 5d Jc]
robertass84: bets $3
Rus29APX: calls $3
*** TURN *** [5s 5d Jc] [Ts]
robertass84: bets $6
Rus29APX: calls $6
*** RIVER *** [5s 5d Jc Ts] [6h]
robertass84: bets $6
Rus29APX: calls $6
*** SHOW DOWN ***
robertass84: shows [Js Jd] (a full house, Jacks full of Fives)
Rus29APX: mucks hand
robertass84 collected $47.50 from pot
*** SUMMARY ***
Total pot $48 | Rake $0.50
Board [5s 5d Jc Ts 6h]
Seat 3: Rus29APX (button) (small blind) mucked
Seat 6: robertass84 (big blind) showed [Js Jd] and won ($47.50) with a full house, Jacks full of Fives


PokerStars Hand #172604864047:  Hold'em Limit ($3/$6 USD) - 2017/07/04 14:54:26 ET
Table 'Chimaera II' 6-max Seat #6 is the button
Seat 3: Rus29APX ($147.02 in chips)
Seat 6: robertass84 ($120 in chips)
robertass84: posts small blind $1
Rus29APX: posts big blind $3
*** HOLE CARDS ***
robertass84: raises $3 to $6
Rus29APX: calls $3
*** FLOP *** [5h 3d Qh]
Rus29APX: checks
robertass84: bets $3
Rus29APX: folds
Uncalled bet ($3) returned to robertass84
robertass84 collected $11.76 from pot
robertass84: doesn't show hand
*** SUMMARY ***
Total pot $12 | Rake $0.24
Board [5h 3d Qh]
Seat 3: Rus29APX (big blind) folded on the Flop
Seat 6: robertass84 (button) (small blind) collected ($11.76)


