PokerStars Hand #158368728729:  Hold'em Limit ($3/$6 USD) - 2016/09/09 9:17:00 ET
Table 'Chimay' 10-max Seat #7 is the button
Seat 6: HHI34 ($97.92 in chips)
Seat 7: BuzovaPro ($74.88 in chips)
BuzovaPro: posts small blind $1
HHI34: posts big blind $3
*** HOLE CARDS ***
BuzovaPro: raises $3 to $6
HHI34: calls $3
*** FLOP *** [Td 4c 4h]
HHI34: checks
BuzovaPro: bets $3
HHI34: raises $3 to $6
BuzovaPro: calls $3
*** TURN *** [Td 4c 4h] [Qh]
HHI34: bets $6
BuzovaPro: calls $6
*** RIVER *** [Td 4c 4h Qh] [5h]
HHI34: bets $6
BuzovaPro: calls $6
*** SHOW DOWN ***
HHI34: shows [Tc 9h] (two pair, Tens and Fours)
BuzovaPro: shows [Ts 8s] (two pair, Tens and Fours)
HHI34 collected $23.75 from pot
BuzovaPro collected $23.75 from pot
*** SUMMARY ***
Total pot $48 | Rake $0.50
Board [Td 4c 4h Qh 5h]
Seat 6: HHI34 (big blind) showed [Tc 9h] and won ($23.75) with two pair, Tens and Fours
Seat 7: BuzovaPro (button) (small blind) showed [Ts 8s] and won ($23.75) with two pair, Tens and Fours


PokerStars Hand #158368745329:  Hold'em Limit ($3/$6 USD) - 2016/09/09 9:17:31 ET
Table 'Chimay' 10-max Seat #6 is the button
Seat 6: HHI34 ($97.67 in chips)
Seat 7: BuzovaPro ($74.63 in chips)
HHI34: posts small blind $1
BuzovaPro: posts big blind $3
*** HOLE CARDS ***
HHI34: calls $2
BuzovaPro: raises $3 to $6
HHI34: calls $3
*** FLOP *** [4h Td 5s]
BuzovaPro: bets $3
HHI34: calls $3
*** TURN *** [4h Td 5s] [Jh]
BuzovaPro: bets $6
HHI34: calls $6
*** RIVER *** [4h Td 5s Jh] [4d]
CatPuppy1999 joins the table at seat #8
BuzovaPro: checks
HHI34: bets $6
BuzovaPro: calls $6
*** SHOW DOWN ***
HHI34: shows [Th 9d] (two pair, Tens and Fours)
BuzovaPro: mucks hand
HHI34 collected $41.50 from pot
*** SUMMARY ***
Total pot $42 | Rake $0.50
Board [4h Td 5s Jh 4d]
Seat 6: HHI34 (button) (small blind) showed [Th 9d] and won ($41.50) with two pair, Tens and Fours
Seat 7: BuzovaPro (big blind) mucked


PokerStars Hand #158368803779:  Hold'em Limit ($3/$6 USD) - 2016/09/09 9:19:21 ET
Table 'Chimay' 10-max Seat #7 is the button
Seat 7: BuzovaPro ($94.56 in chips)
Seat 8: CatPuppy1999 ($75 in chips)
BuzovaPro: posts small blind $1
CatPuppy1999: posts big blind $3
*** HOLE CARDS ***
BuzovaPro: raises $3 to $6
CatPuppy1999: calls $3
*** FLOP *** [Jd Kh 8h]
CatPuppy1999: checks
BuzovaPro: checks
*** TURN *** [Jd Kh 8h] [As]
CatPuppy1999: checks
BuzovaPro: bets $6
CatPuppy1999: folds
Uncalled bet ($6) returned to BuzovaPro
BuzovaPro collected $11.76 from pot
BuzovaPro: doesn't show hand
*** SUMMARY ***
Total pot $12 | Rake $0.24
Board [Jd Kh 8h As]
Seat 7: BuzovaPro (button) (small blind) collected ($11.76)
Seat 8: CatPuppy1999 (big blind) folded on the Turn


PokerStars Hand #158368793048:  Hold'em Limit ($3/$6 USD) - 2016/09/09 9:19:01 ET
Table 'Chimay' 10-max Seat #8 is the button
Seat 7: BuzovaPro ($97.56 in chips)
Seat 8: CatPuppy1999 ($72 in chips)
CatPuppy1999: posts small blind $1
BuzovaPro: posts big blind $3
*** HOLE CARDS ***
CatPuppy1999: raises $3 to $6
BuzovaPro: folds
Uncalled bet ($3) returned to CatPuppy1999
CatPuppy1999 collected $6 from pot
CatPuppy1999: doesn't show hand
*** SUMMARY ***
Total pot $6 | Rake $0
Seat 7: BuzovaPro (big blind) folded before Flop
Seat 8: CatPuppy1999 (button) (small blind) collected ($6)


PokerStars Hand #158368838619:  Hold'em Limit ($3/$6 USD) - 2016/09/09 9:20:26 ET
Table 'Chimay' 10-max Seat #7 is the button
Seat 7: BuzovaPro ($108.96 in chips)
Seat 8: CatPuppy1999 ($72 in chips)
BuzovaPro: posts small blind $1
CatPuppy1999: posts big blind $3
*** HOLE CARDS ***
BuzovaPro: folds
Uncalled bet ($2) returned to CatPuppy1999
CatPuppy1999 collected $2 from pot
CatPuppy1999: doesn't show hand
*** SUMMARY ***
Total pot $2 | Rake $0
Seat 7: BuzovaPro (button) (small blind) folded before Flop
Seat 8: CatPuppy1999 (big blind) collected ($2)


PokerStars Hand #158368820750:  Hold'em Limit ($3/$6 USD) - 2016/09/09 9:19:53 ET
Table 'Chimay' 10-max Seat #8 is the button
Seat 7: BuzovaPro ($100.32 in chips)
Seat 8: CatPuppy1999 ($72 in chips)
CatPuppy1999: posts small blind $1
BuzovaPro: posts big blind $3
*** HOLE CARDS ***
CatPuppy1999: raises $3 to $6
BuzovaPro: calls $3
*** FLOP *** [Kd As 2c]
BuzovaPro: checks
CatPuppy1999: bets $3
BuzovaPro: calls $3
*** TURN *** [Kd As 2c] [8h]
BuzovaPro: checks
CatPuppy1999: checks
*** RIVER *** [Kd As 2c 8h] [Ts]
BuzovaPro: bets $6
CatPuppy1999: folds
Uncalled bet ($6) returned to BuzovaPro
BuzovaPro collected $17.64 from pot
BuzovaPro: doesn't show hand
*** SUMMARY ***
Total pot $18 | Rake $0.36
Board [Kd As 2c 8h Ts]
Seat 7: BuzovaPro (big blind) collected ($17.64)
Seat 8: CatPuppy1999 (button) (small blind) folded on the River


