PokerStars Hand #157061262036:  Hold'em Limit ($3/$6 USD) - 2016/08/09 11:07:00 ET
Table 'Chimay' 6-max Seat #1 is the button
Seat 1: fck1111 ($59.40 in chips)
Seat 2: B_loJkl ($177.50 in chips)
fck1111: posts small blind $1
B_loJkl: posts big blind $3
*** HOLE CARDS ***
fck1111: raises $3 to $6
B_loJkl: calls $3
*** FLOP *** [Ad Kh Js]
B_loJkl: checks
fck1111: bets $3
B_loJkl: folds
Uncalled bet ($3) returned to fck1111
fck1111 collected $11.76 from pot
fck1111: doesn't show hand
*** SUMMARY ***
Total pot $12 | Rake $0.24
Board [Ad Kh Js]
Seat 1: fck1111 (button) (small blind) collected ($11.76)
Seat 2: B_loJkl (big blind) folded on the Flop


PokerStars Hand #157061250176:  Hold'em Limit ($3/$6 USD) - 2016/08/09 11:06:39 ET
Table 'Chimay' 6-max Seat #2 is the button
Seat 1: fck1111 ($86.40 in chips)
Seat 2: B_loJkl ($151 in chips)
B_loJkl: posts small blind $1
fck1111: posts big blind $3
*** HOLE CARDS ***
B_loJkl: raises $3 to $6
fck1111: calls $3
*** FLOP *** [6d Ks 8s]
fck1111: checks
B_loJkl: bets $3
fck1111: raises $3 to $6
Agrotait leaves the table
B_loJkl: raises $3 to $9
fck1111: calls $3
*** TURN *** [6d Ks 8s] [Jd]
fck1111: checks
B_loJkl: bets $6
fck1111: calls $6
*** RIVER *** [6d Ks 8s Jd] [9c]
fck1111: checks
B_loJkl: bets $6
fck1111: calls $6
*** SHOW DOWN ***
B_loJkl: shows [Jc Kd] (two pair, Kings and Jacks)
fck1111: mucks hand
B_loJkl collected $53.50 from pot
*** SUMMARY ***
Total pot $54 | Rake $0.50
Board [6d Ks 8s Jd 9c]
Seat 1: fck1111 (big blind) mucked
Seat 2: B_loJkl (button) (small blind) showed [Jc Kd] and won ($53.50) with two pair, Kings and Jacks


PokerStars Hand #157061245708:  Hold'em Limit ($3/$6 USD) - 2016/08/09 11:06:32 ET
Table 'Chimay' 6-max Seat #1 is the button
Seat 1: fck1111 ($87.40 in chips)
Seat 2: B_loJkl ($150 in chips)
fck1111: posts small blind $1
B_loJkl: posts big blind $3
*** HOLE CARDS ***
fck1111: folds
Uncalled bet ($2) returned to B_loJkl
B_loJkl collected $2 from pot
B_loJkl: doesn't show hand
*** SUMMARY ***
Total pot $2 | Rake $0
Seat 1: fck1111 (button) (small blind) folded before Flop
Seat 2: B_loJkl (big blind) collected ($2)


PokerStars Hand #157061283625:  Hold'em Limit ($3/$6 USD) - 2016/08/09 11:07:38 ET
Table 'Chimay' 6-max Seat #2 is the button
Seat 1: fck1111 ($61.16 in chips)
Seat 2: B_loJkl ($175.50 in chips)
B_loJkl: posts small blind $1
fck1111: posts big blind $3
*** HOLE CARDS ***
B_loJkl: raises $3 to $6
fck1111: raises $3 to $9
B_loJkl: calls $3
*** FLOP *** [Ac Ah Jd]
fck1111: bets $3
B_loJkl: calls $3
*** TURN *** [Ac Ah Jd] [7s]
fck1111: checks
B_loJkl: checks
*** RIVER *** [Ac Ah Jd 7s] [4c]
fck1111: bets $6
B_loJkl: calls $6
*** SHOW DOWN ***
fck1111: shows [2c As] (three of a kind, Aces)
B_loJkl: mucks hand
fck1111 collected $35.50 from pot
*** SUMMARY ***
Total pot $36 | Rake $0.50
Board [Ac Ah Jd 7s 4c]
Seat 1: fck1111 (big blind) showed [2c As] and won ($35.50) with three of a kind, Aces
Seat 2: B_loJkl (button) (small blind) mucked


PokerStars Hand #157061281029:  Hold'em Limit ($3/$6 USD) - 2016/08/09 11:07:33 ET
Table 'Chimay' 6-max Seat #1 is the button
Seat 1: fck1111 ($62.16 in chips)
Seat 2: B_loJkl ($174.50 in chips)
fck1111: posts small blind $1
B_loJkl: posts big blind $3
*** HOLE CARDS ***
fck1111: folds
Uncalled bet ($2) returned to B_loJkl
B_loJkl collected $2 from pot
B_loJkl: doesn't show hand
*** SUMMARY ***
Total pot $2 | Rake $0
Seat 1: fck1111 (button) (small blind) folded before Flop
Seat 2: B_loJkl (big blind) collected ($2)


PokerStars Hand #157061277882:  Hold'em Limit ($3/$6 USD) - 2016/08/09 11:07:28 ET
Table 'Chimay' 6-max Seat #2 is the button
Seat 1: fck1111 ($61.16 in chips)
Seat 2: B_loJkl ($175.50 in chips)
B_loJkl: posts small blind $1
fck1111: posts big blind $3
*** HOLE CARDS ***
B_loJkl: folds
Uncalled bet ($2) returned to fck1111
fck1111 collected $2 from pot
fck1111: doesn't show hand
*** SUMMARY ***
Total pot $2 | Rake $0
Seat 1: fck1111 (big blind) collected ($2)
Seat 2: B_loJkl (button) (small blind) folded before Flop


PokerStars Hand #157061275111:  Hold'em Limit ($3/$6 USD) - 2016/08/09 11:07:23 ET
Table 'Chimay' 6-max Seat #1 is the button
Seat 1: fck1111 ($62.16 in chips)
Seat 2: B_loJkl ($174.50 in chips)
fck1111: posts small blind $1
B_loJkl: posts big blind $3
*** HOLE CARDS ***
fck1111: folds
Uncalled bet ($2) returned to B_loJkl
B_loJkl collected $2 from pot
B_loJkl: doesn't show hand
*** SUMMARY ***
Total pot $2 | Rake $0
Seat 1: fck1111 (button) (small blind) folded before Flop
Seat 2: B_loJkl (big blind) collected ($2)


PokerStars Hand #157061271179:  Hold'em Limit ($3/$6 USD) - 2016/08/09 11:07:16 ET
Table 'Chimay' 6-max Seat #2 is the button
Seat 1: fck1111 ($65.16 in chips)
Seat 2: B_loJkl ($171.50 in chips)
B_loJkl: posts small blind $1
fck1111: posts big blind $3
*** HOLE CARDS ***
B_loJkl: raises $3 to $6
fck1111: folds
Uncalled bet ($3) returned to B_loJkl
B_loJkl collected $6 from pot
B_loJkl: doesn't show hand
*** SUMMARY ***
Total pot $6 | Rake $0
Seat 1: fck1111 (big blind) folded before Flop
Seat 2: B_loJkl (button) (small blind) collected ($6)


PokerStars Hand #157061298867:  Hold'em Limit ($3/$6 USD) - 2016/08/09 11:08:05 ET
Table 'Chimay' 6-max Seat #1 is the button
Seat 1: fck1111 ($78.66 in chips)
Seat 2: B_loJkl ($157.50 in chips)
fck1111: posts small blind $1
B_loJkl: posts big blind $3
*** HOLE CARDS ***
fck1111: raises $3 to $6
B_loJkl: calls $3
*** FLOP *** [3d Qh 5c]
B_loJkl: checks
fck1111: bets $3
Murrrr_@T joins the table at seat #3
B_loJkl: calls $3
*** TURN *** [3d Qh 5c] [Jc]
B_loJkl: checks
fck1111: checks
*** RIVER *** [3d Qh 5c Jc] [6h]
B_loJkl: bets $6
fck1111: folds
Uncalled bet ($6) returned to B_loJkl
B_loJkl collected $17.64 from pot
B_loJkl: doesn't show hand
*** SUMMARY ***
Total pot $18 | Rake $0.36
Board [3d Qh 5c Jc 6h]
Seat 1: fck1111 (button) (small blind) folded on the River
Seat 2: B_loJkl (big blind) collected ($17.64)


PokerStars Hand #157061364016:  Hold'em Limit ($3/$6 USD) - 2016/08/09 11:09:59 ET
Table 'Chimay' 6-max Seat #3 is the button
Seat 2: B_loJkl ($165.14 in chips)
Seat 3: Murrrr_@T ($127.38 in chips)
Murrrr_@T: posts small blind $1
fck1111: is sitting out
B_loJkl: posts big blind $3
*** HOLE CARDS ***
Murrrr_@T: raises $3 to $6
B_loJkl: calls $3
*** FLOP *** [Jh Qc Td]
B_loJkl: checks
Murrrr_@T: bets $3
B_loJkl: raises $3 to $6
Murrrr_@T: calls $3
*** TURN *** [Jh Qc Td] [3s]
B_loJkl: bets $6
iskambil joins the table at seat #5
Murrrr_@T: calls $6
*** RIVER *** [Jh Qc Td 3s] [9d]
B_loJkl: bets $6
Murrrr_@T: folds
Uncalled bet ($6) returned to B_loJkl
B_loJkl collected $35.50 from pot
B_loJkl: doesn't show hand
*** SUMMARY ***
Total pot $36 | Rake $0.50
Board [Jh Qc Td 3s 9d]
Seat 2: B_loJkl (big blind) collected ($35.50)
Seat 3: Murrrr_@T (button) (small blind) folded on the River


PokerStars Hand #157061415467:  Hold'em Limit ($3/$6 USD) - 2016/08/09 11:11:29 ET
Table 'Chimay' 6-max Seat #2 is the button
Seat 1: fck1111 ($33.66 in chips)
Seat 2: B_loJkl ($186.25 in chips)
B_loJkl: posts small blind $1
iskambil: is sitting out
fck1111: posts big blind $3
*** HOLE CARDS ***
iskambil leaves the table
B_loJkl: raises $3 to $6
fck1111: calls $3
*** FLOP *** [Tc 5s 3h]
fck1111: bets $3
B_loJkl: calls $3
*** TURN *** [Tc 5s 3h] [Ks]
fck1111: bets $6
B_loJkl: calls $6
*** RIVER *** [Tc 5s 3h Ks] [Ts]
fck1111: checks
B_loJkl: checks
*** SHOW DOWN ***
fck1111: shows [7h Ah] (a pair of Tens)
B_loJkl: mucks hand
fck1111 collected $29.50 from pot
*** SUMMARY ***
Total pot $30 | Rake $0.50
Board [Tc 5s 3h Ks Ts]
Seat 1: fck1111 (big blind) showed [7h Ah] and won ($29.50) with a pair of Tens
Seat 2: B_loJkl (button) (small blind) mucked


PokerStars Hand #157061452206:  Hold'em Limit ($3/$6 USD) - 2016/08/09 11:12:33 ET
Table 'Chimay' 6-max Seat #1 is the button
Seat 1: fck1111 ($48.16 in chips)
Seat 2: B_loJkl ($171.25 in chips)
fck1111: posts small blind $1
B_loJkl: posts big blind $3
*** HOLE CARDS ***
fck1111: raises $3 to $6
B_loJkl: calls $3
*** FLOP *** [5s 6h 8d]
B_loJkl: checks
fck1111: bets $3
B_loJkl: calls $3
*** TURN *** [5s 6h 8d] [Th]
B_loJkl: checks
fck1111: bets $6
B_loJkl: calls $6
*** RIVER *** [5s 6h 8d Th] [Ah]
B_loJkl: checks
fck1111: checks
*** SHOW DOWN ***
B_loJkl: shows [4d Ts] (a pair of Tens)
fck1111: mucks hand
B_loJkl collected $29.50 from pot
*** SUMMARY ***
Total pot $30 | Rake $0.50
Board [5s 6h 8d Th Ah]
Seat 1: fck1111 (button) (small blind) mucked
Seat 2: B_loJkl (big blind) showed [4d Ts] and won ($29.50) with a pair of Tens


PokerStars Hand #157061478102:  Hold'em Limit ($3/$6 USD) - 2016/08/09 11:13:18 ET
Table 'Chimay' 6-max Seat #2 is the button
Seat 1: fck1111 ($33.16 in chips)
Seat 2: B_loJkl ($185.75 in chips)
B_loJkl: posts small blind $1
fck1111: posts big blind $3
*** HOLE CARDS ***
B_loJkl: folds
Uncalled bet ($2) returned to fck1111
fck1111 collected $2 from pot
fck1111: doesn't show hand
*** SUMMARY ***
Total pot $2 | Rake $0
Seat 1: fck1111 (big blind) collected ($2)
Seat 2: B_loJkl (button) (small blind) folded before Flop


PokerStars Hand #157061482922:  Hold'em Limit ($3/$6 USD) - 2016/08/09 11:13:26 ET
Table 'Chimay' 6-max Seat #1 is the button
Seat 1: fck1111 ($34.16 in chips)
Seat 2: B_loJkl ($184.75 in chips)
fck1111: posts small blind $1
B_loJkl: posts big blind $3
*** HOLE CARDS ***
fck1111: folds
Uncalled bet ($2) returned to B_loJkl
B_loJkl collected $2 from pot
B_loJkl: doesn't show hand
*** SUMMARY ***
Total pot $2 | Rake $0
Seat 1: fck1111 (button) (small blind) folded before Flop
Seat 2: B_loJkl (big blind) collected ($2)


PokerStars Hand #157061485680:  Hold'em Limit ($3/$6 USD) - 2016/08/09 11:13:31 ET
Table 'Chimay' 6-max Seat #2 is the button
Seat 1: fck1111 ($33.16 in chips)
Seat 2: B_loJkl ($185.75 in chips)
B_loJkl: posts small blind $1
fck1111: posts big blind $3
*** HOLE CARDS ***
B_loJkl: raises $3 to $6
fck1111: calls $3
*** FLOP *** [8h 3c 7c]
fck1111: checks
B_loJkl: bets $3
fck1111: raises $3 to $6
B_loJkl: calls $3
*** TURN *** [8h 3c 7c] [Qs]
fck1111: bets $6
B_loJkl: calls $6
*** RIVER *** [8h 3c 7c Qs] [5h]
fck1111: checks
B_loJkl: checks
*** SHOW DOWN ***
fck1111: shows [4c 3h] (a pair of Threes)
B_loJkl: mucks hand
fck1111 collected $35.50 from pot
*** SUMMARY ***
Total pot $36 | Rake $0.50
Board [8h 3c 7c Qs 5h]
Seat 1: fck1111 (big blind) showed [4c 3h] and won ($35.50) with a pair of Threes
Seat 2: B_loJkl (button) (small blind) mucked


PokerStars Hand #157061502918:  Hold'em Limit ($3/$6 USD) - 2016/08/09 11:14:00 ET
Table 'Chimay' 6-max Seat #1 is the button
Seat 1: fck1111 ($50.66 in chips)
Seat 2: B_loJkl ($167.75 in chips)
fck1111: posts small blind $1
B_loJkl: posts big blind $3
*** HOLE CARDS ***
fck1111: raises $3 to $6
B_loJkl: calls $3
*** FLOP *** [3h 3c Kc]
B_loJkl: checks
fck1111: bets $3
B_loJkl: calls $3
*** TURN *** [3h 3c Kc] [9s]
B_loJkl: checks
fck1111: checks
*** RIVER *** [3h 3c Kc 9s] [Td]
B_loJkl: checks
fck1111: checks
*** SHOW DOWN ***
B_loJkl: shows [Ad 2c] (a pair of Threes)
fck1111: mucks hand
B_loJkl collected $17.64 from pot
*** SUMMARY ***
Total pot $18 | Rake $0.36
Board [3h 3c Kc 9s Td]
Seat 1: fck1111 (button) (small blind) mucked
Seat 2: B_loJkl (big blind) showed [Ad 2c] and won ($17.64) with a pair of Threes


PokerStars Hand #157061523475:  Hold'em Limit ($3/$6 USD) - 2016/08/09 11:14:36 ET
Table 'Chimay' 6-max Seat #2 is the button
Seat 1: fck1111 ($41.66 in chips)
Seat 2: B_loJkl ($176.39 in chips)
B_loJkl: posts small blind $1
fck1111: posts big blind $3
*** HOLE CARDS ***
B_loJkl: raises $3 to $6
fck1111: folds
Uncalled bet ($3) returned to B_loJkl
B_loJkl collected $6 from pot
B_loJkl: doesn't show hand
*** SUMMARY ***
Total pot $6 | Rake $0
Seat 1: fck1111 (big blind) folded before Flop
Seat 2: B_loJkl (button) (small blind) collected ($6)


PokerStars Hand #157061530553:  Hold'em Limit ($3/$6 USD) - 2016/08/09 11:14:48 ET
Table 'Chimay' 6-max Seat #1 is the button
Seat 1: fck1111 ($38.66 in chips)
Seat 2: B_loJkl ($179.39 in chips)
fck1111: posts small blind $1
B_loJkl: posts big blind $3
*** HOLE CARDS ***
fck1111: raises $3 to $6
B_loJkl: calls $3
*** FLOP *** [Jd Jc Kc]
B_loJkl: checks
fck1111: bets $3
B_loJkl: calls $3
*** TURN *** [Jd Jc Kc] [7d]
B_loJkl: checks
fck1111: checks
*** RIVER *** [Jd Jc Kc 7d] [5d]
B_loJkl: bets $6
fck1111: folds
Uncalled bet ($6) returned to B_loJkl
B_loJkl collected $17.64 from pot
B_loJkl: doesn't show hand
*** SUMMARY ***
Total pot $18 | Rake $0.36
Board [Jd Jc Kc 7d 5d]
Seat 1: fck1111 (button) (small blind) folded on the River
Seat 2: B_loJkl (big blind) collected ($17.64)


PokerStars Hand #157061550286:  Hold'em Limit ($3/$6 USD) - 2016/08/09 11:15:22 ET
Table 'Chimay' 6-max Seat #1 is the button
Seat 1: fck1111 ($26.66 in chips)
Seat 2: B_loJkl ($191.03 in chips)
fck1111: posts small blind $1
B_loJkl: posts big blind $3
*** HOLE CARDS ***
fck1111: folds
Uncalled bet ($2) returned to B_loJkl
B_loJkl collected $2 from pot
B_loJkl: doesn't show hand
*** SUMMARY ***
Total pot $2 | Rake $0
Seat 1: fck1111 (button) (small blind) folded before Flop
Seat 2: B_loJkl (big blind) collected ($2)


PokerStars Hand #157061546738:  Hold'em Limit ($3/$6 USD) - 2016/08/09 11:15:16 ET
Table 'Chimay' 6-max Seat #2 is the button
Seat 1: fck1111 ($29.66 in chips)
Seat 2: B_loJkl ($188.03 in chips)
B_loJkl: posts small blind $1
fck1111: posts big blind $3
*** HOLE CARDS ***
B_loJkl: raises $3 to $6
fck1111: folds
Uncalled bet ($3) returned to B_loJkl
B_loJkl collected $6 from pot
B_loJkl: doesn't show hand
*** SUMMARY ***
Total pot $6 | Rake $0
Seat 1: fck1111 (big blind) folded before Flop
Seat 2: B_loJkl (button) (small blind) collected ($6)


PokerStars Hand #157061553064:  Hold'em Limit ($3/$6 USD) - 2016/08/09 11:15:27 ET
Table 'Chimay' 6-max Seat #2 is the button
Seat 1: fck1111 ($25.66 in chips)
Seat 2: B_loJkl ($192.03 in chips)
B_loJkl: posts small blind $1
fck1111: posts big blind $3
*** HOLE CARDS ***
B_loJkl: raises $3 to $6
fck1111: raises $3 to $9
B_loJkl: calls $3
*** FLOP *** [7s Qs 3s]
fck1111: bets $3
B_loJkl: folds
Uncalled bet ($3) returned to fck1111
fck1111 collected $17.64 from pot
fck1111: doesn't show hand
*** SUMMARY ***
Total pot $18 | Rake $0.36
Board [7s Qs 3s]
Seat 1: fck1111 (big blind) collected ($17.64)
Seat 2: B_loJkl (button) (small blind) folded on the Flop


PokerStars Hand #157061559181:  Hold'em Limit ($3/$6 USD) - 2016/08/09 11:15:37 ET
Table 'Chimay' 6-max Seat #1 is the button
Seat 1: fck1111 ($34.30 in chips)
Seat 2: B_loJkl ($183.03 in chips)
fck1111: posts small blind $1
B_loJkl: posts big blind $3
*** HOLE CARDS ***
fck1111: folds
Uncalled bet ($2) returned to B_loJkl
B_loJkl collected $2 from pot
B_loJkl: doesn't show hand
*** SUMMARY ***
Total pot $2 | Rake $0
Seat 1: fck1111 (button) (small blind) folded before Flop
Seat 2: B_loJkl (big blind) collected ($2)


PokerStars Hand #157061561982:  Hold'em Limit ($3/$6 USD) - 2016/08/09 11:15:42 ET
Table 'Chimay' 6-max Seat #2 is the button
Seat 1: fck1111 ($33.30 in chips)
Seat 2: B_loJkl ($184.03 in chips)
B_loJkl: posts small blind $1
fck1111: posts big blind $3
*** HOLE CARDS ***
B_loJkl: raises $3 to $6
fck1111: calls $3
*** FLOP *** [4s Th 3h]
fck1111: checks
B_loJkl: bets $3
fck1111: folds
Uncalled bet ($3) returned to B_loJkl
B_loJkl collected $11.76 from pot
B_loJkl: doesn't show hand
*** SUMMARY ***
Total pot $12 | Rake $0.24
Board [4s Th 3h]
Seat 1: fck1111 (big blind) folded on the Flop
Seat 2: B_loJkl (button) (small blind) collected ($11.76)


PokerStars Hand #157061571541:  Hold'em Limit ($3/$6 USD) - 2016/08/09 11:15:58 ET
Table 'Chimay' 6-max Seat #1 is the button
Seat 1: fck1111 ($27.30 in chips)
Seat 2: B_loJkl ($189.79 in chips)
fck1111: posts small blind $1
B_loJkl: posts big blind $3
*** HOLE CARDS ***
fck1111: raises $3 to $6
B_loJkl: calls $3
*** FLOP *** [4h 5d 8c]
B_loJkl: checks
fck1111: bets $3
B_loJkl: calls $3
*** TURN *** [4h 5d 8c] [6s]
B_loJkl: checks
fck1111: bets $6
B_loJkl: folds
Uncalled bet ($6) returned to fck1111
fck1111 collected $17.64 from pot
fck1111: doesn't show hand
*** SUMMARY ***
Total pot $18 | Rake $0.36
Board [4h 5d 8c 6s]
Seat 1: fck1111 (button) (small blind) collected ($17.64)
Seat 2: B_loJkl (big blind) folded on the Turn


PokerStars Hand #157061592161:  Hold'em Limit ($3/$6 USD) - 2016/08/09 11:16:34 ET
Table 'Chimay' 6-max Seat #1 is the button
Seat 1: fck1111 ($23.94 in chips)
Seat 2: B_loJkl ($192.31 in chips)
fck1111: posts small blind $1
B_loJkl: posts big blind $3
*** HOLE CARDS ***
fck1111: folds
Uncalled bet ($2) returned to B_loJkl
B_loJkl collected $2 from pot
B_loJkl: doesn't show hand
*** SUMMARY ***
Total pot $2 | Rake $0
Seat 1: fck1111 (button) (small blind) folded before Flop
Seat 2: B_loJkl (big blind) collected ($2)


PokerStars Hand #157061582771:  Hold'em Limit ($3/$6 USD) - 2016/08/09 11:16:18 ET
Table 'Chimay' 6-max Seat #2 is the button
Seat 1: fck1111 ($35.94 in chips)
Seat 2: B_loJkl ($180.79 in chips)
B_loJkl: posts small blind $1
fck1111: posts big blind $3
*** HOLE CARDS ***
B_loJkl: raises $3 to $6
fck1111: calls $3
*** FLOP *** [Ac 7c Jc]
fck1111: checks
B_loJkl: checks
*** TURN *** [Ac 7c Jc] [9h]
fck1111: bets $6
B_loJkl: calls $6
*** RIVER *** [Ac 7c Jc 9h] [Qc]
fck1111: checks
B_loJkl: bets $6
fck1111: folds
Uncalled bet ($6) returned to B_loJkl
B_loJkl collected $23.52 from pot
B_loJkl: doesn't show hand
*** SUMMARY ***
Total pot $24 | Rake $0.48
Board [Ac 7c Jc 9h Qc]
Seat 1: fck1111 (big blind) folded on the River
Seat 2: B_loJkl (button) (small blind) collected ($23.52)


PokerStars Hand #157061610941:  Hold'em Limit ($3/$6 USD) - 2016/08/09 11:17:06 ET
Table 'Chimay' 6-max Seat #1 is the button
Seat 1: fck1111 ($16.94 in chips)
Seat 2: B_loJkl ($199.07 in chips)
fck1111: posts small blind $1
B_loJkl: posts big blind $3
*** HOLE CARDS ***
fck1111: folds
Uncalled bet ($2) returned to B_loJkl
B_loJkl collected $2 from pot
B_loJkl: doesn't show hand
*** SUMMARY ***
Total pot $2 | Rake $0
Seat 1: fck1111 (button) (small blind) folded before Flop
Seat 2: B_loJkl (big blind) collected ($2)


PokerStars Hand #157061594868:  Hold'em Limit ($3/$6 USD) - 2016/08/09 11:16:38 ET
Table 'Chimay' 6-max Seat #2 is the button
Seat 1: fck1111 ($22.94 in chips)
Seat 2: B_loJkl ($193.31 in chips)
B_loJkl: posts small blind $1
fck1111: posts big blind $3
*** HOLE CARDS ***
B_loJkl: raises $3 to $6
fck1111: calls $3
*** FLOP *** [7c 6c 9s]
fck1111: checks
B_loJkl: checks
*** TURN *** [7c 6c 9s] [Ac]
fck1111: checks
B_loJkl: bets $6
fck1111: folds
Uncalled bet ($6) returned to B_loJkl
B_loJkl collected $11.76 from pot
*** SUMMARY ***
Total pot $12 | Rake $0.24
Board [7c 6c 9s Ac]
Seat 1: fck1111 (big blind) folded on the Turn
Seat 2: B_loJkl (button) (small blind) collected ($11.76)


PokerStars Hand #157061613565:  Hold'em Limit ($3/$6 USD) - 2016/08/09 11:17:10 ET
Table 'Chimay' 6-max Seat #2 is the button
Seat 1: fck1111 ($15.94 in chips)
Seat 2: B_loJkl ($200.07 in chips)
B_loJkl: posts small blind $1
fck1111: posts big blind $3
*** HOLE CARDS ***
B_loJkl: raises $3 to $6
fck1111: calls $3
*** FLOP *** [Ks Ac 3h]
fck1111: checks
B_loJkl: bets $3
fck1111: folds
Uncalled bet ($3) returned to B_loJkl
B_loJkl collected $11.76 from pot
B_loJkl: doesn't show hand
*** SUMMARY ***
Total pot $12 | Rake $0.24
Board [Ks Ac 3h]
Seat 1: fck1111 (big blind) folded on the Flop
Seat 2: B_loJkl (button) (small blind) collected ($11.76)


PokerStars Hand #157061636492:  Hold'em Limit ($3/$6 USD) - 2016/08/09 11:17:46 ET
Table 'Chimay' 6-max Seat #1 is the button
Seat 1: fck1111 ($9.94 in chips)
Seat 2: B_loJkl ($205.83 in chips)
fck1111: posts small blind $1
B_loJkl: posts big blind $3
*** HOLE CARDS ***
fck1111: raises $3 to $6
B_loJkl: calls $3
*** FLOP *** [Js 2d 7h]
B_loJkl: checks
fck1111: bets $3
B_loJkl: raises $3 to $6
fck1111: calls $0.94 and is all-in
Uncalled bet ($2.06) returned to B_loJkl
*** TURN *** [Js 2d 7h] [Ah]
*** RIVER *** [Js 2d 7h Ah] [Ks]
*** SHOW DOWN ***
B_loJkl: shows [6h Kh] (a pair of Kings)
fck1111: shows [6s 9c] (high card Ace)
B_loJkl collected $19.48 from pot
*** SUMMARY ***
Total pot $19.88 | Rake $0.40
Board [Js 2d 7h Ah Ks]
Seat 1: fck1111 (button) (small blind) showed [6s 9c] and lost with high card Ace
Seat 2: B_loJkl (big blind) showed [6h Kh] and won ($19.48) with a pair of Kings


