PokerStars Hand #147685834073:  Hold'em Limit ($3/$6 USD) - 2016/01/25 20:18:28 ET
Table 'Chimay' 6-max Seat #4 is the button
Seat 3: rttattar ($63 in chips)
Seat 4: AzureCaper ($72 in chips)
AzureCaper: posts small blind $1
rttattar: posts big blind $3
*** HOLE CARDS ***
AzureCaper: folds
Uncalled bet ($2) returned to rttattar
rttattar collected $2 from pot
rttattar: doesn't show hand
*** SUMMARY ***
Total pot $2 | Rake $0
Seat 3: rttattar (big blind) collected ($2)
Seat 4: AzureCaper (button) (small blind) folded before Flop


PokerStars Hand #147685840637:  Hold'em Limit ($3/$6 USD) - 2016/01/25 20:18:40 ET
Table 'Chimay' 6-max Seat #4 is the button
Seat 3: rttattar ($67 in chips)
Seat 4: AzureCaper ($72 in chips)
AzureCaper: posts small blind $1
rttattar: posts big blind $3
*** HOLE CARDS ***
AzureCaper: folds
Uncalled bet ($2) returned to rttattar
rttattar collected $2 from pot
rttattar: doesn't show hand
*** SUMMARY ***
Total pot $2 | Rake $0
Seat 3: rttattar (big blind) collected ($2)
Seat 4: AzureCaper (button) (small blind) folded before Flop


PokerStars Hand #147685836890:  Hold'em Limit ($3/$6 USD) - 2016/01/25 20:18:33 ET
Table 'Chimay' 6-max Seat #3 is the button
Seat 3: rttattar ($64 in chips)
Seat 4: AzureCaper ($72 in chips)
rttattar: posts small blind $1
AzureCaper: posts big blind $3
*** HOLE CARDS ***
rttattar: raises $3 to $6
AzureCaper: folds
Uncalled bet ($3) returned to rttattar
rttattar collected $6 from pot
rttattar: doesn't show hand
*** SUMMARY ***
Total pot $6 | Rake $0
Seat 3: rttattar (button) (small blind) collected ($6)
Seat 4: AzureCaper (big blind) folded before Flop


PokerStars Hand #147685846099:  Hold'em Limit ($3/$6 USD) - 2016/01/25 20:18:50 ET
Table 'Chimay' 6-max Seat #4 is the button
Seat 3: rttattar ($67 in chips)
Seat 4: AzureCaper ($73 in chips)
AzureCaper: posts small blind $1
rttattar: posts big blind $3
*** HOLE CARDS ***
AzureCaper: folds
Uncalled bet ($2) returned to rttattar
rttattar collected $2 from pot
rttattar: doesn't show hand
*** SUMMARY ***
Total pot $2 | Rake $0
Seat 3: rttattar (big blind) collected ($2)
Seat 4: AzureCaper (button) (small blind) folded before Flop


PokerStars Hand #147685843256:  Hold'em Limit ($3/$6 USD) - 2016/01/25 20:18:45 ET
Table 'Chimay' 6-max Seat #3 is the button
Seat 3: rttattar ($68 in chips)
Seat 4: AzureCaper ($72 in chips)
rttattar: posts small blind $1
AzureCaper: posts big blind $3
*** HOLE CARDS ***
rttattar: folds
Uncalled bet ($2) returned to AzureCaper
AzureCaper collected $2 from pot
AzureCaper: doesn't show hand
*** SUMMARY ***
Total pot $2 | Rake $0
Seat 3: rttattar (button) (small blind) folded before Flop
Seat 4: AzureCaper (big blind) collected ($2)


PokerStars Hand #147685858784:  Hold'em Limit ($3/$6 USD) - 2016/01/25 20:19:12 ET
Table 'Chimay' 6-max Seat #4 is the button
Seat 3: rttattar ($47 in chips)
Seat 4: AzureCaper ($92.50 in chips)
AzureCaper: posts small blind $1
rttattar: posts big blind $3
*** HOLE CARDS ***
AzureCaper: raises $3 to $6
rttattar: folds
Uncalled bet ($3) returned to AzureCaper
AzureCaper collected $6 from pot
AzureCaper: doesn't show hand
*** SUMMARY ***
Total pot $6 | Rake $0
Seat 3: rttattar (big blind) folded before Flop
Seat 4: AzureCaper (button) (small blind) collected ($6)


PokerStars Hand #147685848950:  Hold'em Limit ($3/$6 USD) - 2016/01/25 20:18:55 ET
Table 'Chimay' 6-max Seat #3 is the button
Seat 3: rttattar ($68 in chips)
Seat 4: AzureCaper ($72 in chips)
rttattar: posts small blind $1
AzureCaper: posts big blind $3
*** HOLE CARDS ***
rttattar: raises $3 to $6
AzureCaper: calls $3
*** FLOP *** [7h Ah 5h]
AzureCaper: bets $3
rttattar: calls $3
*** TURN *** [7h Ah 5h] [7d]
AzureCaper: bets $6
rttattar: calls $6
*** RIVER *** [7h Ah 5h 7d] [5s]
AzureCaper: bets $6
rttattar: calls $6
*** SHOW DOWN ***
AzureCaper: shows [7s Kc] (a full house, Sevens full of Fives)
rttattar: mucks hand
AzureCaper collected $41.50 from pot
*** SUMMARY ***
Total pot $42 | Rake $0.50
Board [7h Ah 5h 7d 5s]
Seat 3: rttattar (button) (small blind) mucked
Seat 4: AzureCaper (big blind) showed [7s Kc] and won ($41.50) with a full house, Sevens full of Fives


PokerStars Hand #147685862135:  Hold'em Limit ($3/$6 USD) - 2016/01/25 20:19:18 ET
Table 'Chimay' 6-max Seat #3 is the button
Seat 3: rttattar ($44 in chips)
Seat 4: AzureCaper ($95.50 in chips)
rttattar: posts small blind $1
AzureCaper: posts big blind $3
*** HOLE CARDS ***
rttattar: raises $3 to $6
AzureCaper: calls $3
*** FLOP *** [Qc 5h Ad]
AzureCaper: checks
rttattar: checks
*** TURN *** [Qc 5h Ad] [7s]
AzureCaper: checks
rttattar: checks
*** RIVER *** [Qc 5h Ad 7s] [6h]
AzureCaper: checks
rttattar: checks
*** SHOW DOWN ***
AzureCaper: shows [6s Td] (a pair of Sixes)
rttattar: mucks hand
AzureCaper collected $11.76 from pot
*** SUMMARY ***
Total pot $12 | Rake $0.24
Board [Qc 5h Ad 7s 6h]
Seat 3: rttattar (button) (small blind) mucked
Seat 4: AzureCaper (big blind) showed [6s Td] and won ($11.76) with a pair of Sixes


PokerStars Hand #147685875168:  Hold'em Limit ($3/$6 USD) - 2016/01/25 20:19:41 ET
Table 'Chimay' 6-max Seat #3 is the button
Seat 3: rttattar ($39 in chips)
Seat 4: AzureCaper ($100.26 in chips)
rttattar: posts small blind $1
AzureCaper: posts big blind $3
*** HOLE CARDS ***
rttattar: raises $3 to $6
AzureCaper: folds
Uncalled bet ($3) returned to rttattar
rttattar collected $6 from pot
rttattar: doesn't show hand
*** SUMMARY ***
Total pot $6 | Rake $0
Seat 3: rttattar (button) (small blind) collected ($6)
Seat 4: AzureCaper (big blind) folded before Flop


PokerStars Hand #147685872407:  Hold'em Limit ($3/$6 USD) - 2016/01/25 20:19:36 ET
Table 'Chimay' 6-max Seat #4 is the button
Seat 3: rttattar ($38 in chips)
Seat 4: AzureCaper ($101.26 in chips)
AzureCaper: posts small blind $1
rttattar: posts big blind $3
*** HOLE CARDS ***
AzureCaper: folds
Uncalled bet ($2) returned to rttattar
rttattar collected $2 from pot
rttattar: doesn't show hand
*** SUMMARY ***
Total pot $2 | Rake $0
Seat 3: rttattar (big blind) collected ($2)
Seat 4: AzureCaper (button) (small blind) folded before Flop


PokerStars Hand #147685879791:  Hold'em Limit ($3/$6 USD) - 2016/01/25 20:19:49 ET
Table 'Chimay' 6-max Seat #4 is the button
Seat 3: rttattar ($42 in chips)
Seat 4: AzureCaper ($97.26 in chips)
AzureCaper: posts small blind $1
rttattar: posts big blind $3
*** HOLE CARDS ***
AzureCaper: raises $3 to $6
rttattar: raises $3 to $9
AzureCaper: calls $3
*** FLOP *** [4d 3s 9h]
rttattar: bets $3
AzureCaper: calls $3
*** TURN *** [4d 3s 9h] [4s]
rttattar: checks
AzureCaper: bets $6
rttattar: calls $6
*** RIVER *** [4d 3s 9h 4s] [5h]
rttattar: checks
AzureCaper: bets $6
rttattar: calls $6
*** SHOW DOWN ***
AzureCaper: shows [9s 7h] (two pair, Nines and Fours)
rttattar: mucks hand
AzureCaper collected $47.50 from pot
*** SUMMARY ***
Total pot $48 | Rake $0.50
Board [4d 3s 9h 4s 5h]
Seat 3: rttattar (big blind) mucked
Seat 4: AzureCaper (button) (small blind) showed [9s 7h] and won ($47.50) with two pair, Nines and Fours


PokerStars Hand #147685891207:  Hold'em Limit ($3/$6 USD) - 2016/01/25 20:20:09 ET
Table 'Chimay' 6-max Seat #3 is the button
Seat 3: rttattar ($18 in chips)
Seat 4: AzureCaper ($120.76 in chips)
rttattar: posts small blind $1
AzureCaper: posts big blind $3
*** HOLE CARDS ***
rttattar: raises $3 to $6
AzureCaper: calls $3
*** FLOP *** [4d 2c Jh]
AzureCaper: checks
rttattar: bets $3
AzureCaper: folds
Uncalled bet ($3) returned to rttattar
rttattar collected $11.76 from pot
rttattar: doesn't show hand
*** SUMMARY ***
Total pot $12 | Rake $0.24
Board [4d 2c Jh]
Seat 3: rttattar (button) (small blind) collected ($11.76)
Seat 4: AzureCaper (big blind) folded on the Flop


PokerStars Hand #147685896610:  Hold'em Limit ($3/$6 USD) - 2016/01/25 20:20:19 ET
Table 'Chimay' 6-max Seat #4 is the button
Seat 3: rttattar ($23.76 in chips)
Seat 4: AzureCaper ($114.76 in chips)
AzureCaper: posts small blind $1
rttattar: posts big blind $3
*** HOLE CARDS ***
AzureCaper: raises $3 to $6
rttattar: folds
Uncalled bet ($3) returned to AzureCaper
AzureCaper collected $6 from pot
AzureCaper: doesn't show hand
*** SUMMARY ***
Total pot $6 | Rake $0
Seat 3: rttattar (big blind) folded before Flop
Seat 4: AzureCaper (button) (small blind) collected ($6)


PokerStars Hand #147685899866:  Hold'em Limit ($3/$6 USD) - 2016/01/25 20:20:24 ET
Table 'Chimay' 6-max Seat #3 is the button
Seat 3: rttattar ($20.76 in chips)
Seat 4: AzureCaper ($117.76 in chips)
rttattar: posts small blind $1
AzureCaper: posts big blind $3
*** HOLE CARDS ***
rttattar: raises $3 to $6
AzureCaper: calls $3
*** FLOP *** [5s 6c 8d]
AzureCaper: bets $3
rttattar: calls $3
*** TURN *** [5s 6c 8d] [8c]
AzureCaper: bets $6
rttattar: folds
Uncalled bet ($6) returned to AzureCaper
AzureCaper collected $17.64 from pot
AzureCaper: doesn't show hand
*** SUMMARY ***
Total pot $18 | Rake $0.36
Board [5s 6c 8d 8c]
Seat 3: rttattar (button) (small blind) folded on the Turn
Seat 4: AzureCaper (big blind) collected ($17.64)


PokerStars Hand #147685905856:  Hold'em Limit ($3/$6 USD) - 2016/01/25 20:20:35 ET
Table 'Chimay' 6-max Seat #4 is the button
Seat 3: rttattar ($11.76 in chips)
Seat 4: AzureCaper ($126.40 in chips)
AzureCaper: posts small blind $1
rttattar: posts big blind $3
*** HOLE CARDS ***
AzureCaper: raises $3 to $6
rttattar: folds
Uncalled bet ($3) returned to AzureCaper
AzureCaper collected $6 from pot
AzureCaper: doesn't show hand
*** SUMMARY ***
Total pot $6 | Rake $0
Seat 3: rttattar (big blind) folded before Flop
Seat 4: AzureCaper (button) (small blind) collected ($6)


