PokerStars Hand #163174612584:  Hold'em Limit ($3/$6 USD) - 2016/12/18 23:30:04 ET
Table 'Chimaera' 6-max Seat #4 is the button
Seat 3: BerimboloMyt ($176.63 in chips)
Seat 4: habari786 ($147.29 in chips)
habari786: posts small blind $1
BerimboloMyt: posts big blind $3
*** HOLE CARDS ***
habari786: calls $2
BerimboloMyt: checks
*** FLOP *** [2d 6d 5s]
BerimboloMyt: bets $3
habari786: folds
Uncalled bet ($3) returned to BerimboloMyt
BerimboloMyt collected $5.88 from pot
BerimboloMyt: doesn't show hand
*** SUMMARY ***
Total pot $6 | Rake $0.12
Board [2d 6d 5s]
Seat 3: BerimboloMyt (big blind) collected ($5.88)
Seat 4: habari786 (button) (small blind) folded on the Flop


PokerStars Hand #163174610294:  Hold'em Limit ($3/$6 USD) - 2016/12/18 23:29:56 ET
Table 'Chimaera' 6-max Seat #3 is the button
Seat 3: BerimboloMyt ($173.63 in chips)
Seat 4: habari786 ($150.29 in chips)
BerimboloMyt: posts small blind $1
habari786: posts big blind $3
*** HOLE CARDS ***
BerimboloMyt: raises $3 to $6
habari786: folds
Uncalled bet ($3) returned to BerimboloMyt
BerimboloMyt collected $6 from pot
BerimboloMyt: doesn't show hand
40 ft cliff leaves the table
*** SUMMARY ***
Total pot $6 | Rake $0
Seat 3: BerimboloMyt (button) (small blind) collected ($6)
Seat 4: habari786 (big blind) folded before Flop


PokerStars Hand #163174619133:  Hold'em Limit ($3/$6 USD) - 2016/12/18 23:30:28 ET
Table 'Chimaera' 6-max Seat #3 is the button
Seat 3: BerimboloMyt ($179.51 in chips)
Seat 4: habari786 ($144.29 in chips)
BerimboloMyt: posts small blind $1
habari786: posts big blind $3
*** HOLE CARDS ***
BerimboloMyt: folds
Uncalled bet ($2) returned to habari786
habari786 collected $2 from pot
habari786: doesn't show hand
*** SUMMARY ***
Total pot $2 | Rake $0
Seat 3: BerimboloMyt (button) (small blind) folded before Flop
Seat 4: habari786 (big blind) collected ($2)


PokerStars Hand #163174617720:  Hold'em Limit ($3/$6 USD) - 2016/12/18 23:30:22 ET
Table 'Chimaera' 6-max Seat #4 is the button
Seat 3: BerimboloMyt ($178.51 in chips)
Seat 4: habari786 ($145.29 in chips)
habari786: posts small blind $1
BerimboloMyt: posts big blind $3
*** HOLE CARDS ***
habari786: folds
Uncalled bet ($2) returned to BerimboloMyt
BerimboloMyt collected $2 from pot
BerimboloMyt: doesn't show hand
*** SUMMARY ***
Total pot $2 | Rake $0
Seat 3: BerimboloMyt (big blind) collected ($2)
Seat 4: habari786 (button) (small blind) folded before Flop


PokerStars Hand #163174616442:  Hold'em Limit ($3/$6 USD) - 2016/12/18 23:30:18 ET
Table 'Chimaera' 6-max Seat #3 is the button
Seat 3: BerimboloMyt ($179.51 in chips)
Seat 4: habari786 ($144.29 in chips)
BerimboloMyt: posts small blind $1
habari786: posts big blind $3
*** HOLE CARDS ***
BerimboloMyt: folds
Uncalled bet ($2) returned to habari786
habari786 collected $2 from pot
habari786: doesn't show hand
*** SUMMARY ***
Total pot $2 | Rake $0
Seat 3: BerimboloMyt (button) (small blind) folded before Flop
Seat 4: habari786 (big blind) collected ($2)


