PokerStars Hand #166156833236:  Hold'em Limit ($3/$6 USD) - 2017/02/13 13:12:01 ET
Table 'Chiny II' 6-max Seat #2 is the button
Seat 2: cola26licht ($123.83 in chips)
Seat 3: vestimokrec ($99 in chips)
cola26licht: posts small blind $1
vestimokrec: posts big blind $3
*** HOLE CARDS ***
cola26licht: folds
Uncalled bet ($2) returned to vestimokrec
vestimokrec collected $2 from pot
vestimokrec: doesn't show hand
*** SUMMARY ***
Total pot $2 | Rake $0
Seat 2: cola26licht (button) (small blind) folded before Flop
Seat 3: vestimokrec (big blind) collected ($2)


PokerStars Hand #166156780632:  Hold'em Limit ($3/$6 USD) - 2017/02/13 13:11:03 ET
Table 'Chiny II' 6-max Seat #3 is the button
Seat 2: cola26licht ($103.33 in chips)
Seat 3: vestimokrec ($120 in chips)
vestimokrec: posts small blind $1
MTails has timed out
MTails: is sitting out
cola26licht: posts big blind $3
*** HOLE CARDS ***
vestimokrec: raises $3 to $6
cola26licht: calls $3
*** FLOP *** [5h 2h 6h]
cola26licht: checks
vestimokrec: bets $3
cola26licht: calls $3
*** TURN *** [5h 2h 6h] [6s]
cola26licht: checks
vestimokrec: checks
*** RIVER *** [5h 2h 6h 6s] [8s]
cola26licht: bets $6
vestimokrec: raises $6 to $12
cola26licht: calls $6
*** SHOW DOWN ***
vestimokrec: shows [Td Qd] (a pair of Sixes)
cola26licht: shows [7s 9h] (a straight, Five to Nine)
cola26licht collected $41.50 from pot
*** SUMMARY ***
Total pot $42 | Rake $0.50
Board [5h 2h 6h 6s 8s]
Seat 2: cola26licht (big blind) showed [7s 9h] and won ($41.50) with a straight, Five to Nine
Seat 3: vestimokrec (button) (small blind) showed [Td Qd] and lost with a pair of Sixes


PokerStars Hand #166156837395:  Hold'em Limit ($3/$6 USD) - 2017/02/13 13:12:05 ET
Table 'Chiny II' 6-max Seat #3 is the button
Seat 2: cola26licht ($122.83 in chips)
Seat 3: vestimokrec ($100 in chips)
vestimokrec: posts small blind $1
cola26licht: posts big blind $3
*** HOLE CARDS ***
vestimokrec: raises $3 to $6
cola26licht: calls $3
*** FLOP *** [8h Js 5c]
cola26licht: checks
vestimokrec: checks
*** TURN *** [8h Js 5c] [Th]
cola26licht: bets $6
vestimokrec: calls $6
*** RIVER *** [8h Js 5c Th] [2d]
cola26licht: bets $6
vestimokrec: folds
Uncalled bet ($6) returned to cola26licht
cola26licht collected $23.52 from pot
cola26licht: doesn't show hand
*** SUMMARY ***
Total pot $24 | Rake $0.48
Board [8h Js 5c Th 2d]
Seat 2: cola26licht (big blind) collected ($23.52)
Seat 3: vestimokrec (button) (small blind) folded on the River


PokerStars Hand #166156881103:  Hold'em Limit ($3/$6 USD) - 2017/02/13 13:12:53 ET
Table 'Chiny II' 6-max Seat #2 is the button
Seat 2: cola26licht ($134.35 in chips)
Seat 3: vestimokrec ($88 in chips)
cola26licht: posts small blind $1
vestimokrec: posts big blind $3
*** HOLE CARDS ***
cola26licht: raises $3 to $6
vestimokrec: calls $3
*** FLOP *** [5c 4h 5s]
vestimokrec: checks
cola26licht: checks
*** TURN *** [5c 4h 5s] [9c]
vestimokrec: bets $6
cola26licht: calls $6
*** RIVER *** [5c 4h 5s 9c] [3c]
vestimokrec: bets $6
cola26licht: calls $6
*** SHOW DOWN ***
vestimokrec: shows [2d 6d] (a straight, Deuce to Six)
cola26licht: mucks hand
vestimokrec collected $35.50 from pot
*** SUMMARY ***
Total pot $36 | Rake $0.50
Board [5c 4h 5s 9c 3c]
Seat 2: cola26licht (button) (small blind) mucked
Seat 3: vestimokrec (big blind) showed [2d 6d] and won ($35.50) with a straight, Deuce to Six


PokerStars Hand #166156934759:  Hold'em Limit ($3/$6 USD) - 2017/02/13 13:13:52 ET
Table 'Chiny II' 6-max Seat #2 is the button
Seat 2: cola26licht ($101.35 in chips)
Seat 3: vestimokrec ($120 in chips)
cola26licht: posts small blind $1
vestimokrec: posts big blind $3
*** HOLE CARDS ***
cola26licht: raises $3 to $6
vestimokrec: calls $3
*** FLOP *** [9c 6c Ts]
vestimokrec: checks
cola26licht: bets $3
vestimokrec: calls $3
*** TURN *** [9c 6c Ts] [2d]
vestimokrec: checks
cola26licht: bets $6
vestimokrec: calls $6
*** RIVER *** [9c 6c Ts 2d] [2s]
vestimokrec: checks
cola26licht: bets $6
vestimokrec: calls $6
*** SHOW DOWN ***
cola26licht: shows [Kd 7c] (a pair of Deuces)
vestimokrec: shows [Qh Kh] (a pair of Deuces - King+Queen kicker)
vestimokrec collected $41.50 from pot
*** SUMMARY ***
Total pot $42 | Rake $0.50
Board [9c 6c Ts 2d 2s]
Seat 2: cola26licht (button) (small blind) showed [Kd 7c] and lost with a pair of Deuces
Seat 3: vestimokrec (big blind) showed [Qh Kh] and won ($41.50) with a pair of Deuces


PokerStars Hand #166156969320:  Hold'em Limit ($3/$6 USD) - 2017/02/13 13:14:30 ET
Table 'Chiny II' 6-max Seat #3 is the button
Seat 2: cola26licht ($80.35 in chips)
Seat 3: vestimokrec ($140.50 in chips)
vestimokrec: posts small blind $1
cola26licht: posts big blind $3
*** HOLE CARDS ***
vestimokrec: raises $3 to $6
cola26licht: calls $3
*** FLOP *** [Qs 9s Ac]
cola26licht: checks
vestimokrec: bets $3
cola26licht: calls $3
*** TURN *** [Qs 9s Ac] [9d]
cola26licht: bets $6
vestimokrec: folds
Uncalled bet ($6) returned to cola26licht
cola26licht collected $17.64 from pot
cola26licht: doesn't show hand
*** SUMMARY ***
Total pot $18 | Rake $0.36
Board [Qs 9s Ac 9d]
Seat 2: cola26licht (big blind) collected ($17.64)
Seat 3: vestimokrec (button) (small blind) folded on the Turn


PokerStars Hand #166157004031:  Hold'em Limit ($3/$6 USD) - 2017/02/13 13:15:07 ET
Table 'Chiny II' 6-max Seat #2 is the button
Seat 2: cola26licht ($88.99 in chips)
Seat 3: vestimokrec ($131.50 in chips)
cola26licht: posts small blind $1
vestimokrec: posts big blind $3
*** HOLE CARDS ***
cola26licht: raises $3 to $6
vestimokrec: calls $3
*** FLOP *** [7c Jh 9s]
vestimokrec: checks
cola26licht: bets $3
vestimokrec: calls $3
*** TURN *** [7c Jh 9s] [Kh]
vestimokrec: checks
cola26licht: bets $6
vestimokrec: calls $6
*** RIVER *** [7c Jh 9s Kh] [2s]
vestimokrec: checks
cola26licht: bets $6
vestimokrec: calls $6
*** SHOW DOWN ***
cola26licht: shows [Td Th] (a pair of Tens)
vestimokrec: mucks hand
cola26licht collected $41.50 from pot
*** SUMMARY ***
Total pot $42 | Rake $0.50
Board [7c Jh 9s Kh 2s]
Seat 2: cola26licht (button) (small blind) showed [Td Th] and won ($41.50) with a pair of Tens
Seat 3: vestimokrec (big blind) mucked


PokerStars Hand #166157047105:  Hold'em Limit ($3/$6 USD) - 2017/02/13 13:15:54 ET
Table 'Chiny II' 6-max Seat #3 is the button
Seat 2: cola26licht ($109.49 in chips)
Seat 3: vestimokrec ($110.50 in chips)
vestimokrec: posts small blind $1
cola26licht: posts big blind $3
*** HOLE CARDS ***
vestimokrec: raises $3 to $6
cola26licht: calls $3
*** FLOP *** [Ks 7c 8c]
cola26licht: bets $3
vestimokrec: calls $3
*** TURN *** [Ks 7c 8c] [Th]
cola26licht: bets $6
vestimokrec: raises $6 to $12
cola26licht: calls $6
*** RIVER *** [Ks 7c 8c Th] [Qh]
cola26licht: bets $6
vestimokrec: calls $6
*** SHOW DOWN ***
cola26licht: shows [5s 7s] (a pair of Sevens)
vestimokrec: shows [3c Kc] (a pair of Kings)
vestimokrec collected $53.50 from pot
*** SUMMARY ***
Total pot $54 | Rake $0.50
Board [Ks 7c 8c Th Qh]
Seat 2: cola26licht (big blind) showed [5s 7s] and lost with a pair of Sevens
Seat 3: vestimokrec (button) (small blind) showed [3c Kc] and won ($53.50) with a pair of Kings


PokerStars Hand #166157122421:  Hold'em Limit ($3/$6 USD) - 2017/02/13 13:17:15 ET
Table 'Chiny II' 6-max Seat #3 is the button
Seat 2: cola26licht ($105.99 in chips)
Seat 3: vestimokrec ($113 in chips)
vestimokrec: posts small blind $1
cola26licht: posts big blind $3
*** HOLE CARDS ***
vestimokrec: raises $3 to $6
cola26licht: folds
Uncalled bet ($3) returned to vestimokrec
vestimokrec collected $6 from pot
vestimokrec: doesn't show hand
*** SUMMARY ***
Total pot $6 | Rake $0
Seat 2: cola26licht (big blind) folded before Flop
Seat 3: vestimokrec (button) (small blind) collected ($6)


PokerStars Hand #166157082114:  Hold'em Limit ($3/$6 USD) - 2017/02/13 13:16:32 ET
Table 'Chiny II' 6-max Seat #2 is the button
Seat 2: cola26licht ($82.49 in chips)
Seat 3: vestimokrec ($137 in chips)
cola26licht: posts small blind $1
vestimokrec: posts big blind $3
*** HOLE CARDS ***
cola26licht: raises $3 to $6
vestimokrec: calls $3
*** FLOP *** [5d Kd 5h]
vestimokrec: checks
cola26licht: checks
*** TURN *** [5d Kd 5h] [Kc]
vestimokrec: bets $6
cola26licht: calls $6
*** RIVER *** [5d Kd 5h Kc] [Qc]
vestimokrec: bets $6
cola26licht: raises $6 to $12
vestimokrec: calls $6
*** SHOW DOWN ***
cola26licht: shows [Qh Kh] (a full house, Kings full of Queens)
vestimokrec: mucks hand
cola26licht collected $47.50 from pot
*** SUMMARY ***
Total pot $48 | Rake $0.50
Board [5d Kd 5h Kc Qc]
Seat 2: cola26licht (button) (small blind) showed [Qh Kh] and won ($47.50) with a full house, Kings full of Queens
Seat 3: vestimokrec (big blind) mucked


PokerStars Hand #166157130256:  Hold'em Limit ($3/$6 USD) - 2017/02/13 13:17:24 ET
Table 'Chiny II' 6-max Seat #2 is the button
Seat 2: cola26licht ($102.99 in chips)
Seat 3: vestimokrec ($116 in chips)
cola26licht: posts small blind $1
vestimokrec: posts big blind $3
*** HOLE CARDS ***
cola26licht: folds
Uncalled bet ($2) returned to vestimokrec
vestimokrec collected $2 from pot
vestimokrec: doesn't show hand
*** SUMMARY ***
Total pot $2 | Rake $0
Seat 2: cola26licht (button) (small blind) folded before Flop
Seat 3: vestimokrec (big blind) collected ($2)


PokerStars Hand #166157174106:  Hold'em Limit ($3/$6 USD) - 2017/02/13 13:18:11 ET
Table 'Chiny II' 6-max Seat #2 is the button
Seat 2: cola26licht ($107.75 in chips)
Seat 3: vestimokrec ($111 in chips)
cola26licht: posts small blind $1
vestimokrec: posts big blind $3
*** HOLE CARDS ***
cola26licht: calls $2
vestimokrec: checks
*** FLOP *** [4d Qs 9h]
vestimokrec: checks
cola26licht: checks
*** TURN *** [4d Qs 9h] [Td]
vestimokrec: checks
cola26licht: checks
*** RIVER *** [4d Qs 9h Td] [Jd]
vestimokrec: bets $6
cola26licht: raises $6 to $12
vestimokrec: calls $6
*** SHOW DOWN ***
cola26licht: shows [5d 7d] (a flush, Jack high)
vestimokrec: mucks hand
cola26licht collected $29.50 from pot
*** SUMMARY ***
Total pot $30 | Rake $0.50
Board [4d Qs 9h Td Jd]
Seat 2: cola26licht (button) (small blind) showed [5d 7d] and won ($29.50) with a flush, Jack high
Seat 3: vestimokrec (big blind) mucked


PokerStars Hand #166157267343:  Hold'em Limit ($3/$6 USD) - 2017/02/13 13:19:52 ET
Table 'Chiny II' 6-max Seat #3 is the button
Seat 2: cola26licht ($112.25 in chips)
Seat 3: vestimokrec ($105.64 in chips)
vestimokrec: posts small blind $1
cola26licht: posts big blind $3
*** HOLE CARDS ***
vestimokrec: folds
Uncalled bet ($2) returned to cola26licht
cola26licht collected $2 from pot
cola26licht: doesn't show hand
*** SUMMARY ***
Total pot $2 | Rake $0
Seat 2: cola26licht (big blind) collected ($2)
Seat 3: vestimokrec (button) (small blind) folded before Flop


PokerStars Hand #166157226401:  Hold'em Limit ($3/$6 USD) - 2017/02/13 13:19:08 ET
Table 'Chiny II' 6-max Seat #3 is the button
Seat 2: cola26licht ($122.25 in chips)
Seat 3: vestimokrec ($96 in chips)
vestimokrec: posts small blind $1
cola26licht: posts big blind $3
*** HOLE CARDS ***
vestimokrec: raises $3 to $6
cola26licht: calls $3
*** FLOP *** [5c Tc Kd]
cola26licht: bets $3
vestimokrec: calls $3
*** TURN *** [5c Tc Kd] [4s]
cola26licht: checks
vestimokrec: checks
*** RIVER *** [5c Tc Kd 4s] [Ks]
cola26licht: checks
vestimokrec: checks
*** SHOW DOWN ***
cola26licht: shows [Qd 7d] (a pair of Kings)
vestimokrec: shows [4h Qc] (two pair, Kings and Fours)
vestimokrec collected $17.64 from pot
*** SUMMARY ***
Total pot $18 | Rake $0.36
Board [5c Tc Kd 4s Ks]
Seat 2: cola26licht (big blind) showed [Qd 7d] and lost with a pair of Kings
Seat 3: vestimokrec (button) (small blind) showed [4h Qc] and won ($17.64) with two pair, Kings and Fours


PokerStars Hand #166157347664:  Hold'em Limit ($3/$6 USD) - 2017/02/13 13:21:18 ET
Table 'Chiny II' 6-max Seat #3 is the button
Seat 2: cola26licht ($117.75 in chips)
Seat 3: vestimokrec ($99.14 in chips)
vestimokrec: posts small blind $1
cola26licht: posts big blind $3
*** HOLE CARDS ***
vestimokrec: raises $3 to $6
cola26licht: folds
Uncalled bet ($3) returned to vestimokrec
vestimokrec collected $6 from pot
vestimokrec: doesn't show hand
*** SUMMARY ***
Total pot $6 | Rake $0
Seat 2: cola26licht (big blind) folded before Flop
Seat 3: vestimokrec (button) (small blind) collected ($6)


PokerStars Hand #166157279127:  Hold'em Limit ($3/$6 USD) - 2017/02/13 13:20:05 ET
Table 'Chiny II' 6-max Seat #3 is the button
Seat 2: cola26licht ($112.25 in chips)
Seat 3: vestimokrec ($105.64 in chips)
vestimokrec: posts small blind $1
cola26licht: posts big blind $3
*** HOLE CARDS ***
vestimokrec: raises $3 to $6
cola26licht: calls $3
*** FLOP *** [As Ac 6c]
cola26licht: checks
vestimokrec: bets $3
cola26licht: calls $3
*** TURN *** [As Ac 6c] [6h]
cola26licht: bets $6
vestimokrec: calls $6
*** RIVER *** [As Ac 6c 6h] [9d]
cola26licht: bets $6
vestimokrec: calls $6
*** SHOW DOWN ***
cola26licht: shows [Qc Ad] (a full house, Aces full of Sixes)
vestimokrec: mucks hand
cola26licht collected $41.50 from pot
*** SUMMARY ***
Total pot $42 | Rake $0.50
Board [As Ac 6c 6h 9d]
Seat 2: cola26licht (big blind) showed [Qc Ad] and won ($41.50) with a full house, Aces full of Sixes
Seat 3: vestimokrec (button) (small blind) mucked


PokerStars Hand #166157313683:  Hold'em Limit ($3/$6 USD) - 2017/02/13 13:20:42 ET
Table 'Chiny II' 6-max Seat #2 is the button
Seat 2: cola26licht ($132.75 in chips)
Seat 3: vestimokrec ($84.64 in chips)
cola26licht: posts small blind $1
vestimokrec: posts big blind $3
*** HOLE CARDS ***
cola26licht: raises $3 to $6
vestimokrec: calls $3
*** FLOP *** [3d Ac Ah]
vestimokrec: checks
cola26licht: bets $3
vestimokrec: calls $3
*** TURN *** [3d Ac Ah] [As]
vestimokrec: checks
cola26licht: bets $6
vestimokrec: calls $6
*** RIVER *** [3d Ac Ah As] [7d]
vestimokrec: checks
cola26licht: checks
*** SHOW DOWN ***
vestimokrec: shows [Qd Ks] (three of a kind, Aces)
cola26licht: mucks hand
vestimokrec collected $29.50 from pot
*** SUMMARY ***
Total pot $30 | Rake $0.50
Board [3d Ac Ah As 7d]
Seat 2: cola26licht (button) (small blind) mucked
Seat 3: vestimokrec (big blind) showed [Qd Ks] and won ($29.50) with three of a kind, Aces


PokerStars Hand #166157352029:  Hold'em Limit ($3/$6 USD) - 2017/02/13 13:21:23 ET
Table 'Chiny II' 6-max Seat #2 is the button
Seat 2: cola26licht ($114.75 in chips)
Seat 3: vestimokrec ($102.14 in chips)
cola26licht: posts small blind $1
vestimokrec: posts big blind $3
*** HOLE CARDS ***
cola26licht: raises $3 to $6
vestimokrec: calls $3
*** FLOP *** [Ks Qh Jd]
vestimokrec: checks
cola26licht: checks
*** TURN *** [Ks Qh Jd] [8h]
vestimokrec: bets $6
cola26licht: folds
Uncalled bet ($6) returned to vestimokrec
vestimokrec collected $11.76 from pot
vestimokrec: doesn't show hand
*** SUMMARY ***
Total pot $12 | Rake $0.24
Board [Ks Qh Jd 8h]
Seat 2: cola26licht (button) (small blind) folded on the Turn
Seat 3: vestimokrec (big blind) collected ($11.76)


PokerStars Hand #166157371358:  Hold'em Limit ($3/$6 USD) - 2017/02/13 13:21:43 ET
Table 'Chiny II' 6-max Seat #3 is the button
Seat 2: cola26licht ($108.75 in chips)
Seat 3: vestimokrec ($107.90 in chips)
vestimokrec: posts small blind $1
cola26licht: posts big blind $3
*** HOLE CARDS ***
vestimokrec: raises $3 to $6
cola26licht: calls $3
*** FLOP *** [Th 7h 5s]
cola26licht: checks
vestimokrec: checks
*** TURN *** [Th 7h 5s] [Tc]
cola26licht: bets $6
vestimokrec: calls $6
*** RIVER *** [Th 7h 5s Tc] [Qc]
cola26licht: checks
vestimokrec: bets $6
cola26licht: raises $6 to $12
vestimokrec: calls $6
*** SHOW DOWN ***
cola26licht: shows [8s Ts] (three of a kind, Tens)
vestimokrec: mucks hand
cola26licht collected $47.50 from pot
*** SUMMARY ***
Total pot $48 | Rake $0.50
Board [Th 7h 5s Tc Qc]
Seat 2: cola26licht (big blind) showed [8s Ts] and won ($47.50) with three of a kind, Tens
Seat 3: vestimokrec (button) (small blind) mucked


PokerStars Hand #166157423096:  Hold'em Limit ($3/$6 USD) - 2017/02/13 13:22:39 ET
Table 'Chiny II' 6-max Seat #2 is the button
Seat 2: cola26licht ($132.25 in chips)
Seat 3: vestimokrec ($83.90 in chips)
cola26licht: posts small blind $1
vestimokrec: posts big blind $3
*** HOLE CARDS ***
cola26licht: raises $3 to $6
vestimokrec: calls $3
*** FLOP *** [Tc Ks 9s]
vestimokrec: bets $3
cola26licht: raises $3 to $6
vestimokrec: calls $3
*** TURN *** [Tc Ks 9s] [Kh]
vestimokrec: checks
cola26licht: bets $6
vestimokrec: calls $6
*** RIVER *** [Tc Ks 9s Kh] [Kc]
vestimokrec: checks
cola26licht: bets $6
vestimokrec: calls $6
*** SHOW DOWN ***
cola26licht: shows [Kd Td] (four of a kind, Kings)
vestimokrec: mucks hand
cola26licht collected $47.50 from pot
*** SUMMARY ***
Total pot $48 | Rake $0.50
Board [Tc Ks 9s Kh Kc]
Seat 2: cola26licht (button) (small blind) showed [Kd Td] and won ($47.50) with four of a kind, Kings
Seat 3: vestimokrec (big blind) mucked


PokerStars Hand #166157490916:  Hold'em Limit ($3/$6 USD) - 2017/02/13 13:23:52 ET
Table 'Chiny II' 6-max Seat #2 is the button
Seat 2: cola26licht ($124.75 in chips)
Seat 3: vestimokrec ($150.50 in chips)
cola26licht: posts small blind $1
vestimokrec: posts big blind $3
*** HOLE CARDS ***
cola26licht: raises $3 to $6
vestimokrec: calls $3
*** FLOP *** [Js 2s 7d]
vestimokrec: checks
cola26licht: bets $3
vestimokrec: folds
Uncalled bet ($3) returned to cola26licht
cola26licht collected $11.76 from pot
cola26licht: doesn't show hand
*** SUMMARY ***
Total pot $12 | Rake $0.24
Board [Js 2s 7d]
Seat 2: cola26licht (button) (small blind) collected ($11.76)
Seat 3: vestimokrec (big blind) folded on the Flop


PokerStars Hand #166157507575:  Hold'em Limit ($3/$6 USD) - 2017/02/13 13:24:10 ET
Table 'Chiny II' 6-max Seat #3 is the button
Seat 2: cola26licht ($130.51 in chips)
Seat 3: vestimokrec ($144.50 in chips)
vestimokrec: posts small blind $1
cola26licht: posts big blind $3
*** HOLE CARDS ***
vestimokrec: raises $3 to $6
cola26licht: calls $3
*** FLOP *** [8d 6d 9h]
cola26licht: checks
vestimokrec: checks
*** TURN *** [8d 6d 9h] [5s]
cola26licht: checks
vestimokrec: checks
*** RIVER *** [8d 6d 9h 5s] [3h]
cola26licht: checks
vestimokrec: checks
*** SHOW DOWN ***
cola26licht: shows [2s Ad] (high card Ace)
vestimokrec: mucks hand
cola26licht collected $11.76 from pot
*** SUMMARY ***
Total pot $12 | Rake $0.24
Board [8d 6d 9h 5s 3h]
Seat 2: cola26licht (big blind) showed [2s Ad] and won ($11.76) with high card Ace
Seat 3: vestimokrec (button) (small blind) mucked


PokerStars Hand #166157455272:  Hold'em Limit ($3/$6 USD) - 2017/02/13 13:23:13 ET
Table 'Chiny II' 6-max Seat #3 is the button
Seat 2: cola26licht ($155.75 in chips)
Seat 3: vestimokrec ($120 in chips)
vestimokrec: posts small blind $1
cola26licht: posts big blind $3
*** HOLE CARDS ***
vestimokrec: raises $3 to $6
cola26licht: calls $3
*** FLOP *** [8c 2h Tc]
cola26licht: checks
vestimokrec: bets $3
cola26licht: calls $3
*** TURN *** [8c 2h Tc] [4s]
cola26licht: checks
vestimokrec: bets $6
cola26licht: raises $6 to $12
vestimokrec: calls $6
*** RIVER *** [8c 2h Tc 4s] [5c]
cola26licht: bets $6
vestimokrec: calls $6
*** SHOW DOWN ***
cola26licht: shows [8d 6h] (a pair of Eights)
vestimokrec: shows [8h Qc] (a pair of Eights - Queen kicker)
vestimokrec collected $53.50 from pot
*** SUMMARY ***
Total pot $54 | Rake $0.50
Board [8c 2h Tc 4s 5c]
Seat 2: cola26licht (big blind) showed [8d 6h] and lost with a pair of Eights
Seat 3: vestimokrec (button) (small blind) showed [8h Qc] and won ($53.50) with a pair of Eights


PokerStars Hand #166157566035:  Hold'em Limit ($3/$6 USD) - 2017/02/13 13:25:13 ET
Table 'Chiny II' 6-max Seat #2 is the button
Seat 2: cola26licht ($147.77 in chips)
Seat 3: vestimokrec ($126.26 in chips)
cola26licht: posts small blind $1
vestimokrec: posts big blind $3
*** HOLE CARDS ***
cola26licht: raises $3 to $6
vestimokrec: calls $3
*** FLOP *** [7s 3s 8d]
vestimokrec: checks
cola26licht: bets $3
vestimokrec: folds
Uncalled bet ($3) returned to cola26licht
cola26licht collected $11.76 from pot
cola26licht: doesn't show hand
*** SUMMARY ***
Total pot $12 | Rake $0.24
Board [7s 3s 8d]
Seat 2: cola26licht (button) (small blind) collected ($11.76)
Seat 3: vestimokrec (big blind) folded on the Flop


PokerStars Hand #166157549063:  Hold'em Limit ($3/$6 USD) - 2017/02/13 13:24:55 ET
Table 'Chiny II' 6-max Seat #3 is the button
Seat 2: cola26licht ($153.77 in chips)
Seat 3: vestimokrec ($120.50 in chips)
vestimokrec: posts small blind $1
cola26licht: posts big blind $3
*** HOLE CARDS ***
vestimokrec: raises $3 to $6
cola26licht: calls $3
*** FLOP *** [Tc 8c 3c]
cola26licht: checks
vestimokrec: checks
*** TURN *** [Tc 8c 3c] [6h]
cola26licht: checks
vestimokrec: bets $6
cola26licht: folds
Uncalled bet ($6) returned to vestimokrec
vestimokrec collected $11.76 from pot
vestimokrec: doesn't show hand
*** SUMMARY ***
Total pot $12 | Rake $0.24
Board [Tc 8c 3c 6h]
Seat 2: cola26licht (big blind) folded on the Turn
Seat 3: vestimokrec (button) (small blind) collected ($11.76)


PokerStars Hand #166157592667:  Hold'em Limit ($3/$6 USD) - 2017/02/13 13:25:42 ET
Table 'Chiny II' 6-max Seat #3 is the button
Seat 2: cola26licht ($149.53 in chips)
Seat 3: vestimokrec ($124.26 in chips)
vestimokrec: posts small blind $1
cola26licht: posts big blind $3
*** HOLE CARDS ***
vestimokrec: raises $3 to $6
cola26licht: raises $3 to $9
vestimokrec: calls $3
*** FLOP *** [5c 8c Kc]
cola26licht: bets $3
vestimokrec: raises $3 to $6
cola26licht: calls $3
*** TURN *** [5c 8c Kc] [4s]
cola26licht: checks
vestimokrec: checks
*** RIVER *** [5c 8c Kc 4s] [Qs]
cola26licht: checks
vestimokrec: bets $6
cola26licht: calls $6
*** SHOW DOWN ***
vestimokrec: shows [Td Qc] (a pair of Queens)
cola26licht: mucks hand
vestimokrec collected $41.50 from pot
*** SUMMARY ***
Total pot $42 | Rake $0.50
Board [5c 8c Kc 4s Qs]
Seat 2: cola26licht (big blind) mucked
Seat 3: vestimokrec (button) (small blind) showed [Td Qc] and won ($41.50) with a pair of Queens


PokerStars Hand #166157673388:  Hold'em Limit ($3/$6 USD) - 2017/02/13 13:27:07 ET
Table 'Chiny II' 6-max Seat #2 is the button
Seat 2: cola26licht ($103.53 in chips)
Seat 3: vestimokrec ($169.26 in chips)
cola26licht: posts small blind $1
vestimokrec: posts big blind $3
*** HOLE CARDS ***
cola26licht: folds
Uncalled bet ($2) returned to vestimokrec
vestimokrec collected $2 from pot
vestimokrec: doesn't show hand
*** SUMMARY ***
Total pot $2 | Rake $0
Seat 2: cola26licht (button) (small blind) folded before Flop
Seat 3: vestimokrec (big blind) collected ($2)


PokerStars Hand #166157635692:  Hold'em Limit ($3/$6 USD) - 2017/02/13 13:26:27 ET
Table 'Chiny II' 6-max Seat #3 is the button
Seat 2: cola26licht ($127.53 in chips)
Seat 3: vestimokrec ($145.76 in chips)
vestimokrec: posts small blind $1
cola26licht: posts big blind $3
*** HOLE CARDS ***
vestimokrec: raises $3 to $6
cola26licht: raises $3 to $9
vestimokrec: calls $3
*** FLOP *** [Ad 4c 2s]
cola26licht: bets $3
vestimokrec: calls $3
*** TURN *** [Ad 4c 2s] [6c]
cola26licht: bets $6
vestimokrec: raises $6 to $12
cola26licht: calls $6
*** RIVER *** [Ad 4c 2s 6c] [6d]
cola26licht: checks
vestimokrec: checks
*** SHOW DOWN ***
cola26licht: shows [Qc 9c] (a pair of Sixes)
vestimokrec: shows [Ac 2d] (two pair, Aces and Sixes)
vestimokrec collected $47.50 from pot
*** SUMMARY ***
Total pot $48 | Rake $0.50
Board [Ad 4c 2s 6c 6d]
Seat 2: cola26licht (big blind) showed [Qc 9c] and lost with a pair of Sixes
Seat 3: vestimokrec (button) (small blind) showed [Ac 2d] and won ($47.50) with two pair, Aces and Sixes


PokerStars Hand #166157678334:  Hold'em Limit ($3/$6 USD) - 2017/02/13 13:27:13 ET
Table 'Chiny II' 6-max Seat #3 is the button
Seat 2: cola26licht ($102.53 in chips)
Seat 3: vestimokrec ($170.26 in chips)
vestimokrec: posts small blind $1
cola26licht: posts big blind $3
*** HOLE CARDS ***
vestimokrec: raises $3 to $6
cola26licht: calls $3
*** FLOP *** [Ad Jc Ts]
cola26licht: checks
vestimokrec: bets $3
cola26licht: calls $3
*** TURN *** [Ad Jc Ts] [Kd]
cola26licht: checks
vestimokrec: bets $6
cola26licht: raises $6 to $12
vestimokrec: calls $6
*** RIVER *** [Ad Jc Ts Kd] [8h]
cola26licht: bets $6
vestimokrec: folds
Uncalled bet ($6) returned to cola26licht
cola26licht collected $41.50 from pot
cola26licht: doesn't show hand
*** SUMMARY ***
Total pot $42 | Rake $0.50
Board [Ad Jc Ts Kd 8h]
Seat 2: cola26licht (big blind) collected ($41.50)
Seat 3: vestimokrec (button) (small blind) folded on the River


PokerStars Hand #166157705998:  Hold'em Limit ($3/$6 USD) - 2017/02/13 13:27:42 ET
Table 'Chiny II' 6-max Seat #2 is the button
Seat 2: cola26licht ($123.03 in chips)
Seat 3: vestimokrec ($149.26 in chips)
cola26licht: posts small blind $1
vestimokrec: posts big blind $3
*** HOLE CARDS ***
cola26licht: calls $2
vestimokrec: raises $3 to $6
cola26licht: calls $3
*** FLOP *** [2s 6s Th]
vestimokrec: bets $3
cola26licht: calls $3
*** TURN *** [2s 6s Th] [Ac]
vestimokrec: bets $6
cola26licht: raises $6 to $12
vestimokrec: calls $6
*** RIVER *** [2s 6s Th Ac] [Qc]
vestimokrec: checks
cola26licht: checks
*** SHOW DOWN ***
vestimokrec: shows [Kh Jc] (a straight, Ten to Ace)
cola26licht: mucks hand
vestimokrec collected $41.50 from pot
*** SUMMARY ***
Total pot $42 | Rake $0.50
Board [2s 6s Th Ac Qc]
Seat 2: cola26licht (button) (small blind) mucked
Seat 3: vestimokrec (big blind) showed [Kh Jc] and won ($41.50) with a straight, Ten to Ace


PokerStars Hand #166157761651:  Hold'em Limit ($3/$6 USD) - 2017/02/13 13:28:42 ET
Table 'Chiny II' 6-max Seat #2 is the button
Seat 2: cola26licht ($128.53 in chips)
Seat 3: vestimokrec ($142.76 in chips)
cola26licht: posts small blind $1
vestimokrec: posts big blind $3
*** HOLE CARDS ***
cola26licht: calls $2
vestimokrec: raises $3 to $6
cola26licht: calls $3
*** FLOP *** [Ad 5h Kh]
vestimokrec: bets $3
cola26licht: raises $3 to $6
vestimokrec: calls $3
*** TURN *** [Ad 5h Kh] [9s]
vestimokrec: checks
cola26licht: checks
*** RIVER *** [Ad 5h Kh 9s] [8c]
vestimokrec: checks
cola26licht: checks
*** SHOW DOWN ***
vestimokrec: shows [Qc Kc] (a pair of Kings)
cola26licht: shows [Qh Ks] (a pair of Kings)
vestimokrec collected $11.76 from pot
cola26licht collected $11.76 from pot
*** SUMMARY ***
Total pot $24 | Rake $0.48
Board [Ad 5h Kh 9s 8c]
Seat 2: cola26licht (button) (small blind) showed [Qh Ks] and won ($11.76) with a pair of Kings
Seat 3: vestimokrec (big blind) showed [Qc Kc] and won ($11.76) with a pair of Kings


PokerStars Hand #166157742507:  Hold'em Limit ($3/$6 USD) - 2017/02/13 13:28:22 ET
Table 'Chiny II' 6-max Seat #3 is the button
Seat 2: cola26licht ($102.03 in chips)
Seat 3: vestimokrec ($169.76 in chips)
vestimokrec: posts small blind $1
cola26licht: posts big blind $3
*** HOLE CARDS ***
vestimokrec: raises $3 to $6
cola26licht: calls $3
*** FLOP *** [Tc Ah 2h]
cola26licht: checks
vestimokrec: bets $3
cola26licht: calls $3
*** TURN *** [Tc Ah 2h] [Ac]
cola26licht: checks
vestimokrec: bets $6
cola26licht: raises $6 to $12
vestimokrec: calls $6
*** RIVER *** [Tc Ah 2h Ac] [5c]
fire852181 joins the table at seat #1
cola26licht: bets $6
vestimokrec: calls $6
*** SHOW DOWN ***
cola26licht: shows [As Js] (three of a kind, Aces)
vestimokrec: mucks hand
cola26licht collected $53.50 from pot
*** SUMMARY ***
Total pot $54 | Rake $0.50
Board [Tc Ah 2h Ac 5c]
Seat 2: cola26licht (big blind) showed [As Js] and won ($53.50) with three of a kind, Aces
Seat 3: vestimokrec (button) (small blind) mucked


PokerStars Hand #166161580002:  Hold'em Limit ($3/$6 USD) - 2017/02/13 14:35:37 ET
Table 'Chiny II' 6-max Seat #3 is the button
Seat 1: fire852181 ($198.37 in chips)
Seat 3: vestimokrec ($84.56 in chips)
vestimokrec: posts small blind $1
Koraseg: is sitting out
TinaTurner72: is sitting out
fire852181: posts big blind $3
*** HOLE CARDS ***
Koraseg leaves the table
TinaTurner72 leaves the table
vestimokrec: raises $3 to $6
fire852181: folds
Uncalled bet ($3) returned to vestimokrec
vestimokrec collected $6 from pot
vestimokrec: doesn't show hand
*** SUMMARY ***
Total pot $6 | Rake $0
Seat 1: fire852181 (big blind) folded before Flop
Seat 3: vestimokrec (button) (small blind) collected ($6)


PokerStars Hand #166161592521:  Hold'em Limit ($3/$6 USD) - 2017/02/13 14:35:49 ET
Table 'Chiny II' 6-max Seat #1 is the button
Seat 1: fire852181 ($195.37 in chips)
Seat 3: vestimokrec ($87.56 in chips)
fire852181: posts small blind $1
vestimokrec: posts big blind $3
*** HOLE CARDS ***
fire852181: raises $3 to $6
vestimokrec: folds
Uncalled bet ($3) returned to fire852181
fire852181 collected $6 from pot
fire852181: doesn't show hand
*** SUMMARY ***
Total pot $6 | Rake $0
Seat 1: fire852181 (button) (small blind) collected ($6)
Seat 3: vestimokrec (big blind) folded before Flop


PokerStars Hand #166161603255:  Hold'em Limit ($3/$6 USD) - 2017/02/13 14:36:00 ET
Table 'Chiny II' 6-max Seat #3 is the button
Seat 1: fire852181 ($198.37 in chips)
Seat 3: vestimokrec ($84.56 in chips)
vestimokrec: posts small blind $1
fire852181: posts big blind $3
*** HOLE CARDS ***
vestimokrec: raises $3 to $6
fire852181: calls $3
*** FLOP *** [7s 9h Qd]
fire852181: checks
vestimokrec: bets $3
fire852181: calls $3
*** TURN *** [7s 9h Qd] [3d]
fire852181: checks
vestimokrec: bets $6
fire852181: folds
Uncalled bet ($6) returned to vestimokrec
vestimokrec collected $17.64 from pot
vestimokrec: doesn't show hand
*** SUMMARY ***
Total pot $18 | Rake $0.36
Board [7s 9h Qd 3d]
Seat 1: fire852181 (big blind) folded on the Turn
Seat 3: vestimokrec (button) (small blind) collected ($17.64)


PokerStars Hand #166161636039:  Hold'em Limit ($3/$6 USD) - 2017/02/13 14:36:34 ET
Table 'Chiny II' 6-max Seat #1 is the button
Seat 1: fire852181 ($189.37 in chips)
Seat 3: vestimokrec ($93.20 in chips)
fire852181: posts small blind $1
vestimokrec: posts big blind $3
*** HOLE CARDS ***
fire852181: raises $3 to $6
vestimokrec: calls $3
*** FLOP *** [Ah 7c Tc]
vestimokrec: checks
fire852181: bets $3
vestimokrec: folds
Uncalled bet ($3) returned to fire852181
fire852181 collected $11.76 from pot
fire852181: doesn't show hand
*** SUMMARY ***
Total pot $12 | Rake $0.24
Board [Ah 7c Tc]
Seat 1: fire852181 (button) (small blind) collected ($11.76)
Seat 3: vestimokrec (big blind) folded on the Flop


PokerStars Hand #166161683229:  Hold'em Limit ($3/$6 USD) - 2017/02/13 14:37:22 ET
Table 'Chiny II' 6-max Seat #3 is the button
Seat 1: fire852181 ($195.13 in chips)
Seat 3: vestimokrec ($87.20 in chips)
vestimokrec: posts small blind $1
fire852181: posts big blind $3
*** HOLE CARDS ***
vestimokrec: raises $3 to $6
fire852181: folds
Uncalled bet ($3) returned to vestimokrec
vestimokrec collected $6 from pot
vestimokrec: doesn't show hand
*** SUMMARY ***
Total pot $6 | Rake $0
Seat 1: fire852181 (big blind) folded before Flop
Seat 3: vestimokrec (button) (small blind) collected ($6)


PokerStars Hand #166161692233:  Hold'em Limit ($3/$6 USD) - 2017/02/13 14:37:31 ET
Table 'Chiny II' 6-max Seat #1 is the button
Seat 1: fire852181 ($192.13 in chips)
Seat 3: vestimokrec ($90.20 in chips)
fire852181: posts small blind $1
vestimokrec: posts big blind $3
*** HOLE CARDS ***
ashtar 516 joins the table at seat #6
TinaTurner72 joins the table at seat #2
fire852181: raises $3 to $6
vestimokrec: raises $3 to $9
fire852181: calls $3
*** FLOP *** [9c 2s 4c]
vestimokrec: bets $3
fire852181: raises $3 to $6
vestimokrec: calls $3
*** TURN *** [9c 2s 4c] [Jh]
vestimokrec: checks
fire852181: bets $6
vestimokrec: raises $6 to $12
fire852181: raises $6 to $18
vestimokrec: calls $6
*** RIVER *** [9c 2s 4c Jh] [8s]
vestimokrec: checks
fire852181: bets $6
vestimokrec: calls $6
*** SHOW DOWN ***
fire852181: shows [2c 2h] (three of a kind, Deuces)
vestimokrec: mucks hand
fire852181 collected $77.50 from pot
*** SUMMARY ***
Total pot $78 | Rake $0.50
Board [9c 2s 4c Jh 8s]
Seat 1: fire852181 (button) (small blind) showed [2c 2h] and won ($77.50) with three of a kind, Deuces
Seat 3: vestimokrec (big blind) mucked


PokerStars Hand #166168355114:  Hold'em Limit ($3/$6 USD) - 2017/02/13 16:30:11 ET
Table 'Chiny II' 6-max Seat #3 is the button
Seat 3: nineflower ($72.47 in chips)
Seat 4: Krazy90 ($240.95 in chips)
hairy1961 will be allowed to play after the button
nineflower: posts small blind $1
Krazy90: posts big blind $3
*** HOLE CARDS ***
nineflower: folds
Uncalled bet ($2) returned to Krazy90
Krazy90 collected $2 from pot
Krazy90: doesn't show hand
*** SUMMARY ***
Total pot $2 | Rake $0
Seat 3: nineflower (button) (small blind) folded before Flop
Seat 4: Krazy90 (big blind) collected ($2)


PokerStars Hand #166172295386:  Hold'em Limit ($3/$6 USD) - 2017/02/13 17:40:49 ET
Table 'Chiny II' 6-max Seat #6 is the button
Seat 5: redPOKERman1 ($158.25 in chips)
Seat 6: ABATAPP ($267.79 in chips)
ABATAPP: posts small blind $1
markusfriebe: is sitting out
redPOKERman1: posts big blind $3
*** HOLE CARDS ***
ABATAPP: raises $3 to $6
redPOKERman1: folds
Uncalled bet ($3) returned to ABATAPP
ABATAPP collected $6 from pot
markusfriebe leaves the table
ABATAPP: doesn't show hand
*** SUMMARY ***
Total pot $6 | Rake $0
Seat 5: redPOKERman1 (big blind) folded before Flop
Seat 6: ABATAPP (button) (small blind) collected ($6)


PokerStars Hand #166172332684:  Hold'em Limit ($3/$6 USD) - 2017/02/13 17:41:32 ET
Table 'Chiny II' 6-max Seat #6 is the button
Seat 5: redPOKERman1 ($170.65 in chips)
Seat 6: ABATAPP ($254.79 in chips)
ABATAPP: posts small blind $1
redPOKERman1: posts big blind $3
*** HOLE CARDS ***
ABATAPP: raises $3 to $6
redPOKERman1: calls $3
*** FLOP *** [Qc 6h 8h]
redPOKERman1: checks
ABATAPP: bets $3
redPOKERman1: raises $3 to $6
ABATAPP: raises $3 to $9
redPOKERman1: calls $3
*** TURN *** [Qc 6h 8h] [Th]
redPOKERman1: checks
ABATAPP: checks
*** RIVER *** [Qc 6h 8h Th] [7s]
redPOKERman1: bets $6
ABATAPP: folds
Uncalled bet ($6) returned to redPOKERman1
redPOKERman1 collected $29.50 from pot
redPOKERman1: doesn't show hand
*** SUMMARY ***
Total pot $30 | Rake $0.50
Board [Qc 6h 8h Th 7s]
Seat 5: redPOKERman1 (big blind) collected ($29.50)
Seat 6: ABATAPP (button) (small blind) folded on the River


PokerStars Hand #166172315156:  Hold'em Limit ($3/$6 USD) - 2017/02/13 17:41:12 ET
Table 'Chiny II' 6-max Seat #6 is the button
Seat 5: redPOKERman1 ($161.01 in chips)
Seat 6: ABATAPP ($264.79 in chips)
ABATAPP: posts small blind $1
redPOKERman1: posts big blind $3
*** HOLE CARDS ***
ABATAPP: folds
Uncalled bet ($2) returned to redPOKERman1
redPOKERman1 collected $2 from pot
redPOKERman1: doesn't show hand
*** SUMMARY ***
Total pot $2 | Rake $0
Seat 5: redPOKERman1 (big blind) collected ($2)
Seat 6: ABATAPP (button) (small blind) folded before Flop


PokerStars Hand #166172301368:  Hold'em Limit ($3/$6 USD) - 2017/02/13 17:40:56 ET
Table 'Chiny II' 6-max Seat #5 is the button
Seat 5: redPOKERman1 ($155.25 in chips)
Seat 6: ABATAPP ($270.79 in chips)
DePokeraap leaves the table
redPOKERman1: posts small blind $1
ABATAPP: posts big blind $3
*** HOLE CARDS ***
redPOKERman1: calls $2
ABATAPP: checks
*** FLOP *** [9c 5d 2s]
ABATAPP: bets $3
redPOKERman1: raises $3 to $6
ABATAPP: folds
Uncalled bet ($3) returned to redPOKERman1
redPOKERman1 collected $11.76 from pot
redPOKERman1: doesn't show hand
*** SUMMARY ***
Total pot $12 | Rake $0.24
Board [9c 5d 2s]
Seat 5: redPOKERman1 (button) (small blind) collected ($11.76)
Seat 6: ABATAPP (big blind) folded on the Flop


PokerStars Hand #166172319339:  Hold'em Limit ($3/$6 USD) - 2017/02/13 17:41:17 ET
Table 'Chiny II' 6-max Seat #5 is the button
Seat 5: redPOKERman1 ($162.01 in chips)
Seat 6: ABATAPP ($263.79 in chips)
redPOKERman1: posts small blind $1
ABATAPP: posts big blind $3
*** HOLE CARDS ***
redPOKERman1: calls $2
ABATAPP: checks
*** FLOP *** [8h Qd Ts]
ABATAPP: checks
redPOKERman1: checks
*** TURN *** [8h Qd Ts] [2c]
ABATAPP: bets $6
redPOKERman1: raises $6 to $12
ABATAPP: folds
Uncalled bet ($6) returned to redPOKERman1
redPOKERman1 collected $17.64 from pot
redPOKERman1: doesn't show hand
*** SUMMARY ***
Total pot $18 | Rake $0.36
Board [8h Qd Ts 2c]
Seat 5: redPOKERman1 (button) (small blind) collected ($17.64)
Seat 6: ABATAPP (big blind) folded on the Turn


