PokerStars Hand #161878396133:  Hold'em Limit ($3/$6 USD) - 2016/11/24 5:07:16 ET
Table 'China II' 6-max Seat #3 is the button
Seat 3: Pipimoni ($104.07 in chips)
Seat 4: TinaTurner72 ($120 in chips)
Pipimoni: posts small blind $1
TinaTurner72: posts big blind $3
*** HOLE CARDS ***
Pipimoni: raises $3 to $6
TinaTurner72: folds
Uncalled bet ($3) returned to Pipimoni
Pipimoni collected $6 from pot
*** SUMMARY ***
Total pot $6 | Rake $0
Seat 3: Pipimoni (button) (small blind) collected ($6)
Seat 4: TinaTurner72 (big blind) folded before Flop


PokerStars Hand #161878413751:  Hold'em Limit ($3/$6 USD) - 2016/11/24 5:07:58 ET
Table 'China II' 6-max Seat #3 is the button
Seat 3: Pipimoni ($108.07 in chips)
Seat 4: TinaTurner72 ($116 in chips)
Pipimoni: posts small blind $1
TinaTurner72: posts big blind $3
*** HOLE CARDS ***
Pipimoni: raises $3 to $6
TinaTurner72: calls $3
*** FLOP *** [Jc Ks Kd]
TinaTurner72: checks
assitoni leaves the table
Pipimoni: bets $3
TinaTurner72: folds
Uncalled bet ($3) returned to Pipimoni
Pipimoni collected $11.76 from pot
*** SUMMARY ***
Total pot $12 | Rake $0.24
Board [Jc Ks Kd]
Seat 3: Pipimoni (button) (small blind) collected ($11.76)
Seat 4: TinaTurner72 (big blind) folded on the Flop


PokerStars Hand #161878404723:  Hold'em Limit ($3/$6 USD) - 2016/11/24 5:07:36 ET
Table 'China II' 6-max Seat #4 is the button
Seat 3: Pipimoni ($107.07 in chips)
Seat 4: TinaTurner72 ($117 in chips)
TinaTurner72: posts small blind $1
Pipimoni: posts big blind $3
*** HOLE CARDS ***
TinaTurner72: folds
Uncalled bet ($2) returned to Pipimoni
Pipimoni collected $2 from pot
*** SUMMARY ***
Total pot $2 | Rake $0
Seat 3: Pipimoni (big blind) collected ($2)
Seat 4: TinaTurner72 (button) (small blind) folded before Flop


PokerStars Hand #161878436564:  Hold'em Limit ($3/$6 USD) - 2016/11/24 5:08:54 ET
Table 'China II' 6-max Seat #3 is the button
Seat 3: Pipimoni ($86.83 in chips)
Seat 4: TinaTurner72 ($136.50 in chips)
Pipimoni: posts small blind $1
TinaTurner72: posts big blind $3
*** HOLE CARDS ***
Pipimoni: raises $3 to $6
TinaTurner72: calls $3
*** FLOP *** [Tc 3s 8s]
TinaTurner72: checks
Pipimoni: bets $3
TinaTurner72: raises $3 to $6
Pipimoni: calls $3
*** TURN *** [Tc 3s 8s] [Qc]
TinaTurner72: bets $6
Pipimoni: calls $6
*** RIVER *** [Tc 3s 8s Qc] [7h]
TinaTurner72: bets $6
Pipimoni: calls $6
*** SHOW DOWN ***
TinaTurner72: shows [Th 7c] (two pair, Tens and Sevens)
Pipimoni: mucks hand
TinaTurner72 collected $47.50 from pot
*** SUMMARY ***
Total pot $48 | Rake $0.50
Board [Tc 3s 8s Qc 7h]
Seat 3: Pipimoni (button) (small blind) mucked
Seat 4: TinaTurner72 (big blind) showed [Th 7c] and won ($47.50) with two pair, Tens and Sevens


PokerStars Hand #161878421173:  Hold'em Limit ($3/$6 USD) - 2016/11/24 5:08:17 ET
Table 'China II' 6-max Seat #4 is the button
Seat 3: Pipimoni ($113.83 in chips)
Seat 4: TinaTurner72 ($110 in chips)
TinaTurner72: posts small blind $1
Pipimoni: posts big blind $3
*** HOLE CARDS ***
TinaTurner72: raises $3 to $6
Pipimoni: calls $3
*** FLOP *** [Jd 4h 3h]
Pipimoni: checks
TinaTurner72: bets $3
Pipimoni: calls $3
*** TURN *** [Jd 4h 3h] [9h]
Pipimoni: checks
TinaTurner72: bets $6
Pipimoni: calls $6
*** RIVER *** [Jd 4h 3h 9h] [8c]
Pipimoni: bets $6
TinaTurner72: raises $6 to $12
Pipimoni: calls $6
*** SHOW DOWN ***
TinaTurner72: shows [2h 7h] (a flush, Nine high)
Pipimoni: mucks hand
TinaTurner72 collected $53.50 from pot
*** SUMMARY ***
Total pot $54 | Rake $0.50
Board [Jd 4h 3h 9h 8c]
Seat 3: Pipimoni (big blind) mucked
Seat 4: TinaTurner72 (button) (small blind) showed [2h 7h] and won ($53.50) with a flush, Nine high


PokerStars Hand #161878454234:  Hold'em Limit ($3/$6 USD) - 2016/11/24 5:09:37 ET
Table 'China II' 6-max Seat #4 is the button
Seat 3: Pipimoni ($62.83 in chips)
Seat 4: TinaTurner72 ($160 in chips)
TinaTurner72: posts small blind $1
Pipimoni: posts big blind $3
*** HOLE CARDS ***
TinaTurner72: raises $3 to $6
Pipimoni: calls $3
*** FLOP *** [Js 3s Ad]
Pipimoni: checks
TinaTurner72: bets $3
Pipimoni: folds
Uncalled bet ($3) returned to TinaTurner72
TinaTurner72 collected $11.76 from pot
TinaTurner72: doesn't show hand
*** SUMMARY ***
Total pot $12 | Rake $0.24
Board [Js 3s Ad]
Seat 3: Pipimoni (big blind) folded on the Flop
Seat 4: TinaTurner72 (button) (small blind) collected ($11.76)


PokerStars Hand #161878459385:  Hold'em Limit ($3/$6 USD) - 2016/11/24 5:09:50 ET
Table 'China II' 6-max Seat #3 is the button
Seat 3: Pipimoni ($56.83 in chips)
Seat 4: TinaTurner72 ($165.76 in chips)
Pipimoni: posts small blind $1
TinaTurner72: posts big blind $3
*** HOLE CARDS ***
Pipimoni: raises $3 to $6
TinaTurner72: calls $3
*** FLOP *** [6h Kh Tc]
TinaTurner72: checks
Pipimoni: bets $3
TinaTurner72: calls $3
*** TURN *** [6h Kh Tc] [5c]
TinaTurner72: checks
Pipimoni: bets $6
TinaTurner72: calls $6
*** RIVER *** [6h Kh Tc 5c] [7h]
TinaTurner72: checks
Pipimoni: checks
*** SHOW DOWN ***
TinaTurner72: shows [Ac 5d] (a pair of Fives)
Pipimoni: mucks hand
TinaTurner72 collected $29.50 from pot
*** SUMMARY ***
Total pot $30 | Rake $0.50
Board [6h Kh Tc 5c 7h]
Seat 3: Pipimoni (button) (small blind) mucked
Seat 4: TinaTurner72 (big blind) showed [Ac 5d] and won ($29.50) with a pair of Fives


PokerStars Hand #161878470203:  Hold'em Limit ($3/$6 USD) - 2016/11/24 5:10:16 ET
Table 'China II' 6-max Seat #4 is the button
Seat 3: Pipimoni ($41.83 in chips)
Seat 4: TinaTurner72 ($180.26 in chips)
TinaTurner72: posts small blind $1
Pipimoni: posts big blind $3
*** HOLE CARDS ***
TinaTurner72: raises $3 to $6
Pipimoni: raises $3 to $9
TinaTurner72: calls $3
*** FLOP *** [4h 5c Kh]
Pipimoni: bets $3
TinaTurner72: calls $3
*** TURN *** [4h 5c Kh] [Tc]
Pipimoni: bets $6
TinaTurner72: calls $6
*** RIVER *** [4h 5c Kh Tc] [Qs]
Pipimoni: bets $6
TinaTurner72: calls $6
*** SHOW DOWN ***
Pipimoni: shows [3d Ad] (high card Ace)
TinaTurner72: shows [Ah 9d] (high card Ace - King+Queen+Ten+Nine kicker)
TinaTurner72 collected $47.50 from pot
*** SUMMARY ***
Total pot $48 | Rake $0.50
Board [4h 5c Kh Tc Qs]
Seat 3: Pipimoni (big blind) showed [3d Ad] and lost with high card Ace
Seat 4: TinaTurner72 (button) (small blind) showed [Ah 9d] and won ($47.50) with high card Ace


PokerStars Hand #161878496187:  Hold'em Limit ($3/$6 USD) - 2016/11/24 5:11:18 ET
Table 'China II' 6-max Seat #3 is the button
Seat 3: Pipimoni ($4.83 in chips)
Seat 4: TinaTurner72 ($216.16 in chips)
Pipimoni: posts small blind $1
TinaTurner72: posts big blind $3
*** HOLE CARDS ***
Pipimoni: folds
Uncalled bet ($2) returned to TinaTurner72
TinaTurner72 collected $2 from pot
TinaTurner72: doesn't show hand
*** SUMMARY ***
Total pot $2 | Rake $0
Seat 3: Pipimoni (button) (small blind) folded before Flop
Seat 4: TinaTurner72 (big blind) collected ($2)


PokerStars Hand #161878498270:  Hold'em Limit ($3/$6 USD) - 2016/11/24 5:11:23 ET
Table 'China II' 6-max Seat #4 is the button
Seat 3: Pipimoni ($3.83 in chips)
Seat 4: TinaTurner72 ($217.16 in chips)
TinaTurner72: posts small blind $1
Pipimoni: posts big blind $3
*** HOLE CARDS ***
TinaTurner72: raises $3 to $6
Pipimoni: calls $0.83 and is all-in
Uncalled bet ($2.17) returned to TinaTurner72
*** FLOP *** [Ah 4d 8d]
*** TURN *** [Ah 4d 8d] [Ks]
*** RIVER *** [Ah 4d 8d Ks] [6d]
*** SHOW DOWN ***
Pipimoni: shows [3h 5s] (high card Ace)
TinaTurner72: shows [3d 7h] (high card Ace - King+Eight+Seven kicker)
TinaTurner72 collected $7.51 from pot
*** SUMMARY ***
Total pot $7.66 | Rake $0.15
Board [Ah 4d 8d Ks 6d]
Seat 3: Pipimoni (big blind) showed [3h 5s] and lost with high card Ace
Seat 4: TinaTurner72 (button) (small blind) showed [3d 7h] and won ($7.51) with high card Ace


PokerStars Hand #161878491114:  Hold'em Limit ($3/$6 USD) - 2016/11/24 5:11:06 ET
Table 'China II' 6-max Seat #4 is the button
Seat 3: Pipimoni ($13.83 in chips)
Seat 4: TinaTurner72 ($207.52 in chips)
TinaTurner72: posts small blind $1
Pipimoni: posts big blind $3
*** HOLE CARDS ***
TinaTurner72: raises $3 to $6
Pipimoni: calls $3
*** FLOP *** [2s Kc 9d]
Pipimoni: bets $3
TinaTurner72: raises $3 to $6
Pipimoni: folds
Uncalled bet ($3) returned to TinaTurner72
TinaTurner72 collected $17.64 from pot
TinaTurner72: doesn't show hand
*** SUMMARY ***
Total pot $18 | Rake $0.36
Board [2s Kc 9d]
Seat 3: Pipimoni (big blind) folded on the Flop
Seat 4: TinaTurner72 (button) (small blind) collected ($17.64)


PokerStars Hand #161878488914:  Hold'em Limit ($3/$6 USD) - 2016/11/24 5:11:01 ET
Table 'China II' 6-max Seat #3 is the button
Seat 3: Pipimoni ($14.83 in chips)
Seat 4: TinaTurner72 ($206.52 in chips)
Pipimoni: posts small blind $1
TinaTurner72: posts big blind $3
*** HOLE CARDS ***
Pipimoni: folds
Uncalled bet ($2) returned to TinaTurner72
TinaTurner72 collected $2 from pot
TinaTurner72: doesn't show hand
*** SUMMARY ***
Total pot $2 | Rake $0
Seat 3: Pipimoni (button) (small blind) folded before Flop
Seat 4: TinaTurner72 (big blind) collected ($2)


PokerStars Hand #161878482432:  Hold'em Limit ($3/$6 USD) - 2016/11/24 5:10:45 ET
Table 'China II' 6-max Seat #4 is the button
Seat 3: Pipimoni ($20.83 in chips)
Seat 4: TinaTurner72 ($200.76 in chips)
TinaTurner72: posts small blind $1
Pipimoni: posts big blind $3
*** HOLE CARDS ***
TinaTurner72: raises $3 to $6
Pipimoni: calls $3
*** FLOP *** [Qc 7s 7c]
Pipimoni: checks
TinaTurner72: bets $3
Pipimoni: folds
Uncalled bet ($3) returned to TinaTurner72
TinaTurner72 collected $11.76 from pot
TinaTurner72: doesn't show hand
*** SUMMARY ***
Total pot $12 | Rake $0.24
Board [Qc 7s 7c]
Seat 3: Pipimoni (big blind) folded on the Flop
Seat 4: TinaTurner72 (button) (small blind) collected ($11.76)


PokerStars Hand #161878479859:  Hold'em Limit ($3/$6 USD) - 2016/11/24 5:10:39 ET
Table 'China II' 6-max Seat #3 is the button
Seat 3: Pipimoni ($17.83 in chips)
Seat 4: TinaTurner72 ($203.76 in chips)
Pipimoni: posts small blind $1
TinaTurner72: posts big blind $3
*** HOLE CARDS ***
Pipimoni: raises $3 to $6
TinaTurner72: folds
Uncalled bet ($3) returned to Pipimoni
Pipimoni collected $6 from pot
*** SUMMARY ***
Total pot $6 | Rake $0
Seat 3: Pipimoni (button) (small blind) collected ($6)
Seat 4: TinaTurner72 (big blind) folded before Flop


PokerStars Hand #161878562292:  Hold'em Limit ($3/$6 USD) - 2016/11/24 5:13:58 ET
Table 'China II' 6-max Seat #6 is the button
Seat 4: TinaTurner72 ($220.84 in chips)
Seat 6: prallimall ($37.11 in chips)
prallimall: posts small blind $1
TinaTurner72: posts big blind $3
*** HOLE CARDS ***
prallimall: raises $3 to $6
TinaTurner72: calls $3
*** FLOP *** [Js Th 3c]
TinaTurner72: checks
prallimall: bets $3
TinaTurner72: raises $3 to $6
prallimall: folds
Uncalled bet ($3) returned to TinaTurner72
TinaTurner72 collected $17.64 from pot
TinaTurner72: doesn't show hand
*** SUMMARY ***
Total pot $18 | Rake $0.36
Board [Js Th 3c]
Seat 4: TinaTurner72 (big blind) collected ($17.64)
Seat 6: prallimall (button) (small blind) folded on the Flop


PokerStars Hand #161878588776:  Hold'em Limit ($3/$6 USD) - 2016/11/24 5:15:02 ET
Table 'China II' 6-max Seat #6 is the button
Seat 4: TinaTurner72 ($244.87 in chips)
Seat 6: prallimall ($11.98 in chips)
prallimall: posts small blind $1
TinaTurner72: posts big blind $3
*** HOLE CARDS ***
prallimall: folds
Uncalled bet ($2) returned to TinaTurner72
TinaTurner72 collected $2 from pot
*** SUMMARY ***
Total pot $2 | Rake $0
Seat 4: TinaTurner72 (big blind) collected ($2)
Seat 6: prallimall (button) (small blind) folded before Flop


PokerStars Hand #161878582805:  Hold'em Limit ($3/$6 USD) - 2016/11/24 5:14:47 ET
Table 'China II' 6-max Seat #4 is the button
Seat 4: TinaTurner72 ($250.98 in chips)
Seat 6: prallimall ($6.11 in chips)
TinaTurner72: posts small blind $1
prallimall: posts big blind $3
*** HOLE CARDS ***
TinaTurner72: raises $3 to $6
prallimall: raises $0.11 to $6.11 and is all-in
TinaTurner72: calls $0.11
*** FLOP *** [7h 3h 7d]
*** TURN *** [7h 3h 7d] [Qh]
*** RIVER *** [7h 3h 7d Qh] [As]
*** SHOW DOWN ***
prallimall: shows [8c 7c] (three of a kind, Sevens)
TinaTurner72: shows [6s 2s] (a pair of Sevens)
prallimall collected $11.98 from pot
*** SUMMARY ***
Total pot $12.22 | Rake $0.24
Board [7h 3h 7d Qh As]
Seat 4: TinaTurner72 (button) (small blind) showed [6s 2s] and lost with a pair of Sevens
Seat 6: prallimall (big blind) showed [8c 7c] and won ($11.98) with three of a kind, Sevens


PokerStars Hand #161878590825:  Hold'em Limit ($3/$6 USD) - 2016/11/24 5:15:07 ET
Table 'China II' 6-max Seat #4 is the button
Seat 4: TinaTurner72 ($245.87 in chips)
Seat 6: prallimall ($10.98 in chips)
TinaTurner72: posts small blind $1
prallimall: posts big blind $3
*** HOLE CARDS ***
TinaTurner72: raises $3 to $6
prallimall: raises $3 to $9
TinaTurner72: calls $3
*** FLOP *** [Jh 2d 8c]
prallimall: bets $1.98 and is all-in
TinaTurner72: calls $1.98
*** TURN *** [Jh 2d 8c] [3s]
*** RIVER *** [Jh 2d 8c 3s] [3h]
*** SHOW DOWN ***
prallimall: shows [As Qs] (a pair of Threes)
TinaTurner72: shows [6d 5s] (a pair of Threes - lower kicker)
prallimall collected $21.52 from pot
*** SUMMARY ***
Total pot $21.96 | Rake $0.44
Board [Jh 2d 8c 3s 3h]
Seat 4: TinaTurner72 (button) (small blind) showed [6d 5s] and lost with a pair of Threes
Seat 6: prallimall (big blind) showed [As Qs] and won ($21.52) with a pair of Threes


PokerStars Hand #161878580926:  Hold'em Limit ($3/$6 USD) - 2016/11/24 5:14:43 ET
Table 'China II' 6-max Seat #6 is the button
Seat 4: TinaTurner72 ($249.98 in chips)
Seat 6: prallimall ($7.11 in chips)
prallimall: posts small blind $1
TinaTurner72: posts big blind $3
*** HOLE CARDS ***
prallimall: folds
Uncalled bet ($2) returned to TinaTurner72
TinaTurner72 collected $2 from pot
TinaTurner72: doesn't show hand
*** SUMMARY ***
Total pot $2 | Rake $0
Seat 4: TinaTurner72 (big blind) collected ($2)
Seat 6: prallimall (button) (small blind) folded before Flop


PokerStars Hand #161878569537:  Hold'em Limit ($3/$6 USD) - 2016/11/24 5:14:15 ET
Table 'China II' 6-max Seat #4 is the button
Seat 4: TinaTurner72 ($229.48 in chips)
Seat 6: prallimall ($28.11 in chips)
TinaTurner72: posts small blind $1
prallimall: posts big blind $3
*** HOLE CARDS ***
TinaTurner72: raises $3 to $6
prallimall: calls $3
*** FLOP *** [2h Jh 4h]
prallimall: checks
TinaTurner72: bets $3
prallimall: calls $3
*** TURN *** [2h Jh 4h] [8c]
prallimall: bets $6
TinaTurner72: calls $6
*** RIVER *** [2h Jh 4h 8c] [Js]
prallimall: bets $6
TinaTurner72: calls $6
*** SHOW DOWN ***
prallimall: shows [3d Th] (a pair of Jacks)
TinaTurner72: shows [2d Ah] (two pair, Jacks and Deuces)
TinaTurner72 collected $41.50 from pot
*** SUMMARY ***
Total pot $42 | Rake $0.50
Board [2h Jh 4h 8c Js]
Seat 4: TinaTurner72 (button) (small blind) showed [2d Ah] and won ($41.50) with two pair, Jacks and Deuces
Seat 6: prallimall (big blind) showed [3d Th] and lost with a pair of Jacks


PokerStars Hand #161878599433:  Hold'em Limit ($3/$6 USD) - 2016/11/24 5:15:27 ET
Table 'China II' 6-max Seat #6 is the button
Seat 4: TinaTurner72 ($234.89 in chips)
Seat 6: prallimall ($21.52 in chips)
prallimall: posts small blind $1
TinaTurner72: posts big blind $3
*** HOLE CARDS ***
prallimall: folds
Uncalled bet ($2) returned to TinaTurner72
TinaTurner72 collected $2 from pot
TinaTurner72: doesn't show hand
*** SUMMARY ***
Total pot $2 | Rake $0
Seat 4: TinaTurner72 (big blind) collected ($2)
Seat 6: prallimall (button) (small blind) folded before Flop


PokerStars Hand #161878609655:  Hold'em Limit ($3/$6 USD) - 2016/11/24 5:15:51 ET
Table 'China II' 6-max Seat #6 is the button
Seat 4: TinaTurner72 ($215.37 in chips)
Seat 6: prallimall ($40.54 in chips)
prallimall: posts small blind $1
TinaTurner72: posts big blind $3
*** HOLE CARDS ***
prallimall: folds
Uncalled bet ($2) returned to TinaTurner72
TinaTurner72 collected $2 from pot
TinaTurner72: doesn't show hand
*** SUMMARY ***
Total pot $2 | Rake $0
Seat 4: TinaTurner72 (big blind) collected ($2)
Seat 6: prallimall (button) (small blind) folded before Flop


PokerStars Hand #161878601341:  Hold'em Limit ($3/$6 USD) - 2016/11/24 5:15:32 ET
Table 'China II' 6-max Seat #4 is the button
Seat 4: TinaTurner72 ($235.89 in chips)
Seat 6: prallimall ($20.52 in chips)
TinaTurner72: posts small blind $1
prallimall: posts big blind $3
*** HOLE CARDS ***
TinaTurner72: raises $3 to $6
prallimall: calls $3
*** FLOP *** [8h 9s 5c]
prallimall: checks
TinaTurner72: bets $3
prallimall: raises $3 to $6
TinaTurner72: calls $3
*** TURN *** [8h 9s 5c] [7d]
prallimall: bets $6
TinaTurner72: raises $6 to $12
prallimall: calls $2.52 and is all-in
Uncalled bet ($3.48) returned to TinaTurner72
*** RIVER *** [8h 9s 5c 7d] [Qd]
*** SHOW DOWN ***
prallimall: shows [5d 7s] (two pair, Sevens and Fives)
TinaTurner72: shows [8s 4h] (a pair of Eights)
prallimall collected $40.54 from pot
*** SUMMARY ***
Total pot $41.04 | Rake $0.50
Board [8h 9s 5c 7d Qd]
Seat 4: TinaTurner72 (button) (small blind) showed [8s 4h] and lost with a pair of Eights
Seat 6: prallimall (big blind) showed [5d 7s] and won ($40.54) with two pair, Sevens and Fives


PokerStars Hand #161878612127:  Hold'em Limit ($3/$6 USD) - 2016/11/24 5:15:57 ET
Table 'China II' 6-max Seat #4 is the button
Seat 4: TinaTurner72 ($216.37 in chips)
Seat 6: prallimall ($39.54 in chips)
TinaTurner72: posts small blind $1
prallimall: posts big blind $3
*** HOLE CARDS ***
TinaTurner72: raises $3 to $6
prallimall: folds
Uncalled bet ($3) returned to TinaTurner72
TinaTurner72 collected $6 from pot
*** SUMMARY ***
Total pot $6 | Rake $0
Seat 4: TinaTurner72 (button) (small blind) collected ($6)
Seat 6: prallimall (big blind) folded before Flop


PokerStars Hand #161878617304:  Hold'em Limit ($3/$6 USD) - 2016/11/24 5:16:09 ET
Table 'China II' 6-max Seat #4 is the button
Seat 4: TinaTurner72 ($220.37 in chips)
Seat 6: prallimall ($35.54 in chips)
TinaTurner72: posts small blind $1
prallimall: posts big blind $3
*** HOLE CARDS ***
TinaTurner72: raises $3 to $6
prallimall: calls $3
*** FLOP *** [7d Qs Jh]
prallimall: checks
TinaTurner72: bets $3
prallimall: raises $3 to $6
TinaTurner72: calls $3
*** TURN *** [7d Qs Jh] [6h]
prallimall: bets $6
TinaTurner72: raises $6 to $12
prallimall: calls $6
*** RIVER *** [7d Qs Jh 6h] [Jd]
prallimall: bets $6
TinaTurner72: calls $6
*** SHOW DOWN ***
prallimall: shows [5h 8h] (a pair of Jacks)
TinaTurner72: shows [Qh Td] (two pair, Queens and Jacks)
TinaTurner72 collected $59.50 from pot
*** SUMMARY ***
Total pot $60 | Rake $0.50
Board [7d Qs Jh 6h Jd]
Seat 4: TinaTurner72 (button) (small blind) showed [Qh Td] and won ($59.50) with two pair, Queens and Jacks
Seat 6: prallimall (big blind) showed [5h 8h] and lost with a pair of Jacks


PokerStars Hand #161878627857:  Hold'em Limit ($3/$6 USD) - 2016/11/24 5:16:34 ET
Table 'China II' 6-max Seat #6 is the button
Seat 4: TinaTurner72 ($249.87 in chips)
Seat 6: prallimall ($5.54 in chips)
prallimall: posts small blind $1
TinaTurner72: posts big blind $3
*** HOLE CARDS ***
prallimall: raises $2.54 to $5.54 and is all-in
TinaTurner72: calls $2.54
*** FLOP *** [7h 4s Ah]
*** TURN *** [7h 4s Ah] [Kc]
*** RIVER *** [7h 4s Ah Kc] [Jd]
*** SHOW DOWN ***
TinaTurner72: shows [Ts 8c] (high card Ace)
prallimall: shows [6c 2h] (high card Ace - lower kicker)
TinaTurner72 collected $10.86 from pot
*** SUMMARY ***
Total pot $11.08 | Rake $0.22
Board [7h 4s Ah Kc Jd]
Seat 4: TinaTurner72 (big blind) showed [Ts 8c] and won ($10.86) with high card Ace
Seat 6: prallimall (button) (small blind) showed [6c 2h] and lost with high card Ace


PokerStars Hand #161878640019:  Hold'em Limit ($3/$6 USD) - 2016/11/24 5:17:04 ET
Table 'China II' 6-max Seat #4 is the button
Seat 3: parnishka11 ($40 in chips)
Seat 4: TinaTurner72 ($255.19 in chips)
TinaTurner72: posts small blind $1
parnishka11: posts big blind $3
*** HOLE CARDS ***
TinaTurner72: raises $3 to $6
parnishka11: calls $3
*** FLOP *** [Ah 4s 7s]
parnishka11: checks
TinaTurner72: bets $3
parnishka11: folds
Uncalled bet ($3) returned to TinaTurner72
TinaTurner72 collected $11.76 from pot
TinaTurner72: doesn't show hand
*** SUMMARY ***
Total pot $12 | Rake $0.24
Board [Ah 4s 7s]
Seat 3: parnishka11 (big blind) folded on the Flop
Seat 4: TinaTurner72 (button) (small blind) collected ($11.76)


PokerStars Hand #161878648068:  Hold'em Limit ($3/$6 USD) - 2016/11/24 5:17:23 ET
Table 'China II' 6-max Seat #4 is the button
Seat 3: parnishka11 ($33 in chips)
Seat 4: TinaTurner72 ($261.95 in chips)
TinaTurner72: posts small blind $1
parnishka11: posts big blind $3
*** HOLE CARDS ***
TinaTurner72: raises $3 to $6
parnishka11: raises $3 to $9
prallimall joins the table at seat #6
TinaTurner72: calls $3
*** FLOP *** [7s 2c Qs]
parnishka11: bets $3
TinaTurner72: calls $3
*** TURN *** [7s 2c Qs] [8s]
parnishka11: bets $6
Velbor107 joins the table at seat #1
TinaTurner72: folds
Uncalled bet ($6) returned to parnishka11
parnishka11 collected $23.52 from pot
*** SUMMARY ***
Total pot $24 | Rake $0.48
Board [7s 2c Qs 8s]
Seat 3: parnishka11 (big blind) collected ($23.52)
Seat 4: TinaTurner72 (button) (small blind) folded on the Turn


PokerStars Hand #161878658453:  Hold'em Limit ($3/$6 USD) - 2016/11/24 5:17:47 ET
Table 'China II' 6-max Seat #3 is the button
Seat 3: parnishka11 ($44.52 in chips)
Seat 4: TinaTurner72 ($249.95 in chips)
parnishka11: posts small blind $1
TinaTurner72: posts big blind $3
*** HOLE CARDS ***
parnishka11: folds
Uncalled bet ($2) returned to TinaTurner72
TinaTurner72 collected $2 from pot
TinaTurner72: doesn't show hand
*** SUMMARY ***
Total pot $2 | Rake $0
Seat 3: parnishka11 (button) (small blind) folded before Flop
Seat 4: TinaTurner72 (big blind) collected ($2)


PokerStars Hand #161878893887:  Hold'em Limit ($3/$6 USD) - 2016/11/24 5:27:01 ET
Table 'China II' 6-max Seat #5 is the button
Seat 4: TinaTurner72 ($96.43 in chips)
Seat 5: Mackeral ($114.03 in chips)
Mackeral: posts small blind $1
Velbor107: is sitting out
TinaTurner72: posts big blind $3
*** HOLE CARDS ***
Velbor107 leaves the table
Mackeral: folds
Uncalled bet ($2) returned to TinaTurner72
TinaTurner72 collected $2 from pot
TinaTurner72: doesn't show hand
*** SUMMARY ***
Total pot $2 | Rake $0
Seat 4: TinaTurner72 (big blind) collected ($2)
Seat 5: Mackeral (button) (small blind) folded before Flop


PokerStars Hand #161878899583:  Hold'em Limit ($3/$6 USD) - 2016/11/24 5:27:15 ET
Table 'China II' 6-max Seat #4 is the button
Seat 4: TinaTurner72 ($97.43 in chips)
Seat 5: Mackeral ($113.03 in chips)
TinaTurner72: posts small blind $1
Mackeral: posts big blind $3
*** HOLE CARDS ***
TinaTurner72: raises $3 to $6
Mackeral: calls $3
*** FLOP *** [7s Qh 6s]
Mackeral: checks
TinaTurner72: bets $3
Mackeral: raises $3 to $6
TinaTurner72: calls $3
*** TURN *** [7s Qh 6s] [6h]
Mackeral: bets $6
TinaTurner72: calls $6
*** RIVER *** [7s Qh 6s 6h] [Ac]
Mackeral: checks
TinaTurner72: bets $6
Mackeral: calls $6
*** SHOW DOWN ***
TinaTurner72: shows [6c Kh] (three of a kind, Sixes)
Mackeral: mucks hand
TinaTurner72 collected $47.50 from pot
*** SUMMARY ***
Total pot $48 | Rake $0.50
Board [7s Qh 6s 6h Ac]
Seat 4: TinaTurner72 (button) (small blind) showed [6c Kh] and won ($47.50) with three of a kind, Sixes
Seat 5: Mackeral (big blind) mucked


PokerStars Hand #161878912515:  Hold'em Limit ($3/$6 USD) - 2016/11/24 5:27:45 ET
Table 'China II' 6-max Seat #5 is the button
Seat 4: TinaTurner72 ($120.93 in chips)
Seat 5: Mackeral ($89.03 in chips)
Mackeral: posts small blind $1
TinaTurner72: posts big blind $3
*** HOLE CARDS ***
Mackeral: raises $3 to $6
TinaTurner72: calls $3
*** FLOP *** [9h 5s 4s]
TinaTurner72: checks
Mackeral: bets $3
TinaTurner72: calls $3
*** TURN *** [9h 5s 4s] [Ts]
TinaTurner72: checks
Mackeral: checks
*** RIVER *** [9h 5s 4s Ts] [Qc]
TinaTurner72: checks
Mackeral: checks
*** SHOW DOWN ***
TinaTurner72: shows [Kc 7s] (high card King)
Mackeral: shows [7h Ad] (high card Ace)
Mackeral collected $17.64 from pot
*** SUMMARY ***
Total pot $18 | Rake $0.36
Board [9h 5s 4s Ts Qc]
Seat 4: TinaTurner72 (big blind) showed [Kc 7s] and lost with high card King
Seat 5: Mackeral (button) (small blind) showed [7h Ad] and won ($17.64) with high card Ace


PokerStars Hand #161878924544:  Hold'em Limit ($3/$6 USD) - 2016/11/24 5:28:13 ET
Table 'China II' 6-max Seat #4 is the button
Seat 4: TinaTurner72 ($111.93 in chips)
Seat 5: Mackeral ($97.67 in chips)
TinaTurner72: posts small blind $1
Mackeral: posts big blind $3
*** HOLE CARDS ***
TinaTurner72: raises $3 to $6
Mackeral: calls $3
*** FLOP *** [2c Js 5d]
Mackeral: checks
TinaTurner72: bets $3
Mackeral: calls $3
*** TURN *** [2c Js 5d] [Tc]
Mackeral: checks
TinaTurner72: bets $6
Mackeral: folds
Uncalled bet ($6) returned to TinaTurner72
TinaTurner72 collected $17.64 from pot
TinaTurner72: doesn't show hand
*** SUMMARY ***
Total pot $18 | Rake $0.36
Board [2c Js 5d Tc]
Seat 4: TinaTurner72 (button) (small blind) collected ($17.64)
Seat 5: Mackeral (big blind) folded on the Turn


PokerStars Hand #161878932949:  Hold'em Limit ($3/$6 USD) - 2016/11/24 5:28:32 ET
Table 'China II' 6-max Seat #5 is the button
Seat 4: TinaTurner72 ($120.57 in chips)
Seat 5: Mackeral ($88.67 in chips)
Mackeral: posts small blind $1
TinaTurner72: posts big blind $3
*** HOLE CARDS ***
Mackeral: raises $3 to $6
TinaTurner72: calls $3
*** FLOP *** [Qd 5d 7s]
TinaTurner72: checks
Mackeral: bets $3
TinaTurner72: folds
Uncalled bet ($3) returned to Mackeral
Mackeral collected $11.76 from pot
Mackeral: doesn't show hand
*** SUMMARY ***
Total pot $12 | Rake $0.24
Board [Qd 5d 7s]
Seat 4: TinaTurner72 (big blind) folded on the Flop
Seat 5: Mackeral (button) (small blind) collected ($11.76)


PokerStars Hand #161878951819:  Hold'em Limit ($3/$6 USD) - 2016/11/24 5:29:16 ET
Table 'China II' 6-max Seat #4 is the button
Seat 4: TinaTurner72 ($122.21 in chips)
Seat 5: Mackeral ($86.43 in chips)
TinaTurner72: posts small blind $1
Mackeral: posts big blind $3
*** HOLE CARDS ***
TinaTurner72: raises $3 to $6
Mackeral: calls $3
*** FLOP *** [3h 5c 5h]
Mackeral: checks
TinaTurner72: bets $3
Mackeral: raises $3 to $6
TinaTurner72: calls $3
*** TURN *** [3h 5c 5h] [Td]
Mackeral: bets $6
TinaTurner72: folds
Uncalled bet ($6) returned to Mackeral
Mackeral collected $23.52 from pot
Mackeral: doesn't show hand
*** SUMMARY ***
Total pot $24 | Rake $0.48
Board [3h 5c 5h Td]
Seat 4: TinaTurner72 (button) (small blind) folded on the Turn
Seat 5: Mackeral (big blind) collected ($23.52)


PokerStars Hand #161878941909:  Hold'em Limit ($3/$6 USD) - 2016/11/24 5:28:53 ET
Table 'China II' 6-max Seat #4 is the button
Seat 4: TinaTurner72 ($114.57 in chips)
Seat 5: Mackeral ($94.43 in chips)
TinaTurner72: posts small blind $1
Mackeral: posts big blind $3
*** HOLE CARDS ***
TinaTurner72: folds
Uncalled bet ($2) returned to Mackeral
Mackeral collected $2 from pot
Mackeral: doesn't show hand
*** SUMMARY ***
Total pot $2 | Rake $0
Seat 4: TinaTurner72 (button) (small blind) folded before Flop
Seat 5: Mackeral (big blind) collected ($2)


PokerStars Hand #161878944323:  Hold'em Limit ($3/$6 USD) - 2016/11/24 5:28:59 ET
Table 'China II' 6-max Seat #5 is the button
Seat 4: TinaTurner72 ($113.57 in chips)
Seat 5: Mackeral ($95.43 in chips)
Mackeral: posts small blind $1
TinaTurner72: posts big blind $3
*** HOLE CARDS ***
Mackeral: raises $3 to $6
TinaTurner72: calls $3
*** FLOP *** [6d Ts Ad]
TinaTurner72: checks
Mackeral: bets $3
TinaTurner72: raises $3 to $6
Mackeral: folds
Uncalled bet ($3) returned to TinaTurner72
TinaTurner72 collected $17.64 from pot
TinaTurner72: doesn't show hand
*** SUMMARY ***
Total pot $18 | Rake $0.36
Board [6d Ts Ad]
Seat 4: TinaTurner72 (big blind) collected ($17.64)
Seat 5: Mackeral (button) (small blind) folded on the Flop


PokerStars Hand #161878963402:  Hold'em Limit ($3/$6 USD) - 2016/11/24 5:29:43 ET
Table 'China II' 6-max Seat #5 is the button
Seat 4: TinaTurner72 ($110.21 in chips)
Seat 5: Mackeral ($97.95 in chips)
Mackeral: posts small blind $1
TinaTurner72: posts big blind $3
*** HOLE CARDS ***
Mackeral: raises $3 to $6
TinaTurner72: calls $3
*** FLOP *** [Ad Ks 3c]
TinaTurner72: checks
Mackeral: checks
*** TURN *** [Ad Ks 3c] [4s]
TinaTurner72: bets $6
Mackeral: calls $6
*** RIVER *** [Ad Ks 3c 4s] [7d]
TinaTurner72: bets $6
Mackeral: calls $6
*** SHOW DOWN ***
TinaTurner72: shows [6h Kd] (a pair of Kings)
Mackeral: shows [Kh 9d] (a pair of Kings - Ace+Nine kicker)
Mackeral collected $35.50 from pot
*** SUMMARY ***
Total pot $36 | Rake $0.50
Board [Ad Ks 3c 4s 7d]
Seat 4: TinaTurner72 (big blind) showed [6h Kd] and lost with a pair of Kings
Seat 5: Mackeral (button) (small blind) showed [Kh 9d] and won ($35.50) with a pair of Kings


PokerStars Hand #161878996643:  Hold'em Limit ($3/$6 USD) - 2016/11/24 5:31:01 ET
Table 'China II' 6-max Seat #5 is the button
Seat 4: TinaTurner72 ($106.71 in chips)
Seat 5: Mackeral ($100.45 in chips)
Mackeral: posts small blind $1
TinaTurner72: posts big blind $3
*** HOLE CARDS ***
Mackeral: raises $3 to $6
TinaTurner72: raises $3 to $9
Mackeral: calls $3
*** FLOP *** [Td Ad Kc]
TinaTurner72: bets $3
Mackeral: calls $3
*** TURN *** [Td Ad Kc] [7c]
TinaTurner72: checks
Mackeral: checks
*** RIVER *** [Td Ad Kc 7c] [Th]
TinaTurner72: checks
Mackeral: checks
*** SHOW DOWN ***
TinaTurner72: shows [6s 6c] (two pair, Tens and Sixes)
Mackeral: mucks hand
TinaTurner72 collected $23.52 from pot
*** SUMMARY ***
Total pot $24 | Rake $0.48
Board [Td Ad Kc 7c Th]
Seat 4: TinaTurner72 (big blind) showed [6s 6c] and won ($23.52) with two pair, Tens and Sixes
Seat 5: Mackeral (button) (small blind) mucked


PokerStars Hand #161878994091:  Hold'em Limit ($3/$6 USD) - 2016/11/24 5:30:55 ET
Table 'China II' 6-max Seat #4 is the button
Seat 4: TinaTurner72 ($107.71 in chips)
Seat 5: Mackeral ($99.45 in chips)
TinaTurner72: posts small blind $1
Mackeral: posts big blind $3
*** HOLE CARDS ***
TinaTurner72: folds
Uncalled bet ($2) returned to Mackeral
Mackeral collected $2 from pot
Mackeral: doesn't show hand
*** SUMMARY ***
Total pot $2 | Rake $0
Seat 4: TinaTurner72 (button) (small blind) folded before Flop
Seat 5: Mackeral (big blind) collected ($2)


PokerStars Hand #161878991636:  Hold'em Limit ($3/$6 USD) - 2016/11/24 5:30:49 ET
Table 'China II' 6-max Seat #5 is the button
Seat 4: TinaTurner72 ($106.71 in chips)
Seat 5: Mackeral ($100.45 in chips)
Mackeral: posts small blind $1
TinaTurner72: posts big blind $3
*** HOLE CARDS ***
Mackeral: folds
Uncalled bet ($2) returned to TinaTurner72
TinaTurner72 collected $2 from pot
TinaTurner72: doesn't show hand
*** SUMMARY ***
Total pot $2 | Rake $0
Seat 4: TinaTurner72 (big blind) collected ($2)
Seat 5: Mackeral (button) (small blind) folded before Flop


PokerStars Hand #161878973451:  Hold'em Limit ($3/$6 USD) - 2016/11/24 5:30:07 ET
Table 'China II' 6-max Seat #4 is the button
Seat 4: TinaTurner72 ($92.21 in chips)
Seat 5: Mackeral ($115.45 in chips)
TinaTurner72: posts small blind $1
Mackeral: posts big blind $3
*** HOLE CARDS ***
TinaTurner72: raises $3 to $6
Mackeral: calls $3
*** FLOP *** [4s 2s 7c]
Mackeral: checks
TinaTurner72: bets $3
Mackeral: calls $3
*** TURN *** [4s 2s 7c] [8c]
Mackeral: checks
TinaTurner72: bets $6
Mackeral: calls $6
*** RIVER *** [4s 2s 7c 8c] [Jh]
Mackeral: checks
TinaTurner72: checks
*** SHOW DOWN ***
Mackeral: shows [9d Qc] (high card Queen)
TinaTurner72: shows [2d Td] (a pair of Deuces)
TinaTurner72 collected $29.50 from pot
*** SUMMARY ***
Total pot $30 | Rake $0.50
Board [4s 2s 7c 8c Jh]
Seat 4: TinaTurner72 (button) (small blind) showed [2d Td] and won ($29.50) with a pair of Deuces
Seat 5: Mackeral (big blind) showed [9d Qc] and lost with high card Queen


PokerStars Hand #161879024083:  Hold'em Limit ($3/$6 USD) - 2016/11/24 5:32:05 ET
Table 'China II' 6-max Seat #5 is the button
Seat 4: TinaTurner72 ($127.99 in chips)
Seat 5: Mackeral ($78.45 in chips)
Mackeral: posts small blind $1
TinaTurner72: posts big blind $3
*** HOLE CARDS ***
Mackeral: raises $3 to $6
TinaTurner72: raises $3 to $9
Mackeral: calls $3
*** FLOP *** [5d Th 9s]
TinaTurner72: bets $3
Mackeral: calls $3
*** TURN *** [5d Th 9s] [Jc]
TinaTurner72: checks
Mackeral: checks
*** RIVER *** [5d Th 9s Jc] [5s]
TinaTurner72: bets $6
Mackeral: folds
Uncalled bet ($6) returned to TinaTurner72
TinaTurner72 collected $23.52 from pot
TinaTurner72: doesn't show hand
*** SUMMARY ***
Total pot $24 | Rake $0.48
Board [5d Th 9s Jc 5s]
Seat 4: TinaTurner72 (big blind) collected ($23.52)
Seat 5: Mackeral (button) (small blind) folded on the River


PokerStars Hand #161879012320:  Hold'em Limit ($3/$6 USD) - 2016/11/24 5:31:37 ET
Table 'China II' 6-max Seat #4 is the button
Seat 4: TinaTurner72 ($118.23 in chips)
Seat 5: Mackeral ($88.45 in chips)
TinaTurner72: posts small blind $1
Mackeral: posts big blind $3
*** HOLE CARDS ***
TinaTurner72: raises $3 to $6
Mackeral: calls $3
*** FLOP *** [5s 5c 6h]
Mackeral: checks
TinaTurner72: bets $3
Mackeral: folds
Uncalled bet ($3) returned to TinaTurner72
TinaTurner72 collected $11.76 from pot
TinaTurner72: doesn't show hand
*** SUMMARY ***
Total pot $12 | Rake $0.24
Board [5s 5c 6h]
Seat 4: TinaTurner72 (button) (small blind) collected ($11.76)
Seat 5: Mackeral (big blind) folded on the Flop


PokerStars Hand #161879018859:  Hold'em Limit ($3/$6 USD) - 2016/11/24 5:31:53 ET
Table 'China II' 6-max Seat #5 is the button
Seat 4: TinaTurner72 ($123.99 in chips)
Seat 5: Mackeral ($82.45 in chips)
Mackeral: posts small blind $1
TinaTurner72: posts big blind $3
*** HOLE CARDS ***
Mackeral: folds
Uncalled bet ($2) returned to TinaTurner72
TinaTurner72 collected $2 from pot
TinaTurner72: doesn't show hand
*** SUMMARY ***
Total pot $2 | Rake $0
Seat 4: TinaTurner72 (big blind) collected ($2)
Seat 5: Mackeral (button) (small blind) folded before Flop


PokerStars Hand #161879021337:  Hold'em Limit ($3/$6 USD) - 2016/11/24 5:31:59 ET
Table 'China II' 6-max Seat #4 is the button
Seat 4: TinaTurner72 ($124.99 in chips)
Seat 5: Mackeral ($81.45 in chips)
TinaTurner72: posts small blind $1
Mackeral: posts big blind $3
*** HOLE CARDS ***
TinaTurner72: raises $3 to $6
Mackeral: folds
Uncalled bet ($3) returned to TinaTurner72
TinaTurner72 collected $6 from pot
TinaTurner72: doesn't show hand
*** SUMMARY ***
Total pot $6 | Rake $0
Seat 4: TinaTurner72 (button) (small blind) collected ($6)
Seat 5: Mackeral (big blind) folded before Flop


PokerStars Hand #161879046036:  Hold'em Limit ($3/$6 USD) - 2016/11/24 5:32:56 ET
Table 'China II' 6-max Seat #5 is the button
Seat 4: TinaTurner72 ($163.01 in chips)
Seat 5: Mackeral ($42.45 in chips)
Mackeral: posts small blind $1
TinaTurner72: posts big blind $3
*** HOLE CARDS ***
Mackeral: folds
Uncalled bet ($2) returned to TinaTurner72
TinaTurner72 collected $2 from pot
TinaTurner72: doesn't show hand
*** SUMMARY ***
Total pot $2 | Rake $0
Seat 4: TinaTurner72 (big blind) collected ($2)
Seat 5: Mackeral (button) (small blind) folded before Flop


PokerStars Hand #161879034544:  Hold'em Limit ($3/$6 USD) - 2016/11/24 5:32:29 ET
Table 'China II' 6-max Seat #4 is the button
Seat 4: TinaTurner72 ($139.51 in chips)
Seat 5: Mackeral ($66.45 in chips)
TinaTurner72: posts small blind $1
Mackeral: posts big blind $3
*** HOLE CARDS ***
TinaTurner72: raises $3 to $6
Mackeral: calls $3
*** FLOP *** [Ts 9h Qd]
Mackeral: checks
TinaTurner72: bets $3
Mackeral: raises $3 to $6
TinaTurner72: calls $3
*** TURN *** [Ts 9h Qd] [Ad]
Mackeral: bets $6
TinaTurner72: calls $6
*** RIVER *** [Ts 9h Qd Ad] [7h]
Mackeral: bets $6
TinaTurner72: calls $6
*** SHOW DOWN ***
Mackeral: shows [6c Ks] (high card Ace)
TinaTurner72: shows [Th 9s] (two pair, Tens and Nines)
TinaTurner72 collected $47.50 from pot
*** SUMMARY ***
Total pot $48 | Rake $0.50
Board [Ts 9h Qd Ad 7h]
Seat 4: TinaTurner72 (button) (small blind) showed [Th 9s] and won ($47.50) with two pair, Tens and Nines
Seat 5: Mackeral (big blind) showed [6c Ks] and lost with high card Ace


PokerStars Hand #161879049115:  Hold'em Limit ($3/$6 USD) - 2016/11/24 5:33:03 ET
Table 'China II' 6-max Seat #4 is the button
Seat 4: TinaTurner72 ($164.01 in chips)
Seat 5: Mackeral ($41.45 in chips)
TinaTurner72: posts small blind $1
Mackeral: posts big blind $3
*** HOLE CARDS ***
TinaTurner72: raises $3 to $6
Mackeral: calls $3
*** FLOP *** [Td 2c 3d]
Mackeral: checks
TinaTurner72: bets $3
Mackeral: calls $3
*** TURN *** [Td 2c 3d] [8c]
Mackeral: checks
TinaTurner72: bets $6
Mackeral: raises $6 to $12
TinaTurner72: calls $6
*** RIVER *** [Td 2c 3d 8c] [4d]
Mackeral: checks
TinaTurner72: checks
*** SHOW DOWN ***
Mackeral: shows [Qs Js] (high card Queen)
TinaTurner72: shows [Ah 7d] (high card Ace)
TinaTurner72 collected $41.50 from pot
*** SUMMARY ***
Total pot $42 | Rake $0.50
Board [Td 2c 3d 8c 4d]
Seat 4: TinaTurner72 (button) (small blind) showed [Ah 7d] and won ($41.50) with high card Ace
Seat 5: Mackeral (big blind) showed [Qs Js] and lost with high card Queen


PokerStars Hand #161879061183:  Hold'em Limit ($3/$6 USD) - 2016/11/24 5:33:31 ET
Table 'China II' 6-max Seat #5 is the button
Seat 4: TinaTurner72 ($184.51 in chips)
Seat 5: Mackeral ($20.45 in chips)
Mackeral: posts small blind $1
TinaTurner72: posts big blind $3
*** HOLE CARDS ***
Mackeral: raises $3 to $6
TinaTurner72: calls $3
*** FLOP *** [5s As 7d]
TinaTurner72: checks
Mackeral: bets $3
TinaTurner72: folds
Uncalled bet ($3) returned to Mackeral
Mackeral collected $11.76 from pot
Mackeral: doesn't show hand
*** SUMMARY ***
Total pot $12 | Rake $0.24
Board [5s As 7d]
Seat 4: TinaTurner72 (big blind) folded on the Flop
Seat 5: Mackeral (button) (small blind) collected ($11.76)


PokerStars Hand #161879071553:  Hold'em Limit ($3/$6 USD) - 2016/11/24 5:33:55 ET
Table 'China II' 6-max Seat #4 is the button
Seat 4: TinaTurner72 ($178.51 in chips)
Seat 5: Mackeral ($86.21 in chips)
TinaTurner72: posts small blind $1
Mackeral: posts big blind $3
*** HOLE CARDS ***
TinaTurner72: raises $3 to $6
Mackeral: raises $3 to $9
TinaTurner72: calls $3
*** FLOP *** [2c 9d 8c]
Mackeral: bets $3
TinaTurner72: calls $3
*** TURN *** [2c 9d 8c] [Jc]
Mackeral: checks
TinaTurner72: bets $6
Mackeral: calls $6
*** RIVER *** [2c 9d 8c Jc] [5h]
Mackeral: checks
TinaTurner72: bets $6
Mackeral: calls $6
*** SHOW DOWN ***
TinaTurner72: shows [Ks 9h] (a pair of Nines)
Mackeral: mucks hand
TinaTurner72 collected $47.50 from pot
*** SUMMARY ***
Total pot $48 | Rake $0.50
Board [2c 9d 8c Jc 5h]
Seat 4: TinaTurner72 (button) (small blind) showed [Ks 9h] and won ($47.50) with a pair of Nines
Seat 5: Mackeral (big blind) mucked


PokerStars Hand #161879104399:  Hold'em Limit ($3/$6 USD) - 2016/11/24 5:35:11 ET
Table 'China II' 6-max Seat #4 is the button
Seat 4: TinaTurner72 ($182.01 in chips)
Seat 5: Mackeral ($81.47 in chips)
TinaTurner72: posts small blind $1
Mackeral: posts big blind $3
*** HOLE CARDS ***
TinaTurner72: raises $3 to $6
Mackeral: calls $3
*** FLOP *** [4s 3d 5c]
Mackeral: checks
TinaTurner72: checks
*** TURN *** [4s 3d 5c] [8d]
Mackeral: checks
TinaTurner72: checks
*** RIVER *** [4s 3d 5c 8d] [Kd]
Mackeral: checks
TinaTurner72: checks
*** SHOW DOWN ***
Mackeral: shows [Td Js] (high card King)
TinaTurner72: shows [Jc Tc] (high card King)
Mackeral collected $5.88 from pot
TinaTurner72 collected $5.88 from pot
*** SUMMARY ***
Total pot $12 | Rake $0.24
Board [4s 3d 5c 8d Kd]
Seat 4: TinaTurner72 (button) (small blind) showed [Jc Tc] and won ($5.88) with high card King
Seat 5: Mackeral (big blind) showed [Td Js] and won ($5.88) with high card King


PokerStars Hand #161879101859:  Hold'em Limit ($3/$6 USD) - 2016/11/24 5:35:06 ET
Table 'China II' 6-max Seat #5 is the button
Seat 4: TinaTurner72 ($181.01 in chips)
Seat 5: Mackeral ($82.47 in chips)
Mackeral: posts small blind $1
TinaTurner72: posts big blind $3
*** HOLE CARDS ***
Mackeral: folds
Uncalled bet ($2) returned to TinaTurner72
TinaTurner72 collected $2 from pot
TinaTurner72: doesn't show hand
*** SUMMARY ***
Total pot $2 | Rake $0
Seat 4: TinaTurner72 (big blind) collected ($2)
Seat 5: Mackeral (button) (small blind) folded before Flop


PokerStars Hand #161879088806:  Hold'em Limit ($3/$6 USD) - 2016/11/24 5:34:35 ET
Table 'China II' 6-max Seat #4 is the button
Seat 4: TinaTurner72 ($196.01 in chips)
Seat 5: Mackeral ($67.97 in chips)
TinaTurner72: posts small blind $1
Mackeral: posts big blind $3
*** HOLE CARDS ***
TinaTurner72: raises $3 to $6
Mackeral: calls $3
*** FLOP *** [9c 4d 3s]
Mackeral: checks
TinaTurner72: bets $3
Mackeral: calls $3
*** TURN *** [9c 4d 3s] [Qh]
Mackeral: checks
TinaTurner72: bets $6
Mackeral: calls $6
*** RIVER *** [9c 4d 3s Qh] [Ts]
Mackeral: checks
TinaTurner72: checks
*** SHOW DOWN ***
Mackeral: shows [8d Jd] (a straight, Eight to Queen)
TinaTurner72: mucks hand
Mackeral collected $29.50 from pot
*** SUMMARY ***
Total pot $30 | Rake $0.50
Board [9c 4d 3s Qh Ts]
Seat 4: TinaTurner72 (button) (small blind) mucked
Seat 5: Mackeral (big blind) showed [8d Jd] and won ($29.50) with a straight, Eight to Queen


PokerStars Hand #161879122136:  Hold'em Limit ($3/$6 USD) - 2016/11/24 5:35:52 ET
Table 'China II' 6-max Seat #5 is the button
Seat 4: TinaTurner72 ($177.89 in chips)
Seat 5: Mackeral ($85.35 in chips)
Mackeral: posts small blind $1
TinaTurner72: posts big blind $3
*** HOLE CARDS ***
Mackeral: raises $3 to $6
TinaTurner72: calls $3
*** FLOP *** [Ah 2c 5s]
TinaTurner72: checks
Mackeral: bets $3
TinaTurner72: raises $3 to $6
Mackeral: calls $3
*** TURN *** [Ah 2c 5s] [6s]
TinaTurner72: bets $6
Mackeral: calls $6
*** RIVER *** [Ah 2c 5s 6s] [Ks]
TinaTurner72: bets $6
Mackeral: raises $6 to $12
TinaTurner72: calls $6
*** SHOW DOWN ***
Mackeral: shows [6c Kc] (two pair, Kings and Sixes)
TinaTurner72: mucks hand
Mackeral collected $59.50 from pot
*** SUMMARY ***
Total pot $60 | Rake $0.50
Board [Ah 2c 5s 6s Ks]
Seat 4: TinaTurner72 (big blind) mucked
Seat 5: Mackeral (button) (small blind) showed [6c Kc] and won ($59.50) with two pair, Kings and Sixes


PokerStars Hand #161879115923:  Hold'em Limit ($3/$6 USD) - 2016/11/24 5:35:38 ET
Table 'China II' 6-max Seat #5 is the button
Seat 4: TinaTurner72 ($181.89 in chips)
Seat 5: Mackeral ($81.35 in chips)
Mackeral: posts small blind $1
TinaTurner72: posts big blind $3
*** HOLE CARDS ***
Mackeral: raises $3 to $6
TinaTurner72: folds
Uncalled bet ($3) returned to Mackeral
Mackeral collected $6 from pot
Mackeral: doesn't show hand
*** SUMMARY ***
Total pot $6 | Rake $0
Seat 4: TinaTurner72 (big blind) folded before Flop
Seat 5: Mackeral (button) (small blind) collected ($6)


PokerStars Hand #161879133782:  Hold'em Limit ($3/$6 USD) - 2016/11/24 5:36:19 ET
Table 'China II' 6-max Seat #4 is the button
Seat 4: TinaTurner72 ($147.89 in chips)
Seat 5: Mackeral ($114.85 in chips)
TinaTurner72: posts small blind $1
Mackeral: posts big blind $3
*** HOLE CARDS ***
TinaTurner72: raises $3 to $6
Mackeral: raises $3 to $9
TinaTurner72: raises $3 to $12
Betting is capped
Mackeral: calls $3
*** FLOP *** [4d Td 2d]
Mackeral: checks
TinaTurner72: bets $3
Mackeral: calls $3
*** TURN *** [4d Td 2d] [3d]
Mackeral: checks
TinaTurner72: bets $6
Mackeral: calls $6
*** RIVER *** [4d Td 2d 3d] [3c]
Mackeral: checks
TinaTurner72: bets $6
Mackeral: calls $6
*** SHOW DOWN ***
TinaTurner72: shows [5h 8d] (a flush, Ten high)
Mackeral: mucks hand
TinaTurner72 collected $53.50 from pot
*** SUMMARY ***
Total pot $54 | Rake $0.50
Board [4d Td 2d 3d 3c]
Seat 4: TinaTurner72 (button) (small blind) showed [5h 8d] and won ($53.50) with a flush, Ten high
Seat 5: Mackeral (big blind) mucked


PokerStars Hand #161879153938:  Hold'em Limit ($3/$6 USD) - 2016/11/24 5:37:06 ET
Table 'China II' 6-max Seat #4 is the button
Seat 4: TinaTurner72 ($175.39 in chips)
Seat 5: Mackeral ($86.85 in chips)
TinaTurner72: posts small blind $1
Mackeral: posts big blind $3
*** HOLE CARDS ***
TinaTurner72: raises $3 to $6
Mackeral: calls $3
*** FLOP *** [3c 9d 3s]
Mackeral: checks
TinaTurner72: bets $3
Mackeral: raises $3 to $6
TinaTurner72: calls $3
*** TURN *** [3c 9d 3s] [Ad]
Mackeral: bets $6
TinaTurner72: calls $6
*** RIVER *** [3c 9d 3s Ad] [Qc]
Mackeral: bets $6
TinaTurner72: calls $6
*** SHOW DOWN ***
Mackeral: shows [2s Ah] (two pair, Aces and Threes)
TinaTurner72: mucks hand
Mackeral collected $47.50 from pot
*** SUMMARY ***
Total pot $48 | Rake $0.50
Board [3c 9d 3s Ad Qc]
Seat 4: TinaTurner72 (button) (small blind) mucked
Seat 5: Mackeral (big blind) showed [2s Ah] and won ($47.50) with two pair, Aces and Threes


PokerStars Hand #161879151552:  Hold'em Limit ($3/$6 USD) - 2016/11/24 5:37:00 ET
Table 'China II' 6-max Seat #5 is the button
Seat 4: TinaTurner72 ($174.39 in chips)
Seat 5: Mackeral ($87.85 in chips)
Mackeral: posts small blind $1
TinaTurner72: posts big blind $3
*** HOLE CARDS ***
Mackeral: folds
Uncalled bet ($2) returned to TinaTurner72
TinaTurner72 collected $2 from pot
TinaTurner72: doesn't show hand
*** SUMMARY ***
Total pot $2 | Rake $0
Seat 4: TinaTurner72 (big blind) collected ($2)
Seat 5: Mackeral (button) (small blind) folded before Flop


PokerStars Hand #161879172314:  Hold'em Limit ($3/$6 USD) - 2016/11/24 5:37:48 ET
Table 'China II' 6-max Seat #4 is the button
Seat 4: TinaTurner72 ($152.39 in chips)
Seat 5: Mackeral ($109.35 in chips)
TinaTurner72: posts small blind $1
Mackeral: posts big blind $3
*** HOLE CARDS ***
TinaTurner72: raises $3 to $6
Mackeral: folds
Uncalled bet ($3) returned to TinaTurner72
TinaTurner72 collected $6 from pot
TinaTurner72: doesn't show hand
*** SUMMARY ***
Total pot $6 | Rake $0
Seat 4: TinaTurner72 (button) (small blind) collected ($6)
Seat 5: Mackeral (big blind) folded before Flop


PokerStars Hand #161879169738:  Hold'em Limit ($3/$6 USD) - 2016/11/24 5:37:42 ET
Table 'China II' 6-max Seat #5 is the button
Seat 4: TinaTurner72 ($151.39 in chips)
Seat 5: Mackeral ($110.35 in chips)
Mackeral: posts small blind $1
TinaTurner72: posts big blind $3
*** HOLE CARDS ***
Mackeral: folds
Uncalled bet ($2) returned to TinaTurner72
TinaTurner72 collected $2 from pot
TinaTurner72: doesn't show hand
*** SUMMARY ***
Total pot $2 | Rake $0
Seat 4: TinaTurner72 (big blind) collected ($2)
Seat 5: Mackeral (button) (small blind) folded before Flop


PokerStars Hand #161879191033:  Hold'em Limit ($3/$6 USD) - 2016/11/24 5:38:32 ET
Table 'China II' 6-max Seat #4 is the button
Seat 4: TinaTurner72 ($169.89 in chips)
Seat 5: Mackeral ($91.35 in chips)
TinaTurner72: posts small blind $1
Mackeral: posts big blind $3
*** HOLE CARDS ***
TinaTurner72: folds
Uncalled bet ($2) returned to Mackeral
Mackeral collected $2 from pot
Mackeral: doesn't show hand
*** SUMMARY ***
Total pot $2 | Rake $0
Seat 4: TinaTurner72 (button) (small blind) folded before Flop
Seat 5: Mackeral (big blind) collected ($2)


PokerStars Hand #161879175566:  Hold'em Limit ($3/$6 USD) - 2016/11/24 5:37:56 ET
Table 'China II' 6-max Seat #5 is the button
Seat 4: TinaTurner72 ($155.39 in chips)
Seat 5: Mackeral ($106.35 in chips)
Mackeral: posts small blind $1
TinaTurner72: posts big blind $3
*** HOLE CARDS ***
Mackeral: raises $3 to $6
TinaTurner72: raises $3 to $9
Mackeral: calls $3
*** FLOP *** [2c Qc 6c]
TinaTurner72: bets $3
Mackeral: raises $3 to $6
TinaTurner72: calls $3
*** TURN *** [2c Qc 6c] [2h]
TinaTurner72: checks
Mackeral: checks
*** RIVER *** [2c Qc 6c 2h] [5d]
TinaTurner72: bets $6
Mackeral: folds
Uncalled bet ($6) returned to TinaTurner72
TinaTurner72 collected $29.50 from pot
TinaTurner72: doesn't show hand
*** SUMMARY ***
Total pot $30 | Rake $0.50
Board [2c Qc 6c 2h 5d]
Seat 4: TinaTurner72 (big blind) collected ($29.50)
Seat 5: Mackeral (button) (small blind) folded on the River


PokerStars Hand #161879194635:  Hold'em Limit ($3/$6 USD) - 2016/11/24 5:38:40 ET
Table 'China II' 6-max Seat #5 is the button
Seat 4: TinaTurner72 ($168.89 in chips)
Seat 5: Mackeral ($92.35 in chips)
Mackeral: posts small blind $1
TinaTurner72: posts big blind $3
*** HOLE CARDS ***
Mackeral: raises $3 to $6
TinaTurner72: calls $3
*** FLOP *** [Kc 4c Jd]
TinaTurner72: checks
Mackeral: bets $3
TinaTurner72: calls $3
*** TURN *** [Kc 4c Jd] [Ad]
TinaTurner72: checks
Mackeral: bets $6
TinaTurner72: calls $6
*** RIVER *** [Kc 4c Jd Ad] [Ah]
TinaTurner72: checks
Mackeral: checks
*** SHOW DOWN ***
TinaTurner72: shows [8c Qs] (a pair of Aces)
Mackeral: shows [8d 8h] (two pair, Aces and Eights)
Mackeral collected $29.50 from pot
*** SUMMARY ***
Total pot $30 | Rake $0.50
Board [Kc 4c Jd Ad Ah]
Seat 4: TinaTurner72 (big blind) showed [8c Qs] and lost with a pair of Aces
Seat 5: Mackeral (button) (small blind) showed [8d 8h] and won ($29.50) with two pair, Aces and Eights


PokerStars Hand #161879208231:  Hold'em Limit ($3/$6 USD) - 2016/11/24 5:39:11 ET
Table 'China II' 6-max Seat #4 is the button
Seat 4: TinaTurner72 ($153.89 in chips)
Seat 5: Mackeral ($106.85 in chips)
TinaTurner72: posts small blind $1
Mackeral: posts big blind $3
*** HOLE CARDS ***
TinaTurner72: raises $3 to $6
Mackeral: calls $3
*** FLOP *** [2d Kd 5s]
Mackeral: checks
TinaTurner72: bets $3
Mackeral: folds
Uncalled bet ($3) returned to TinaTurner72
TinaTurner72 collected $11.76 from pot
TinaTurner72: doesn't show hand
*** SUMMARY ***
Total pot $12 | Rake $0.24
Board [2d Kd 5s]
Seat 4: TinaTurner72 (button) (small blind) collected ($11.76)
Seat 5: Mackeral (big blind) folded on the Flop


PokerStars Hand #161879213598:  Hold'em Limit ($3/$6 USD) - 2016/11/24 5:39:23 ET
Table 'China II' 6-max Seat #5 is the button
Seat 4: TinaTurner72 ($159.65 in chips)
Seat 5: Mackeral ($100.85 in chips)
Mackeral: posts small blind $1
TinaTurner72: posts big blind $3
*** HOLE CARDS ***
Mackeral: raises $3 to $6
TinaTurner72: raises $3 to $9
Mackeral: calls $3
*** FLOP *** [5s Kc Kh]
TinaTurner72: bets $3
Mackeral: calls $3
*** TURN *** [5s Kc Kh] [4s]
TinaTurner72: bets $6
Mackeral: calls $6
*** RIVER *** [5s Kc Kh 4s] [8c]
TinaTurner72: bets $6
Mackeral: raises $6 to $12
TinaTurner72: calls $6
*** SHOW DOWN ***
Mackeral: shows [6c 7h] (a straight, Four to Eight)
TinaTurner72: mucks hand
Mackeral collected $59.50 from pot
*** SUMMARY ***
Total pot $60 | Rake $0.50
Board [5s Kc Kh 4s 8c]
Seat 4: TinaTurner72 (big blind) mucked
Seat 5: Mackeral (button) (small blind) showed [6c 7h] and won ($59.50) with a straight, Four to Eight


PokerStars Hand #161879224678:  Hold'em Limit ($3/$6 USD) - 2016/11/24 5:39:49 ET
Table 'China II' 6-max Seat #4 is the button
Seat 4: TinaTurner72 ($129.65 in chips)
Seat 5: Mackeral ($130.35 in chips)
TinaTurner72: posts small blind $1
Mackeral: posts big blind $3
*** HOLE CARDS ***
TinaTurner72: raises $3 to $6
Mackeral: calls $3
*** FLOP *** [Th 7d 9s]
Mackeral: checks
TinaTurner72: bets $3
Mackeral: raises $3 to $6
TinaTurner72: calls $3
*** TURN *** [Th 7d 9s] [7h]
Mackeral: bets $6
TinaTurner72: raises $6 to $12
Mackeral: calls $6
*** RIVER *** [Th 7d 9s 7h] [8h]
Mackeral: checks
TinaTurner72: checks
*** SHOW DOWN ***
Mackeral: shows [8d 3d] (two pair, Eights and Sevens)
TinaTurner72: shows [4c 7c] (three of a kind, Sevens)
TinaTurner72 collected $47.50 from pot
*** SUMMARY ***
Total pot $48 | Rake $0.50
Board [Th 7d 9s 7h 8h]
Seat 4: TinaTurner72 (button) (small blind) showed [4c 7c] and won ($47.50) with three of a kind, Sevens
Seat 5: Mackeral (big blind) showed [8d 3d] and lost with two pair, Eights and Sevens


PokerStars Hand #161879237382:  Hold'em Limit ($3/$6 USD) - 2016/11/24 5:40:18 ET
Table 'China II' 6-max Seat #5 is the button
Seat 4: TinaTurner72 ($153.15 in chips)
Seat 5: Mackeral ($106.35 in chips)
Mackeral: posts small blind $1
TinaTurner72: posts big blind $3
*** HOLE CARDS ***
Mackeral: raises $3 to $6
TinaTurner72: folds
Uncalled bet ($3) returned to Mackeral
Mackeral collected $6 from pot
Mackeral: doesn't show hand
*** SUMMARY ***
Total pot $6 | Rake $0
Seat 4: TinaTurner72 (big blind) folded before Flop
Seat 5: Mackeral (button) (small blind) collected ($6)


PokerStars Hand #161879241251:  Hold'em Limit ($3/$6 USD) - 2016/11/24 5:40:27 ET
Table 'China II' 6-max Seat #4 is the button
Seat 4: TinaTurner72 ($150.15 in chips)
Seat 5: Mackeral ($109.35 in chips)
TinaTurner72: posts small blind $1
Mackeral: posts big blind $3
*** HOLE CARDS ***
TinaTurner72: raises $3 to $6
Mackeral: calls $3
*** FLOP *** [Td 9s 8d]
Mackeral: checks
TinaTurner72: checks
*** TURN *** [Td 9s 8d] [Jc]
Mackeral: bets $6
TinaTurner72: folds
Uncalled bet ($6) returned to Mackeral
Mackeral collected $11.76 from pot
Mackeral: doesn't show hand
*** SUMMARY ***
Total pot $12 | Rake $0.24
Board [Td 9s 8d Jc]
Seat 4: TinaTurner72 (button) (small blind) folded on the Turn
Seat 5: Mackeral (big blind) collected ($11.76)


PokerStars Hand #161879249501:  Hold'em Limit ($3/$6 USD) - 2016/11/24 5:40:46 ET
Table 'China II' 6-max Seat #5 is the button
Seat 4: TinaTurner72 ($144.15 in chips)
Seat 5: Mackeral ($115.11 in chips)
Mackeral: posts small blind $1
TinaTurner72: posts big blind $3
*** HOLE CARDS ***
Mackeral: raises $3 to $6
TinaTurner72: raises $3 to $9
Mackeral: calls $3
*** FLOP *** [2d 8h Jh]
TinaTurner72: bets $3
Mackeral: raises $3 to $6
TinaTurner72: calls $3
*** TURN *** [2d 8h Jh] [8d]
TinaTurner72: checks
Mackeral: bets $6
TinaTurner72: raises $6 to $12
Mackeral: calls $6
*** RIVER *** [2d 8h Jh 8d] [Kd]
TinaTurner72: bets $6
Mackeral: calls $6
*** SHOW DOWN ***
TinaTurner72: shows [8s Ts] (three of a kind, Eights)
Mackeral: mucks hand
TinaTurner72 collected $65.50 from pot
*** SUMMARY ***
Total pot $66 | Rake $0.50
Board [2d 8h Jh 8d Kd]
Seat 4: TinaTurner72 (big blind) showed [8s Ts] and won ($65.50) with three of a kind, Eights
Seat 5: Mackeral (button) (small blind) mucked


PokerStars Hand #161879265335:  Hold'em Limit ($3/$6 USD) - 2016/11/24 5:41:22 ET
Table 'China II' 6-max Seat #4 is the button
Seat 4: TinaTurner72 ($176.65 in chips)
Seat 5: Mackeral ($82.11 in chips)
TinaTurner72: posts small blind $1
Mackeral: posts big blind $3
*** HOLE CARDS ***
TinaTurner72: raises $3 to $6
Mackeral: raises $3 to $9
TinaTurner72: calls $3
*** FLOP *** [6s 3h Jd]
Mackeral: bets $3
TinaTurner72: calls $3
*** TURN *** [6s 3h Jd] [Js]
Mackeral: bets $6
TinaTurner72: calls $6
*** RIVER *** [6s 3h Jd Js] [Qs]
Mackeral: bets $6
TinaTurner72: calls $6
*** SHOW DOWN ***
Mackeral: shows [5h 4h] (a pair of Jacks)
TinaTurner72: shows [4s Kd] (a pair of Jacks - King kicker)
TinaTurner72 collected $47.50 from pot
*** SUMMARY ***
Total pot $48 | Rake $0.50
Board [6s 3h Jd Js Qs]
Seat 4: TinaTurner72 (button) (small blind) showed [4s Kd] and won ($47.50) with a pair of Jacks
Seat 5: Mackeral (big blind) showed [5h 4h] and lost with a pair of Jacks


PokerStars Hand #161879281137:  Hold'em Limit ($3/$6 USD) - 2016/11/24 5:41:59 ET
Table 'China II' 6-max Seat #5 is the button
Seat 4: TinaTurner72 ($200.15 in chips)
Seat 5: Mackeral ($58.11 in chips)
Mackeral: posts small blind $1
TinaTurner72: posts big blind $3
*** HOLE CARDS ***
Mackeral: raises $3 to $6
TinaTurner72: calls $3
*** FLOP *** [9c Kd 6s]
TinaTurner72: checks
Mackeral: bets $3
TinaTurner72: calls $3
*** TURN *** [9c Kd 6s] [6d]
TinaTurner72: checks
Mackeral: checks
*** RIVER *** [9c Kd 6s 6d] [Ad]
TinaTurner72: bets $6
Mackeral: raises $6 to $12
TinaTurner72: raises $6 to $18
Mackeral: raises $6 to $24
Betting is capped
TinaTurner72: calls $6
*** SHOW DOWN ***
Mackeral: shows [Td Qd] (a flush, Ace high)
TinaTurner72: mucks hand
Mackeral collected $65.50 from pot
*** SUMMARY ***
Total pot $66 | Rake $0.50
Board [9c Kd 6s 6d Ad]
Seat 4: TinaTurner72 (big blind) mucked
Seat 5: Mackeral (button) (small blind) showed [Td Qd] and won ($65.50) with a flush, Ace high


PokerStars Hand #161879309700:  Hold'em Limit ($3/$6 USD) - 2016/11/24 5:43:05 ET
Table 'China II' 6-max Seat #5 is the button
Seat 4: TinaTurner72 ($190.65 in chips)
Seat 5: Mackeral ($66.61 in chips)
Mackeral: posts small blind $1
TinaTurner72: posts big blind $3
*** HOLE CARDS ***
Mackeral: raises $3 to $6
TinaTurner72: calls $3
*** FLOP *** [Ad 9s Ts]
TinaTurner72: checks
Mackeral: checks
*** TURN *** [Ad 9s Ts] [3s]
TinaTurner72: checks
Mackeral: bets $6
TinaTurner72: calls $6
*** RIVER *** [Ad 9s Ts 3s] [7c]
TinaTurner72: checks
Mackeral: bets $6
TinaTurner72: folds
Uncalled bet ($6) returned to Mackeral
Mackeral collected $23.52 from pot
Mackeral: doesn't show hand
*** SUMMARY ***
Total pot $24 | Rake $0.48
Board [Ad 9s Ts 3s 7c]
Seat 4: TinaTurner72 (big blind) folded on the River
Seat 5: Mackeral (button) (small blind) collected ($23.52)


PokerStars Hand #161879297855:  Hold'em Limit ($3/$6 USD) - 2016/11/24 5:42:37 ET
Table 'China II' 6-max Seat #4 is the button
Seat 4: TinaTurner72 ($167.15 in chips)
Seat 5: Mackeral ($90.61 in chips)
TinaTurner72: posts small blind $1
Mackeral: posts big blind $3
*** HOLE CARDS ***
TinaTurner72: raises $3 to $6
Mackeral: raises $3 to $9
TinaTurner72: calls $3
*** FLOP *** [2c 5d 3s]
Mackeral: bets $3
TinaTurner72: calls $3
*** TURN *** [2c 5d 3s] [2s]
Mackeral: checks
TinaTurner72: bets $6
Mackeral: calls $6
*** RIVER *** [2c 5d 3s 2s] [9s]
Mackeral: checks
TinaTurner72: bets $6
Mackeral: calls $6
*** SHOW DOWN ***
TinaTurner72: shows [5h Kc] (two pair, Fives and Deuces)
Mackeral: mucks hand
TinaTurner72 collected $47.50 from pot
*** SUMMARY ***
Total pot $48 | Rake $0.50
Board [2c 5d 3s 2s 9s]
Seat 4: TinaTurner72 (button) (small blind) showed [5h Kc] and won ($47.50) with two pair, Fives and Deuces
Seat 5: Mackeral (big blind) mucked


PokerStars Hand #161879323294:  Hold'em Limit ($3/$6 USD) - 2016/11/24 5:43:36 ET
Table 'China II' 6-max Seat #4 is the button
Seat 4: TinaTurner72 ($178.65 in chips)
Seat 5: Mackeral ($78.13 in chips)
TinaTurner72: posts small blind $1
Mackeral: posts big blind $3
*** HOLE CARDS ***
TinaTurner72: raises $3 to $6
Mackeral: calls $3
*** FLOP *** [2s Jc 4c]
Mackeral: checks
TinaTurner72: bets $3
Mackeral: raises $3 to $6
TinaTurner72: calls $3
*** TURN *** [2s Jc 4c] [7s]
Mackeral: bets $6
TinaTurner72: calls $6
*** RIVER *** [2s Jc 4c 7s] [Qc]
Mackeral: bets $6
TinaTurner72: raises $6 to $12
Mackeral: calls $6
*** SHOW DOWN ***
TinaTurner72: shows [2c Qh] (two pair, Queens and Deuces)
Mackeral: mucks hand
TinaTurner72 collected $59.50 from pot
*** SUMMARY ***
Total pot $60 | Rake $0.50
Board [2s Jc 4c 7s Qc]
Seat 4: TinaTurner72 (button) (small blind) showed [2c Qh] and won ($59.50) with two pair, Queens and Deuces
Seat 5: Mackeral (big blind) mucked


PokerStars Hand #161879338294:  Hold'em Limit ($3/$6 USD) - 2016/11/24 5:44:10 ET
Table 'China II' 6-max Seat #5 is the button
Seat 4: TinaTurner72 ($208.15 in chips)
Seat 5: Mackeral ($48.13 in chips)
Mackeral: posts small blind $1
TinaTurner72: posts big blind $3
*** HOLE CARDS ***
Mackeral said, "donk"
Mackeral: raises $3 to $6
TinaTurner72 said, ":*"
TinaTurner72: calls $3
*** FLOP *** [Jh 4s 5c]
TinaTurner72: checks
Mackeral said, "lol"
Mackeral: bets $3
TinaTurner72: raises $3 to $6
Mackeral: raises $3 to $9
TinaTurner72: calls $3
*** TURN *** [Jh 4s 5c] [9s]
TinaTurner72: bets $6
Mackeral: raises $6 to $12
TinaTurner72: calls $6
*** RIVER *** [Jh 4s 5c 9s] [Kc]
TinaTurner72: checks
Mackeral: bets $6
TinaTurner72: calls $6
*** SHOW DOWN ***
Mackeral: shows [4h 4d] (three of a kind, Fours)
TinaTurner72: mucks hand
Mackeral collected $65.50 from pot
*** SUMMARY ***
Total pot $66 | Rake $0.50
Board [Jh 4s 5c 9s Kc]
Seat 4: TinaTurner72 (big blind) mucked
Seat 5: Mackeral (button) (small blind) showed [4h 4d] and won ($65.50) with three of a kind, Fours


PokerStars Hand #161879358591:  Hold'em Limit ($3/$6 USD) - 2016/11/24 5:44:57 ET
Table 'China II' 6-max Seat #4 is the button
Seat 4: TinaTurner72 ($175.15 in chips)
Seat 5: Mackeral ($80.63 in chips)
TinaTurner72: posts small blind $1
Mackeral: posts big blind $3
*** HOLE CARDS ***
TinaTurner72: raises $3 to $6
Mackeral: raises $3 to $9
TinaTurner72: calls $3
*** FLOP *** [Ks Jc 4s]
Mackeral: bets $3
TinaTurner72: calls $3
*** TURN *** [Ks Jc 4s] [3h]
Mackeral: bets $6
TinaTurner72: calls $6
*** RIVER *** [Ks Jc 4s 3h] [Th]
Mackeral: bets $6
TinaTurner72: calls $6
*** SHOW DOWN ***
Mackeral: shows [Ah Ac] (a pair of Aces)
TinaTurner72: mucks hand
Mackeral collected $47.50 from pot
*** SUMMARY ***
Total pot $48 | Rake $0.50
Board [Ks Jc 4s 3h Th]
Seat 4: TinaTurner72 (button) (small blind) mucked
Seat 5: Mackeral (big blind) showed [Ah Ac] and won ($47.50) with a pair of Aces


PokerStars Hand #161879369765:  Hold'em Limit ($3/$6 USD) - 2016/11/24 5:45:22 ET
Table 'China II' 6-max Seat #5 is the button
Seat 4: TinaTurner72 ($151.15 in chips)
Seat 5: Mackeral ($104.13 in chips)
Mackeral: posts small blind $1
TinaTurner72: posts big blind $3
*** HOLE CARDS ***
Mackeral: raises $3 to $6
TinaTurner72: calls $3
*** FLOP *** [5s 7d Ks]
TinaTurner72: checks
Mackeral: bets $3
TinaTurner72: calls $3
*** TURN *** [5s 7d Ks] [Ad]
TinaTurner72: checks
Mackeral: bets $6
TinaTurner72: raises $6 to $12
Mackeral: calls $6
*** RIVER *** [5s 7d Ks Ad] [2d]
TinaTurner72: bets $6
Mackeral: calls $6
*** SHOW DOWN ***
TinaTurner72: shows [Ah 4c] (a pair of Aces)
Mackeral: mucks hand
TinaTurner72 collected $53.50 from pot
*** SUMMARY ***
Total pot $54 | Rake $0.50
Board [5s 7d Ks Ad 2d]
Seat 4: TinaTurner72 (big blind) showed [Ah 4c] and won ($53.50) with a pair of Aces
Seat 5: Mackeral (button) (small blind) mucked


PokerStars Hand #161879405197:  Hold'em Limit ($3/$6 USD) - 2016/11/24 5:46:43 ET
Table 'China II' 6-max Seat #5 is the button
Seat 4: TinaTurner72 ($213.15 in chips)
Seat 5: Mackeral ($41.13 in chips)
Mackeral: posts small blind $1
TinaTurner72 said, "ohhhh"
TinaTurner72: posts big blind $3
*** HOLE CARDS ***
Mackeral said, "another donk"
Mackeral: folds
Uncalled bet ($2) returned to TinaTurner72
TinaTurner72 collected $2 from pot
TinaTurner72: doesn't show hand
*** SUMMARY ***
Total pot $2 | Rake $0
Seat 4: TinaTurner72 (big blind) collected ($2)
Seat 5: Mackeral (button) (small blind) folded before Flop


PokerStars Hand #161879382155:  Hold'em Limit ($3/$6 USD) - 2016/11/24 5:45:51 ET
Table 'China II' 6-max Seat #4 is the button
Seat 4: TinaTurner72 ($177.65 in chips)
Seat 5: Mackeral ($77.13 in chips)
TinaTurner72: posts small blind $1
Mackeral: posts big blind $3
*** HOLE CARDS ***
TinaTurner72 said, "say me more"
TinaTurner72: raises $3 to $6
Mackeral: calls $3
*** FLOP *** [7d 8s 2c]
Mackeral: checks
TinaTurner72: bets $3
Mackeral: raises $3 to $6
TinaTurner72: raises $3 to $9
Mackeral: raises $3 to $12
Betting is capped
TinaTurner72: calls $3
*** TURN *** [7d 8s 2c] [Jh]
Mackeral: bets $6
TinaTurner72: raises $6 to $12
Mackeral: calls $6
*** RIVER *** [7d 8s 2c Jh] [Kd]
Mackeral: checks
TinaTurner72: bets $6
Mackeral: calls $6
*** SHOW DOWN ***
TinaTurner72: shows [9h Ts] (a straight, Seven to Jack)
Mackeral: mucks hand
TinaTurner72 collected $71.50 from pot
*** SUMMARY ***
Total pot $72 | Rake $0.50
Board [7d 8s 2c Jh Kd]
Seat 4: TinaTurner72 (button) (small blind) showed [9h Ts] and won ($71.50) with a straight, Seven to Jack
Seat 5: Mackeral (big blind) mucked


PokerStars Hand #161879420562:  Hold'em Limit ($3/$6 USD) - 2016/11/24 5:47:19 ET
Table 'China II' 6-max Seat #5 is the button
Seat 4: TinaTurner72 ($234.65 in chips)
Seat 5: Mackeral ($19.13 in chips)
Mackeral: posts small blind $1
TinaTurner72: posts big blind $3
*** HOLE CARDS ***
Mackeral: folds
Uncalled bet ($2) returned to TinaTurner72
TinaTurner72 collected $2 from pot
TinaTurner72: doesn't show hand
*** SUMMARY ***
Total pot $2 | Rake $0
Seat 4: TinaTurner72 (big blind) collected ($2)
Seat 5: Mackeral (button) (small blind) folded before Flop


PokerStars Hand #161879409655:  Hold'em Limit ($3/$6 USD) - 2016/11/24 5:46:54 ET
Table 'China II' 6-max Seat #4 is the button
Seat 4: TinaTurner72 ($214.15 in chips)
Seat 5: Mackeral ($40.13 in chips)
TinaTurner72: posts small blind $1
Mackeral: posts big blind $3
*** HOLE CARDS ***
TinaTurner72: raises $3 to $6
Mackeral: calls $3
*** FLOP *** [3c Th 5d]
Mackeral: checks
TinaTurner72: bets $3
Mackeral: calls $3
*** TURN *** [3c Th 5d] [8d]
Mackeral: checks
TinaTurner72: bets $6
Mackeral: calls $6
*** RIVER *** [3c Th 5d 8d] [7c]
Mackeral: checks
TinaTurner72: bets $6
Mackeral: calls $6
*** SHOW DOWN ***
TinaTurner72: shows [4c Tc] (a pair of Tens)
Mackeral: mucks hand
TinaTurner72 collected $41.50 from pot
*** SUMMARY ***
Total pot $42 | Rake $0.50
Board [3c Th 5d 8d 7c]
Seat 4: TinaTurner72 (button) (small blind) showed [4c Tc] and won ($41.50) with a pair of Tens
Seat 5: Mackeral (big blind) mucked


PokerStars Hand #161879438130:  Hold'em Limit ($3/$6 USD) - 2016/11/24 5:48:00 ET
Table 'China II' 6-max Seat #5 is the button
Seat 4: TinaTurner72 ($217.52 in chips)
Seat 5: Mackeral ($35.76 in chips)
Mackeral: posts small blind $1
TinaTurner72: posts big blind $3
*** HOLE CARDS ***
Mackeral: raises $3 to $6
TinaTurner72: calls $3
*** FLOP *** [Kd 6d Ah]
TinaTurner72: checks
Mackeral: checks
*** TURN *** [Kd 6d Ah] [Qs]
TinaTurner72: checks
Mackeral: bets $6
TinaTurner72: calls $6
*** RIVER *** [Kd 6d Ah Qs] [8d]
TinaTurner72: checks
Mackeral: bets $6
TinaTurner72: calls $6
*** SHOW DOWN ***
Mackeral: shows [Kc 8h] (two pair, Kings and Eights)
TinaTurner72: mucks hand
Mackeral collected $35.50 from pot
*** SUMMARY ***
Total pot $36 | Rake $0.50
Board [Kd 6d Ah Qs 8d]
Seat 4: TinaTurner72 (big blind) mucked
Seat 5: Mackeral (button) (small blind) showed [Kc 8h] and won ($35.50) with two pair, Kings and Eights


PokerStars Hand #161879423169:  Hold'em Limit ($3/$6 USD) - 2016/11/24 5:47:25 ET
Table 'China II' 6-max Seat #4 is the button
Seat 4: TinaTurner72 ($235.65 in chips)
Seat 5: Mackeral ($18.13 in chips)
TinaTurner72: posts small blind $1
Mackeral: posts big blind $3
*** HOLE CARDS ***
TinaTurner72: raises $3 to $6
Mackeral: calls $3
*** FLOP *** [4s 6c As]
Mackeral: checks
TinaTurner72: checks
*** TURN *** [4s 6c As] [Kd]
Mackeral: bets $6
TinaTurner72: raises $6 to $12
Mackeral: raises $0.13 to $12.13 and is all-in
TinaTurner72: calls $0.13
*** RIVER *** [4s 6c As Kd] [2d]
*** SHOW DOWN ***
Mackeral: shows [Ks 9c] (a pair of Kings)
TinaTurner72: shows [8h 7c] (high card Ace)
Mackeral collected $35.76 from pot
*** SUMMARY ***
Total pot $36.26 | Rake $0.50
Board [4s 6c As Kd 2d]
Seat 4: TinaTurner72 (button) (small blind) showed [8h 7c] and lost with high card Ace
Seat 5: Mackeral (big blind) showed [Ks 9c] and won ($35.76) with a pair of Kings


PokerStars Hand #161879462806:  Hold'em Limit ($3/$6 USD) - 2016/11/24 5:48:56 ET
Table 'China II' 6-max Seat #5 is the button
Seat 4: TinaTurner72 ($241.02 in chips)
Seat 5: Mackeral ($11.26 in chips)
Mackeral: posts small blind $1
TinaTurner72: posts big blind $3
*** HOLE CARDS ***
Mackeral: raises $3 to $6
TinaTurner72: calls $3
*** FLOP *** [9d 4s 5h]
TinaTurner72: bets $3
Mackeral said, "you must loose tonnes of cash"
Mackeral: raises $2.26 to $5.26 and is all-in
TinaTurner72 said, ":p"
TinaTurner72 said, ":*"
TinaTurner72 said, "love you"
TinaTurner72: calls $2.26
*** TURN *** [9d 4s 5h] [7c]
*** RIVER *** [9d 4s 5h 7c] [Jh]
*** SHOW DOWN ***
TinaTurner72: shows [Ks 3h] (high card King)
Mackeral: shows [Th 8d] (a straight, Seven to Jack)
Mackeral collected $22.07 from pot
*** SUMMARY ***
Total pot $22.52 | Rake $0.45
Board [9d 4s 5h 7c Jh]
Seat 4: TinaTurner72 (big blind) showed [Ks 3h] and lost with high card King
Seat 5: Mackeral (button) (small blind) showed [Th 8d] and won ($22.07) with a straight, Seven to Jack


PokerStars Hand #161879448393:  Hold'em Limit ($3/$6 USD) - 2016/11/24 5:48:23 ET
Table 'China II' 6-max Seat #4 is the button
Seat 4: TinaTurner72 ($199.52 in chips)
Seat 5: Mackeral ($53.26 in chips)
TinaTurner72: posts small blind $1
Mackeral: posts big blind $3
*** HOLE CARDS ***
TinaTurner72: raises $3 to $6
Mackeral: raises $3 to $9
TinaTurner72: calls $3
*** FLOP *** [5h Tc 3s]
Mackeral: bets $3
TinaTurner72: calls $3
*** TURN *** [5h Tc 3s] [Ac]
Mackeral: bets $6
TinaTurner72: raises $6 to $12
Mackeral: raises $6 to $18
TinaTurner72: calls $6
*** RIVER *** [5h Tc 3s Ac] [2s]
Mackeral: bets $6
TinaTurner72: raises $6 to $12
Mackeral said, "FU"
Mackeral: calls $6
*** SHOW DOWN ***
TinaTurner72: shows [As 3h] (two pair, Aces and Threes)
Mackeral: mucks hand
TinaTurner72 collected $83.50 from pot
*** SUMMARY ***
Total pot $84 | Rake $0.50
Board [5h Tc 3s Ac 2s]
Seat 4: TinaTurner72 (button) (small blind) showed [As 3h] and won ($83.50) with two pair, Aces and Threes
Seat 5: Mackeral (big blind) mucked


PokerStars Hand #161879477404:  Hold'em Limit ($3/$6 USD) - 2016/11/24 5:49:30 ET
Table 'China II' 6-max Seat #4 is the button
Seat 4: TinaTurner72 ($229.76 in chips)
Seat 5: Mackeral ($22.07 in chips)
TinaTurner72: posts small blind $1
Mackeral: posts big blind $3
*** HOLE CARDS ***
TinaTurner72 said, "hah"
TinaTurner72 said, "what a luck"
TinaTurner72: raises $3 to $6
TinaTurner72 said, "T8"
TinaTurner72 said, "luckytank"
Mackeral said, "first hand"
Mackeral: raises $3 to $9
TinaTurner72: calls $3
*** FLOP *** [Th 4s Qh]
Mackeral: bets $3
TinaTurner72: calls $3
*** TURN *** [Th 4s Qh] [4h]
Mackeral: bets $6
TinaTurner72: folds
Uncalled bet ($6) returned to Mackeral
Mackeral collected $23.52 from pot
Mackeral: doesn't show hand
*** SUMMARY ***
Total pot $24 | Rake $0.48
Board [Th 4s Qh 4h]
Seat 4: TinaTurner72 (button) (small blind) folded on the Turn
Seat 5: Mackeral (big blind) collected ($23.52)


PokerStars Hand #161879516588:  Hold'em Limit ($3/$6 USD) - 2016/11/24 5:51:01 ET
Table 'China II' 6-max Seat #4 is the button
Seat 4: TinaTurner72 ($237.43 in chips)
Seat 5: Mackeral ($12.92 in chips)
TinaTurner72: posts small blind $1
Mackeral: posts big blind $3
*** HOLE CARDS ***
TinaTurner72: raises $3 to $6
Mackeral: calls $3
*** FLOP *** [3d 8s 4d]
Mackeral: checks
TinaTurner72: bets $3
Mackeral: folds
Uncalled bet ($3) returned to TinaTurner72
TinaTurner72 collected $11.76 from pot
TinaTurner72: doesn't show hand
*** SUMMARY ***
Total pot $12 | Rake $0.24
Board [3d 8s 4d]
Seat 4: TinaTurner72 (button) (small blind) collected ($11.76)
Seat 5: Mackeral (big blind) folded on the Flop


PokerStars Hand #161879509720:  Hold'em Limit ($3/$6 USD) - 2016/11/24 5:50:45 ET
Table 'China II' 6-max Seat #5 is the button
Seat 4: TinaTurner72 ($244.02 in chips)
Seat 5: Mackeral ($6.59 in chips)
Mackeral: posts small blind $1
TinaTurner72: posts big blind $3
*** HOLE CARDS ***
Mackeral: raises $3 to $6
TinaTurner72: raises $3 to $9
Mackeral: calls $0.59 and is all-in
Uncalled bet ($2.41) returned to TinaTurner72
*** FLOP *** [4s As 8s]
*** TURN *** [4s As 8s] [7c]
*** RIVER *** [4s As 8s 7c] [Ad]
*** SHOW DOWN ***
TinaTurner72: shows [Td 3c] (a pair of Aces)
Mackeral: shows [2d Ac] (three of a kind, Aces)
Mackeral collected $12.92 from pot
*** SUMMARY ***
Total pot $13.18 | Rake $0.26
Board [4s As 8s 7c Ad]
Seat 4: TinaTurner72 (big blind) showed [Td 3c] and lost with a pair of Aces
Seat 5: Mackeral (button) (small blind) showed [2d Ac] and won ($12.92) with three of a kind, Aces


PokerStars Hand #161879496471:  Hold'em Limit ($3/$6 USD) - 2016/11/24 5:50:15 ET
Table 'China II' 6-max Seat #4 is the button
Seat 4: TinaTurner72 ($223.52 in chips)
Seat 5: Mackeral ($27.59 in chips)
TinaTurner72: posts small blind $1
Mackeral: posts big blind $3
*** HOLE CARDS ***
TinaTurner72: raises $3 to $6
Mackeral: calls $3
*** FLOP *** [Th 3h Jh]
Mackeral: checks
TinaTurner72: bets $3
Mackeral: raises $3 to $6
TinaTurner72: raises $3 to $9
Mackeral: calls $3
*** TURN *** [Th 3h Jh] [5c]
Mackeral: checks
TinaTurner72: checks
*** RIVER *** [Th 3h Jh 5c] [As]
Mackeral: bets $6
TinaTurner72: calls $6
*** SHOW DOWN ***
Mackeral: shows [6h Ad] (a pair of Aces)
TinaTurner72: shows [Ah 7d] (a pair of Aces - Jack+Ten+Seven kicker)
TinaTurner72 collected $41.50 from pot
*** SUMMARY ***
Total pot $42 | Rake $0.50
Board [Th 3h Jh 5c As]
Seat 4: TinaTurner72 (button) (small blind) showed [Ah 7d] and won ($41.50) with a pair of Aces
Seat 5: Mackeral (big blind) showed [6h Ad] and lost with a pair of Aces


PokerStars Hand #161879521666:  Hold'em Limit ($3/$6 USD) - 2016/11/24 5:51:13 ET
Table 'China II' 6-max Seat #5 is the button
Seat 4: TinaTurner72 ($243.19 in chips)
Seat 5: Mackeral ($6.92 in chips)
Mackeral: posts small blind $1
TinaTurner72: posts big blind $3
*** HOLE CARDS ***
Mackeral: raises $3 to $6
TinaTurner72: raises $3 to $9
Mackeral: calls $0.92 and is all-in
Uncalled bet ($2.08) returned to TinaTurner72
*** FLOP *** [8s Jc 2s]
*** TURN *** [8s Jc 2s] [5d]
*** RIVER *** [8s Jc 2s 5d] [8h]
*** SHOW DOWN ***
TinaTurner72: shows [5h Kc] (two pair, Eights and Fives)
Mackeral: shows [4s Jd] (two pair, Jacks and Eights)
Mackeral collected $13.56 from pot
*** SUMMARY ***
Total pot $13.84 | Rake $0.28
Board [8s Jc 2s 5d 8h]
Seat 4: TinaTurner72 (big blind) showed [5h Kc] and lost with two pair, Eights and Fives
Seat 5: Mackeral (button) (small blind) showed [4s Jd] and won ($13.56) with two pair, Jacks and Eights


PokerStars Hand #161879529141:  Hold'em Limit ($3/$6 USD) - 2016/11/24 5:51:30 ET
Table 'China II' 6-max Seat #4 is the button
Seat 4: TinaTurner72 ($236.27 in chips)
Seat 5: Mackeral ($13.56 in chips)
TinaTurner72: posts small blind $1
Mackeral: posts big blind $3
*** HOLE CARDS ***
TinaTurner72: raises $3 to $6
Mackeral: calls $3
*** FLOP *** [Js Kc 6d]
Mackeral: checks
TinaTurner72: bets $3
robertass84 joins the table at seat #3
Mackeral: folds
Uncalled bet ($3) returned to TinaTurner72
TinaTurner72 collected $11.76 from pot
TinaTurner72: doesn't show hand
*** SUMMARY ***
Total pot $12 | Rake $0.24
Board [Js Kc 6d]
Seat 4: TinaTurner72 (button) (small blind) collected ($11.76)
Seat 5: Mackeral (big blind) folded on the Flop


