PokerStars Hand #149872698144:  Hold'em Limit ($3/$6 USD) - 2016/03/05 9:17:53 ET
Table 'Chiron III' 6-max Seat #3 is the button
Seat 3: Aria65 ($62.35 in chips)
Seat 5: AzureCaper ($77.14 in chips)
Aria65: posts small blind $1
AzureCaper: posts big blind $3
*** HOLE CARDS ***
Aria65: raises $3 to $6
AzureCaper: calls $3
*** FLOP *** [4s 4c Qh]
AzureCaper: checks
Aria65: bets $3
AzureCaper: raises $3 to $6
Aria65: calls $3
*** TURN *** [4s 4c Qh] [Jh]
AzureCaper: bets $6
Aria65: raises $6 to $12
AzureCaper: raises $6 to $18
Aria65: raises $6 to $24
Betting is capped
AzureCaper: calls $6
*** RIVER *** [4s 4c Qh Jh] [8c]
AzureCaper: checks
Aria65: bets $6
AzureCaper: calls $6
*** SHOW DOWN ***
Aria65: shows [7s 4d] (three of a kind, Fours)
AzureCaper: shows [4h 7d] (three of a kind, Fours)
AzureCaper collected $41.75 from pot
Aria65 collected $41.75 from pot
*** SUMMARY ***
Total pot $84 | Rake $0.50
Board [4s 4c Qh Jh 8c]
Seat 3: Aria65 (button) (small blind) showed [7s 4d] and won ($41.75) with three of a kind, Fours
Seat 5: AzureCaper (big blind) showed [4h 7d] and won ($41.75) with three of a kind, Fours


PokerStars Hand #149872687357:  Hold'em Limit ($3/$6 USD) - 2016/03/05 9:17:38 ET
Table 'Chiron III' 6-max Seat #5 is the button
Seat 3: Aria65 ($62.60 in chips)
Seat 5: AzureCaper ($77.39 in chips)
AzureCaper: posts small blind $1
Aria65: posts big blind $3
*** HOLE CARDS ***
AzureCaper: raises $3 to $6
Aria65: calls $3
*** FLOP *** [Ad 5c 7h]
Aria65: checks
AzureCaper: bets $3
Aria65: calls $3
*** TURN *** [Ad 5c 7h] [3c]
Aria65: checks
AzureCaper: checks
*** RIVER *** [Ad 5c 7h 3c] [Qd]
Aria65: bets $6
AzureCaper: calls $6
*** SHOW DOWN ***
Aria65: shows [4c 5d] (a pair of Fives)
AzureCaper: shows [4d 5s] (a pair of Fives)
Aria65 collected $14.75 from pot
AzureCaper collected $14.75 from pot
*** SUMMARY ***
Total pot $30 | Rake $0.50
Board [Ad 5c 7h 3c Qd]
Seat 3: Aria65 (big blind) showed [4c 5d] and won ($14.75) with a pair of Fives
Seat 5: AzureCaper (button) (small blind) showed [4d 5s] and won ($14.75) with a pair of Fives


PokerStars Hand #149872674259:  Hold'em Limit ($3/$6 USD) - 2016/03/05 9:17:20 ET
Table 'Chiron III' 6-max Seat #3 is the button
Seat 3: Aria65 ($62.85 in chips)
Seat 5: AzureCaper ($77.64 in chips)
Aria65: posts small blind $1
TbIP-TbIP 88: is sitting out
AzureCaper: posts big blind $3
*** HOLE CARDS ***
Aria65: raises $3 to $6
AzureCaper: calls $3
*** FLOP *** [4d 8c 6d]
AzureCaper: bets $3
Aria65: calls $3
*** TURN *** [4d 8c 6d] [7s]
AzureCaper: bets $6
Aria65: calls $6
*** RIVER *** [4d 8c 6d 7s] [5s]
AzureCaper: checks
Aria65: bets $6
AzureCaper: calls $6
*** SHOW DOWN ***
Aria65: shows [Td Ac] (a straight, Four to Eight)
AzureCaper: shows [3h 8h] (a straight, Four to Eight)
AzureCaper collected $20.75 from pot
Aria65 collected $20.75 from pot
*** SUMMARY ***
Total pot $42 | Rake $0.50
Board [4d 8c 6d 7s 5s]
Seat 3: Aria65 (button) (small blind) showed [Td Ac] and won ($20.75) with a straight, Four to Eight
Seat 5: AzureCaper (big blind) showed [3h 8h] and won ($20.75) with a straight, Four to Eight


PokerStars Hand #149872725928:  Hold'em Limit ($3/$6 USD) - 2016/03/05 9:18:31 ET
Table 'Chiron III' 6-max Seat #5 is the button
Seat 3: Aria65 ($66.10 in chips)
Seat 5: AzureCaper ($72.89 in chips)
AzureCaper: posts small blind $1
Aria65: posts big blind $3
*** HOLE CARDS ***
AzureCaper: raises $3 to $6
Aria65: raises $3 to $9
AzureCaper: raises $3 to $12
Betting is capped
Aria65: calls $3
*** FLOP *** [9d Kc Jh]
TbIP-TbIP 88 leaves the table
Aria65: bets $3
AzureCaper: raises $3 to $6
Aria65: raises $3 to $9
AzureCaper: raises $3 to $12
Betting is capped
Aria65: calls $3
*** TURN *** [9d Kc Jh] [3c]
Aria65: bets $6
AzureCaper: raises $6 to $12
Aria65: raises $6 to $18
AzureCaper: raises $6 to $24
Betting is capped
Aria65: calls $6
*** RIVER *** [9d Kc Jh 3c] [7d]
CatPuppy1999 joins the table at seat #4
Aria65: bets $6
AzureCaper: calls $6
*** SHOW DOWN ***
Aria65: shows [9c 9s] (three of a kind, Nines)
AzureCaper: shows [Jc Jd] (three of a kind, Jacks)
AzureCaper collected $107.50 from pot
*** SUMMARY ***
Total pot $108 | Rake $0.50
Board [9d Kc Jh 3c 7d]
Seat 3: Aria65 (big blind) showed [9c 9s] and lost with three of a kind, Nines
Seat 5: AzureCaper (button) (small blind) showed [Jc Jd] and won ($107.50) with three of a kind, Jacks


PokerStars Hand #149872722144:  Hold'em Limit ($3/$6 USD) - 2016/03/05 9:18:26 ET
Table 'Chiron III' 6-max Seat #3 is the button
Seat 3: Aria65 ($63.10 in chips)
Seat 5: AzureCaper ($75.89 in chips)
Aria65: posts small blind $1
AzureCaper: posts big blind $3
*** HOLE CARDS ***
Aria65: raises $3 to $6
AzureCaper: folds
Uncalled bet ($3) returned to Aria65
Aria65 collected $6 from pot
Aria65: doesn't show hand
*** SUMMARY ***
Total pot $6 | Rake $0
Seat 3: Aria65 (button) (small blind) collected ($6)
Seat 5: AzureCaper (big blind) folded before Flop


PokerStars Hand #149872715759:  Hold'em Limit ($3/$6 USD) - 2016/03/05 9:18:17 ET
Table 'Chiron III' 6-max Seat #5 is the button
Seat 3: Aria65 ($62.10 in chips)
Seat 5: AzureCaper ($76.89 in chips)
AzureCaper: posts small blind $1
Aria65: posts big blind $3
*** HOLE CARDS ***
AzureCaper: folds
Uncalled bet ($2) returned to Aria65
Aria65 collected $2 from pot
Aria65: doesn't show hand
*** SUMMARY ***
Total pot $2 | Rake $0
Seat 3: Aria65 (big blind) collected ($2)
Seat 5: AzureCaper (button) (small blind) folded before Flop


PokerStars Hand #149872758642:  Hold'em Limit ($3/$6 USD) - 2016/03/05 9:19:15 ET
Table 'Chiron III' 6-max Seat #4 is the button
Seat 4: CatPuppy1999 ($72 in chips)
Seat 5: AzureCaper ($140.67 in chips)
CatPuppy1999: posts small blind $1
AzureCaper: posts big blind $3
*** HOLE CARDS ***
Aria65 leaves the table
CatPuppy1999: folds
Uncalled bet ($2) returned to AzureCaper
AzureCaper collected $2 from pot
AzureCaper: doesn't show hand
*** SUMMARY ***
Total pot $2 | Rake $0
Seat 4: CatPuppy1999 (button) (small blind) folded before Flop
Seat 5: AzureCaper (big blind) collected ($2)


