PokerStars Hand #165651151527:  Hold'em Limit ($3/$6 USD) - 2017/02/04 2:05:36 ET
Table 'Chloe' 6-max Seat #4 is the button
Seat 3: habari786 ($51 in chips)
Seat 4: Bakenbaster ($68.64 in chips)
Bakenbaster: posts small blind $1
habari786: posts big blind $3
*** HOLE CARDS ***
Bakenbaster: raises $3 to $6
habari786: folds
Uncalled bet ($3) returned to Bakenbaster
Bakenbaster collected $6 from pot
Bakenbaster: doesn't show hand
*** SUMMARY ***
Total pot $6 | Rake $0
Seat 3: habari786 (big blind) folded before Flop
Seat 4: Bakenbaster (button) (small blind) collected ($6)


PokerStars Hand #165651148450:  Hold'em Limit ($3/$6 USD) - 2017/02/04 2:05:26 ET
Table 'Chloe' 6-max Seat #3 is the button
Seat 3: habari786 ($60 in chips)
Seat 4: Bakenbaster ($60 in chips)
habari786: posts small blind $1
Bakenbaster: posts big blind $3
*** HOLE CARDS ***
habari786: raises $3 to $6
Bakenbaster: raises $3 to $9
habari786: calls $3
*** FLOP *** [2h Th 3s]
Bakenbaster: bets $3
habari786: folds
Uncalled bet ($3) returned to Bakenbaster
Bakenbaster collected $17.64 from pot
Bakenbaster: doesn't show hand
*** SUMMARY ***
Total pot $18 | Rake $0.36
Board [2h Th 3s]
Seat 3: habari786 (button) (small blind) folded on the Flop
Seat 4: Bakenbaster (big blind) collected ($17.64)


PokerStars Hand #165651153179:  Hold'em Limit ($3/$6 USD) - 2017/02/04 2:05:41 ET
Table 'Chloe' 6-max Seat #3 is the button
Seat 3: habari786 ($48 in chips)
Seat 4: Bakenbaster ($71.64 in chips)
habari786: posts small blind $1
Bakenbaster: posts big blind $3
*** HOLE CARDS ***
habari786: raises $3 to $6
Bakenbaster: raises $3 to $9
habari786: raises $3 to $12
Betting is capped
karambakilla joins the table at seat #5
Bakenbaster: calls $3
*** FLOP *** [Qs 2c Ah]
Bakenbaster: checks
habari786: bets $3
Bakenbaster: calls $3
*** TURN *** [Qs 2c Ah] [2d]
Bakenbaster: checks
habari786: checks
*** RIVER *** [Qs 2c Ah 2d] [3s]
Bakenbaster: bets $6
habari786: calls $6
*** SHOW DOWN ***
Bakenbaster: shows [Ad 5s] (two pair, Aces and Deuces)
habari786: mucks hand
Bakenbaster collected $41.50 from pot
*** SUMMARY ***
Total pot $42 | Rake $0.50
Board [Qs 2c Ah 2d 3s]
Seat 3: habari786 (button) (small blind) mucked
Seat 4: Bakenbaster (big blind) showed [Ad 5s] and won ($41.50) with two pair, Aces and Deuces


PokerStars Hand #165651613734:  Hold'em Limit ($3/$6 USD) - 2017/02/04 2:29:37 ET
Table 'Chloe' 6-max Seat #3 is the button
Seat 3: habari786 ($64.90 in chips)
Seat 5: karambakilla ($189.80 in chips)
habari786: posts small blind $1
karambakilla: posts big blind $3
*** HOLE CARDS ***
habari786: raises $3 to $6
karambakilla: calls $3
*** FLOP *** [8h Td 2c]
karambakilla: checks
habari786: bets $3
karambakilla: calls $3
*** TURN *** [8h Td 2c] [5h]
karambakilla: checks
habari786: checks
*** RIVER *** [8h Td 2c 5h] [2s]
karambakilla: checks
habari786: checks
*** SHOW DOWN ***
karambakilla: shows [Kc 4c] (a pair of Deuces)
habari786: mucks hand
karambakilla collected $17.64 from pot
*** SUMMARY ***
Total pot $18 | Rake $0.36
Board [8h Td 2c 5h 2s]
Seat 3: habari786 (button) (small blind) mucked
Seat 5: karambakilla (big blind) showed [Kc 4c] and won ($17.64) with a pair of Deuces


PokerStars Hand #165651611854:  Hold'em Limit ($3/$6 USD) - 2017/02/04 2:29:32 ET
Table 'Chloe' 6-max Seat #5 is the button
Seat 3: habari786 ($63.90 in chips)
Seat 5: karambakilla ($190.80 in chips)
karambakilla: posts small blind $1
tttzzz: is sitting out
habari786: posts big blind $3
*** HOLE CARDS ***
tttzzz leaves the table
karambakilla: folds
Uncalled bet ($2) returned to habari786
habari786 collected $2 from pot
habari786: doesn't show hand
*** SUMMARY ***
Total pot $2 | Rake $0
Seat 3: habari786 (big blind) collected ($2)
Seat 5: karambakilla (button) (small blind) folded before Flop


PokerStars Hand #165651624642:  Hold'em Limit ($3/$6 USD) - 2017/02/04 2:30:11 ET
Table 'Chloe' 6-max Seat #3 is the button
Seat 3: habari786 ($46.90 in chips)
Seat 5: karambakilla ($207.08 in chips)
habari786: posts small blind $1
karambakilla: posts big blind $3
*** HOLE CARDS ***
habari786: folds
Uncalled bet ($2) returned to karambakilla
karambakilla collected $2 from pot
karambakilla: doesn't show hand
*** SUMMARY ***
Total pot $2 | Rake $0
Seat 3: habari786 (button) (small blind) folded before Flop
Seat 5: karambakilla (big blind) collected ($2)


PokerStars Hand #165651618565:  Hold'em Limit ($3/$6 USD) - 2017/02/04 2:29:52 ET
Table 'Chloe' 6-max Seat #5 is the button
Seat 3: habari786 ($55.90 in chips)
Seat 5: karambakilla ($198.44 in chips)
karambakilla: posts small blind $1
habari786: posts big blind $3
*** HOLE CARDS ***
karambakilla: raises $3 to $6
habari786: calls $3
*** FLOP *** [9c 3c 2c]
habari786: checks
karambakilla: bets $3
habari786: calls $3
*** TURN *** [9c 3c 2c] [7d]
habari786: checks
karambakilla: checks
*** RIVER *** [9c 3c 2c 7d] [Jd]
habari786: checks
karambakilla: checks
*** SHOW DOWN ***
habari786: shows [Td Ac] (high card Ace)
karambakilla: shows [Qc Ah] (high card Ace - Queen kicker)
karambakilla collected $17.64 from pot
*** SUMMARY ***
Total pot $18 | Rake $0.36
Board [9c 3c 2c 7d Jd]
Seat 3: habari786 (big blind) showed [Td Ac] and lost with high card Ace
Seat 5: karambakilla (button) (small blind) showed [Qc Ah] and won ($17.64) with high card Ace


PokerStars Hand #165651626363:  Hold'em Limit ($3/$6 USD) - 2017/02/04 2:30:16 ET
Table 'Chloe' 6-max Seat #5 is the button
Seat 3: habari786 ($45.90 in chips)
Seat 5: karambakilla ($208.08 in chips)
karambakilla: posts small blind $1
habari786: posts big blind $3
*** HOLE CARDS ***
karambakilla: folds
Uncalled bet ($2) returned to habari786
habari786 collected $2 from pot
habari786: doesn't show hand
*** SUMMARY ***
Total pot $2 | Rake $0
Seat 3: habari786 (big blind) collected ($2)
Seat 5: karambakilla (button) (small blind) folded before Flop


