PokerStars Hand #172725976505:  Hold'em Limit ($3/$6 USD) - 2017/07/07 13:48:30 ET
Table 'Chloris' 6-max Seat #2 is the button
Seat 2: ouwehaas ($99.87 in chips)
Seat 4: B_loJkl ($158.28 in chips)
ouwehaas: posts small blind $1
sim5sim5: is sitting out
B_loJkl: posts big blind $3
*** HOLE CARDS ***
ouwehaas: raises $3 to $6
sim5sim5 leaves the table
B_loJkl: calls $3
*** FLOP *** [6s Ac 7h]
B_loJkl: checks
ouwehaas: bets $3
sim5sim5 joins the table at seat #1
B_loJkl: calls $3
*** TURN *** [6s Ac 7h] [3c]
B_loJkl: checks
ouwehaas: bets $6
B_loJkl: calls $6
*** RIVER *** [6s Ac 7h 3c] [3s]
B_loJkl: checks
ouwehaas: bets $6
B_loJkl: calls $6
*** SHOW DOWN ***
ouwehaas: shows [Ah Qd] (two pair, Aces and Threes)
B_loJkl: mucks hand
ouwehaas collected $41.50 from pot
*** SUMMARY ***
Total pot $42 | Rake $0.50
Board [6s Ac 7h 3c 3s]
Seat 2: ouwehaas (button) (small blind) showed [Ah Qd] and won ($41.50) with two pair, Aces and Threes
Seat 4: B_loJkl (big blind) mucked


PokerStars Hand #172726402498:  Hold'em Limit ($3/$6 USD) - 2017/07/07 13:59:34 ET
Table 'Chloris' 6-max Seat #2 is the button
Seat 2: ouwehaas ($147.29 in chips)
Seat 6: TedBacon ($171.92 in chips)
ouwehaas: posts small blind $1
samurai.ru: is sitting out
TedBacon: posts big blind $3
*** HOLE CARDS ***
ouwehaas: raises $3 to $6
TedBacon: folds
Uncalled bet ($3) returned to ouwehaas
ouwehaas collected $6 from pot
*** SUMMARY ***
Total pot $6 | Rake $0
Seat 2: ouwehaas (button) (small blind) collected ($6)
Seat 6: TedBacon (big blind) folded before Flop


PokerStars Hand #172726407574:  Hold'em Limit ($3/$6 USD) - 2017/07/07 13:59:43 ET
Table 'Chloris' 6-max Seat #6 is the button
Seat 2: ouwehaas ($150.29 in chips)
Seat 6: TedBacon ($168.92 in chips)
TedBacon: posts small blind $1
ouwehaas: posts big blind $3
*** HOLE CARDS ***
TedBacon: folds
Uncalled bet ($2) returned to ouwehaas
ouwehaas collected $2 from pot
*** SUMMARY ***
Total pot $2 | Rake $0
Seat 2: ouwehaas (big blind) collected ($2)
Seat 6: TedBacon (button) (small blind) folded before Flop


PokerStars Hand #172726452650:  Hold'em Limit ($3/$6 USD) - 2017/07/07 14:01:01 ET
Table 'Chloris' 6-max Seat #3 is the button
Seat 2: ouwehaas ($149.29 in chips)
Seat 3: samurai.ru ($66.67 in chips)
samurai.ru: posts small blind $1
ouwehaas: posts big blind $3
*** HOLE CARDS ***
samurai.ru: folds
Uncalled bet ($2) returned to ouwehaas
ouwehaas collected $2 from pot
*** SUMMARY ***
Total pot $2 | Rake $0
Seat 2: ouwehaas (big blind) collected ($2)
Seat 3: samurai.ru (button) (small blind) folded before Flop


PokerStars Hand #172726448753:  Hold'em Limit ($3/$6 USD) - 2017/07/07 14:00:55 ET
Table 'Chloris' 6-max Seat #2 is the button
Seat 2: ouwehaas ($146.29 in chips)
Seat 3: samurai.ru ($69.67 in chips)
ouwehaas: posts small blind $1
samurai.ru: posts big blind $3
*** HOLE CARDS ***
ouwehaas: raises $3 to $6
samurai.ru: folds
Uncalled bet ($3) returned to ouwehaas
ouwehaas collected $6 from pot
*** SUMMARY ***
Total pot $6 | Rake $0
Seat 2: ouwehaas (button) (small blind) collected ($6)
Seat 3: samurai.ru (big blind) folded before Flop


PokerStars Hand #172726443011:  Hold'em Limit ($3/$6 USD) - 2017/07/07 14:00:45 ET
Table 'Chloris' 6-max Seat #3 is the button
Seat 2: ouwehaas ($145.29 in chips)
Seat 3: samurai.ru ($70.67 in chips)
samurai.ru: posts small blind $1
ouwehaas: posts big blind $3
*** HOLE CARDS ***
samurai.ru: folds
Uncalled bet ($2) returned to ouwehaas
ouwehaas collected $2 from pot
*** SUMMARY ***
Total pot $2 | Rake $0
Seat 2: ouwehaas (big blind) collected ($2)
Seat 3: samurai.ru (button) (small blind) folded before Flop


PokerStars Hand #172726433345:  Hold'em Limit ($3/$6 USD) - 2017/07/07 14:00:29 ET
Table 'Chloris' 6-max Seat #2 is the button
Seat 2: ouwehaas ($151.29 in chips)
Seat 3: samurai.ru ($64.91 in chips)
ouwehaas: posts small blind $1
samurai.ru: posts big blind $3
*** HOLE CARDS ***
ouwehaas: raises $3 to $6
samurai.ru: calls $3
*** FLOP *** [Qc 7s As]
samurai.ru: checks
ouwehaas: checks
*** TURN *** [Qc 7s As] [8c]
samurai.ru: bets $6
ouwehaas: folds
Uncalled bet ($6) returned to samurai.ru
samurai.ru collected $11.76 from pot
samurai.ru: doesn't show hand
*** SUMMARY ***
Total pot $12 | Rake $0.24
Board [Qc 7s As 8c]
Seat 2: ouwehaas (button) (small blind) folded on the Turn
Seat 3: samurai.ru (big blind) collected ($11.76)


PokerStars Hand #172726456288:  Hold'em Limit ($3/$6 USD) - 2017/07/07 14:01:07 ET
Table 'Chloris' 6-max Seat #2 is the button
Seat 2: ouwehaas ($150.29 in chips)
Seat 3: samurai.ru ($65.67 in chips)
ouwehaas: posts small blind $1
samurai.ru: posts big blind $3
*** HOLE CARDS ***
ouwehaas: raises $3 to $6
samurai.ru: calls $3
*** FLOP *** [9s 5s 6c]
samurai.ru: checks
ouwehaas: bets $3
samurai.ru: calls $3
*** TURN *** [9s 5s 6c] [Jc]
samurai.ru: checks
ouwehaas: bets $6
samurai.ru: folds
Uncalled bet ($6) returned to ouwehaas
ouwehaas collected $17.64 from pot
*** SUMMARY ***
Total pot $18 | Rake $0.36
Board [9s 5s 6c Jc]
Seat 2: ouwehaas (button) (small blind) collected ($17.64)
Seat 3: samurai.ru (big blind) folded on the Turn


PokerStars Hand #172726471317:  Hold'em Limit ($3/$6 USD) - 2017/07/07 14:01:31 ET
Table 'Chloris' 6-max Seat #2 is the button
Seat 2: ouwehaas ($155.93 in chips)
Seat 3: samurai.ru ($59.67 in chips)
ouwehaas: posts small blind $1
samurai.ru: posts big blind $3
*** HOLE CARDS ***
ouwehaas: folds
Uncalled bet ($2) returned to samurai.ru
samurai.ru collected $2 from pot
samurai.ru: doesn't show hand
*** SUMMARY ***
Total pot $2 | Rake $0
Seat 2: ouwehaas (button) (small blind) folded before Flop
Seat 3: samurai.ru (big blind) collected ($2)


PokerStars Hand #172726467316:  Hold'em Limit ($3/$6 USD) - 2017/07/07 14:01:25 ET
Table 'Chloris' 6-max Seat #3 is the button
Seat 2: ouwehaas ($158.93 in chips)
Seat 3: samurai.ru ($56.67 in chips)
samurai.ru: posts small blind $1
ouwehaas: posts big blind $3
*** HOLE CARDS ***
samurai.ru: raises $3 to $6
ouwehaas: folds
Uncalled bet ($3) returned to samurai.ru
samurai.ru collected $6 from pot
samurai.ru: doesn't show hand
*** SUMMARY ***
Total pot $6 | Rake $0
Seat 2: ouwehaas (big blind) folded before Flop
Seat 3: samurai.ru (button) (small blind) collected ($6)


PokerStars Hand #172726479525:  Hold'em Limit ($3/$6 USD) - 2017/07/07 14:01:43 ET
Table 'Chloris' 6-max Seat #2 is the button
Seat 2: ouwehaas ($155.93 in chips)
Seat 3: samurai.ru ($59.67 in chips)
ouwehaas: posts small blind $1
samurai.ru: posts big blind $3
*** HOLE CARDS ***
ouwehaas: folds
Uncalled bet ($2) returned to samurai.ru
samurai.ru collected $2 from pot
samurai.ru: doesn't show hand
*** SUMMARY ***
Total pot $2 | Rake $0
Seat 2: ouwehaas (button) (small blind) folded before Flop
Seat 3: samurai.ru (big blind) collected ($2)


PokerStars Hand #172726474406:  Hold'em Limit ($3/$6 USD) - 2017/07/07 14:01:35 ET
Table 'Chloris' 6-max Seat #3 is the button
Seat 2: ouwehaas ($154.93 in chips)
Seat 3: samurai.ru ($60.67 in chips)
samurai.ru: posts small blind $1
ouwehaas: posts big blind $3
*** HOLE CARDS ***
samurai.ru: folds
Uncalled bet ($2) returned to ouwehaas
ouwehaas collected $2 from pot
*** SUMMARY ***
Total pot $2 | Rake $0
Seat 2: ouwehaas (big blind) collected ($2)
Seat 3: samurai.ru (button) (small blind) folded before Flop


PokerStars Hand #172726482470:  Hold'em Limit ($3/$6 USD) - 2017/07/07 14:01:48 ET
Table 'Chloris' 6-max Seat #3 is the button
Seat 2: ouwehaas ($154.93 in chips)
Seat 3: samurai.ru ($60.67 in chips)
samurai.ru: posts small blind $1
ouwehaas: posts big blind $3
*** HOLE CARDS ***
samurai.ru: raises $3 to $6
ouwehaas: calls $3
*** FLOP *** [4s Qd 4d]
ouwehaas: checks
samurai.ru: bets $3
ouwehaas: raises $3 to $6
samurai.ru: folds
Uncalled bet ($3) returned to ouwehaas
ouwehaas collected $17.64 from pot
*** SUMMARY ***
Total pot $18 | Rake $0.36
Board [4s Qd 4d]
Seat 2: ouwehaas (big blind) collected ($17.64)
Seat 3: samurai.ru (button) (small blind) folded on the Flop


PokerStars Hand #172726493208:  Hold'em Limit ($3/$6 USD) - 2017/07/07 14:02:04 ET
Table 'Chloris' 6-max Seat #2 is the button
Seat 2: ouwehaas ($163.57 in chips)
Seat 3: samurai.ru ($51.67 in chips)
ouwehaas: posts small blind $1
samurai.ru: posts big blind $3
*** HOLE CARDS ***
ouwehaas: calls $2
samurai.ru: raises $3 to $6
ouwehaas: folds
Uncalled bet ($3) returned to samurai.ru
samurai.ru collected $6 from pot
samurai.ru: doesn't show hand
*** SUMMARY ***
Total pot $6 | Rake $0
Seat 2: ouwehaas (button) (small blind) folded before Flop
Seat 3: samurai.ru (big blind) collected ($6)


PokerStars Hand #172726499288:  Hold'em Limit ($3/$6 USD) - 2017/07/07 14:02:13 ET
Table 'Chloris' 6-max Seat #3 is the button
Seat 2: ouwehaas ($160.57 in chips)
Seat 3: samurai.ru ($54.67 in chips)
samurai.ru: posts small blind $1
ouwehaas: posts big blind $3
*** HOLE CARDS ***
samurai.ru: raises $3 to $6
ouwehaas: folds
Uncalled bet ($3) returned to samurai.ru
samurai.ru collected $6 from pot
samurai.ru: doesn't show hand
*** SUMMARY ***
Total pot $6 | Rake $0
Seat 2: ouwehaas (big blind) folded before Flop
Seat 3: samurai.ru (button) (small blind) collected ($6)


PokerStars Hand #172726503673:  Hold'em Limit ($3/$6 USD) - 2017/07/07 14:02:20 ET
Table 'Chloris' 6-max Seat #2 is the button
Seat 2: ouwehaas ($157.57 in chips)
Seat 3: samurai.ru ($57.67 in chips)
ouwehaas: posts small blind $1
samurai.ru: posts big blind $3
*** HOLE CARDS ***
ouwehaas: raises $3 to $6
samurai.ru: raises $3 to $9
ouwehaas: calls $3
*** FLOP *** [9s 4c 4d]
samurai.ru: bets $3
ouwehaas: folds
Uncalled bet ($3) returned to samurai.ru
samurai.ru collected $17.64 from pot
samurai.ru: doesn't show hand
*** SUMMARY ***
Total pot $18 | Rake $0.36
Board [9s 4c 4d]
Seat 2: ouwehaas (button) (small blind) folded on the Flop
Seat 3: samurai.ru (big blind) collected ($17.64)


PokerStars Hand #172726511902:  Hold'em Limit ($3/$6 USD) - 2017/07/07 14:02:32 ET
Table 'Chloris' 6-max Seat #3 is the button
Seat 2: ouwehaas ($148.57 in chips)
Seat 3: samurai.ru ($66.31 in chips)
samurai.ru: posts small blind $1
ouwehaas: posts big blind $3
*** HOLE CARDS ***
samurai.ru: raises $3 to $6
ouwehaas: raises $3 to $9
samurai.ru: calls $3
*** FLOP *** [2h 2c 7d]
ouwehaas: bets $3
samurai.ru: calls $3
*** TURN *** [2h 2c 7d] [4d]
ouwehaas: bets $6
samurai.ru: calls $6
*** RIVER *** [2h 2c 7d 4d] [Qc]
ouwehaas: checks
samurai.ru: bets $6
ouwehaas: folds
Uncalled bet ($6) returned to samurai.ru
samurai.ru collected $35.50 from pot
samurai.ru: doesn't show hand
*** SUMMARY ***
Total pot $36 | Rake $0.50
Board [2h 2c 7d 4d Qc]
Seat 2: ouwehaas (big blind) folded on the River
Seat 3: samurai.ru (button) (small blind) collected ($35.50)


PokerStars Hand #172726546921:  Hold'em Limit ($3/$6 USD) - 2017/07/07 14:03:23 ET
Table 'Chloris' 6-max Seat #3 is the button
Seat 2: ouwehaas ($136.33 in chips)
Seat 3: samurai.ru ($77.81 in chips)
samurai.ru: posts small blind $1
ouwehaas: posts big blind $3
*** HOLE CARDS ***
samurai.ru: folds
Uncalled bet ($2) returned to ouwehaas
B_loJkl leaves the table
ouwehaas collected $2 from pot
*** SUMMARY ***
Total pot $2 | Rake $0
Seat 2: ouwehaas (big blind) collected ($2)
Seat 3: samurai.ru (button) (small blind) folded before Flop


PokerStars Hand #172726534425:  Hold'em Limit ($3/$6 USD) - 2017/07/07 14:03:04 ET
Table 'Chloris' 6-max Seat #2 is the button
Seat 2: ouwehaas ($130.57 in chips)
Seat 3: samurai.ru ($83.81 in chips)
ouwehaas: posts small blind $1
samurai.ru: posts big blind $3
*** HOLE CARDS ***
ouwehaas: raises $3 to $6
samurai.ru: calls $3
*** FLOP *** [4d Jh 4h]
samurai.ru: checks
ouwehaas: bets $3
samurai.ru: folds
Uncalled bet ($3) returned to ouwehaas
ouwehaas collected $11.76 from pot
*** SUMMARY ***
Total pot $12 | Rake $0.24
Board [4d Jh 4h]
Seat 2: ouwehaas (button) (small blind) collected ($11.76)
Seat 3: samurai.ru (big blind) folded on the Flop


