PokerStars Hand #173990891560:  Hold'em Limit ($3/$6 USD) - 2017/08/06 10:25:42 ET
Table 'Chloe' 6-max Seat #1 is the button
Seat 1: ex-cali999 ($370.41 in chips)
Seat 4: Knudiebaby ($72.16 in chips)
ex-cali999: posts small blind $1
Knudiebaby: posts big blind $3
*** HOLE CARDS ***
ex-cali999: raises $3 to $6
Knudiebaby: folds
Uncalled bet ($3) returned to ex-cali999
ex-cali999 collected $6 from pot
ex-cali999: doesn't show hand
*** SUMMARY ***
Total pot $6 | Rake $0
Seat 1: ex-cali999 (button) (small blind) collected ($6)
Seat 4: Knudiebaby (big blind) folded before Flop


PokerStars Hand #173990922283:  Hold'em Limit ($3/$6 USD) - 2017/08/06 10:26:30 ET
Table 'Chloe' 6-max Seat #1 is the button
Seat 1: ex-cali999 ($366.41 in chips)
Seat 4: Knudiebaby ($75.80 in chips)
ex-cali999: posts small blind $1
Knudiebaby: posts big blind $3
*** HOLE CARDS ***
ex-cali999: raises $3 to $6
Knudiebaby: folds
Uncalled bet ($3) returned to ex-cali999
ex-cali999 collected $6 from pot
ex-cali999: doesn't show hand
*** SUMMARY ***
Total pot $6 | Rake $0
Seat 1: ex-cali999 (button) (small blind) collected ($6)
Seat 4: Knudiebaby (big blind) folded before Flop


PokerStars Hand #173990896524:  Hold'em Limit ($3/$6 USD) - 2017/08/06 10:25:50 ET
Table 'Chloe' 6-max Seat #4 is the button
Seat 1: ex-cali999 ($373.41 in chips)
Seat 4: Knudiebaby ($69.16 in chips)
Knudiebaby: posts small blind $1
ex-cali999: posts big blind $3
*** HOLE CARDS ***
Knudiebaby: folds
Uncalled bet ($2) returned to ex-cali999
ex-cali999 collected $2 from pot
ex-cali999: doesn't show hand
*** SUMMARY ***
Total pot $2 | Rake $0
Seat 1: ex-cali999 (big blind) collected ($2)
Seat 4: Knudiebaby (button) (small blind) folded before Flop


PokerStars Hand #173990930630:  Hold'em Limit ($3/$6 USD) - 2017/08/06 10:26:43 ET
Table 'Chloe' 6-max Seat #1 is the button
Seat 1: ex-cali999 ($370.41 in chips)
Seat 4: Knudiebaby ($71.80 in chips)
ex-cali999: posts small blind $1
Knudiebaby: posts big blind $3
*** HOLE CARDS ***
ex-cali999: raises $3 to $6
Knudiebaby: folds
Uncalled bet ($3) returned to ex-cali999
ex-cali999 collected $6 from pot
ex-cali999: doesn't show hand
*** SUMMARY ***
Total pot $6 | Rake $0
Seat 1: ex-cali999 (button) (small blind) collected ($6)
Seat 4: Knudiebaby (big blind) folded before Flop


PokerStars Hand #173990926403:  Hold'em Limit ($3/$6 USD) - 2017/08/06 10:26:37 ET
Table 'Chloe' 6-max Seat #4 is the button
Seat 1: ex-cali999 ($369.41 in chips)
Seat 4: Knudiebaby ($72.80 in chips)
Knudiebaby: posts small blind $1
ex-cali999: posts big blind $3
*** HOLE CARDS ***
Knudiebaby: folds
Uncalled bet ($2) returned to ex-cali999
ex-cali999 collected $2 from pot
ex-cali999: doesn't show hand
*** SUMMARY ***
Total pot $2 | Rake $0
Seat 1: ex-cali999 (big blind) collected ($2)
Seat 4: Knudiebaby (button) (small blind) folded before Flop


PokerStars Hand #173990918944:  Hold'em Limit ($3/$6 USD) - 2017/08/06 10:26:25 ET
Table 'Chloe' 6-max Seat #4 is the button
Seat 1: ex-cali999 ($365.41 in chips)
Seat 4: Knudiebaby ($76.80 in chips)
Knudiebaby: posts small blind $1
ex-cali999: posts big blind $3
*** HOLE CARDS ***
Knudiebaby: folds
Uncalled bet ($2) returned to ex-cali999
ex-cali999 collected $2 from pot
ex-cali999: doesn't show hand
*** SUMMARY ***
Total pot $2 | Rake $0
Seat 1: ex-cali999 (big blind) collected ($2)
Seat 4: Knudiebaby (button) (small blind) folded before Flop


PokerStars Hand #173990900203:  Hold'em Limit ($3/$6 USD) - 2017/08/06 10:25:56 ET
Table 'Chloe' 6-max Seat #1 is the button
Seat 1: ex-cali999 ($374.41 in chips)
Seat 4: Knudiebaby ($68.16 in chips)
ex-cali999: posts small blind $1
Knudiebaby: posts big blind $3
*** HOLE CARDS ***
ex-cali999: raises $3 to $6
Knudiebaby: calls $3
*** FLOP *** [7d 2s Jh]
Knudiebaby: bets $3
ex-cali999: calls $3
*** TURN *** [7d 2s Jh] [Js]
Knudiebaby: checks
ex-cali999: checks
*** RIVER *** [7d 2s Jh Js] [4h]
Knudiebaby: checks
ex-cali999: checks
*** SHOW DOWN ***
Knudiebaby: shows [Qc 5c] (a pair of Jacks)
ex-cali999: mucks hand
Knudiebaby collected $17.64 from pot
*** SUMMARY ***
Total pot $18 | Rake $0.36
Board [7d 2s Jh Js 4h]
Seat 1: ex-cali999 (button) (small blind) mucked
Seat 4: Knudiebaby (big blind) showed [Qc 5c] and won ($17.64) with a pair of Jacks


PokerStars Hand #173990957788:  Hold'em Limit ($3/$6 USD) - 2017/08/06 10:27:26 ET
Table 'Chloe' 6-max Seat #1 is the button
Seat 1: ex-cali999 ($379.17 in chips)
Seat 4: Knudiebaby ($62.80 in chips)
ex-cali999: posts small blind $1
Knudiebaby: posts big blind $3
*** HOLE CARDS ***
ex-cali999: raises $3 to $6
Knudiebaby: folds
Uncalled bet ($3) returned to ex-cali999
ex-cali999 collected $6 from pot
ex-cali999: doesn't show hand
*** SUMMARY ***
Total pot $6 | Rake $0
Seat 1: ex-cali999 (button) (small blind) collected ($6)
Seat 4: Knudiebaby (big blind) folded before Flop


PokerStars Hand #173990935272:  Hold'em Limit ($3/$6 USD) - 2017/08/06 10:26:50 ET
Table 'Chloe' 6-max Seat #4 is the button
Seat 1: ex-cali999 ($373.41 in chips)
Seat 4: Knudiebaby ($68.80 in chips)
Knudiebaby: posts small blind $1
ex-cali999: posts big blind $3
*** HOLE CARDS ***
Knudiebaby: raises $3 to $6
ex-cali999: calls $3
*** FLOP *** [4s 8d Qd]
ex-cali999: checks
Knudiebaby: checks
*** TURN *** [4s 8d Qd] [Ah]
ex-cali999: checks
Knudiebaby: checks
*** RIVER *** [4s 8d Qd Ah] [Tc]
ex-cali999: checks
Knudiebaby: checks
*** SHOW DOWN ***
ex-cali999: shows [Ts Kh] (a pair of Tens)
Knudiebaby: mucks hand
ex-cali999 collected $11.76 from pot
*** SUMMARY ***
Total pot $12 | Rake $0.24
Board [4s 8d Qd Ah Tc]
Seat 1: ex-cali999 (big blind) showed [Ts Kh] and won ($11.76) with a pair of Tens
Seat 4: Knudiebaby (button) (small blind) mucked


PokerStars Hand #173990961265:  Hold'em Limit ($3/$6 USD) - 2017/08/06 10:27:31 ET
Table 'Chloe' 6-max Seat #4 is the button
Seat 1: ex-cali999 ($382.17 in chips)
Seat 4: Knudiebaby ($59.80 in chips)
Knudiebaby: posts small blind $1
ex-cali999: posts big blind $3
*** HOLE CARDS ***
Knudiebaby: folds
Uncalled bet ($2) returned to ex-cali999
ex-cali999 collected $2 from pot
ex-cali999: doesn't show hand
*** SUMMARY ***
Total pot $2 | Rake $0
Seat 1: ex-cali999 (big blind) collected ($2)
Seat 4: Knudiebaby (button) (small blind) folded before Flop


