PokerStars Hand #171786971416:  Hold'em Limit ($3/$6 USD) - 2017/06/14 20:00:09 ET
Table 'Chloris' 6-max Seat #3 is the button
Seat 1: scorpio04 ($504.80 in chips)
Seat 3: Rydik8888 ($40.56 in chips)
Rydik8888: posts small blind $1
scorpio04: posts big blind $3
*** HOLE CARDS ***
Rydik8888: folds
Uncalled bet ($2) returned to scorpio04
scorpio04 collected $2 from pot
scorpio04: doesn't show hand
*** SUMMARY ***
Total pot $2 | Rake $0
Seat 1: scorpio04 (big blind) collected ($2)
Seat 3: Rydik8888 (button) (small blind) folded before Flop


PokerStars Hand #171786988452:  Hold'em Limit ($3/$6 USD) - 2017/06/14 20:00:48 ET
Table 'Chloris' 6-max Seat #1 is the button
Seat 1: scorpio04 ($512.56 in chips)
Seat 3: Rydik8888 ($32.56 in chips)
scorpio04: posts small blind $1
Rydik8888: posts big blind $3
*** HOLE CARDS ***
scorpio04: folds
Uncalled bet ($2) returned to Rydik8888
Rydik8888 collected $2 from pot
*** SUMMARY ***
Total pot $2 | Rake $0
Seat 1: scorpio04 (button) (small blind) folded before Flop
Seat 3: Rydik8888 (big blind) collected ($2)


PokerStars Hand #171786986434:  Hold'em Limit ($3/$6 USD) - 2017/06/14 20:00:43 ET
Table 'Chloris' 6-max Seat #3 is the button
Seat 1: scorpio04 ($511.56 in chips)
Seat 3: Rydik8888 ($33.56 in chips)
Rydik8888: posts small blind $1
scorpio04: posts big blind $3
*** HOLE CARDS ***
Rydik8888: folds
Uncalled bet ($2) returned to scorpio04
scorpio04 collected $2 from pot
scorpio04: doesn't show hand
*** SUMMARY ***
Total pot $2 | Rake $0
Seat 1: scorpio04 (big blind) collected ($2)
Seat 3: Rydik8888 (button) (small blind) folded before Flop


PokerStars Hand #171786974048:  Hold'em Limit ($3/$6 USD) - 2017/06/14 20:00:15 ET
Table 'Chloris' 6-max Seat #1 is the button
Seat 1: scorpio04 ($505.80 in chips)
Seat 3: Rydik8888 ($39.56 in chips)
scorpio04: posts small blind $1
Rydik8888: posts big blind $3
*** HOLE CARDS ***
scorpio04: raises $3 to $6
Rydik8888: calls $3
*** FLOP *** [Kh 7d Js]
Rydik8888: checks
scorpio04: checks
*** TURN *** [Kh 7d Js] [Ah]
Rydik8888: checks
scorpio04: bets $6
Rydik8888: folds
Uncalled bet ($6) returned to scorpio04
scorpio04 collected $11.76 from pot
scorpio04: doesn't show hand
*** SUMMARY ***
Total pot $12 | Rake $0.24
Board [Kh 7d Js Ah]
Seat 1: scorpio04 (button) (small blind) collected ($11.76)
Seat 3: Rydik8888 (big blind) folded on the Turn


PokerStars Hand #171786991490:  Hold'em Limit ($3/$6 USD) - 2017/06/14 20:00:54 ET
Table 'Chloris' 6-max Seat #3 is the button
Seat 1: scorpio04 ($511.56 in chips)
Seat 3: Rydik8888 ($33.56 in chips)
Rydik8888: posts small blind $1
scorpio04: posts big blind $3
*** HOLE CARDS ***
Rydik8888: raises $3 to $6
scorpio04: calls $3
*** FLOP *** [Th 9d Ah]
scorpio04: checks
Rydik8888: checks
*** TURN *** [Th 9d Ah] [As]
scorpio04: checks
Rydik8888: bets $6
scorpio04: folds
Uncalled bet ($6) returned to Rydik8888
Rydik8888 collected $11.76 from pot
*** SUMMARY ***
Total pot $12 | Rake $0.24
Board [Th 9d Ah As]
Seat 1: scorpio04 (big blind) folded on the Turn
Seat 3: Rydik8888 (button) (small blind) collected ($11.76)


PokerStars Hand #171787026473:  Hold'em Limit ($3/$6 USD) - 2017/06/14 20:02:09 ET
Table 'Chloris' 6-max Seat #1 is the button
Seat 1: scorpio04 ($519.96 in chips)
Seat 3: Rydik8888 ($24.32 in chips)
scorpio04: posts small blind $1
Rydik8888: posts big blind $3
*** HOLE CARDS ***
scorpio04: folds
Uncalled bet ($2) returned to Rydik8888
Rydik8888 collected $2 from pot
Rydik8888: doesn't show hand
*** SUMMARY ***
Total pot $2 | Rake $0
Seat 1: scorpio04 (button) (small blind) folded before Flop
Seat 3: Rydik8888 (big blind) collected ($2)


PokerStars Hand #171787014779:  Hold'em Limit ($3/$6 USD) - 2017/06/14 20:01:44 ET
Table 'Chloris' 6-max Seat #3 is the button
Seat 1: scorpio04 ($511.32 in chips)
Seat 3: Rydik8888 ($33.32 in chips)
Rydik8888: posts small blind $1
scorpio04: posts big blind $3
*** HOLE CARDS ***
Rydik8888: raises $3 to $6
scorpio04: raises $3 to $9
Rydik8888: calls $3
*** FLOP *** [9c 8h 3h]
scorpio04: bets $3
Rydik8888: folds
Uncalled bet ($3) returned to scorpio04
scorpio04 collected $17.64 from pot
scorpio04: doesn't show hand
*** SUMMARY ***
Total pot $18 | Rake $0.36
Board [9c 8h 3h]
Seat 1: scorpio04 (big blind) collected ($17.64)
Seat 3: Rydik8888 (button) (small blind) folded on the Flop


PokerStars Hand #171787008355:  Hold'em Limit ($3/$6 USD) - 2017/06/14 20:01:31 ET
Table 'Chloris' 6-max Seat #1 is the button
Seat 1: scorpio04 ($505.56 in chips)
Seat 3: Rydik8888 ($39.32 in chips)
scorpio04: posts small blind $1
Rydik8888: posts big blind $3
*** HOLE CARDS ***
scorpio04: raises $3 to $6
Rydik8888: calls $3
*** FLOP *** [Td Th 8s]
Rydik8888: checks
scorpio04: bets $3
Rydik8888: folds
Uncalled bet ($3) returned to scorpio04
scorpio04 collected $11.76 from pot
scorpio04: doesn't show hand
*** SUMMARY ***
Total pot $12 | Rake $0.24
Board [Td Th 8s]
Seat 1: scorpio04 (button) (small blind) collected ($11.76)
Seat 3: Rydik8888 (big blind) folded on the Flop


PokerStars Hand #171787029313:  Hold'em Limit ($3/$6 USD) - 2017/06/14 20:02:15 ET
Table 'Chloris' 6-max Seat #3 is the button
Seat 1: scorpio04 ($518.96 in chips)
Seat 3: Rydik8888 ($25.32 in chips)
Rydik8888: posts small blind $1
scorpio04: posts big blind $3
*** HOLE CARDS ***
Rydik8888: calls $2
scorpio04: checks
*** FLOP *** [3d 8d Td]
scorpio04: checks
Rydik8888: bets $3
scorpio04: raises $3 to $6
Rydik8888: calls $3
*** TURN *** [3d 8d Td] [9c]
scorpio04: bets $6
Rydik8888: calls $6
*** RIVER *** [3d 8d Td 9c] [Tc]
scorpio04: bets $6
Rydik8888: raises $4.32 to $10.32 and is all-in
scorpio04: calls $4.32
*** SHOW DOWN ***
Rydik8888: shows [6s Qd] (a pair of Tens)
scorpio04: shows [7d 9s] (two pair, Tens and Nines)
scorpio04 collected $50.14 from pot
*** SUMMARY ***
Total pot $50.64 | Rake $0.50
Board [3d 8d Td 9c Tc]
Seat 1: scorpio04 (big blind) showed [7d 9s] and won ($50.14) with two pair, Tens and Nines
Seat 3: Rydik8888 (button) (small blind) showed [6s Qd] and lost with a pair of Tens


PokerStars Hand #171787068542:  Hold'em Limit ($3/$6 USD) - 2017/06/14 20:03:39 ET
Table 'Chloris' 6-max Seat #3 is the button
Seat 1: scorpio04 ($522.78 in chips)
Seat 3: Rydik8888 ($193.39 in chips)
Rydik8888: posts small blind $1
scorpio04: posts big blind $3
*** HOLE CARDS ***
Rydik8888: raises $3 to $6
scorpio04: calls $3
*** FLOP *** [Jc 5h 3s]
scorpio04: checks
Rydik8888: checks
*** TURN *** [Jc 5h 3s] [Qd]
scorpio04: bets $6
Rydik8888: folds
Uncalled bet ($6) returned to scorpio04
scorpio04 collected $11.76 from pot
scorpio04: doesn't show hand
*** SUMMARY ***
Total pot $12 | Rake $0.24
Board [Jc 5h 3s Qd]
Seat 1: scorpio04 (big blind) collected ($11.76)
Seat 3: Rydik8888 (button) (small blind) folded on the Turn


PokerStars Hand #171787083832:  Hold'em Limit ($3/$6 USD) - 2017/06/14 20:04:11 ET
Table 'Chloris' 6-max Seat #3 is the button
Seat 1: scorpio04 ($531.54 in chips)
Seat 3: Rydik8888 ($184.39 in chips)
Rydik8888: posts small blind $1
scorpio04: posts big blind $3
*** HOLE CARDS ***
Rydik8888: folds
Uncalled bet ($2) returned to scorpio04
scorpio04 collected $2 from pot
scorpio04: doesn't show hand
*** SUMMARY ***
Total pot $2 | Rake $0
Seat 1: scorpio04 (big blind) collected ($2)
Seat 3: Rydik8888 (button) (small blind) folded before Flop


PokerStars Hand #171787079681:  Hold'em Limit ($3/$6 USD) - 2017/06/14 20:04:02 ET
Table 'Chloris' 6-max Seat #1 is the button
Seat 1: scorpio04 ($528.54 in chips)
Seat 3: Rydik8888 ($187.39 in chips)
scorpio04: posts small blind $1
Rydik8888: posts big blind $3
*** HOLE CARDS ***
scorpio04: raises $3 to $6
Rydik8888: folds
Uncalled bet ($3) returned to scorpio04
scorpio04 collected $6 from pot
scorpio04: doesn't show hand
*** SUMMARY ***
Total pot $6 | Rake $0
Seat 1: scorpio04 (button) (small blind) collected ($6)
Seat 3: Rydik8888 (big blind) folded before Flop


PokerStars Hand #171787086436:  Hold'em Limit ($3/$6 USD) - 2017/06/14 20:04:17 ET
Table 'Chloris' 6-max Seat #1 is the button
Seat 1: scorpio04 ($532.54 in chips)
Seat 3: Rydik8888 ($183.39 in chips)
scorpio04: posts small blind $1
Rydik8888: posts big blind $3
*** HOLE CARDS ***
scorpio04: raises $3 to $6
Rydik8888: raises $3 to $9
scorpio04: calls $3
*** FLOP *** [3c 3h Ts]
Rydik8888: bets $3
scorpio04: calls $3
*** TURN *** [3c 3h Ts] [Kc]
Rydik8888: bets $6
scorpio04: folds
Uncalled bet ($6) returned to Rydik8888
Rydik8888 collected $23.52 from pot
Rydik8888: doesn't show hand
*** SUMMARY ***
Total pot $24 | Rake $0.48
Board [3c 3h Ts Kc]
Seat 1: scorpio04 (button) (small blind) folded on the Turn
Seat 3: Rydik8888 (big blind) collected ($23.52)


PokerStars Hand #171787097180:  Hold'em Limit ($3/$6 USD) - 2017/06/14 20:04:40 ET
Table 'Chloris' 6-max Seat #3 is the button
Seat 1: scorpio04 ($520.54 in chips)
Seat 3: Rydik8888 ($194.91 in chips)
Rydik8888: posts small blind $1
scorpio04: posts big blind $3
*** HOLE CARDS ***
Rydik8888: raises $3 to $6
scorpio04: raises $3 to $9
Rydik8888: raises $3 to $12
Betting is capped
scorpio04: calls $3
*** FLOP *** [3c Jh Qs]
scorpio04: checks
Rydik8888: bets $3
scorpio04: raises $3 to $6
Rydik8888: raises $3 to $9
scorpio04: raises $3 to $12
Betting is capped
Rydik8888: calls $3
*** TURN *** [3c Jh Qs] [8s]
scorpio04: bets $6
Rydik8888: calls $6
*** RIVER *** [3c Jh Qs 8s] [3h]
scorpio04: bets $6
Rydik8888: folds
Uncalled bet ($6) returned to scorpio04
scorpio04 collected $59.50 from pot
scorpio04: doesn't show hand
*** SUMMARY ***
Total pot $60 | Rake $0.50
Board [3c Jh Qs 8s 3h]
Seat 1: scorpio04 (big blind) collected ($59.50)
Seat 3: Rydik8888 (button) (small blind) folded on the River


PokerStars Hand #171787128313:  Hold'em Limit ($3/$6 USD) - 2017/06/14 20:05:46 ET
Table 'Chloris' 6-max Seat #3 is the button
Seat 1: scorpio04 ($570.54 in chips)
Seat 3: Rydik8888 ($143.91 in chips)
Rydik8888: posts small blind $1
scorpio04: posts big blind $3
*** HOLE CARDS ***
Rydik8888: raises $3 to $6
scorpio04: raises $3 to $9
Rydik8888: raises $3 to $12
Betting is capped
scorpio04: calls $3
*** FLOP *** [3s 3h 7c]
scorpio04: checks
Rydik8888: bets $3
scorpio04: raises $3 to $6
Rydik8888: calls $3
*** TURN *** [3s 3h 7c] [8h]
scorpio04: bets $6
Rydik8888: calls $6
*** RIVER *** [3s 3h 7c 8h] [9s]
scorpio04: bets $6
Rydik8888: calls $6
*** SHOW DOWN ***
scorpio04: shows [Ad 3d] (three of a kind, Threes)
Rydik8888: mucks hand
scorpio04 collected $59.50 from pot
*** SUMMARY ***
Total pot $60 | Rake $0.50
Board [3s 3h 7c 8h 9s]
Seat 1: scorpio04 (big blind) showed [Ad 3d] and won ($59.50) with three of a kind, Threes
Seat 3: Rydik8888 (button) (small blind) mucked


PokerStars Hand #171787147269:  Hold'em Limit ($3/$6 USD) - 2017/06/14 20:06:26 ET
Table 'Chloris' 6-max Seat #1 is the button
Seat 1: scorpio04 ($600.04 in chips)
Seat 3: Rydik8888 ($113.91 in chips)
scorpio04: posts small blind $1
Rydik8888: posts big blind $3
*** HOLE CARDS ***
scorpio04: folds
Uncalled bet ($2) returned to Rydik8888
Rydik8888 collected $2 from pot
Rydik8888: doesn't show hand
*** SUMMARY ***
Total pot $2 | Rake $0
Seat 1: scorpio04 (button) (small blind) folded before Flop
Seat 3: Rydik8888 (big blind) collected ($2)


PokerStars Hand #171787114220:  Hold'em Limit ($3/$6 USD) - 2017/06/14 20:05:16 ET
Table 'Chloris' 6-max Seat #1 is the button
Seat 1: scorpio04 ($550.04 in chips)
Seat 3: Rydik8888 ($164.91 in chips)
scorpio04: posts small blind $1
Rydik8888: posts big blind $3
*** HOLE CARDS ***
scorpio04: raises $3 to $6
Rydik8888: calls $3
*** FLOP *** [7h 6c Jc]
Rydik8888: bets $3
scorpio04: calls $3
*** TURN *** [7h 6c Jc] [Qh]
Rydik8888: checks
scorpio04: bets $6
Rydik8888: calls $6
*** RIVER *** [7h 6c Jc Qh] [2h]
Rydik8888: bets $6
scorpio04: calls $6
*** SHOW DOWN ***
Rydik8888: shows [2c 9c] (a pair of Deuces)
scorpio04: shows [7c Kd] (a pair of Sevens)
scorpio04 collected $41.50 from pot
*** SUMMARY ***
Total pot $42 | Rake $0.50
Board [7h 6c Jc Qh 2h]
Seat 1: scorpio04 (button) (small blind) showed [7c Kd] and won ($41.50) with a pair of Sevens
Seat 3: Rydik8888 (big blind) showed [2c 9c] and lost with a pair of Deuces


PokerStars Hand #171787150498:  Hold'em Limit ($3/$6 USD) - 2017/06/14 20:06:33 ET
Table 'Chloris' 6-max Seat #3 is the button
Seat 1: scorpio04 ($599.04 in chips)
Seat 3: Rydik8888 ($114.91 in chips)
Rydik8888: posts small blind $1
scorpio04: posts big blind $3
*** HOLE CARDS ***
Rydik8888: raises $3 to $6
scorpio04: calls $3
*** FLOP *** [As 5h 2c]
scorpio04: checks
Rydik8888: checks
*** TURN *** [As 5h 2c] [9d]
scorpio04: checks
Rydik8888: checks
*** RIVER *** [As 5h 2c 9d] [5c]
scorpio04: bets $6
Rydik8888: raises $6 to $12
scorpio04: calls $6
*** SHOW DOWN ***
Rydik8888: shows [Kc Qh] (a pair of Fives)
scorpio04: mucks hand
Rydik8888 collected $35.50 from pot
*** SUMMARY ***
Total pot $36 | Rake $0.50
Board [As 5h 2c 9d 5c]
Seat 1: scorpio04 (big blind) mucked
Seat 3: Rydik8888 (button) (small blind) showed [Kc Qh] and won ($35.50) with a pair of Fives


PokerStars Hand #171787165493:  Hold'em Limit ($3/$6 USD) - 2017/06/14 20:07:05 ET
Table 'Chloris' 6-max Seat #1 is the button
Seat 1: scorpio04 ($581.04 in chips)
Seat 3: Rydik8888 ($132.41 in chips)
scorpio04: posts small blind $1
Rydik8888: posts big blind $3
*** HOLE CARDS ***
scorpio04: raises $3 to $6
Rydik8888: calls $3
*** FLOP *** [Ts 9c Js]
Rydik8888: checks
scorpio04: checks
*** TURN *** [Ts 9c Js] [2s]
Rydik8888: checks
scorpio04: bets $6
Rydik8888: calls $6
*** RIVER *** [Ts 9c Js 2s] [6s]
Rydik8888: checks
scorpio04: bets $6
Rydik8888: folds
Uncalled bet ($6) returned to scorpio04
scorpio04 collected $23.52 from pot
scorpio04: doesn't show hand
*** SUMMARY ***
Total pot $24 | Rake $0.48
Board [Ts 9c Js 2s 6s]
Seat 1: scorpio04 (button) (small blind) collected ($23.52)
Seat 3: Rydik8888 (big blind) folded on the River


PokerStars Hand #171787178443:  Hold'em Limit ($3/$6 USD) - 2017/06/14 20:07:32 ET
Table 'Chloris' 6-max Seat #3 is the button
Seat 1: scorpio04 ($592.56 in chips)
Seat 3: Rydik8888 ($120.41 in chips)
Rydik8888: posts small blind $1
scorpio04: posts big blind $3
*** HOLE CARDS ***
Rydik8888: raises $3 to $6
scorpio04: calls $3
*** FLOP *** [Qh Kh 6c]
scorpio04: checks
Rydik8888: checks
*** TURN *** [Qh Kh 6c] [2d]
scorpio04: checks
Rydik8888: checks
*** RIVER *** [Qh Kh 6c 2d] [Ac]
scorpio04: checks
Rydik8888: bets $6
scorpio04: folds
Uncalled bet ($6) returned to Rydik8888
Rydik8888 collected $11.76 from pot
Rydik8888: doesn't show hand
*** SUMMARY ***
Total pot $12 | Rake $0.24
Board [Qh Kh 6c 2d Ac]
Seat 1: scorpio04 (big blind) folded on the River
Seat 3: Rydik8888 (button) (small blind) collected ($11.76)


PokerStars Hand #171787188653:  Hold'em Limit ($3/$6 USD) - 2017/06/14 20:07:54 ET
Table 'Chloris' 6-max Seat #1 is the button
Seat 1: scorpio04 ($586.56 in chips)
Seat 3: Rydik8888 ($126.17 in chips)
scorpio04: posts small blind $1
Rydik8888: posts big blind $3
*** HOLE CARDS ***
scorpio04: folds
Uncalled bet ($2) returned to Rydik8888
Rydik8888 collected $2 from pot
Rydik8888: doesn't show hand
*** SUMMARY ***
Total pot $2 | Rake $0
Seat 1: scorpio04 (button) (small blind) folded before Flop
Seat 3: Rydik8888 (big blind) collected ($2)


PokerStars Hand #171787192172:  Hold'em Limit ($3/$6 USD) - 2017/06/14 20:08:02 ET
Table 'Chloris' 6-max Seat #3 is the button
Seat 1: scorpio04 ($585.56 in chips)
Seat 3: Rydik8888 ($127.17 in chips)
Rydik8888: posts small blind $1
scorpio04: posts big blind $3
*** HOLE CARDS ***
Rydik8888: raises $3 to $6
scorpio04: calls $3
*** FLOP *** [Tc 6d 4d]
scorpio04: checks
Rydik8888: bets $3
scorpio04: calls $3
*** TURN *** [Tc 6d 4d] [8c]
scorpio04: checks
Rydik8888: bets $6
scorpio04: raises $6 to $12
Rydik8888: raises $6 to $18
scorpio04: calls $6
*** RIVER *** [Tc 6d 4d 8c] [8h]
scorpio04: checks
Rydik8888: bets $6
scorpio04: calls $6
*** SHOW DOWN ***
Rydik8888: shows [9s 9h] (two pair, Nines and Eights)
scorpio04: shows [8s Jd] (three of a kind, Eights)
scorpio04 collected $65.50 from pot
*** SUMMARY ***
Total pot $66 | Rake $0.50
Board [Tc 6d 4d 8c 8h]
Seat 1: scorpio04 (big blind) showed [8s Jd] and won ($65.50) with three of a kind, Eights
Seat 3: Rydik8888 (button) (small blind) showed [9s 9h] and lost with two pair, Nines and Eights


PokerStars Hand #171787208497:  Hold'em Limit ($3/$6 USD) - 2017/06/14 20:08:37 ET
Table 'Chloris' 6-max Seat #1 is the button
Seat 1: scorpio04 ($618.06 in chips)
Seat 3: Rydik8888 ($94.17 in chips)
scorpio04: posts small blind $1
Rydik8888: posts big blind $3
*** HOLE CARDS ***
scorpio04: raises $3 to $6
Rydik8888: calls $3
*** FLOP *** [Tc Qs Qd]
Rydik8888: checks
scorpio04: checks
*** TURN *** [Tc Qs Qd] [Js]
Rydik8888: checks
scorpio04: bets $6
Rydik8888: calls $6
*** RIVER *** [Tc Qs Qd Js] [2c]
Rydik8888: checks
scorpio04: bets $6
Rydik8888: folds
Uncalled bet ($6) returned to scorpio04
scorpio04 collected $23.52 from pot
scorpio04: doesn't show hand
*** SUMMARY ***
Total pot $24 | Rake $0.48
Board [Tc Qs Qd Js 2c]
Seat 1: scorpio04 (button) (small blind) collected ($23.52)
Seat 3: Rydik8888 (big blind) folded on the River


PokerStars Hand #171787221458:  Hold'em Limit ($3/$6 USD) - 2017/06/14 20:09:05 ET
Table 'Chloris' 6-max Seat #3 is the button
Seat 1: scorpio04 ($629.58 in chips)
Seat 3: Rydik8888 ($82.17 in chips)
Rydik8888: posts small blind $1
scorpio04: posts big blind $3
*** HOLE CARDS ***
Rydik8888: raises $3 to $6
scorpio04: calls $3
*** FLOP *** [Jd 5d 7c]
scorpio04: checks
Rydik8888: checks
*** TURN *** [Jd 5d 7c] [Kh]
scorpio04: bets $6
Rydik8888: folds
Uncalled bet ($6) returned to scorpio04
scorpio04 collected $11.76 from pot
scorpio04: doesn't show hand
*** SUMMARY ***
Total pot $12 | Rake $0.24
Board [Jd 5d 7c Kh]
Seat 1: scorpio04 (big blind) collected ($11.76)
Seat 3: Rydik8888 (button) (small blind) folded on the Turn


PokerStars Hand #171787229059:  Hold'em Limit ($3/$6 USD) - 2017/06/14 20:09:22 ET
Table 'Chloris' 6-max Seat #1 is the button
Seat 1: scorpio04 ($635.34 in chips)
Seat 3: Rydik8888 ($76.17 in chips)
scorpio04: posts small blind $1
Rydik8888: posts big blind $3
*** HOLE CARDS ***
scorpio04: raises $3 to $6
Rydik8888: calls $3
*** FLOP *** [Kh 3d 9h]
Rydik8888: checks
scorpio04: bets $3
Rydik8888: folds
Uncalled bet ($3) returned to scorpio04
scorpio04 collected $11.76 from pot
scorpio04: doesn't show hand
*** SUMMARY ***
Total pot $12 | Rake $0.24
Board [Kh 3d 9h]
Seat 1: scorpio04 (button) (small blind) collected ($11.76)
Seat 3: Rydik8888 (big blind) folded on the Flop


PokerStars Hand #171787239163:  Hold'em Limit ($3/$6 USD) - 2017/06/14 20:09:44 ET
Table 'Chloris' 6-max Seat #1 is the button
Seat 1: scorpio04 ($642.10 in chips)
Seat 3: Rydik8888 ($69.17 in chips)
scorpio04: posts small blind $1
Rydik8888: posts big blind $3
*** HOLE CARDS ***
scorpio04: raises $3 to $6
Rydik8888: raises $3 to $9
scorpio04: calls $3
*** FLOP *** [6c 7d 2h]
Rydik8888: bets $3
scorpio04: calls $3
*** TURN *** [6c 7d 2h] [Ah]
Rydik8888: bets $6
scorpio04: folds
Uncalled bet ($6) returned to Rydik8888
Rydik8888 collected $23.52 from pot
Rydik8888: doesn't show hand
*** SUMMARY ***
Total pot $24 | Rake $0.48
Board [6c 7d 2h Ah]
Seat 1: scorpio04 (button) (small blind) folded on the Turn
Seat 3: Rydik8888 (big blind) collected ($23.52)


PokerStars Hand #171787236552:  Hold'em Limit ($3/$6 USD) - 2017/06/14 20:09:38 ET
Table 'Chloris' 6-max Seat #3 is the button
Seat 1: scorpio04 ($641.10 in chips)
Seat 3: Rydik8888 ($70.17 in chips)
Rydik8888: posts small blind $1
scorpio04: posts big blind $3
*** HOLE CARDS ***
Rydik8888: folds
Uncalled bet ($2) returned to scorpio04
scorpio04 collected $2 from pot
scorpio04: doesn't show hand
*** SUMMARY ***
Total pot $2 | Rake $0
Seat 1: scorpio04 (big blind) collected ($2)
Seat 3: Rydik8888 (button) (small blind) folded before Flop


PokerStars Hand #171787258965:  Hold'em Limit ($3/$6 USD) - 2017/06/14 20:10:27 ET
Table 'Chloris' 6-max Seat #3 is the button
Seat 1: scorpio04 ($630.10 in chips)
Seat 3: Rydik8888 ($80.69 in chips)
Rydik8888: posts small blind $1
scorpio04: posts big blind $3
*** HOLE CARDS ***
Rydik8888: raises $3 to $6
scorpio04: calls $3
*** FLOP *** [4s 3c 6h]
scorpio04: checks
Rydik8888: bets $3
scorpio04: raises $3 to $6
Rydik8888: calls $3
*** TURN *** [4s 3c 6h] [4c]
scorpio04: bets $6
Rydik8888: calls $6
*** RIVER *** [4s 3c 6h 4c] [9h]
scorpio04: bets $6
Rydik8888: folds
Uncalled bet ($6) returned to scorpio04
scorpio04 collected $35.50 from pot
scorpio04: doesn't show hand
*** SUMMARY ***
Total pot $36 | Rake $0.50
Board [4s 3c 6h 4c 9h]
Seat 1: scorpio04 (big blind) collected ($35.50)
Seat 3: Rydik8888 (button) (small blind) folded on the River


PokerStars Hand #171787278689:  Hold'em Limit ($3/$6 USD) - 2017/06/14 20:11:10 ET
Table 'Chloris' 6-max Seat #1 is the button
Seat 1: scorpio04 ($647.60 in chips)
Seat 3: Rydik8888 ($62.69 in chips)
scorpio04: posts small blind $1
Rydik8888: posts big blind $3
*** HOLE CARDS ***
scorpio04: raises $3 to $6
Rydik8888: calls $3
*** FLOP *** [Kc 2c Tc]
Rydik8888: checks
scorpio04: checks
*** TURN *** [Kc 2c Tc] [9h]
Rydik8888: checks
scorpio04: bets $6
Rydik8888: folds
Uncalled bet ($6) returned to scorpio04
scorpio04 collected $11.76 from pot
scorpio04: doesn't show hand
*** SUMMARY ***
Total pot $12 | Rake $0.24
Board [Kc 2c Tc 9h]
Seat 1: scorpio04 (button) (small blind) collected ($11.76)
Seat 3: Rydik8888 (big blind) folded on the Turn


PokerStars Hand #171787308706:  Hold'em Limit ($3/$6 USD) - 2017/06/14 20:12:15 ET
Table 'Chloris' 6-max Seat #1 is the button
Seat 1: scorpio04 ($611.36 in chips)
Seat 3: Rydik8888 ($98.19 in chips)
scorpio04: posts small blind $1
Rydik8888: posts big blind $3
*** HOLE CARDS ***
scorpio04: folds
Uncalled bet ($2) returned to Rydik8888
Rydik8888 collected $2 from pot
Rydik8888: doesn't show hand
*** SUMMARY ***
Total pot $2 | Rake $0
Seat 1: scorpio04 (button) (small blind) folded before Flop
Seat 3: Rydik8888 (big blind) collected ($2)


PokerStars Hand #171787292758:  Hold'em Limit ($3/$6 USD) - 2017/06/14 20:11:40 ET
Table 'Chloris' 6-max Seat #3 is the button
Seat 1: scorpio04 ($653.36 in chips)
Seat 3: Rydik8888 ($56.69 in chips)
Rydik8888: posts small blind $1
scorpio04: posts big blind $3
*** HOLE CARDS ***
Rydik8888: raises $3 to $6
scorpio04: raises $3 to $9
Rydik8888: raises $3 to $12
Betting is capped
scorpio04: calls $3
*** FLOP *** [Qh Ts 2s]
scorpio04: checks
Rydik8888: bets $3
scorpio04: raises $3 to $6
Rydik8888: raises $3 to $9
scorpio04: raises $3 to $12
Betting is capped
Rydik8888: calls $3
*** TURN *** [Qh Ts 2s] [3d]
scorpio04: bets $6
Rydik8888: raises $6 to $12
scorpio04: calls $6
*** RIVER *** [Qh Ts 2s 3d] [9h]
scorpio04: checks
Rydik8888: bets $6
scorpio04: calls $6
*** SHOW DOWN ***
Rydik8888: shows [Qd Kd] (a pair of Queens)
scorpio04: mucks hand
Rydik8888 collected $83.50 from pot
*** SUMMARY ***
Total pot $84 | Rake $0.50
Board [Qh Ts 2s 3d 9h]
Seat 1: scorpio04 (big blind) mucked
Seat 3: Rydik8888 (button) (small blind) showed [Qd Kd] and won ($83.50) with a pair of Queens


PokerStars Hand #171787310628:  Hold'em Limit ($3/$6 USD) - 2017/06/14 20:12:19 ET
Table 'Chloris' 6-max Seat #3 is the button
Seat 1: scorpio04 ($610.36 in chips)
Seat 3: Rydik8888 ($99.19 in chips)
Rydik8888: posts small blind $1
scorpio04: posts big blind $3
*** HOLE CARDS ***
Rydik8888: raises $3 to $6
scorpio04: raises $3 to $9
Rydik8888: calls $3
*** FLOP *** [Ad 5d 7h]
scorpio04: bets $3
Rydik8888: raises $3 to $6
scorpio04: folds
Uncalled bet ($3) returned to Rydik8888
Rydik8888 collected $23.52 from pot
Rydik8888: doesn't show hand
*** SUMMARY ***
Total pot $24 | Rake $0.48
Board [Ad 5d 7h]
Seat 1: scorpio04 (big blind) folded on the Flop
Seat 3: Rydik8888 (button) (small blind) collected ($23.52)


PokerStars Hand #171787315386:  Hold'em Limit ($3/$6 USD) - 2017/06/14 20:12:29 ET
Table 'Chloris' 6-max Seat #1 is the button
Seat 1: scorpio04 ($598.36 in chips)
Seat 3: Rydik8888 ($110.71 in chips)
scorpio04: posts small blind $1
Rydik8888: posts big blind $3
*** HOLE CARDS ***
scorpio04: raises $3 to $6
Rydik8888: calls $3
*** FLOP *** [6c 9d 2s]
Rydik8888: checks
scorpio04: bets $3
Rydik8888: folds
Uncalled bet ($3) returned to scorpio04
scorpio04 collected $11.76 from pot
scorpio04: doesn't show hand
*** SUMMARY ***
Total pot $12 | Rake $0.24
Board [6c 9d 2s]
Seat 1: scorpio04 (button) (small blind) collected ($11.76)
Seat 3: Rydik8888 (big blind) folded on the Flop


PokerStars Hand #171787332113:  Hold'em Limit ($3/$6 USD) - 2017/06/14 20:13:06 ET
Table 'Chloris' 6-max Seat #1 is the button
Seat 1: scorpio04 ($592.12 in chips)
Seat 3: Rydik8888 ($116.23 in chips)
scorpio04: posts small blind $1
Rydik8888: posts big blind $3
*** HOLE CARDS ***
scorpio04: folds
Uncalled bet ($2) returned to Rydik8888
Rydik8888 collected $2 from pot
Rydik8888: doesn't show hand
*** SUMMARY ***
Total pot $2 | Rake $0
Seat 1: scorpio04 (button) (small blind) folded before Flop
Seat 3: Rydik8888 (big blind) collected ($2)


PokerStars Hand #171787321176:  Hold'em Limit ($3/$6 USD) - 2017/06/14 20:12:42 ET
Table 'Chloris' 6-max Seat #3 is the button
Seat 1: scorpio04 ($604.12 in chips)
Seat 3: Rydik8888 ($104.71 in chips)
Rydik8888: posts small blind $1
scorpio04: posts big blind $3
*** HOLE CARDS ***
Rydik8888: raises $3 to $6
scorpio04: calls $3
*** FLOP *** [2s 8c Jh]
scorpio04: checks
Rydik8888: checks
*** TURN *** [2s 8c Jh] [Th]
scorpio04: bets $6
Rydik8888: raises $6 to $12
scorpio04: folds
Uncalled bet ($6) returned to Rydik8888
Rydik8888 collected $23.52 from pot
Rydik8888: doesn't show hand
*** SUMMARY ***
Total pot $24 | Rake $0.48
Board [2s 8c Jh Th]
Seat 1: scorpio04 (big blind) folded on the Turn
Seat 3: Rydik8888 (button) (small blind) collected ($23.52)


PokerStars Hand #171787334326:  Hold'em Limit ($3/$6 USD) - 2017/06/14 20:13:10 ET
Table 'Chloris' 6-max Seat #3 is the button
Seat 1: scorpio04 ($591.12 in chips)
Seat 3: Rydik8888 ($117.23 in chips)
Rydik8888: posts small blind $1
scorpio04: posts big blind $3
*** HOLE CARDS ***
Rydik8888: folds
Uncalled bet ($2) returned to scorpio04
scorpio04 collected $2 from pot
scorpio04: doesn't show hand
*** SUMMARY ***
Total pot $2 | Rake $0
Seat 1: scorpio04 (big blind) collected ($2)
Seat 3: Rydik8888 (button) (small blind) folded before Flop


PokerStars Hand #171787337298:  Hold'em Limit ($3/$6 USD) - 2017/06/14 20:13:17 ET
Table 'Chloris' 6-max Seat #1 is the button
Seat 1: scorpio04 ($592.12 in chips)
Seat 3: Rydik8888 ($116.23 in chips)
scorpio04: posts small blind $1
Rydik8888: posts big blind $3
*** HOLE CARDS ***
scorpio04: folds
Uncalled bet ($2) returned to Rydik8888
Rydik8888 collected $2 from pot
Rydik8888: doesn't show hand
*** SUMMARY ***
Total pot $2 | Rake $0
Seat 1: scorpio04 (button) (small blind) folded before Flop
Seat 3: Rydik8888 (big blind) collected ($2)


PokerStars Hand #171787348297:  Hold'em Limit ($3/$6 USD) - 2017/06/14 20:13:41 ET
Table 'Chloris' 6-max Seat #1 is the button
Seat 1: scorpio04 ($599.76 in chips)
Seat 3: Rydik8888 ($108.23 in chips)
scorpio04: posts small blind $1
Rydik8888: posts big blind $3
*** HOLE CARDS ***
scorpio04: folds
Uncalled bet ($2) returned to Rydik8888
Rydik8888 collected $2 from pot
*** SUMMARY ***
Total pot $2 | Rake $0
Seat 1: scorpio04 (button) (small blind) folded before Flop
Seat 3: Rydik8888 (big blind) collected ($2)


PokerStars Hand #171787339425:  Hold'em Limit ($3/$6 USD) - 2017/06/14 20:13:22 ET
Table 'Chloris' 6-max Seat #3 is the button
Seat 1: scorpio04 ($591.12 in chips)
Seat 3: Rydik8888 ($117.23 in chips)
Rydik8888: posts small blind $1
scorpio04: posts big blind $3
*** HOLE CARDS ***
Rydik8888: calls $2
scorpio04: checks
*** FLOP *** [9d 4s 7c]
scorpio04: checks
Rydik8888: checks
*** TURN *** [9d 4s 7c] [Js]
scorpio04: checks
Rydik8888: checks
*** RIVER *** [9d 4s 7c Js] [Ad]
scorpio04: checks
Rydik8888: bets $6
scorpio04: calls $6
*** SHOW DOWN ***
Rydik8888: shows [6c Tc] (high card Ace)
scorpio04: shows [Kd 2c] (high card Ace - King kicker)
scorpio04 collected $17.64 from pot
*** SUMMARY ***
Total pot $18 | Rake $0.36
Board [9d 4s 7c Js Ad]
Seat 1: scorpio04 (big blind) showed [Kd 2c] and won ($17.64) with high card Ace
Seat 3: Rydik8888 (button) (small blind) showed [6c Tc] and lost with high card Ace


PokerStars Hand #171787350658:  Hold'em Limit ($3/$6 USD) - 2017/06/14 20:13:46 ET
Table 'Chloris' 6-max Seat #3 is the button
Seat 1: scorpio04 ($598.76 in chips)
Seat 3: Rydik8888 ($109.23 in chips)
Rydik8888: posts small blind $1
scorpio04: posts big blind $3
*** HOLE CARDS ***
Rydik8888: calls $2
scorpio04: raises $3 to $6
Rydik8888: calls $3
*** FLOP *** [7s 4c 4h]
scorpio04: bets $3
Rydik8888: folds
Uncalled bet ($3) returned to scorpio04
scorpio04 collected $11.76 from pot
scorpio04: doesn't show hand
*** SUMMARY ***
Total pot $12 | Rake $0.24
Board [7s 4c 4h]
Seat 1: scorpio04 (big blind) collected ($11.76)
Seat 3: Rydik8888 (button) (small blind) folded on the Flop


PokerStars Hand #171787357913:  Hold'em Limit ($3/$6 USD) - 2017/06/14 20:14:03 ET
Table 'Chloris' 6-max Seat #1 is the button
Seat 1: scorpio04 ($604.52 in chips)
Seat 3: Rydik8888 ($103.23 in chips)
scorpio04: posts small blind $1
Rydik8888: posts big blind $3
*** HOLE CARDS ***
scorpio04: raises $3 to $6
Rydik8888: raises $3 to $9
scorpio04: calls $3
*** FLOP *** [Ac 9d Jh]
Rydik8888: bets $3
scorpio04: folds
Uncalled bet ($3) returned to Rydik8888
Rydik8888 collected $17.64 from pot
*** SUMMARY ***
Total pot $18 | Rake $0.36
Board [Ac 9d Jh]
Seat 1: scorpio04 (button) (small blind) folded on the Flop
Seat 3: Rydik8888 (big blind) collected ($17.64)


PokerStars Hand #171787366882:  Hold'em Limit ($3/$6 USD) - 2017/06/14 20:14:23 ET
Table 'Chloris' 6-max Seat #3 is the button
Seat 1: scorpio04 ($595.52 in chips)
Seat 3: Rydik8888 ($111.87 in chips)
Rydik8888: posts small blind $1
scorpio04: posts big blind $3
*** HOLE CARDS ***
Rydik8888: calls $2
scorpio04: raises $3 to $6
Rydik8888: calls $3
*** FLOP *** [4s 9h 3d]
scorpio04: bets $3
Rydik8888: calls $3
*** TURN *** [4s 9h 3d] [4d]
scorpio04: checks
Rydik8888: checks
*** RIVER *** [4s 9h 3d 4d] [Ah]
scorpio04: checks
Rydik8888: checks
*** SHOW DOWN ***
scorpio04: shows [Jd Qs] (a pair of Fours)
Rydik8888: mucks hand
scorpio04 collected $17.64 from pot
*** SUMMARY ***
Total pot $18 | Rake $0.36
Board [4s 9h 3d 4d Ah]
Seat 1: scorpio04 (big blind) showed [Jd Qs] and won ($17.64) with a pair of Fours
Seat 3: Rydik8888 (button) (small blind) mucked


PokerStars Hand #171787382392:  Hold'em Limit ($3/$6 USD) - 2017/06/14 20:14:57 ET
Table 'Chloris' 6-max Seat #1 is the button
Seat 1: scorpio04 ($604.16 in chips)
Seat 3: Rydik8888 ($102.87 in chips)
scorpio04: posts small blind $1
Rydik8888: posts big blind $3
*** HOLE CARDS ***
scorpio04: raises $3 to $6
Rydik8888: raises $3 to $9
scorpio04: calls $3
*** FLOP *** [5d 2c 8h]
Rydik8888: bets $3
scorpio04: calls $3
*** TURN *** [5d 2c 8h] [9d]
Rydik8888: bets $6
scorpio04: calls $6
*** RIVER *** [5d 2c 8h 9d] [Th]
Rydik8888: bets $6
scorpio04: calls $6
*** SHOW DOWN ***
Rydik8888: shows [Ah 7h] (high card Ace)
scorpio04: shows [2h Qh] (a pair of Deuces)
scorpio04 collected $47.50 from pot
*** SUMMARY ***
Total pot $48 | Rake $0.50
Board [5d 2c 8h 9d Th]
Seat 1: scorpio04 (button) (small blind) showed [2h Qh] and won ($47.50) with a pair of Deuces
Seat 3: Rydik8888 (big blind) showed [Ah 7h] and lost with high card Ace


PokerStars Hand #171787410780:  Hold'em Limit ($3/$6 USD) - 2017/06/14 20:16:00 ET
Table 'Chloris' 6-max Seat #1 is the button
Seat 1: scorpio04 ($633.42 in chips)
Seat 3: Rydik8888 ($72.87 in chips)
scorpio04: posts small blind $1
Rydik8888: posts big blind $3
*** HOLE CARDS ***
scorpio04: raises $3 to $6
Rydik8888: calls $3
*** FLOP *** [3c 9c Tc]
Rydik8888: bets $3
scorpio04: calls $3
*** TURN *** [3c 9c Tc] [2s]
Rydik8888: bets $6
scorpio04: calls $6
*** RIVER *** [3c 9c Tc 2s] [7c]
Rydik8888: bets $6
scorpio04: folds
Uncalled bet ($6) returned to Rydik8888
Rydik8888 collected $29.50 from pot
*** SUMMARY ***
Total pot $30 | Rake $0.50
Board [3c 9c Tc 2s 7c]
Seat 1: scorpio04 (button) (small blind) folded on the River
Seat 3: Rydik8888 (big blind) collected ($29.50)


PokerStars Hand #171787423550:  Hold'em Limit ($3/$6 USD) - 2017/06/14 20:16:28 ET
Table 'Chloris' 6-max Seat #3 is the button
Seat 1: scorpio04 ($618.42 in chips)
Seat 3: Rydik8888 ($87.37 in chips)
Rydik8888: posts small blind $1
scorpio04: posts big blind $3
*** HOLE CARDS ***
Rydik8888: folds
Uncalled bet ($2) returned to scorpio04
scorpio04 collected $2 from pot
scorpio04: doesn't show hand
*** SUMMARY ***
Total pot $2 | Rake $0
Seat 1: scorpio04 (big blind) collected ($2)
Seat 3: Rydik8888 (button) (small blind) folded before Flop


PokerStars Hand #171787401914:  Hold'em Limit ($3/$6 USD) - 2017/06/14 20:15:40 ET
Table 'Chloris' 6-max Seat #3 is the button
Seat 1: scorpio04 ($627.66 in chips)
Seat 3: Rydik8888 ($78.87 in chips)
Rydik8888: posts small blind $1
scorpio04: posts big blind $3
*** HOLE CARDS ***
Rydik8888: raises $3 to $6
scorpio04: calls $3
*** FLOP *** [4d 2h 3s]
scorpio04: checks
Rydik8888: checks
*** TURN *** [4d 2h 3s] [Ts]
scorpio04: bets $6
Rydik8888: folds
Uncalled bet ($6) returned to scorpio04
scorpio04 collected $11.76 from pot
scorpio04: doesn't show hand
*** SUMMARY ***
Total pot $12 | Rake $0.24
Board [4d 2h 3s Ts]
Seat 1: scorpio04 (big blind) collected ($11.76)
Seat 3: Rydik8888 (button) (small blind) folded on the Turn


PokerStars Hand #171787426634:  Hold'em Limit ($3/$6 USD) - 2017/06/14 20:16:35 ET
Table 'Chloris' 6-max Seat #1 is the button
Seat 1: scorpio04 ($619.42 in chips)
Seat 3: Rydik8888 ($86.37 in chips)
scorpio04: posts small blind $1
Rydik8888: posts big blind $3
*** HOLE CARDS ***
scorpio04: raises $3 to $6
Rydik8888: calls $3
*** FLOP *** [Jd 2c Qs]
Rydik8888: checks
scorpio04: bets $3
Rydik8888: folds
Uncalled bet ($3) returned to scorpio04
scorpio04 collected $11.76 from pot
scorpio04: doesn't show hand
*** SUMMARY ***
Total pot $12 | Rake $0.24
Board [Jd 2c Qs]
Seat 1: scorpio04 (button) (small blind) collected ($11.76)
Seat 3: Rydik8888 (big blind) folded on the Flop


PokerStars Hand #171787437923:  Hold'em Limit ($3/$6 USD) - 2017/06/14 20:17:00 ET
Table 'Chloris' 6-max Seat #3 is the button
Seat 1: scorpio04 ($625.18 in chips)
Seat 3: Rydik8888 ($80.37 in chips)
Rydik8888: posts small blind $1
scorpio04: posts big blind $3
*** HOLE CARDS ***
Rydik8888: folds
Uncalled bet ($2) returned to scorpio04
scorpio04 collected $2 from pot
scorpio04: doesn't show hand
*** SUMMARY ***
Total pot $2 | Rake $0
Seat 1: scorpio04 (big blind) collected ($2)
Seat 3: Rydik8888 (button) (small blind) folded before Flop


PokerStars Hand #171787453481:  Hold'em Limit ($3/$6 USD) - 2017/06/14 20:17:34 ET
Table 'Chloris' 6-max Seat #3 is the button
Seat 1: scorpio04 ($599.18 in chips)
Seat 3: Rydik8888 ($105.87 in chips)
Rydik8888: posts small blind $1
scorpio04: posts big blind $3
*** HOLE CARDS ***
Rydik8888: folds
Uncalled bet ($2) returned to scorpio04
scorpio04 collected $2 from pot
scorpio04: doesn't show hand
*** SUMMARY ***
Total pot $2 | Rake $0
Seat 1: scorpio04 (big blind) collected ($2)
Seat 3: Rydik8888 (button) (small blind) folded before Flop


PokerStars Hand #171787442153:  Hold'em Limit ($3/$6 USD) - 2017/06/14 20:17:09 ET
Table 'Chloris' 6-max Seat #1 is the button
Seat 1: scorpio04 ($626.18 in chips)
Seat 3: Rydik8888 ($79.37 in chips)
scorpio04: posts small blind $1
Rydik8888: posts big blind $3
*** HOLE CARDS ***
scorpio04: raises $3 to $6
Rydik8888: calls $3
*** FLOP *** [Ts Qh 6s]
Rydik8888: bets $3
scorpio04: calls $3
*** TURN *** [Ts Qh 6s] [Jc]
Rydik8888: bets $6
scorpio04: raises $6 to $12
Rydik8888: calls $6
*** RIVER *** [Ts Qh 6s Jc] [Jh]
Rydik8888: bets $6
scorpio04: calls $6
*** SHOW DOWN ***
Rydik8888: shows [Jd 8c] (three of a kind, Jacks)
scorpio04: mucks hand
Rydik8888 collected $53.50 from pot
*** SUMMARY ***
Total pot $54 | Rake $0.50
Board [Ts Qh 6s Jc Jh]
Seat 1: scorpio04 (button) (small blind) mucked
Seat 3: Rydik8888 (big blind) showed [Jd 8c] and won ($53.50) with three of a kind, Jacks


PokerStars Hand #171787456615:  Hold'em Limit ($3/$6 USD) - 2017/06/14 20:17:41 ET
Table 'Chloris' 6-max Seat #1 is the button
Seat 1: scorpio04 ($600.18 in chips)
Seat 3: Rydik8888 ($104.87 in chips)
scorpio04: posts small blind $1
Rydik8888: posts big blind $3
*** HOLE CARDS ***
scorpio04: raises $3 to $6
Rydik8888: calls $3
*** FLOP *** [3h Qh 6d]
Rydik8888: bets $3
scorpio04: calls $3
*** TURN *** [3h Qh 6d] [3d]
Rydik8888: bets $6
scorpio04: calls $6
*** RIVER *** [3h Qh 6d 3d] [5d]
Rydik8888: bets $6
scorpio04: calls $6
*** SHOW DOWN ***
Rydik8888: shows [Qs 3s] (a full house, Threes full of Queens)
scorpio04: mucks hand
Rydik8888 collected $41.50 from pot
*** SUMMARY ***
Total pot $42 | Rake $0.50
Board [3h Qh 6d 3d 5d]
Seat 1: scorpio04 (button) (small blind) mucked
Seat 3: Rydik8888 (big blind) showed [Qs 3s] and won ($41.50) with a full house, Threes full of Queens


PokerStars Hand #171787465866:  Hold'em Limit ($3/$6 USD) - 2017/06/14 20:18:02 ET
Table 'Chloris' 6-max Seat #3 is the button
Seat 1: scorpio04 ($579.18 in chips)
Seat 3: Rydik8888 ($125.37 in chips)
Rydik8888: posts small blind $1
scorpio04: posts big blind $3
*** HOLE CARDS ***
Rydik8888: raises $3 to $6
scorpio04: raises $3 to $9
Rydik8888: raises $3 to $12
Betting is capped
scorpio04: calls $3
*** FLOP *** [8s Qs Jd]
scorpio04: bets $3
Rydik8888: calls $3
*** TURN *** [8s Qs Jd] [Kh]
scorpio04: checks
Rydik8888: checks
*** RIVER *** [8s Qs Jd Kh] [Td]
scorpio04: bets $6
Rydik8888: calls $6
*** SHOW DOWN ***
scorpio04: shows [Ad 7d] (a straight, Ten to Ace)
Rydik8888: mucks hand
scorpio04 collected $41.50 from pot
*** SUMMARY ***
Total pot $42 | Rake $0.50
Board [8s Qs Jd Kh Td]
Seat 1: scorpio04 (big blind) showed [Ad 7d] and won ($41.50) with a straight, Ten to Ace
Seat 3: Rydik8888 (button) (small blind) mucked


PokerStars Hand #171787501023:  Hold'em Limit ($3/$6 USD) - 2017/06/14 20:19:20 ET
Table 'Chloris' 6-max Seat #1 is the button
Seat 1: scorpio04 ($628.94 in chips)
Seat 3: Rydik8888 ($74.37 in chips)
scorpio04: posts small blind $1
Rydik8888: posts big blind $3
*** HOLE CARDS ***
scorpio04: raises $3 to $6
Rydik8888: calls $3
*** FLOP *** [Jd 4s Jc]
Rydik8888: bets $3
scorpio04: calls $3
*** TURN *** [Jd 4s Jc] [6h]
Rydik8888: bets $6
scorpio04: folds
Uncalled bet ($6) returned to Rydik8888
Rydik8888 collected $17.64 from pot
Rydik8888: doesn't show hand
*** SUMMARY ***
Total pot $18 | Rake $0.36
Board [Jd 4s Jc 6h]
Seat 1: scorpio04 (button) (small blind) folded on the Turn
Seat 3: Rydik8888 (big blind) collected ($17.64)


PokerStars Hand #171787487362:  Hold'em Limit ($3/$6 USD) - 2017/06/14 20:18:50 ET
Table 'Chloris' 6-max Seat #3 is the button
Seat 1: scorpio04 ($605.44 in chips)
Seat 3: Rydik8888 ($98.37 in chips)
Rydik8888: posts small blind $1
scorpio04: posts big blind $3
*** HOLE CARDS ***
Rydik8888: raises $3 to $6
scorpio04: calls $3
*** FLOP *** [Qh Qc 4d]
scorpio04: checks
Rydik8888: bets $3
scorpio04: raises $3 to $6
Rydik8888: calls $3
*** TURN *** [Qh Qc 4d] [Qs]
scorpio04: bets $6
Rydik8888: calls $6
*** RIVER *** [Qh Qc 4d Qs] [6c]
scorpio04: bets $6
Rydik8888: calls $6
*** SHOW DOWN ***
scorpio04: shows [Qd 9h] (four of a kind, Queens)
Rydik8888: mucks hand
scorpio04 collected $47.50 from pot
*** SUMMARY ***
Total pot $48 | Rake $0.50
Board [Qh Qc 4d Qs 6c]
Seat 1: scorpio04 (big blind) showed [Qd 9h] and won ($47.50) with four of a kind, Queens
Seat 3: Rydik8888 (button) (small blind) mucked


PokerStars Hand #171787478134:  Hold'em Limit ($3/$6 USD) - 2017/06/14 20:18:29 ET
Table 'Chloris' 6-max Seat #1 is the button
Seat 1: scorpio04 ($599.68 in chips)
Seat 3: Rydik8888 ($104.37 in chips)
scorpio04: posts small blind $1
Rydik8888: posts big blind $3
*** HOLE CARDS ***
scorpio04: raises $3 to $6
Rydik8888: calls $3
*** FLOP *** [7h Ac 8d]
Rydik8888: checks
scorpio04: checks
*** TURN *** [7h Ac 8d] [2c]
Rydik8888: checks
scorpio04: bets $6
Rydik8888: folds
Uncalled bet ($6) returned to scorpio04
scorpio04 collected $11.76 from pot
scorpio04: doesn't show hand
*** SUMMARY ***
Total pot $12 | Rake $0.24
Board [7h Ac 8d 2c]
Seat 1: scorpio04 (button) (small blind) collected ($11.76)
Seat 3: Rydik8888 (big blind) folded on the Turn


PokerStars Hand #171787510248:  Hold'em Limit ($3/$6 USD) - 2017/06/14 20:19:41 ET
Table 'Chloris' 6-max Seat #3 is the button
Seat 1: scorpio04 ($619.94 in chips)
Seat 3: Rydik8888 ($83.01 in chips)
Rydik8888: posts small blind $1
scorpio04: posts big blind $3
*** HOLE CARDS ***
Rydik8888: folds
Uncalled bet ($2) returned to scorpio04
scorpio04 collected $2 from pot
scorpio04: doesn't show hand
*** SUMMARY ***
Total pot $2 | Rake $0
Seat 1: scorpio04 (big blind) collected ($2)
Seat 3: Rydik8888 (button) (small blind) folded before Flop


PokerStars Hand #171787518150:  Hold'em Limit ($3/$6 USD) - 2017/06/14 20:19:59 ET
Table 'Chloris' 6-max Seat #3 is the button
Seat 1: scorpio04 ($619.94 in chips)
Seat 3: Rydik8888 ($83.01 in chips)
Rydik8888: posts small blind $1
scorpio04: posts big blind $3
*** HOLE CARDS ***
Rydik8888: calls $2
scorpio04: raises $3 to $6
Rydik8888: calls $3
*** FLOP *** [Ad 4h 6h]
scorpio04: bets $3
Rydik8888: calls $3
*** TURN *** [Ad 4h 6h] [Ah]
scorpio04: checks
Rydik8888: checks
*** RIVER *** [Ad 4h 6h Ah] [8h]
scorpio04: checks
Rydik8888: checks
*** SHOW DOWN ***
scorpio04: shows [Tc 8d] (two pair, Aces and Eights)
Rydik8888: mucks hand
scorpio04 collected $17.64 from pot
*** SUMMARY ***
Total pot $18 | Rake $0.36
Board [Ad 4h 6h Ah 8h]
Seat 1: scorpio04 (big blind) showed [Tc 8d] and won ($17.64) with two pair, Aces and Eights
Seat 3: Rydik8888 (button) (small blind) mucked


PokerStars Hand #171787514036:  Hold'em Limit ($3/$6 USD) - 2017/06/14 20:19:49 ET
Table 'Chloris' 6-max Seat #1 is the button
Seat 1: scorpio04 ($620.94 in chips)
Seat 3: Rydik8888 ($82.01 in chips)
scorpio04: posts small blind $1
Rydik8888: posts big blind $3
*** HOLE CARDS ***
scorpio04: folds
Uncalled bet ($2) returned to Rydik8888
Rydik8888 collected $2 from pot
*** SUMMARY ***
Total pot $2 | Rake $0
Seat 1: scorpio04 (button) (small blind) folded before Flop
Seat 3: Rydik8888 (big blind) collected ($2)


PokerStars Hand #171787545181:  Hold'em Limit ($3/$6 USD) - 2017/06/14 20:20:59 ET
Table 'Chloris' 6-max Seat #1 is the button
Seat 1: scorpio04 ($635.34 in chips)
Seat 3: Rydik8888 ($67.01 in chips)
scorpio04: posts small blind $1
Rydik8888: posts big blind $3
*** HOLE CARDS ***
scorpio04: raises $3 to $6
Rydik8888: folds
Uncalled bet ($3) returned to scorpio04
scorpio04 collected $6 from pot
scorpio04: doesn't show hand
*** SUMMARY ***
Total pot $6 | Rake $0
Seat 1: scorpio04 (button) (small blind) collected ($6)
Seat 3: Rydik8888 (big blind) folded before Flop


PokerStars Hand #171787539778:  Hold'em Limit ($3/$6 USD) - 2017/06/14 20:20:47 ET
Table 'Chloris' 6-max Seat #3 is the button
Seat 1: scorpio04 ($634.34 in chips)
Seat 3: Rydik8888 ($68.01 in chips)
Rydik8888: posts small blind $1
scorpio04: posts big blind $3
*** HOLE CARDS ***
Rydik8888: folds
Uncalled bet ($2) returned to scorpio04
scorpio04 collected $2 from pot
scorpio04: doesn't show hand
*** SUMMARY ***
Total pot $2 | Rake $0
Seat 1: scorpio04 (big blind) collected ($2)
Seat 3: Rydik8888 (button) (small blind) folded before Flop


PokerStars Hand #171787532480:  Hold'em Limit ($3/$6 USD) - 2017/06/14 20:20:31 ET
Table 'Chloris' 6-max Seat #1 is the button
Seat 1: scorpio04 ($628.58 in chips)
Seat 3: Rydik8888 ($74.01 in chips)
scorpio04: posts small blind $1
Rydik8888: posts big blind $3
*** HOLE CARDS ***
scorpio04: raises $3 to $6
Rydik8888: calls $3
*** FLOP *** [2c 6d Jc]
Rydik8888: checks
scorpio04: bets $3
Rydik8888: folds
Uncalled bet ($3) returned to scorpio04
scorpio04 collected $11.76 from pot
scorpio04: doesn't show hand
*** SUMMARY ***
Total pot $12 | Rake $0.24
Board [2c 6d Jc]
Seat 1: scorpio04 (button) (small blind) collected ($11.76)
Seat 3: Rydik8888 (big blind) folded on the Flop


PokerStars Hand #171787548458:  Hold'em Limit ($3/$6 USD) - 2017/06/14 20:21:07 ET
Table 'Chloris' 6-max Seat #3 is the button
Seat 1: scorpio04 ($638.34 in chips)
Seat 3: Rydik8888 ($64.01 in chips)
Rydik8888: posts small blind $1
scorpio04: posts big blind $3
*** HOLE CARDS ***
Rydik8888: raises $3 to $6
scorpio04: calls $3
*** FLOP *** [5s Jh 8s]
scorpio04: checks
Rydik8888: bets $3
scorpio04: calls $3
*** TURN *** [5s Jh 8s] [9d]
scorpio04: checks
Rydik8888: bets $6
scorpio04: calls $6
*** RIVER *** [5s Jh 8s 9d] [Ah]
scorpio04: checks
Rydik8888: bets $6
scorpio04: calls $6
*** SHOW DOWN ***
Rydik8888: shows [Ad Qs] (a pair of Aces)
scorpio04: mucks hand
brazin007 joins the table at seat #4
Rydik8888 collected $41.50 from pot
*** SUMMARY ***
Total pot $42 | Rake $0.50
Board [5s Jh 8s 9d Ah]
Seat 1: scorpio04 (big blind) mucked
Seat 3: Rydik8888 (button) (small blind) showed [Ad Qs] and won ($41.50) with a pair of Aces


PokerStars Hand #171787561467:  Hold'em Limit ($3/$6 USD) - 2017/06/14 20:21:36 ET
Table 'Chloris' 6-max Seat #1 is the button
Seat 1: scorpio04 ($617.34 in chips)
Seat 3: Rydik8888 ($84.51 in chips)
scorpio04: posts small blind $1
Rydik8888: posts big blind $3
*** HOLE CARDS ***
scorpio04: raises $3 to $6
Rydik8888: calls $3
*** FLOP *** [2h Ts Tc]
Rydik8888: checks
scorpio04: bets $3
Rydik8888: folds
Uncalled bet ($3) returned to scorpio04
scorpio04 collected $11.76 from pot
scorpio04: doesn't show hand
*** SUMMARY ***
Total pot $12 | Rake $0.24
Board [2h Ts Tc]
Seat 1: scorpio04 (button) (small blind) collected ($11.76)
Seat 3: Rydik8888 (big blind) folded on the Flop


PokerStars Hand #171787610586:  Hold'em Limit ($3/$6 USD) - 2017/06/14 20:23:04 ET
Table 'Chloris' 6-max Seat #3 is the button
Seat 1: scorpio04 ($664.97 in chips)
Seat 3: Rydik8888 ($68.51 in chips)
Rydik8888: posts small blind $1
scorpio04: posts big blind $3
*** HOLE CARDS ***
Rydik8888: folds
Uncalled bet ($2) returned to scorpio04
scorpio04 collected $2 from pot
scorpio04: doesn't show hand
*** SUMMARY ***
Total pot $2 | Rake $0
Seat 1: scorpio04 (big blind) collected ($2)
Seat 3: Rydik8888 (button) (small blind) folded before Flop


PokerStars Hand #171787639373:  Hold'em Limit ($3/$6 USD) - 2017/06/14 20:24:08 ET
Table 'Chloris' 6-max Seat #3 is the button
Seat 1: scorpio04 ($714.47 in chips)
Seat 3: Rydik8888 ($18.51 in chips)
Rydik8888: posts small blind $1
scorpio04: posts big blind $3
*** HOLE CARDS ***
Rydik8888: folds
Uncalled bet ($2) returned to scorpio04
scorpio04 collected $2 from pot
scorpio04: doesn't show hand
*** SUMMARY ***
Total pot $2 | Rake $0
Seat 1: scorpio04 (big blind) collected ($2)
Seat 3: Rydik8888 (button) (small blind) folded before Flop


PokerStars Hand #171787632564:  Hold'em Limit ($3/$6 USD) - 2017/06/14 20:23:53 ET
Table 'Chloris' 6-max Seat #3 is the button
Seat 1: scorpio04 ($710.47 in chips)
Seat 3: Rydik8888 ($22.51 in chips)
Rydik8888: posts small blind $1
scorpio04: posts big blind $3
*** HOLE CARDS ***
Rydik8888: folds
Uncalled bet ($2) returned to scorpio04
scorpio04 collected $2 from pot
scorpio04: doesn't show hand
*** SUMMARY ***
Total pot $2 | Rake $0
Seat 1: scorpio04 (big blind) collected ($2)
Seat 3: Rydik8888 (button) (small blind) folded before Flop


PokerStars Hand #171787613709:  Hold'em Limit ($3/$6 USD) - 2017/06/14 20:23:11 ET
Table 'Chloris' 6-max Seat #1 is the button
Seat 1: scorpio04 ($665.97 in chips)
Seat 3: Rydik8888 ($67.51 in chips)
scorpio04: posts small blind $1
Rydik8888: posts big blind $3
*** HOLE CARDS ***
scorpio04: raises $3 to $6
Rydik8888: raises $3 to $9
brazin007 leaves the table
scorpio04: calls $3
*** FLOP *** [7s 4h 6h]
Rydik8888: bets $3
scorpio04: raises $3 to $6
Rydik8888: calls $3
*** TURN *** [7s 4h 6h] [Jh]
Rydik8888: bets $6
scorpio04: raises $6 to $12
Rydik8888: raises $6 to $18
scorpio04: raises $6 to $24
Betting is capped
Rydik8888: calls $6
*** RIVER *** [7s 4h 6h Jh] [Ts]
Rydik8888: bets $6
scorpio04: calls $6
*** SHOW DOWN ***
Rydik8888: shows [Js Qh] (a pair of Jacks)
scorpio04: shows [Th 7h] (a flush, Jack high)
scorpio04 collected $89.50 from pot
*** SUMMARY ***
Total pot $90 | Rake $0.50
Board [7s 4h 6h Jh Ts]
Seat 1: scorpio04 (button) (small blind) showed [Th 7h] and won ($89.50) with a flush, Jack high
Seat 3: Rydik8888 (big blind) showed [Js Qh] and lost with a pair of Jacks


PokerStars Hand #171787643061:  Hold'em Limit ($3/$6 USD) - 2017/06/14 20:24:17 ET
Table 'Chloris' 6-max Seat #1 is the button
Seat 1: scorpio04 ($715.47 in chips)
Seat 3: Rydik8888 ($17.51 in chips)
scorpio04: posts small blind $1
Rydik8888: posts big blind $3
*** HOLE CARDS ***
scorpio04: raises $3 to $6
Rydik8888: raises $3 to $9
scorpio04: calls $3
*** FLOP *** [6s 9d 8c]
Rydik8888: bets $3
scorpio04: raises $3 to $6
Rydik8888: raises $2.51 to $8.51 and is all-in
scorpio04: calls $2.51
*** TURN *** [6s 9d 8c] [6c]
*** RIVER *** [6s 9d 8c 6c] [Jd]
*** SHOW DOWN ***
Rydik8888: shows [Kc Kd] (two pair, Kings and Sixes)
scorpio04: shows [Jh As] (two pair, Jacks and Sixes)
Rydik8888 collected $34.52 from pot
*** SUMMARY ***
Total pot $35.02 | Rake $0.50
Board [6s 9d 8c 6c Jd]
Seat 1: scorpio04 (button) (small blind) showed [Jh As] and lost with two pair, Jacks and Sixes
Seat 3: Rydik8888 (big blind) showed [Kc Kd] and won ($34.52) with two pair, Kings and Sixes


PokerStars Hand #171787660053:  Hold'em Limit ($3/$6 USD) - 2017/06/14 20:24:55 ET
Table 'Chloris' 6-max Seat #3 is the button
Seat 1: scorpio04 ($697.96 in chips)
Seat 3: Rydik8888 ($34.52 in chips)
Rydik8888: posts small blind $1
scorpio04: posts big blind $3
*** HOLE CARDS ***
Rydik8888: raises $3 to $6
scorpio04: calls $3
*** FLOP *** [8d Ac Qc]
scorpio04: checks
Rydik8888: bets $3
scorpio04: raises $3 to $6
Rydik8888: raises $3 to $9
scorpio04: raises $3 to $12
Betting is capped
Rydik8888: calls $3
*** TURN *** [8d Ac Qc] [Kh]
scorpio04: bets $6
Rydik8888: raises $6 to $12
scorpio04: raises $6 to $18
Rydik8888: calls $4.52 and is all-in
Uncalled bet ($1.48) returned to scorpio04
*** RIVER *** [8d Ac Qc Kh] [8h]
*** SHOW DOWN ***
scorpio04: shows [8s Qh] (a full house, Eights full of Queens)
Rydik8888: shows [Th Tc] (two pair, Tens and Eights)
scorpio04 collected $68.54 from pot
*** SUMMARY ***
Total pot $69.04 | Rake $0.50
Board [8d Ac Qc Kh 8h]
Seat 1: scorpio04 (big blind) showed [8s Qh] and won ($68.54) with a full house, Eights full of Queens
Seat 3: Rydik8888 (button) (small blind) showed [Th Tc] and lost with two pair, Tens and Eights


PokerStars Hand #171787907550:  Hold'em Limit ($3/$6 USD) - 2017/06/14 20:34:16 ET
Table 'Chloris' 6-max Seat #3 is the button
Seat 1: scorpio04 ($754.98 in chips)
Seat 3: dients ($75.50 in chips)
dients: posts small blind $1
scorpio04: posts big blind $3
*** HOLE CARDS ***
dients: calls $2
scorpio04: checks
*** FLOP *** [6h 3d 2d]
scorpio04: bets $3
dients: folds
Uncalled bet ($3) returned to scorpio04
scorpio04 collected $5.88 from pot
scorpio04: doesn't show hand
*** SUMMARY ***
Total pot $6 | Rake $0.12
Board [6h 3d 2d]
Seat 1: scorpio04 (big blind) collected ($5.88)
Seat 3: dients (button) (small blind) folded on the Flop


PokerStars Hand #171787892338:  Hold'em Limit ($3/$6 USD) - 2017/06/14 20:33:42 ET
Table 'Chloris' 6-max Seat #1 is the button
Seat 1: scorpio04 ($734.48 in chips)
Seat 3: dients ($96.50 in chips)
scorpio04: posts small blind $1
dients: posts big blind $3
*** HOLE CARDS ***
scorpio04: raises $3 to $6
dients: calls $3
*** FLOP *** [4d 9d Qh]
dients: bets $3
scorpio04: calls $3
*** TURN *** [4d 9d Qh] [4h]
dients: checks
scorpio04: bets $6
dients: calls $6
*** RIVER *** [4d 9d Qh 4h] [As]
dients: checks
scorpio04: bets $6
dients: calls $6
*** SHOW DOWN ***
scorpio04: shows [4s Kh] (three of a kind, Fours)
dients: mucks hand
scorpio04 collected $41.50 from pot
*** SUMMARY ***
Total pot $42 | Rake $0.50
Board [4d 9d Qh 4h As]
Seat 1: scorpio04 (button) (small blind) showed [4s Kh] and won ($41.50) with three of a kind, Fours
Seat 3: dients (big blind) mucked


PokerStars Hand #171787933522:  Hold'em Limit ($3/$6 USD) - 2017/06/14 20:35:15 ET
Table 'Chloris' 6-max Seat #3 is the button
Seat 1: scorpio04 ($793.36 in chips)
Seat 3: dients ($36.50 in chips)
dients: posts small blind $1
scorpio04: posts big blind $3
*** HOLE CARDS ***
dients: raises $3 to $6
scorpio04: calls $3
*** FLOP *** [2d 7c Kc]
scorpio04: checks
dients: bets $3
scorpio04: calls $3
*** TURN *** [2d 7c Kc] [8c]
scorpio04: checks
dients: bets $6
scorpio04: calls $6
*** RIVER *** [2d 7c Kc 8c] [Ac]
scorpio04: bets $6
dients: raises $6 to $12
scorpio04: calls $6
*** SHOW DOWN ***
dients: shows [8s 8h] (three of a kind, Eights)
scorpio04: shows [Jc Qh] (a flush, Ace high)
scorpio04 collected $53.50 from pot
*** SUMMARY ***
Total pot $54 | Rake $0.50
Board [2d 7c Kc 8c Ac]
Seat 1: scorpio04 (big blind) showed [Jc Qh] and won ($53.50) with a flush, Ace high
Seat 3: dients (button) (small blind) showed [8s 8h] and lost with three of a kind, Eights


PokerStars Hand #171787914482:  Hold'em Limit ($3/$6 USD) - 2017/06/14 20:34:32 ET
Table 'Chloris' 6-max Seat #1 is the button
Seat 1: scorpio04 ($757.86 in chips)
Seat 3: dients ($72.50 in chips)
scorpio04: posts small blind $1
dients: posts big blind $3
*** HOLE CARDS ***
scorpio04: raises $3 to $6
dients: raises $3 to $9
scorpio04: calls $3
*** FLOP *** [4d Td 2c]
dients: bets $3
scorpio04: calls $3
*** TURN *** [4d Td 2c] [Kc]
dients: bets $6
scorpio04: raises $6 to $12
dients: raises $6 to $18
scorpio04: calls $6
*** RIVER *** [4d Td 2c Kc] [Ks]
dients: bets $6
scorpio04: calls $6
*** SHOW DOWN ***
dients: shows [Ac Ad] (two pair, Aces and Kings)
scorpio04: shows [Kd 3h] (three of a kind, Kings)
scorpio04 collected $71.50 from pot
*** SUMMARY ***
Total pot $72 | Rake $0.50
Board [4d Td 2c Kc Ks]
Seat 1: scorpio04 (button) (small blind) showed [Kd 3h] and won ($71.50) with three of a kind, Kings
Seat 3: dients (big blind) showed [Ac Ad] and lost with two pair, Aces and Kings


PokerStars Hand #171787944030:  Hold'em Limit ($3/$6 USD) - 2017/06/14 20:35:39 ET
Table 'Chloris' 6-max Seat #1 is the button
Seat 1: scorpio04 ($819.86 in chips)
Seat 3: dients ($9.50 in chips)
scorpio04: posts small blind $1
dients: posts big blind $3
*** HOLE CARDS ***
scorpio04: raises $3 to $6
dients: raises $3 to $9
scorpio04: calls $3
*** FLOP *** [3c Th 7h]
dients: bets $0.50 and is all-in
scorpio04: calls $0.50
*** TURN *** [3c Th 7h] [9c]
*** RIVER *** [3c Th 7h 9c] [Kh]
*** SHOW DOWN ***
dients: shows [Kd Qh] (a pair of Kings)
scorpio04: shows [8d 6s] (a straight, Six to Ten)
scorpio04 collected $18.62 from pot
*** SUMMARY ***
Total pot $19 | Rake $0.38
Board [3c Th 7h 9c Kh]
Seat 1: scorpio04 (button) (small blind) showed [8d 6s] and won ($18.62) with a straight, Six to Ten
Seat 3: dients (big blind) showed [Kd Qh] and lost with a pair of Kings


PokerStars Hand #171787982946:  Hold'em Limit ($3/$6 USD) - 2017/06/14 20:37:08 ET
Table 'Chloris' 6-max Seat #1 is the button
Seat 1: scorpio04 ($840.50 in chips)
Seat 3: dients ($88 in chips)
scorpio04: posts small blind $1
dients: posts big blind $3
*** HOLE CARDS ***
scorpio04: raises $3 to $6
dients: raises $3 to $9
scorpio04: calls $3
*** FLOP *** [3c Td 6c]
dients: bets $3
scorpio04: calls $3
*** TURN *** [3c Td 6c] [4h]
dients: bets $6
scorpio04: folds
Uncalled bet ($6) returned to dients
dients collected $23.52 from pot
*** SUMMARY ***
Total pot $24 | Rake $0.48
Board [3c Td 6c 4h]
Seat 1: scorpio04 (button) (small blind) folded on the Turn
Seat 3: dients (big blind) collected ($23.52)


PokerStars Hand #171787969570:  Hold'em Limit ($3/$6 USD) - 2017/06/14 20:36:37 ET
Table 'Chloris' 6-max Seat #3 is the button
Seat 1: scorpio04 ($828.98 in chips)
Seat 3: dients ($100 in chips)
dients: posts small blind $1
scorpio04: posts big blind $3
*** HOLE CARDS ***
dients: raises $3 to $6
scorpio04: calls $3
*** FLOP *** [Kc Ah 2c]
scorpio04: checks
dients: checks
*** TURN *** [Kc Ah 2c] [4h]
scorpio04: bets $6
dients: calls $6
*** RIVER *** [Kc Ah 2c 4h] [7s]
scorpio04: checks
dients: checks
*** SHOW DOWN ***
scorpio04: shows [2h Qs] (a pair of Deuces)
dients: mucks hand
scorpio04 collected $23.52 from pot
*** SUMMARY ***
Total pot $24 | Rake $0.48
Board [Kc Ah 2c 4h 7s]
Seat 1: scorpio04 (big blind) showed [2h Qs] and won ($23.52) with a pair of Deuces
Seat 3: dients (button) (small blind) mucked


PokerStars Hand #171788023762:  Hold'em Limit ($3/$6 USD) - 2017/06/14 20:38:44 ET
Table 'Chloris' 6-max Seat #3 is the button
Seat 1: scorpio04 ($852 in chips)
Seat 3: dients ($75.16 in chips)
dients: posts small blind $1
scorpio04: posts big blind $3
*** HOLE CARDS ***
dients: folds
Uncalled bet ($2) returned to scorpio04
scorpio04 collected $2 from pot
scorpio04: doesn't show hand
*** SUMMARY ***
Total pot $2 | Rake $0
Seat 1: scorpio04 (big blind) collected ($2)
Seat 3: dients (button) (small blind) folded before Flop


PokerStars Hand #171788013881:  Hold'em Limit ($3/$6 USD) - 2017/06/14 20:38:21 ET
Table 'Chloris' 6-max Seat #1 is the button
Seat 1: scorpio04 ($861 in chips)
Seat 3: dients ($66.52 in chips)
scorpio04: posts small blind $1
dients: posts big blind $3
*** HOLE CARDS ***
scorpio04: raises $3 to $6
dients: raises $3 to $9
scorpio04: calls $3
*** FLOP *** [7c 5s Jd]
dients: bets $3
scorpio04: folds
Uncalled bet ($3) returned to dients
dients collected $17.64 from pot
*** SUMMARY ***
Total pot $18 | Rake $0.36
Board [7c 5s Jd]
Seat 1: scorpio04 (button) (small blind) folded on the Flop
Seat 3: dients (big blind) collected ($17.64)


PokerStars Hand #171787999115:  Hold'em Limit ($3/$6 USD) - 2017/06/14 20:37:46 ET
Table 'Chloris' 6-max Seat #3 is the button
Seat 1: scorpio04 ($828.50 in chips)
Seat 3: dients ($99.52 in chips)
dients: posts small blind $1
scorpio04: posts big blind $3
*** HOLE CARDS ***
dients: raises $3 to $6
scorpio04: raises $3 to $9
dients: calls $3
*** FLOP *** [2h 8d Th]
scorpio04: bets $3
dients: raises $3 to $6
scorpio04: calls $3
*** TURN *** [2h 8d Th] [3d]
scorpio04: checks
dients: bets $6
scorpio04: raises $6 to $12
dients: raises $6 to $18
scorpio04: calls $6
*** RIVER *** [2h 8d Th 3d] [Qc]
scorpio04: checks
dients: checks
*** SHOW DOWN ***
scorpio04: shows [2s 3s] (two pair, Threes and Deuces)
dients: mucks hand
scorpio04 collected $65.50 from pot
*** SUMMARY ***
Total pot $66 | Rake $0.50
Board [2h 8d Th 3d Qc]
Seat 1: scorpio04 (big blind) showed [2s 3s] and won ($65.50) with two pair, Threes and Deuces
Seat 3: dients (button) (small blind) mucked


PokerStars Hand #171788043604:  Hold'em Limit ($3/$6 USD) - 2017/06/14 20:39:30 ET
Table 'Chloris' 6-max Seat #1 is the button
Seat 1: scorpio04 ($870.50 in chips)
Seat 3: dients ($56.16 in chips)
scorpio04: posts small blind $1
dients: posts big blind $3
*** HOLE CARDS ***
scorpio04: raises $3 to $6
dients: raises $3 to $9
scorpio04: calls $3
*** FLOP *** [6s 5d Ah]
dients: bets $3
scorpio04: calls $3
*** TURN *** [6s 5d Ah] [2d]
dients: bets $6
scorpio04: calls $6
*** RIVER *** [6s 5d Ah 2d] [3d]
dients: checks
scorpio04: bets $6
dients: calls $6
*** SHOW DOWN ***
scorpio04: shows [8d Jd] (a flush, Jack high)
dients: mucks hand
scorpio04 collected $47.50 from pot
*** SUMMARY ***
Total pot $48 | Rake $0.50
Board [6s 5d Ah 2d 3d]
Seat 1: scorpio04 (button) (small blind) showed [8d Jd] and won ($47.50) with a flush, Jack high
Seat 3: dients (big blind) mucked


PokerStars Hand #171788034775:  Hold'em Limit ($3/$6 USD) - 2017/06/14 20:39:09 ET
Table 'Chloris' 6-max Seat #3 is the button
Seat 1: scorpio04 ($856 in chips)
Seat 3: dients ($71.16 in chips)
dients: posts small blind $1
scorpio04: posts big blind $3
*** HOLE CARDS ***
dients: raises $3 to $6
scorpio04: calls $3
*** FLOP *** [Kc 3h Qh]
scorpio04: checks
dients: bets $3
scorpio04: calls $3
*** TURN *** [Kc 3h Qh] [4c]
scorpio04: checks
dients: bets $6
scorpio04: calls $6
*** RIVER *** [Kc 3h Qh 4c] [5s]
scorpio04: checks
dients: checks
*** SHOW DOWN ***
scorpio04: shows [Qs 8d] (a pair of Queens)
dients: mucks hand
scorpio04 collected $29.50 from pot
*** SUMMARY ***
Total pot $30 | Rake $0.50
Board [Kc 3h Qh 4c 5s]
Seat 1: scorpio04 (big blind) showed [Qs 8d] and won ($29.50) with a pair of Queens
Seat 3: dients (button) (small blind) mucked


PokerStars Hand #171788030921:  Hold'em Limit ($3/$6 USD) - 2017/06/14 20:39:00 ET
Table 'Chloris' 6-max Seat #1 is the button
Seat 1: scorpio04 ($853 in chips)
Seat 3: dients ($74.16 in chips)
scorpio04: posts small blind $1
dients: posts big blind $3
*** HOLE CARDS ***
scorpio04: raises $3 to $6
dients: folds
Uncalled bet ($3) returned to scorpio04
scorpio04 collected $6 from pot
scorpio04: doesn't show hand
*** SUMMARY ***
Total pot $6 | Rake $0
Seat 1: scorpio04 (button) (small blind) collected ($6)
Seat 3: dients (big blind) folded before Flop


PokerStars Hand #171788056740:  Hold'em Limit ($3/$6 USD) - 2017/06/14 20:40:01 ET
Table 'Chloris' 6-max Seat #3 is the button
Seat 1: scorpio04 ($894 in chips)
Seat 3: dients ($32.16 in chips)
dients: posts small blind $1
scorpio04: posts big blind $3
*** HOLE CARDS ***
dients: raises $3 to $6
scorpio04: calls $3
*** FLOP *** [Ah 7c 4s]
scorpio04: checks
dients: bets $3
scorpio04: folds
Uncalled bet ($3) returned to dients
dients collected $11.76 from pot
*** SUMMARY ***
Total pot $12 | Rake $0.24
Board [Ah 7c 4s]
Seat 1: scorpio04 (big blind) folded on the Flop
Seat 3: dients (button) (small blind) collected ($11.76)


PokerStars Hand #171788065987:  Hold'em Limit ($3/$6 USD) - 2017/06/14 20:40:23 ET
Table 'Chloris' 6-max Seat #1 is the button
Seat 1: scorpio04 ($888 in chips)
Seat 3: dients ($37.92 in chips)
scorpio04: posts small blind $1
dients: posts big blind $3
*** HOLE CARDS ***
scorpio04: folds
Uncalled bet ($2) returned to dients
dients collected $2 from pot
*** SUMMARY ***
Total pot $2 | Rake $0
Seat 1: scorpio04 (button) (small blind) folded before Flop
Seat 3: dients (big blind) collected ($2)


PokerStars Hand #171788100746:  Hold'em Limit ($3/$6 USD) - 2017/06/14 20:41:44 ET
Table 'Chloris' 6-max Seat #1 is the button
Seat 1: scorpio04 ($872.88 in chips)
Seat 3: dients ($52.42 in chips)
scorpio04: posts small blind $1
dients: posts big blind $3
*** HOLE CARDS ***
scorpio04: raises $3 to $6
dients: raises $3 to $9
scorpio04: calls $3
*** FLOP *** [Ks 5c Qc]
dients: bets $3
scorpio04: folds
Uncalled bet ($3) returned to dients
dients collected $17.64 from pot
*** SUMMARY ***
Total pot $18 | Rake $0.36
Board [Ks 5c Qc]
Seat 1: scorpio04 (button) (small blind) folded on the Flop
Seat 3: dients (big blind) collected ($17.64)


PokerStars Hand #171788098277:  Hold'em Limit ($3/$6 USD) - 2017/06/14 20:41:39 ET
Table 'Chloris' 6-max Seat #3 is the button
Seat 1: scorpio04 ($871.88 in chips)
Seat 3: dients ($53.42 in chips)
dients: posts small blind $1
scorpio04: posts big blind $3
*** HOLE CARDS ***
dients: folds
Uncalled bet ($2) returned to scorpio04
scorpio04 collected $2 from pot
scorpio04: doesn't show hand
*** SUMMARY ***
Total pot $2 | Rake $0
Seat 1: scorpio04 (big blind) collected ($2)
Seat 3: dients (button) (small blind) folded before Flop


PokerStars Hand #171788085546:  Hold'em Limit ($3/$6 USD) - 2017/06/14 20:41:09 ET
Table 'Chloris' 6-max Seat #1 is the button
Seat 1: scorpio04 ($889.88 in chips)
Seat 3: dients ($35.92 in chips)
scorpio04: posts small blind $1
dients: posts big blind $3
*** HOLE CARDS ***
scorpio04: raises $3 to $6
dients: raises $3 to $9
scorpio04: calls $3
*** FLOP *** [4h 5d 6s]
dients: bets $3
scorpio04: calls $3
*** TURN *** [4h 5d 6s] [Qd]
dients: bets $6
scorpio04: calls $6
*** RIVER *** [4h 5d 6s Qd] [2d]
dients: checks
scorpio04: checks
*** SHOW DOWN ***
dients: shows [4d Jh] (a pair of Fours)
scorpio04: mucks hand
dients collected $35.50 from pot
*** SUMMARY ***
Total pot $36 | Rake $0.50
Board [4h 5d 6s Qd 2d]
Seat 1: scorpio04 (button) (small blind) mucked
Seat 3: dients (big blind) showed [4d Jh] and won ($35.50) with a pair of Fours


PokerStars Hand #171788070540:  Hold'em Limit ($3/$6 USD) - 2017/06/14 20:40:33 ET
Table 'Chloris' 6-max Seat #3 is the button
Seat 1: scorpio04 ($887 in chips)
Seat 3: dients ($38.92 in chips)
dients: posts small blind $1
scorpio04: posts big blind $3
*** HOLE CARDS ***
dients: calls $2
scorpio04: checks
*** FLOP *** [6s Jd 3h]
scorpio04: checks
dients: checks
*** TURN *** [6s Jd 3h] [Tc]
scorpio04: bets $6
dients: folds
Uncalled bet ($6) returned to scorpio04
scorpio04 collected $5.88 from pot
scorpio04: doesn't show hand
*** SUMMARY ***
Total pot $6 | Rake $0.12
Board [6s Jd 3h Tc]
Seat 1: scorpio04 (big blind) collected ($5.88)
Seat 3: dients (button) (small blind) folded on the Turn


PokerStars Hand #171788109538:  Hold'em Limit ($3/$6 USD) - 2017/06/14 20:42:05 ET
Table 'Chloris' 6-max Seat #3 is the button
Seat 1: scorpio04 ($863.88 in chips)
Seat 3: dients ($61.06 in chips)
dients: posts small blind $1
scorpio04: posts big blind $3
*** HOLE CARDS ***
dients: raises $3 to $6
scorpio04: calls $3
*** FLOP *** [5s Jh 9s]
scorpio04: checks
dients: bets $3
scorpio04: calls $3
*** TURN *** [5s Jh 9s] [Ad]
scorpio04: checks
dients: bets $6
scorpio04: calls $6
*** RIVER *** [5s Jh 9s Ad] [Kd]
scorpio04: checks
dients: bets $6
scorpio04: calls $6
*** SHOW DOWN ***
dients: shows [3s As] (a pair of Aces)
scorpio04: mucks hand
dients collected $41.50 from pot
*** SUMMARY ***
Total pot $42 | Rake $0.50
Board [5s Jh 9s Ad Kd]
Seat 1: scorpio04 (big blind) mucked
Seat 3: dients (button) (small blind) showed [3s As] and won ($41.50) with a pair of Aces


PokerStars Hand #171788118126:  Hold'em Limit ($3/$6 USD) - 2017/06/14 20:42:26 ET
Table 'Chloris' 6-max Seat #1 is the button
Seat 1: scorpio04 ($842.88 in chips)
Seat 3: dients ($81.56 in chips)
scorpio04: posts small blind $1
dients: posts big blind $3
*** HOLE CARDS ***
scorpio04: raises $3 to $6
dients: folds
Uncalled bet ($3) returned to scorpio04
scorpio04 collected $6 from pot
scorpio04: doesn't show hand
*** SUMMARY ***
Total pot $6 | Rake $0
Seat 1: scorpio04 (button) (small blind) collected ($6)
Seat 3: dients (big blind) folded before Flop


PokerStars Hand #171788120562:  Hold'em Limit ($3/$6 USD) - 2017/06/14 20:42:31 ET
Table 'Chloris' 6-max Seat #3 is the button
Seat 1: scorpio04 ($845.88 in chips)
Seat 3: dients ($78.56 in chips)
dients: posts small blind $1
scorpio04: posts big blind $3
*** HOLE CARDS ***
dients: calls $2
scorpio04: checks
*** FLOP *** [8c 7h 3d]
scorpio04: bets $3
dients: calls $3
*** TURN *** [8c 7h 3d] [Kc]
scorpio04: bets $6
dients: folds
Uncalled bet ($6) returned to scorpio04
scorpio04 collected $11.76 from pot
scorpio04: doesn't show hand
*** SUMMARY ***
Total pot $12 | Rake $0.24
Board [8c 7h 3d Kc]
Seat 1: scorpio04 (big blind) collected ($11.76)
Seat 3: dients (button) (small blind) folded on the Turn


PokerStars Hand #171788126492:  Hold'em Limit ($3/$6 USD) - 2017/06/14 20:42:45 ET
Table 'Chloris' 6-max Seat #1 is the button
Seat 1: scorpio04 ($851.64 in chips)
Seat 3: dients ($72.56 in chips)
scorpio04: posts small blind $1
dients: posts big blind $3
*** HOLE CARDS ***
scorpio04: raises $3 to $6
dients: raises $3 to $9
scorpio04: calls $3
*** FLOP *** [3s Th 5d]
dients: bets $3
scorpio04: calls $3
*** TURN *** [3s Th 5d] [2d]
dients: bets $6
scorpio04: calls $6
*** RIVER *** [3s Th 5d 2d] [6d]
dients: bets $6
scorpio04: calls $6
*** SHOW DOWN ***
dients: shows [Qh Jh] (high card Queen)
scorpio04: shows [9c 9h] (a pair of Nines)
scorpio04 collected $47.50 from pot
*** SUMMARY ***
Total pot $48 | Rake $0.50
Board [3s Th 5d 2d 6d]
Seat 1: scorpio04 (button) (small blind) showed [9c 9h] and won ($47.50) with a pair of Nines
Seat 3: dients (big blind) showed [Qh Jh] and lost with high card Queen


PokerStars Hand #171788138859:  Hold'em Limit ($3/$6 USD) - 2017/06/14 20:43:15 ET
Table 'Chloris' 6-max Seat #3 is the button
Seat 1: scorpio04 ($875.14 in chips)
Seat 3: dients ($48.56 in chips)
dients: posts small blind $1
scorpio04: posts big blind $3
*** HOLE CARDS ***
dients: raises $3 to $6
scorpio04: calls $3
*** FLOP *** [7s 2s 6h]
scorpio04: checks
dients: bets $3
scorpio04: raises $3 to $6
dients: raises $3 to $9
scorpio04: raises $3 to $12
Betting is capped
dients: calls $3
*** TURN *** [7s 2s 6h] [2h]
scorpio04: bets $6
dients: folds
Uncalled bet ($6) returned to scorpio04
scorpio04 collected $35.50 from pot
scorpio04: doesn't show hand
*** SUMMARY ***
Total pot $36 | Rake $0.50
Board [7s 2s 6h 2h]
Seat 1: scorpio04 (big blind) collected ($35.50)
Seat 3: dients (button) (small blind) folded on the Turn


PokerStars Hand #171788145965:  Hold'em Limit ($3/$6 USD) - 2017/06/14 20:43:32 ET
Table 'Chloris' 6-max Seat #1 is the button
Seat 1: scorpio04 ($892.64 in chips)
Seat 3: dients ($30.56 in chips)
scorpio04: posts small blind $1
dients: posts big blind $3
*** HOLE CARDS ***
scorpio04: folds
Uncalled bet ($2) returned to dients
dients collected $2 from pot
*** SUMMARY ***
Total pot $2 | Rake $0
Seat 1: scorpio04 (button) (small blind) folded before Flop
Seat 3: dients (big blind) collected ($2)


PokerStars Hand #171788151574:  Hold'em Limit ($3/$6 USD) - 2017/06/14 20:43:45 ET
Table 'Chloris' 6-max Seat #3 is the button
Seat 1: scorpio04 ($891.64 in chips)
Seat 3: dients ($31.56 in chips)
dients: posts small blind $1
scorpio04: posts big blind $3
*** HOLE CARDS ***
dients: raises $3 to $6
scorpio04: raises $3 to $9
dients: raises $3 to $12
Betting is capped
scorpio04: calls $3
*** FLOP *** [6h 6d Jc]
scorpio04: checks
dients: checks
*** TURN *** [6h 6d Jc] [Ts]
scorpio04: bets $6
dients: calls $6
*** RIVER *** [6h 6d Jc Ts] [7d]
scorpio04: bets $6
dients: calls $6
*** SHOW DOWN ***
scorpio04: shows [Ks Kc] (two pair, Kings and Sixes)
dients: mucks hand
scorpio04 collected $47.50 from pot
*** SUMMARY ***
Total pot $48 | Rake $0.50
Board [6h 6d Jc Ts 7d]
Seat 1: scorpio04 (big blind) showed [Ks Kc] and won ($47.50) with two pair, Kings and Sixes
Seat 3: dients (button) (small blind) mucked


PokerStars Hand #171788179082:  Hold'em Limit ($3/$6 USD) - 2017/06/14 20:44:51 ET
Table 'Chloris' 6-max Seat #3 is the button
Seat 1: scorpio04 ($914.99 in chips)
Seat 3: dients ($7.41 in chips)
dients: posts small blind $1
scorpio04: posts big blind $3
*** HOLE CARDS ***
dients: folds
Uncalled bet ($2) returned to scorpio04
scorpio04 collected $2 from pot
scorpio04: doesn't show hand
*** SUMMARY ***
Total pot $2 | Rake $0
Seat 1: scorpio04 (big blind) collected ($2)
Seat 3: dients (button) (small blind) folded before Flop


PokerStars Hand #171788167939:  Hold'em Limit ($3/$6 USD) - 2017/06/14 20:44:24 ET
Table 'Chloris' 6-max Seat #1 is the button
Seat 1: scorpio04 ($915.14 in chips)
Seat 3: dients ($7.56 in chips)
scorpio04: posts small blind $1
dients: posts big blind $3
*** HOLE CARDS ***
scorpio04: raises $3 to $6
dients: raises $1.56 to $7.56 and is all-in
scorpio04: calls $1.56
*** FLOP *** [As 7h 7s]
*** TURN *** [As 7h 7s] [9s]
*** RIVER *** [As 7h 7s 9s] [7c]
*** SHOW DOWN ***
dients: shows [3s Qc] (three of a kind, Sevens)
scorpio04: shows [3c Qh] (three of a kind, Sevens)
dients collected $7.41 from pot
scorpio04 collected $7.41 from pot
*** SUMMARY ***
Total pot $15.12 | Rake $0.30
Board [As 7h 7s 9s 7c]
Seat 1: scorpio04 (button) (small blind) showed [3c Qh] and won ($7.41) with three of a kind, Sevens
Seat 3: dients (big blind) showed [3s Qc] and won ($7.41) with three of a kind, Sevens


PokerStars Hand #171788181434:  Hold'em Limit ($3/$6 USD) - 2017/06/14 20:44:57 ET
Table 'Chloris' 6-max Seat #1 is the button
Seat 1: scorpio04 ($915.99 in chips)
Seat 3: dients ($6.41 in chips)
scorpio04: posts small blind $1
dients: posts big blind $3
*** HOLE CARDS ***
scorpio04: raises $3 to $6
dients: raises $0.41 to $6.41 and is all-in
scorpio04: calls $0.41
*** FLOP *** [7s 9s Qc]
*** TURN *** [7s 9s Qc] [6d]
*** RIVER *** [7s 9s Qc 6d] [6c]
*** SHOW DOWN ***
dients: shows [6h Ac] (three of a kind, Sixes)
scorpio04: shows [8s 8h] (two pair, Eights and Sixes)
dients collected $12.56 from pot
*** SUMMARY ***
Total pot $12.82 | Rake $0.26
Board [7s 9s Qc 6d 6c]
Seat 1: scorpio04 (button) (small blind) showed [8s 8h] and lost with two pair, Eights and Sixes
Seat 3: dients (big blind) showed [6h Ac] and won ($12.56) with three of a kind, Sixes


PokerStars Hand #171788189625:  Hold'em Limit ($3/$6 USD) - 2017/06/14 20:45:16 ET
Table 'Chloris' 6-max Seat #3 is the button
Seat 1: scorpio04 ($909.58 in chips)
Seat 3: dients ($12.56 in chips)
dients: posts small blind $1
scorpio04: posts big blind $3
*** HOLE CARDS ***
dients: raises $3 to $6
scorpio04: calls $3
*** FLOP *** [Qd 7d 3s]
scorpio04: checks
dients: checks
*** TURN *** [Qd 7d 3s] [2h]
scorpio04: bets $6
dients: folds
Uncalled bet ($6) returned to scorpio04
scorpio04 collected $11.76 from pot
scorpio04: doesn't show hand
*** SUMMARY ***
Total pot $12 | Rake $0.24
Board [Qd 7d 3s 2h]
Seat 1: scorpio04 (big blind) collected ($11.76)
Seat 3: dients (button) (small blind) folded on the Turn


PokerStars Hand #171788200935:  Hold'em Limit ($3/$6 USD) - 2017/06/14 20:45:43 ET
Table 'Chloris' 6-max Seat #1 is the button
Seat 1: scorpio04 ($915.34 in chips)
Seat 3: dients ($6.56 in chips)
scorpio04: posts small blind $1
dients: posts big blind $3
*** HOLE CARDS ***
scorpio04: raises $3 to $6
dients: raises $0.56 to $6.56 and is all-in
scorpio04: calls $0.56
*** FLOP *** [9h 8d Tc]
*** TURN *** [9h 8d Tc] [5s]
*** RIVER *** [9h 8d Tc 5s] [Qh]
*** SHOW DOWN ***
dients: shows [8c 6d] (a pair of Eights)
scorpio04: shows [Jd 7h] (a straight, Eight to Queen)
scorpio04 collected $12.86 from pot
*** SUMMARY ***
Total pot $13.12 | Rake $0.26
Board [9h 8d Tc 5s Qh]
Seat 1: scorpio04 (button) (small blind) showed [Jd 7h] and won ($12.86) with a straight, Eight to Queen
Seat 3: dients (big blind) showed [8c 6d] and lost with a pair of Eights


PokerStars Hand #171788222577:  Hold'em Limit ($3/$6 USD) - 2017/06/14 20:46:35 ET
Table 'Chloris' 6-max Seat #3 is the button
Seat 1: scorpio04 ($921.64 in chips)
Seat 3: dients ($100 in chips)
dients: posts small blind $1
scorpio04: posts big blind $3
*** HOLE CARDS ***
dients: folds
Uncalled bet ($2) returned to scorpio04
scorpio04 collected $2 from pot
scorpio04: doesn't show hand
*** SUMMARY ***
Total pot $2 | Rake $0
Seat 1: scorpio04 (big blind) collected ($2)
Seat 3: dients (button) (small blind) folded before Flop


PokerStars Hand #171788230166:  Hold'em Limit ($3/$6 USD) - 2017/06/14 20:46:53 ET
Table 'Chloris' 6-max Seat #1 is the button
Seat 1: scorpio04 ($922.64 in chips)
Seat 3: dients ($99 in chips)
scorpio04: posts small blind $1
dients: posts big blind $3
*** HOLE CARDS ***
scorpio04: raises $3 to $6
dients: raises $3 to $9
scorpio04: calls $3
*** FLOP *** [9h As Jd]
dients: bets $3
scorpio04: calls $3
*** TURN *** [9h As Jd] [6s]
dients: bets $6
scorpio04: calls $6
*** RIVER *** [9h As Jd 6s] [Js]
dients: bets $6
scorpio04: calls $6
*** SHOW DOWN ***
dients: shows [6d Ad] (two pair, Aces and Jacks)
scorpio04: mucks hand
dients collected $47.50 from pot
*** SUMMARY ***
Total pot $48 | Rake $0.50
Board [9h As Jd 6s Js]
Seat 1: scorpio04 (button) (small blind) mucked
Seat 3: dients (big blind) showed [6d Ad] and won ($47.50) with two pair, Aces and Jacks


PokerStars Hand #171788253632:  Hold'em Limit ($3/$6 USD) - 2017/06/14 20:47:49 ET
Table 'Chloris' 6-max Seat #1 is the button
Seat 1: scorpio04 ($895.64 in chips)
Seat 3: dients ($125.38 in chips)
scorpio04: posts small blind $1
dients: posts big blind $3
*** HOLE CARDS ***
scorpio04: raises $3 to $6
dients: folds
Uncalled bet ($3) returned to scorpio04
scorpio04 collected $6 from pot
scorpio04: doesn't show hand
*** SUMMARY ***
Total pot $6 | Rake $0
Seat 1: scorpio04 (button) (small blind) collected ($6)
Seat 3: dients (big blind) folded before Flop


PokerStars Hand #171788245843:  Hold'em Limit ($3/$6 USD) - 2017/06/14 20:47:30 ET
Table 'Chloris' 6-max Seat #3 is the button
Seat 1: scorpio04 ($898.64 in chips)
Seat 3: dients ($122.50 in chips)
dients: posts small blind $1
scorpio04: posts big blind $3
*** HOLE CARDS ***
dients: calls $2
scorpio04: checks
*** FLOP *** [7h Js 5c]
scorpio04: checks
dients: bets $3
scorpio04: folds
Uncalled bet ($3) returned to dients
dients collected $5.88 from pot
*** SUMMARY ***
Total pot $6 | Rake $0.12
Board [7h Js 5c]
Seat 1: scorpio04 (big blind) folded on the Flop
Seat 3: dients (button) (small blind) collected ($5.88)


PokerStars Hand #171788256640:  Hold'em Limit ($3/$6 USD) - 2017/06/14 20:47:56 ET
Table 'Chloris' 6-max Seat #3 is the button
Seat 1: scorpio04 ($898.64 in chips)
Seat 3: dients ($122.38 in chips)
dients: posts small blind $1
scorpio04: posts big blind $3
*** HOLE CARDS ***
dients: raises $3 to $6
scorpio04: calls $3
*** FLOP *** [Ac 7s Ts]
apq921086 joins the table at seat #4
scorpio04: checks
dients: bets $3
scorpio04: calls $3
*** TURN *** [Ac 7s Ts] [6c]
scorpio04: checks
dients: bets $6
scorpio04: calls $6
*** RIVER *** [Ac 7s Ts 6c] [Ks]
scorpio04: checks
dients: bets $6
scorpio04: calls $6
*** SHOW DOWN ***
dients: shows [Ad As] (three of a kind, Aces)
scorpio04: mucks hand
dients collected $41.50 from pot
*** SUMMARY ***
Total pot $42 | Rake $0.50
Board [Ac 7s Ts 6c Ks]
Seat 1: scorpio04 (big blind) mucked
Seat 3: dients (button) (small blind) showed [Ad As] and won ($41.50) with three of a kind, Aces


PokerStars Hand #171788276153:  Hold'em Limit ($3/$6 USD) - 2017/06/14 20:48:43 ET
Table 'Chloris' 6-max Seat #1 is the button
Seat 1: scorpio04 ($877.64 in chips)
Seat 3: dients ($142.88 in chips)
scorpio04: posts small blind $1
dients: posts big blind $3
*** HOLE CARDS ***
scorpio04: raises $3 to $6
dients: folds
Uncalled bet ($3) returned to scorpio04
scorpio04 collected $6 from pot
scorpio04: doesn't show hand
*** SUMMARY ***
Total pot $6 | Rake $0
Seat 1: scorpio04 (button) (small blind) collected ($6)
Seat 3: dients (big blind) folded before Flop


PokerStars Hand #171788517332:  Hold'em Limit ($3/$6 USD) - 2017/06/14 20:59:08 ET
Table 'Chloris' 6-max Seat #3 is the button
Seat 1: scorpio04 ($923.81 in chips)
Seat 3: dients ($105.28 in chips)
dients: posts small blind $1
scorpio04: posts big blind $3
*** HOLE CARDS ***
apq921086 leaves the table
dients: raises $3 to $6
scorpio04: calls $3
*** FLOP *** [9c 3s 4s]
scorpio04: checks
dients: bets $3
scorpio04: raises $3 to $6
dients: raises $3 to $9
scorpio04: calls $3
*** TURN *** [9c 3s 4s] [Ac]
scorpio04: checks
dients: bets $6
scorpio04: calls $6
*** RIVER *** [9c 3s 4s Ac] [3d]
scorpio04: checks
dients: bets $6
scorpio04: calls $6
*** SHOW DOWN ***
dients: shows [5c As] (two pair, Aces and Threes)
scorpio04: mucks hand
dients collected $53.50 from pot
*** SUMMARY ***
Total pot $54 | Rake $0.50
Board [9c 3s 4s Ac 3d]
Seat 1: scorpio04 (big blind) mucked
Seat 3: dients (button) (small blind) showed [5c As] and won ($53.50) with two pair, Aces and Threes


PokerStars Hand #171788553864:  Hold'em Limit ($3/$6 USD) - 2017/06/14 21:00:50 ET
Table 'Chloris' 6-max Seat #3 is the button
Seat 1: scorpio04 ($871.45 in chips)
Seat 3: dients ($156.28 in chips)
dients: posts small blind $1
scorpio04: posts big blind $3
*** HOLE CARDS ***
dients: raises $3 to $6
scorpio04: calls $3
*** FLOP *** [Ac Ad Qd]
scorpio04: checks
dients: checks
*** TURN *** [Ac Ad Qd] [5c]
scorpio04: checks
dients: bets $6
scorpio04: folds
Uncalled bet ($6) returned to dients
dients collected $11.76 from pot
*** SUMMARY ***
Total pot $12 | Rake $0.24
Board [Ac Ad Qd 5c]
Seat 1: scorpio04 (big blind) folded on the Turn
Seat 3: dients (button) (small blind) collected ($11.76)


PokerStars Hand #171788552105:  Hold'em Limit ($3/$6 USD) - 2017/06/14 21:00:46 ET
Table 'Chloris' 6-max Seat #1 is the button
Seat 1: scorpio04 ($872.45 in chips)
Seat 3: dients ($155.28 in chips)
scorpio04: posts small blind $1
dients: posts big blind $3
*** HOLE CARDS ***
scorpio04: folds
Uncalled bet ($2) returned to dients
dients collected $2 from pot
*** SUMMARY ***
Total pot $2 | Rake $0
Seat 1: scorpio04 (button) (small blind) folded before Flop
Seat 3: dients (big blind) collected ($2)


PokerStars Hand #171788550189:  Hold'em Limit ($3/$6 USD) - 2017/06/14 21:00:40 ET
Table 'Chloris' 6-max Seat #3 is the button
Seat 1: scorpio04 ($871.45 in chips)
Seat 3: dients ($156.28 in chips)
dients: posts small blind $1
scorpio04: posts big blind $3
*** HOLE CARDS ***
dients: folds
Uncalled bet ($2) returned to scorpio04
scorpio04 collected $2 from pot
scorpio04: doesn't show hand
*** SUMMARY ***
Total pot $2 | Rake $0
Seat 1: scorpio04 (big blind) collected ($2)
Seat 3: dients (button) (small blind) folded before Flop


PokerStars Hand #171788547743:  Hold'em Limit ($3/$6 USD) - 2017/06/14 21:00:34 ET
Table 'Chloris' 6-max Seat #1 is the button
Seat 1: scorpio04 ($872.45 in chips)
Seat 3: dients ($155.28 in chips)
scorpio04: posts small blind $1
dients: posts big blind $3
*** HOLE CARDS ***
scorpio04: folds
Uncalled bet ($2) returned to dients
dients collected $2 from pot
*** SUMMARY ***
Total pot $2 | Rake $0
Seat 1: scorpio04 (button) (small blind) folded before Flop
Seat 3: dients (big blind) collected ($2)


PokerStars Hand #171788541316:  Hold'em Limit ($3/$6 USD) - 2017/06/14 21:00:16 ET
Table 'Chloris' 6-max Seat #3 is the button
Seat 1: scorpio04 ($863.81 in chips)
Seat 3: dients ($164.28 in chips)
dients: posts small blind $1
scorpio04: posts big blind $3
*** HOLE CARDS ***
dients: calls $2
scorpio04: raises $3 to $6
dients: calls $3
*** FLOP *** [2s Jh 8h]
scorpio04: bets $3
dients: calls $3
*** TURN *** [2s Jh 8h] [Jd]
scorpio04: bets $6
dients: folds
Uncalled bet ($6) returned to scorpio04
scorpio04 collected $17.64 from pot
scorpio04: doesn't show hand
*** SUMMARY ***
Total pot $18 | Rake $0.36
Board [2s Jh 8h Jd]
Seat 1: scorpio04 (big blind) collected ($17.64)
Seat 3: dients (button) (small blind) folded on the Turn


PokerStars Hand #171788529538:  Hold'em Limit ($3/$6 USD) - 2017/06/14 20:59:42 ET
Table 'Chloris' 6-max Seat #1 is the button
Seat 1: scorpio04 ($896.81 in chips)
Seat 3: dients ($131.78 in chips)
scorpio04: posts small blind $1
dients: posts big blind $3
*** HOLE CARDS ***
scorpio04: raises $3 to $6
dients: calls $3
*** FLOP *** [6d 3h 5c]
dients: bets $3
scorpio04: calls $3
*** TURN *** [6d 3h 5c] [6c]
dients: bets $6
scorpio04: raises $6 to $12
dients: raises $6 to $18
scorpio04: calls $6
*** RIVER *** [6d 3h 5c 6c] [2c]
dients: bets $6
scorpio04: calls $6
*** SHOW DOWN ***
dients: shows [6s Ad] (three of a kind, Sixes)
scorpio04: mucks hand
dients collected $65.50 from pot
*** SUMMARY ***
Total pot $66 | Rake $0.50
Board [6d 3h 5c 6c 2c]
Seat 1: scorpio04 (button) (small blind) mucked
Seat 3: dients (big blind) showed [6s Ad] and won ($65.50) with three of a kind, Sixes


PokerStars Hand #171788576452:  Hold'em Limit ($3/$6 USD) - 2017/06/14 21:01:49 ET
Table 'Chloris' 6-max Seat #3 is the button
Seat 1: scorpio04 ($837.45 in chips)
Seat 3: dients ($189.54 in chips)
dients: posts small blind $1
scorpio04: posts big blind $3
*** HOLE CARDS ***
dients: folds
Uncalled bet ($2) returned to scorpio04
scorpio04 collected $2 from pot
scorpio04: doesn't show hand
*** SUMMARY ***
Total pot $2 | Rake $0
Seat 1: scorpio04 (big blind) collected ($2)
Seat 3: dients (button) (small blind) folded before Flop


PokerStars Hand #171788574613:  Hold'em Limit ($3/$6 USD) - 2017/06/14 21:01:45 ET
Table 'Chloris' 6-max Seat #1 is the button
Seat 1: scorpio04 ($838.45 in chips)
Seat 3: dients ($188.54 in chips)
scorpio04: posts small blind $1
dients: posts big blind $3
*** HOLE CARDS ***
scorpio04: folds
Uncalled bet ($2) returned to dients
dients collected $2 from pot
*** SUMMARY ***
Total pot $2 | Rake $0
Seat 1: scorpio04 (button) (small blind) folded before Flop
Seat 3: dients (big blind) collected ($2)


PokerStars Hand #171788571314:  Hold'em Limit ($3/$6 USD) - 2017/06/14 21:01:36 ET
Table 'Chloris' 6-max Seat #3 is the button
Seat 1: scorpio04 ($841.45 in chips)
Seat 3: dients ($185.54 in chips)
dients: posts small blind $1
scorpio04: posts big blind $3
*** HOLE CARDS ***
dients: raises $3 to $6
scorpio04: folds
Uncalled bet ($3) returned to dients
dients collected $6 from pot
*** SUMMARY ***
Total pot $6 | Rake $0
Seat 1: scorpio04 (big blind) folded before Flop
Seat 3: dients (button) (small blind) collected ($6)


PokerStars Hand #171788558949:  Hold'em Limit ($3/$6 USD) - 2017/06/14 21:01:04 ET
Table 'Chloris' 6-max Seat #1 is the button
Seat 1: scorpio04 ($865.45 in chips)
Seat 3: dients ($162.04 in chips)
scorpio04: posts small blind $1
dients: posts big blind $3
*** HOLE CARDS ***
scorpio04: raises $3 to $6
dients: raises $3 to $9
scorpio04: calls $3
*** FLOP *** [Ks 6h Qs]
dients: bets $3
scorpio04: calls $3
*** TURN *** [Ks 6h Qs] [Qh]
dients: checks
scorpio04: bets $6
dients: calls $6
*** RIVER *** [Ks 6h Qs Qh] [Td]
dients: bets $6
scorpio04: calls $6
*** SHOW DOWN ***
dients: shows [Jh Ac] (a straight, Ten to Ace)
scorpio04: mucks hand
dients collected $47.50 from pot
*** SUMMARY ***
Total pot $48 | Rake $0.50
Board [Ks 6h Qs Qh Td]
Seat 1: scorpio04 (button) (small blind) mucked
Seat 3: dients (big blind) showed [Jh Ac] and won ($47.50) with a straight, Ten to Ace


PokerStars Hand #171788608285:  Hold'em Limit ($3/$6 USD) - 2017/06/14 21:02:47 ET
Table 'Chloris' 6-max Seat #3 is the button
Seat 1: scorpio04 ($842.95 in chips)
Seat 3: dients ($183.18 in chips)
dients: posts small blind $1
scorpio04: posts big blind $3
*** HOLE CARDS ***
dients: calls $2
scorpio04: checks
*** FLOP *** [2c Td Ad]
scorpio04: checks
dients: bets $3
scorpio04: folds
Uncalled bet ($3) returned to dients
dients collected $5.88 from pot
*** SUMMARY ***
Total pot $6 | Rake $0.12
Board [2c Td Ad]
Seat 1: scorpio04 (big blind) folded on the Flop
Seat 3: dients (button) (small blind) collected ($5.88)


PokerStars Hand #171788606388:  Hold'em Limit ($3/$6 USD) - 2017/06/14 21:02:41 ET
Table 'Chloris' 6-max Seat #1 is the button
Seat 1: scorpio04 ($843.95 in chips)
Seat 3: dients ($182.18 in chips)
scorpio04: posts small blind $1
dients: posts big blind $3
*** HOLE CARDS ***
scorpio04: folds
Uncalled bet ($2) returned to dients
dients collected $2 from pot
*** SUMMARY ***
Total pot $2 | Rake $0
Seat 1: scorpio04 (button) (small blind) folded before Flop
Seat 3: dients (big blind) collected ($2)


PokerStars Hand #171788596237:  Hold'em Limit ($3/$6 USD) - 2017/06/14 21:02:16 ET
Table 'Chloris' 6-max Seat #3 is the button
Seat 1: scorpio04 ($829.45 in chips)
Seat 3: dients ($197.18 in chips)
dients: posts small blind $1
scorpio04: posts big blind $3
*** HOLE CARDS ***
dients: calls $2
scorpio04: raises $3 to $6
dients: calls $3
*** FLOP *** [8c Kc 5c]
scorpio04: bets $3
dients: calls $3
*** TURN *** [8c Kc 5c] [3h]
scorpio04: bets $6
dients: calls $6
*** RIVER *** [8c Kc 5c 3h] [4h]
scorpio04: checks
dients: checks
*** SHOW DOWN ***
scorpio04: shows [Tc Ad] (high card Ace)
dients: mucks hand
scorpio04 collected $29.50 from pot
*** SUMMARY ***
Total pot $30 | Rake $0.50
Board [8c Kc 5c 3h 4h]
Seat 1: scorpio04 (big blind) showed [Tc Ad] and won ($29.50) with high card Ace
Seat 3: dients (button) (small blind) mucked


PokerStars Hand #171788579443:  Hold'em Limit ($3/$6 USD) - 2017/06/14 21:01:56 ET
Table 'Chloris' 6-max Seat #1 is the button
Seat 1: scorpio04 ($838.45 in chips)
Seat 3: dients ($188.54 in chips)
scorpio04: posts small blind $1
dients: posts big blind $3
*** HOLE CARDS ***
scorpio04: raises $3 to $6
dients: raises $3 to $9
scorpio04: calls $3
*** FLOP *** [Tc Ad 8s]
dients: bets $3
scorpio04: folds
Uncalled bet ($3) returned to dients
dients collected $17.64 from pot
*** SUMMARY ***
Total pot $18 | Rake $0.36
Board [Tc Ad 8s]
Seat 1: scorpio04 (button) (small blind) folded on the Flop
Seat 3: dients (big blind) collected ($17.64)


PokerStars Hand #171788617194:  Hold'em Limit ($3/$6 USD) - 2017/06/14 21:03:09 ET
Table 'Chloris' 6-max Seat #1 is the button
Seat 1: scorpio04 ($839.95 in chips)
Seat 3: dients ($186.06 in chips)
scorpio04: posts small blind $1
dients: posts big blind $3
*** HOLE CARDS ***
scorpio04: raises $3 to $6
belik555 joins the table at seat #4
dients: raises $3 to $9
scorpio04: calls $3
*** FLOP *** [4d Jc 6d]
dients: bets $3
scorpio04: calls $3
*** TURN *** [4d Jc 6d] [Ts]
dients: bets $6
scorpio04: calls $6
*** RIVER *** [4d Jc 6d Ts] [4c]
dients: checks
scorpio04: bets $6
dients: folds
Uncalled bet ($6) returned to scorpio04
scorpio04 collected $35.50 from pot
scorpio04: doesn't show hand
*** SUMMARY ***
Total pot $36 | Rake $0.50
Board [4d Jc 6d Ts 4c]
Seat 1: scorpio04 (button) (small blind) collected ($35.50)
Seat 3: dients (big blind) folded on the River


PokerStars Hand #171790765409:  Hold'em Limit ($3/$6 USD) - 2017/06/14 22:41:01 ET
Table 'Chloris' 6-max Seat #4 is the button
Seat 3: StormToTo ($28.44 in chips)
Seat 4: belik555 ($245.19 in chips)
belik555: posts small blind $1
StormToTo: posts big blind $3
*** HOLE CARDS ***
belik555: raises $3 to $6
StormToTo: calls $3
*** FLOP *** [Ts 6d 8c]
StormToTo: checks
belik555: bets $3
StormToTo: raises $3 to $6
belik555: raises $3 to $9
StormToTo: raises $3 to $12
Betting is capped
belik555: calls $3
*** TURN *** [Ts 6d 8c] [Qh]
StormToTo: bets $6
belik555: raises $6 to $12
StormToTo: calls $4.44 and is all-in
Uncalled bet ($1.56) returned to belik555
*** RIVER *** [Ts 6d 8c Qh] [7h]
*** SHOW DOWN ***
StormToTo: shows [Jc 8d] (a pair of Eights)
belik555: shows [5s Th] (a pair of Tens)
belik555 collected $56.38 from pot
*** SUMMARY ***
Total pot $56.88 | Rake $0.50
Board [Ts 6d 8c Qh 7h]
Seat 3: StormToTo (big blind) showed [Jc 8d] and lost with a pair of Eights
Seat 4: belik555 (button) (small blind) showed [5s Th] and won ($56.38) with a pair of Tens


PokerStars Hand #171790777107:  Hold'em Limit ($3/$6 USD) - 2017/06/14 22:41:37 ET
Table 'Chloris' 6-max Seat #6 is the button
Seat 4: belik555 ($273.13 in chips)
Seat 6: sugarnom13 ($133.14 in chips)
sugarnom13: posts small blind $1
belik555: posts big blind $3
*** HOLE CARDS ***
sugarnom13: calls $2
belik555: raises $3 to $6
sugarnom13: calls $3
*** FLOP *** [3c Js 7h]
belik555: bets $3
sugarnom13: raises $3 to $6
belik555: folds
Uncalled bet ($3) returned to sugarnom13
sugarnom13 collected $17.64 from pot
sugarnom13: doesn't show hand
*** SUMMARY ***
Total pot $18 | Rake $0.36
Board [3c Js 7h]
Seat 4: belik555 (big blind) folded on the Flop
Seat 6: sugarnom13 (button) (small blind) collected ($17.64)


PokerStars Hand #171790784693:  Hold'em Limit ($3/$6 USD) - 2017/06/14 22:42:01 ET
Table 'Chloris' 6-max Seat #4 is the button
Seat 4: belik555 ($264.13 in chips)
Seat 6: sugarnom13 ($141.78 in chips)
belik555: posts small blind $1
sugarnom13: posts big blind $3
*** HOLE CARDS ***
belik555: raises $3 to $6
sugarnom13: calls $3
*** FLOP *** [7h Ks 4h]
sugarnom13: checks
belik555: checks
*** TURN *** [7h Ks 4h] [Kd]
sugarnom13: bets $6
belik555: folds
Uncalled bet ($6) returned to sugarnom13
sugarnom13 collected $11.76 from pot
sugarnom13: doesn't show hand
*** SUMMARY ***
Total pot $12 | Rake $0.24
Board [7h Ks 4h Kd]
Seat 4: belik555 (button) (small blind) folded on the Turn
Seat 6: sugarnom13 (big blind) collected ($11.76)


PokerStars Hand #171790792170:  Hold'em Limit ($3/$6 USD) - 2017/06/14 22:42:24 ET
Table 'Chloris' 6-max Seat #6 is the button
Seat 4: belik555 ($258.13 in chips)
Seat 6: sugarnom13 ($147.54 in chips)
sugarnom13: posts small blind $1
belik555: posts big blind $3
*** HOLE CARDS ***
sugarnom13: raises $3 to $6
belik555: calls $3
*** FLOP *** [Kd Qs 3h]
belik555: checks
sugarnom13: bets $3
belik555: calls $3
*** TURN *** [Kd Qs 3h] [6d]
belik555: checks
sugarnom13: bets $6
belik555: folds
Uncalled bet ($6) returned to sugarnom13
sugarnom13 collected $17.64 from pot
sugarnom13: doesn't show hand
*** SUMMARY ***
Total pot $18 | Rake $0.36
Board [Kd Qs 3h 6d]
Seat 4: belik555 (big blind) folded on the Turn
Seat 6: sugarnom13 (button) (small blind) collected ($17.64)


PokerStars Hand #171790797385:  Hold'em Limit ($3/$6 USD) - 2017/06/14 22:42:41 ET
Table 'Chloris' 6-max Seat #4 is the button
Seat 4: belik555 ($249.13 in chips)
Seat 6: sugarnom13 ($156.18 in chips)
belik555: posts small blind $1
sugarnom13: posts big blind $3
*** HOLE CARDS ***
belik555: raises $3 to $6
sugarnom13: calls $3
*** FLOP *** [9d 2d 4d]
sugarnom13: checks
belik555: bets $3
sugarnom13: calls $3
*** TURN *** [9d 2d 4d] [4h]
sugarnom13: checks
belik555: bets $6
sugarnom13: raises $6 to $12
belik555: folds
Uncalled bet ($6) returned to sugarnom13
sugarnom13 collected $29.50 from pot
sugarnom13: doesn't show hand
*** SUMMARY ***
Total pot $30 | Rake $0.50
Board [9d 2d 4d 4h]
Seat 4: belik555 (button) (small blind) folded on the Turn
Seat 6: sugarnom13 (big blind) collected ($29.50)


PokerStars Hand #171790805377:  Hold'em Limit ($3/$6 USD) - 2017/06/14 22:43:06 ET
Table 'Chloris' 6-max Seat #6 is the button
Seat 4: belik555 ($234.13 in chips)
Seat 6: sugarnom13 ($170.68 in chips)
sugarnom13: posts small blind $1
belik555: posts big blind $3
*** HOLE CARDS ***
sugarnom13: raises $3 to $6
belik555: calls $3
*** FLOP *** [Ad 4c 6s]
belik555: checks
sugarnom13: bets $3
belik555: calls $3
*** TURN *** [Ad 4c 6s] [7d]
belik555: checks
sugarnom13: bets $6
belik555: calls $6
*** RIVER *** [Ad 4c 6s 7d] [3s]
belik555: bets $6
sugarnom13: calls $6
*** SHOW DOWN ***
belik555: shows [Kd 5d] (a straight, Three to Seven)
sugarnom13: mucks hand
belik555 collected $41.50 from pot
*** SUMMARY ***
Total pot $42 | Rake $0.50
Board [Ad 4c 6s 7d 3s]
Seat 4: belik555 (big blind) showed [Kd 5d] and won ($41.50) with a straight, Three to Seven
Seat 6: sugarnom13 (button) (small blind) mucked


PokerStars Hand #171790815330:  Hold'em Limit ($3/$6 USD) - 2017/06/14 22:43:37 ET
Table 'Chloris' 6-max Seat #4 is the button
Seat 4: belik555 ($254.63 in chips)
Seat 6: sugarnom13 ($149.68 in chips)
belik555: posts small blind $1
sugarnom13: posts big blind $3
*** HOLE CARDS ***
belik555: raises $3 to $6
sugarnom13: calls $3
*** FLOP *** [7s 7c Tc]
sugarnom13: checks
belik555: bets $3
sugarnom13: folds
Uncalled bet ($3) returned to belik555
belik555 collected $11.76 from pot
belik555: doesn't show hand
*** SUMMARY ***
Total pot $12 | Rake $0.24
Board [7s 7c Tc]
Seat 4: belik555 (button) (small blind) collected ($11.76)
Seat 6: sugarnom13 (big blind) folded on the Flop


PokerStars Hand #171790820833:  Hold'em Limit ($3/$6 USD) - 2017/06/14 22:43:54 ET
Table 'Chloris' 6-max Seat #6 is the button
Seat 4: belik555 ($260.39 in chips)
Seat 6: sugarnom13 ($143.68 in chips)
sugarnom13: posts small blind $1
belik555: posts big blind $3
*** HOLE CARDS ***
sugarnom13: raises $3 to $6
belik555: raises $3 to $9
sugarnom13: calls $3
*** FLOP *** [5d 6h 4d]
belik555: bets $3
sugarnom13: raises $3 to $6
belik555: calls $3
*** TURN *** [5d 6h 4d] [Qs]
belik555: checks
sugarnom13: bets $6
belik555: calls $6
*** RIVER *** [5d 6h 4d Qs] [8h]
belik555: checks
sugarnom13: bets $6
belik555: folds
Uncalled bet ($6) returned to sugarnom13
sugarnom13 collected $41.50 from pot
sugarnom13: doesn't show hand
*** SUMMARY ***
Total pot $42 | Rake $0.50
Board [5d 6h 4d Qs 8h]
Seat 4: belik555 (big blind) folded on the River
Seat 6: sugarnom13 (button) (small blind) collected ($41.50)


PokerStars Hand #171790828526:  Hold'em Limit ($3/$6 USD) - 2017/06/14 22:44:18 ET
Table 'Chloris' 6-max Seat #4 is the button
Seat 4: belik555 ($239.39 in chips)
Seat 6: sugarnom13 ($164.18 in chips)
belik555: posts small blind $1
sugarnom13: posts big blind $3
*** HOLE CARDS ***
belik555: raises $3 to $6
sugarnom13: calls $3
*** FLOP *** [Ac 8d 2c]
sugarnom13: checks
belik555: bets $3
sugarnom13: folds
Uncalled bet ($3) returned to belik555
belik555 collected $11.76 from pot
belik555: doesn't show hand
*** SUMMARY ***
Total pot $12 | Rake $0.24
Board [Ac 8d 2c]
Seat 4: belik555 (button) (small blind) collected ($11.76)
Seat 6: sugarnom13 (big blind) folded on the Flop


PokerStars Hand #171790833377:  Hold'em Limit ($3/$6 USD) - 2017/06/14 22:44:33 ET
Table 'Chloris' 6-max Seat #6 is the button
Seat 4: belik555 ($245.15 in chips)
Seat 6: sugarnom13 ($158.18 in chips)
sugarnom13: posts small blind $1
belik555: posts big blind $3
*** HOLE CARDS ***
sugarnom13: raises $3 to $6
belik555: calls $3
*** FLOP *** [Ts Js 5s]
belik555: checks
sugarnom13: bets $3
belik555: calls $3
*** TURN *** [Ts Js 5s] [3s]
belik555: checks
sugarnom13: bets $6
belik555: folds
Uncalled bet ($6) returned to sugarnom13
sugarnom13 collected $17.64 from pot
sugarnom13: doesn't show hand
*** SUMMARY ***
Total pot $18 | Rake $0.36
Board [Ts Js 5s 3s]
Seat 4: belik555 (big blind) folded on the Turn
Seat 6: sugarnom13 (button) (small blind) collected ($17.64)


PokerStars Hand #171790859744:  Hold'em Limit ($3/$6 USD) - 2017/06/14 22:45:57 ET
Table 'Chloris' 6-max Seat #4 is the button
Seat 4: belik555 ($206.15 in chips)
Seat 6: sugarnom13 ($195.82 in chips)
belik555: posts small blind $1
sugarnom13: posts big blind $3
*** HOLE CARDS ***
belik555: raises $3 to $6
sugarnom13: calls $3
*** FLOP *** [2d 3s 9d]
sugarnom13: bets $3
belik555: calls $3
*** TURN *** [2d 3s 9d] [7d]
sugarnom13: bets $6
belik555: folds
Uncalled bet ($6) returned to sugarnom13
sugarnom13 collected $17.64 from pot
sugarnom13: doesn't show hand
*** SUMMARY ***
Total pot $18 | Rake $0.36
Board [2d 3s 9d 7d]
Seat 4: belik555 (button) (small blind) folded on the Turn
Seat 6: sugarnom13 (big blind) collected ($17.64)


PokerStars Hand #171790841315:  Hold'em Limit ($3/$6 USD) - 2017/06/14 22:44:59 ET
Table 'Chloris' 6-max Seat #4 is the button
Seat 4: belik555 ($236.15 in chips)
Seat 6: sugarnom13 ($166.82 in chips)
belik555: posts small blind $1
sugarnom13: posts big blind $3
*** HOLE CARDS ***
belik555: raises $3 to $6
sugarnom13: calls $3
*** FLOP *** [Jd 4d 7h]
sugarnom13: bets $3
belik555: calls $3
*** TURN *** [Jd 4d 7h] [3s]
sugarnom13: bets $6
belik555: calls $6
*** RIVER *** [Jd 4d 7h 3s] [2h]
sugarnom13: bets $6
belik555: folds
Uncalled bet ($6) returned to sugarnom13
sugarnom13 collected $29.50 from pot
sugarnom13: doesn't show hand
*** SUMMARY ***
Total pot $30 | Rake $0.50
Board [Jd 4d 7h 3s 2h]
Seat 4: belik555 (button) (small blind) folded on the River
Seat 6: sugarnom13 (big blind) collected ($29.50)


PokerStars Hand #171790849122:  Hold'em Limit ($3/$6 USD) - 2017/06/14 22:45:24 ET
Table 'Chloris' 6-max Seat #6 is the button
Seat 4: belik555 ($221.15 in chips)
Seat 6: sugarnom13 ($181.32 in chips)
sugarnom13: posts small blind $1
belik555: posts big blind $3
*** HOLE CARDS ***
sugarnom13: raises $3 to $6
belik555: calls $3
*** FLOP *** [5h 2c 6s]
belik555: checks
sugarnom13: bets $3
belik555: calls $3
*** TURN *** [5h 2c 6s] [6c]
belik555: checks
sugarnom13: bets $6
belik555: calls $6
*** RIVER *** [5h 2c 6s 6c] [Jd]
belik555: checks
sugarnom13: checks
*** SHOW DOWN ***
belik555: shows [Td Ks] (a pair of Sixes)
sugarnom13: shows [7s 7d] (two pair, Sevens and Sixes)
sugarnom13 collected $29.50 from pot
*** SUMMARY ***
Total pot $30 | Rake $0.50
Board [5h 2c 6s 6c Jd]
Seat 4: belik555 (big blind) showed [Td Ks] and lost with a pair of Sixes
Seat 6: sugarnom13 (button) (small blind) showed [7s 7d] and won ($29.50) with two pair, Sevens and Sixes


PokerStars Hand #171790864036:  Hold'em Limit ($3/$6 USD) - 2017/06/14 22:46:11 ET
Table 'Chloris' 6-max Seat #6 is the button
Seat 4: belik555 ($197.15 in chips)
Seat 6: sugarnom13 ($204.46 in chips)
sugarnom13: posts small blind $1
belik555: posts big blind $3
*** HOLE CARDS ***
sugarnom13: calls $2
belik555: raises $3 to $6
sugarnom13: calls $3
*** FLOP *** [Ks 9d 7d]
belik555: bets $3
sugarnom13: folds
Uncalled bet ($3) returned to belik555
belik555 collected $11.76 from pot
belik555: doesn't show hand
*** SUMMARY ***
Total pot $12 | Rake $0.24
Board [Ks 9d 7d]
Seat 4: belik555 (big blind) collected ($11.76)
Seat 6: sugarnom13 (button) (small blind) folded on the Flop


PokerStars Hand #171790871341:  Hold'em Limit ($3/$6 USD) - 2017/06/14 22:46:34 ET
Table 'Chloris' 6-max Seat #4 is the button
Seat 4: belik555 ($202.91 in chips)
Seat 6: sugarnom13 ($198.46 in chips)
belik555: posts small blind $1
sugarnom13: posts big blind $3
*** HOLE CARDS ***
belik555: raises $3 to $6
sugarnom13: calls $3
*** FLOP *** [2c 8h 9s]
sugarnom13: checks
belik555: checks
*** TURN *** [2c 8h 9s] [Jh]
sugarnom13: bets $6
belik555: calls $6
*** RIVER *** [2c 8h 9s Jh] [9h]
sugarnom13: bets $6
belik555: folds
Uncalled bet ($6) returned to sugarnom13
sugarnom13 collected $23.52 from pot
sugarnom13: doesn't show hand
*** SUMMARY ***
Total pot $24 | Rake $0.48
Board [2c 8h 9s Jh 9h]
Seat 4: belik555 (button) (small blind) folded on the River
Seat 6: sugarnom13 (big blind) collected ($23.52)


PokerStars Hand #171790880986:  Hold'em Limit ($3/$6 USD) - 2017/06/14 22:47:04 ET
Table 'Chloris' 6-max Seat #4 is the button
Seat 4: belik555 ($184.91 in chips)
Seat 6: sugarnom13 ($215.74 in chips)
belik555: posts small blind $1
sugarnom13: posts big blind $3
*** HOLE CARDS ***
belik555: raises $3 to $6
sugarnom13: folds
Uncalled bet ($3) returned to belik555
belik555 collected $6 from pot
belik555: doesn't show hand
*** SUMMARY ***
Total pot $6 | Rake $0
Seat 4: belik555 (button) (small blind) collected ($6)
Seat 6: sugarnom13 (big blind) folded before Flop


PokerStars Hand #171790876593:  Hold'em Limit ($3/$6 USD) - 2017/06/14 22:46:51 ET
Table 'Chloris' 6-max Seat #6 is the button
Seat 4: belik555 ($190.91 in chips)
Seat 6: sugarnom13 ($209.98 in chips)
sugarnom13: posts small blind $1
belik555: posts big blind $3
*** HOLE CARDS ***
sugarnom13: raises $3 to $6
belik555: calls $3
*** FLOP *** [Kh Ks 4h]
belik555: checks
sugarnom13: bets $3
belik555: folds
Uncalled bet ($3) returned to sugarnom13
sugarnom13 collected $11.76 from pot
sugarnom13: doesn't show hand
*** SUMMARY ***
Total pot $12 | Rake $0.24
Board [Kh Ks 4h]
Seat 4: belik555 (big blind) folded on the Flop
Seat 6: sugarnom13 (button) (small blind) collected ($11.76)


PokerStars Hand #171790883434:  Hold'em Limit ($3/$6 USD) - 2017/06/14 22:47:12 ET
Table 'Chloris' 6-max Seat #6 is the button
Seat 4: belik555 ($187.91 in chips)
Seat 6: sugarnom13 ($212.74 in chips)
sugarnom13: posts small blind $1
belik555: posts big blind $3
*** HOLE CARDS ***
sugarnom13: folds
Uncalled bet ($2) returned to belik555
belik555 collected $2 from pot
belik555: doesn't show hand
*** SUMMARY ***
Total pot $2 | Rake $0
Seat 4: belik555 (big blind) collected ($2)
Seat 6: sugarnom13 (button) (small blind) folded before Flop


PokerStars Hand #171790888563:  Hold'em Limit ($3/$6 USD) - 2017/06/14 22:47:28 ET
Table 'Chloris' 6-max Seat #4 is the button
Seat 4: belik555 ($188.91 in chips)
Seat 6: sugarnom13 ($211.74 in chips)
belik555: posts small blind $1
sugarnom13: posts big blind $3
*** HOLE CARDS ***
belik555: raises $3 to $6
sugarnom13: raises $3 to $9
belik555: calls $3
*** FLOP *** [2d 6c 5h]
sugarnom13: bets $3
belik555: calls $3
*** TURN *** [2d 6c 5h] [8d]
sugarnom13: bets $6
belik555: calls $6
*** RIVER *** [2d 6c 5h 8d] [7s]
sugarnom13: checks
belik555: bets $6
sugarnom13: calls $6
*** SHOW DOWN ***
belik555: shows [Tc 4d] (a straight, Four to Eight)
sugarnom13: mucks hand
belik555 collected $47.50 from pot
*** SUMMARY ***
Total pot $48 | Rake $0.50
Board [2d 6c 5h 8d 7s]
Seat 4: belik555 (button) (small blind) showed [Tc 4d] and won ($47.50) with a straight, Four to Eight
Seat 6: sugarnom13 (big blind) mucked


