PokerStars Hand #160832369495:  Hold'em Limit ($3/$6 USD) - 2016/11/03 8:40:22 ET
Table 'Chloris II' 6-max Seat #3 is the button
Seat 3: Plofkopp1 ($120 in chips)
Seat 4: Agrotait ($72 in chips)
Plofkopp1: posts small blind $1
Agrotait: posts big blind $3
*** HOLE CARDS ***
Plofkopp1: raises $3 to $6
Agrotait: calls $3
*** FLOP *** [2h As 4h]
Agrotait: checks
Plofkopp1: bets $3
Agrotait: folds
Uncalled bet ($3) returned to Plofkopp1
Plofkopp1 collected $11.76 from pot
*** SUMMARY ***
Total pot $12 | Rake $0.24
Board [2h As 4h]
Seat 3: Plofkopp1 (button) (small blind) collected ($11.76)
Seat 4: Agrotait (big blind) folded on the Flop


PokerStars Hand #160832409005:  Hold'em Limit ($3/$6 USD) - 2016/11/03 8:41:35 ET
Table 'Chloris II' 6-max Seat #3 is the button
Seat 3: Plofkopp1 ($104.76 in chips)
Seat 4: Agrotait ($86.50 in chips)
Plofkopp1: posts small blind $1
Agrotait: posts big blind $3
*** HOLE CARDS ***
Plofkopp1: raises $3 to $6
beng_51 joins the table at seat #5
Agrotait: raises $3 to $9
Plofkopp1: calls $3
*** FLOP *** [6s Kh Ad]
Agrotait: bets $3
Plofkopp1: calls $3
*** TURN *** [6s Kh Ad] [6h]
Agrotait: checks
Plofkopp1: bets $6
Agrotait: calls $6
*** RIVER *** [6s Kh Ad 6h] [5s]
Agrotait: checks
Plofkopp1: bets $6
Agrotait: calls $6
*** SHOW DOWN ***
Plofkopp1: shows [8h 6c] (three of a kind, Sixes)
Agrotait: mucks hand
Plofkopp1 collected $47.50 from pot
*** SUMMARY ***
Total pot $48 | Rake $0.50
Board [6s Kh Ad 6h 5s]
Seat 3: Plofkopp1 (button) (small blind) showed [8h 6c] and won ($47.50) with three of a kind, Sixes
Seat 4: Agrotait (big blind) mucked


PokerStars Hand #160832397091:  Hold'em Limit ($3/$6 USD) - 2016/11/03 8:41:11 ET
Table 'Chloris II' 6-max Seat #4 is the button
Seat 3: Plofkopp1 ($125.76 in chips)
Seat 4: Agrotait ($66 in chips)
Agrotait: posts small blind $1
Plofkopp1: posts big blind $3
*** HOLE CARDS ***
Agrotait: raises $3 to $6
Plofkopp1: calls $3
*** FLOP *** [Ts 7d 7s]
Plofkopp1: checks
Agrotait: bets $3
Plofkopp1: calls $3
*** TURN *** [Ts 7d 7s] [6h]
Plofkopp1: checks
Agrotait: bets $6
Plofkopp1: calls $6
*** RIVER *** [Ts 7d 7s 6h] [Th]
Plofkopp1: checks
Agrotait: bets $6
Plofkopp1: calls $6
*** SHOW DOWN ***
Agrotait: shows [Jc Jh] (two pair, Jacks and Tens)
Plofkopp1: mucks hand
Agrotait collected $41.50 from pot
*** SUMMARY ***
Total pot $42 | Rake $0.50
Board [Ts 7d 7s 6h Th]
Seat 3: Plofkopp1 (big blind) mucked
Seat 4: Agrotait (button) (small blind) showed [Jc Jh] and won ($41.50) with two pair, Jacks and Tens


PokerStars Hand #160832711216:  Hold'em Limit ($3/$6 USD) - 2016/11/03 8:51:24 ET
Table 'Chloris II' 6-max Seat #6 is the button
Seat 3: Plofkopp1 ($135.66 in chips)
Seat 6: Mordnilap ($118.18 in chips)
Mordnilap: posts small blind $1
Plofkopp1: posts big blind $3
*** HOLE CARDS ***
Mordnilap: raises $3 to $6
Plofkopp1: calls $3
*** FLOP *** [2c 9h Ts]
Plofkopp1: checks
beng_51 leaves the table
Mordnilap: bets $3
Plofkopp1: calls $3
*** TURN *** [2c 9h Ts] [5s]
Plofkopp1: checks
Mordnilap: checks
*** RIVER *** [2c 9h Ts 5s] [7s]
Plofkopp1: checks
Mordnilap: bets $6
Plofkopp1: calls $6
*** SHOW DOWN ***
Mordnilap: shows [4s Jh] (high card Jack)
Plofkopp1: shows [4h 5h] (a pair of Fives)
Plofkopp1 collected $29.50 from pot
*** SUMMARY ***
Total pot $30 | Rake $0.50
Board [2c 9h Ts 5s 7s]
Seat 3: Plofkopp1 (big blind) showed [4h 5h] and won ($29.50) with a pair of Fives
Seat 6: Mordnilap (button) (small blind) showed [4s Jh] and lost with high card Jack


PokerStars Hand #160832726403:  Hold'em Limit ($3/$6 USD) - 2016/11/03 8:51:53 ET
Table 'Chloris II' 6-max Seat #3 is the button
Seat 3: Plofkopp1 ($150.16 in chips)
Seat 6: Mordnilap ($103.18 in chips)
Plofkopp1: posts small blind $1
Mordnilap: posts big blind $3
*** HOLE CARDS ***
Plofkopp1: raises $3 to $6
Mordnilap: calls $3
*** FLOP *** [Qd 6h Kd]
Mordnilap: checks
Plofkopp1: bets $3
Mordnilap: calls $3
*** TURN *** [Qd 6h Kd] [6c]
Mordnilap: checks
Plofkopp1: bets $6
Mordnilap: calls $6
*** RIVER *** [Qd 6h Kd 6c] [8s]
Mordnilap: checks
Plofkopp1: bets $6
Mordnilap: calls $6
*** SHOW DOWN ***
Plofkopp1: shows [Qc 6d] (a full house, Sixes full of Queens)
Mordnilap: mucks hand
Plofkopp1 collected $41.50 from pot
*** SUMMARY ***
Total pot $42 | Rake $0.50
Board [Qd 6h Kd 6c 8s]
Seat 3: Plofkopp1 (button) (small blind) showed [Qc 6d] and won ($41.50) with a full house, Sixes full of Queens
Seat 6: Mordnilap (big blind) mucked


PokerStars Hand #160832747354:  Hold'em Limit ($3/$6 USD) - 2016/11/03 8:52:34 ET
Table 'Chloris II' 6-max Seat #6 is the button
Seat 3: Plofkopp1 ($170.66 in chips)
Seat 6: Mordnilap ($82.18 in chips)
Mordnilap: posts small blind $1
Plofkopp1: posts big blind $3
*** HOLE CARDS ***
Mordnilap: folds
Uncalled bet ($2) returned to Plofkopp1
Plofkopp1 collected $2 from pot
*** SUMMARY ***
Total pot $2 | Rake $0
Seat 3: Plofkopp1 (big blind) collected ($2)
Seat 6: Mordnilap (button) (small blind) folded before Flop


PokerStars Hand #160832751383:  Hold'em Limit ($3/$6 USD) - 2016/11/03 8:52:42 ET
Table 'Chloris II' 6-max Seat #3 is the button
Seat 3: Plofkopp1 ($171.66 in chips)
Seat 6: Mordnilap ($81.18 in chips)
Plofkopp1: posts small blind $1
Mordnilap: posts big blind $3
*** HOLE CARDS ***
Plofkopp1: raises $3 to $6
Mordnilap: folds
Uncalled bet ($3) returned to Plofkopp1
Plofkopp1 collected $6 from pot
*** SUMMARY ***
Total pot $6 | Rake $0
Seat 3: Plofkopp1 (button) (small blind) collected ($6)
Seat 6: Mordnilap (big blind) folded before Flop


PokerStars Hand #160832755749:  Hold'em Limit ($3/$6 USD) - 2016/11/03 8:52:50 ET
Table 'Chloris II' 6-max Seat #6 is the button
Seat 3: Plofkopp1 ($174.66 in chips)
Seat 6: Mordnilap ($78.18 in chips)
Mordnilap: posts small blind $1
Plofkopp1: posts big blind $3
*** HOLE CARDS ***
Mordnilap: raises $3 to $6
Plofkopp1: calls $3
*** FLOP *** [8c Qh 9d]
Plofkopp1: checks
Mordnilap: bets $3
Plofkopp1: calls $3
*** TURN *** [8c Qh 9d] [Th]
Plofkopp1: checks
Mordnilap: checks
*** RIVER *** [8c Qh 9d Th] [Ts]
Plofkopp1: bets $6
Mordnilap: folds
Uncalled bet ($6) returned to Plofkopp1
Plofkopp1 collected $17.64 from pot
*** SUMMARY ***
Total pot $18 | Rake $0.36
Board [8c Qh 9d Th Ts]
Seat 3: Plofkopp1 (big blind) collected ($17.64)
Seat 6: Mordnilap (button) (small blind) folded on the River


PokerStars Hand #160832766808:  Hold'em Limit ($3/$6 USD) - 2016/11/03 8:53:11 ET
Table 'Chloris II' 6-max Seat #3 is the button
Seat 3: Plofkopp1 ($183.30 in chips)
Seat 6: Mordnilap ($72 in chips)
Plofkopp1: posts small blind $1
Mordnilap: posts big blind $3
*** HOLE CARDS ***
Plofkopp1: raises $3 to $6
Mordnilap: calls $3
*** FLOP *** [3c As 7s]
Mordnilap: checks
Plofkopp1: bets $3
Mordnilap: calls $3
*** TURN *** [3c As 7s] [3h]
Mordnilap: checks
Plofkopp1: bets $6
Mordnilap: raises $6 to $12
Plofkopp1: calls $6
*** RIVER *** [3c As 7s 3h] [3d]
Mordnilap: bets $6
Plofkopp1: calls $6
*** SHOW DOWN ***
Mordnilap: shows [4c 3s] (four of a kind, Threes)
Plofkopp1: mucks hand
Mordnilap collected $53.50 from pot
*** SUMMARY ***
Total pot $54 | Rake $0.50
Board [3c As 7s 3h 3d]
Seat 3: Plofkopp1 (button) (small blind) mucked
Seat 6: Mordnilap (big blind) showed [4c 3s] and won ($53.50) with four of a kind, Threes


PokerStars Hand #160832784498:  Hold'em Limit ($3/$6 USD) - 2016/11/03 8:53:45 ET
Table 'Chloris II' 6-max Seat #6 is the button
Seat 3: Plofkopp1 ($156.30 in chips)
Seat 6: Mordnilap ($98.50 in chips)
Mordnilap: posts small blind $1
Plofkopp1: posts big blind $3
*** HOLE CARDS ***
Mordnilap: raises $3 to $6
Plofkopp1: calls $3
*** FLOP *** [8d 3s 4c]
Plofkopp1: checks
Mordnilap: bets $3
Plofkopp1: calls $3
*** TURN *** [8d 3s 4c] [8s]
Plofkopp1: checks
Mordnilap: bets $6
Plofkopp1: calls $6
*** RIVER *** [8d 3s 4c 8s] [2s]
Plofkopp1: checks
Mordnilap: checks
*** SHOW DOWN ***
Plofkopp1: shows [4d 9s] (two pair, Eights and Fours)
Mordnilap: mucks hand
Plofkopp1 collected $29.50 from pot
*** SUMMARY ***
Total pot $30 | Rake $0.50
Board [8d 3s 4c 8s 2s]
Seat 3: Plofkopp1 (big blind) showed [4d 9s] and won ($29.50) with two pair, Eights and Fours
Seat 6: Mordnilap (button) (small blind) mucked


PokerStars Hand #160832795294:  Hold'em Limit ($3/$6 USD) - 2016/11/03 8:54:06 ET
Table 'Chloris II' 6-max Seat #3 is the button
Seat 3: Plofkopp1 ($170.80 in chips)
Seat 6: Mordnilap ($83.50 in chips)
Plofkopp1: posts small blind $1
Mordnilap: posts big blind $3
*** HOLE CARDS ***
Plofkopp1: raises $3 to $6
Mordnilap: calls $3
*** FLOP *** [Qh Tc 2h]
Mordnilap: checks
Plofkopp1: bets $3
Mordnilap: raises $3 to $6
Plofkopp1: folds
Uncalled bet ($3) returned to Mordnilap
Mordnilap collected $17.64 from pot
Mordnilap: doesn't show hand
*** SUMMARY ***
Total pot $18 | Rake $0.36
Board [Qh Tc 2h]
Seat 3: Plofkopp1 (button) (small blind) folded on the Flop
Seat 6: Mordnilap (big blind) collected ($17.64)


PokerStars Hand #160832801859:  Hold'em Limit ($3/$6 USD) - 2016/11/03 8:54:19 ET
Table 'Chloris II' 6-max Seat #6 is the button
Seat 3: Plofkopp1 ($161.80 in chips)
Seat 6: Mordnilap ($92.14 in chips)
Mordnilap: posts small blind $1
Plofkopp1: posts big blind $3
*** HOLE CARDS ***
Mordnilap: raises $3 to $6
Plofkopp1: calls $3
*** FLOP *** [4s 9h 4c]
Plofkopp1: checks
Mordnilap: bets $3
Plofkopp1: calls $3
*** TURN *** [4s 9h 4c] [Td]
Plofkopp1: checks
Mordnilap: checks
*** RIVER *** [4s 9h 4c Td] [Js]
Plofkopp1: bets $6
Mordnilap: calls $6
*** SHOW DOWN ***
Plofkopp1: shows [Ad 4d] (three of a kind, Fours)
Mordnilap: mucks hand
Plofkopp1 collected $29.50 from pot
*** SUMMARY ***
Total pot $30 | Rake $0.50
Board [4s 9h 4c Td Js]
Seat 3: Plofkopp1 (big blind) showed [Ad 4d] and won ($29.50) with three of a kind, Fours
Seat 6: Mordnilap (button) (small blind) mucked


PokerStars Hand #160832819035:  Hold'em Limit ($3/$6 USD) - 2016/11/03 8:54:52 ET
Table 'Chloris II' 6-max Seat #3 is the button
Seat 3: Plofkopp1 ($176.30 in chips)
Seat 6: Mordnilap ($77.14 in chips)
Plofkopp1: posts small blind $1
Mordnilap: posts big blind $3
*** HOLE CARDS ***
Plofkopp1: raises $3 to $6
Mordnilap: calls $3
*** FLOP *** [Ah 4d 3c]
Mordnilap: checks
Plofkopp1: bets $3
Mordnilap: raises $3 to $6
Plofkopp1: calls $3
*** TURN *** [Ah 4d 3c] [3s]
Mordnilap: bets $6
Plofkopp1: calls $6
*** RIVER *** [Ah 4d 3c 3s] [7c]
Mordnilap: bets $6
Plofkopp1: folds
Uncalled bet ($6) returned to Mordnilap
Mordnilap collected $35.50 from pot
Mordnilap: doesn't show hand
*** SUMMARY ***
Total pot $36 | Rake $0.50
Board [Ah 4d 3c 3s 7c]
Seat 3: Plofkopp1 (button) (small blind) folded on the River
Seat 6: Mordnilap (big blind) collected ($35.50)


PokerStars Hand #160832838525:  Hold'em Limit ($3/$6 USD) - 2016/11/03 8:55:31 ET
Table 'Chloris II' 6-max Seat #3 is the button
Seat 3: Plofkopp1 ($131.30 in chips)
Seat 6: Mordnilap ($121.14 in chips)
Plofkopp1: posts small blind $1
Mordnilap: posts big blind $3
*** HOLE CARDS ***
Plofkopp1: folds
Uncalled bet ($2) returned to Mordnilap
Mordnilap collected $2 from pot
Mordnilap: doesn't show hand
*** SUMMARY ***
Total pot $2 | Rake $0
Seat 3: Plofkopp1 (button) (small blind) folded before Flop
Seat 6: Mordnilap (big blind) collected ($2)


PokerStars Hand #160832829312:  Hold'em Limit ($3/$6 USD) - 2016/11/03 8:55:12 ET
Table 'Chloris II' 6-max Seat #6 is the button
Seat 3: Plofkopp1 ($158.30 in chips)
Seat 6: Mordnilap ($94.64 in chips)
Mordnilap: posts small blind $1
Plofkopp1: posts big blind $3
*** HOLE CARDS ***
Mordnilap: raises $3 to $6
Plofkopp1: calls $3
*** FLOP *** [8h 7d Qh]
Plofkopp1: checks
Mordnilap: bets $3
Plofkopp1: calls $3
*** TURN *** [8h 7d Qh] [Th]
Plofkopp1: checks
Mordnilap: bets $6
Plofkopp1: raises $6 to $12
Mordnilap: calls $6
*** RIVER *** [8h 7d Qh Th] [2c]
Plofkopp1: bets $6
Mordnilap: calls $6
*** SHOW DOWN ***
Plofkopp1: shows [9c 5s] (high card Queen)
Mordnilap: shows [6s 9d] (a straight, Six to Ten)
Mordnilap collected $53.50 from pot
*** SUMMARY ***
Total pot $54 | Rake $0.50
Board [8h 7d Qh Th 2c]
Seat 3: Plofkopp1 (big blind) showed [9c 5s] and lost with high card Queen
Seat 6: Mordnilap (button) (small blind) showed [6s 9d] and won ($53.50) with a straight, Six to Ten


PokerStars Hand #160832840678:  Hold'em Limit ($3/$6 USD) - 2016/11/03 8:55:36 ET
Table 'Chloris II' 6-max Seat #6 is the button
Seat 3: Plofkopp1 ($130.30 in chips)
Seat 6: Mordnilap ($122.14 in chips)
Mordnilap: posts small blind $1
Plofkopp1: posts big blind $3
*** HOLE CARDS ***
Mordnilap: raises $3 to $6
Plofkopp1: folds
Uncalled bet ($3) returned to Mordnilap
Mordnilap collected $6 from pot
Mordnilap: doesn't show hand
*** SUMMARY ***
Total pot $6 | Rake $0
Seat 3: Plofkopp1 (big blind) folded before Flop
Seat 6: Mordnilap (button) (small blind) collected ($6)


PokerStars Hand #160832846272:  Hold'em Limit ($3/$6 USD) - 2016/11/03 8:55:48 ET
Table 'Chloris II' 6-max Seat #3 is the button
Seat 3: Plofkopp1 ($127.30 in chips)
Seat 6: Mordnilap ($125.14 in chips)
Plofkopp1: posts small blind $1
Mordnilap: posts big blind $3
*** HOLE CARDS ***
Plofkopp1: folds
Uncalled bet ($2) returned to Mordnilap
Mordnilap collected $2 from pot
Mordnilap: doesn't show hand
*** SUMMARY ***
Total pot $2 | Rake $0
Seat 3: Plofkopp1 (button) (small blind) folded before Flop
Seat 6: Mordnilap (big blind) collected ($2)


PokerStars Hand #160832848382:  Hold'em Limit ($3/$6 USD) - 2016/11/03 8:55:53 ET
Table 'Chloris II' 6-max Seat #6 is the button
Seat 3: Plofkopp1 ($126.30 in chips)
Seat 6: Mordnilap ($126.14 in chips)
Mordnilap: posts small blind $1
Plofkopp1: posts big blind $3
*** HOLE CARDS ***
Mordnilap: raises $3 to $6
Plofkopp1: calls $3
*** FLOP *** [5h Kd Kc]
Plofkopp1: checks
Mordnilap: bets $3
Plofkopp1: calls $3
*** TURN *** [5h Kd Kc] [2s]
Plofkopp1: checks
Mordnilap: bets $6
Plofkopp1: calls $6
*** RIVER *** [5h Kd Kc 2s] [4d]
Plofkopp1: checks
Mordnilap: bets $6
Plofkopp1: calls $6
*** SHOW DOWN ***
Mordnilap: shows [4s Kh] (a full house, Kings full of Fours)
Plofkopp1: mucks hand
Mordnilap collected $41.50 from pot
*** SUMMARY ***
Total pot $42 | Rake $0.50
Board [5h Kd Kc 2s 4d]
Seat 3: Plofkopp1 (big blind) mucked
Seat 6: Mordnilap (button) (small blind) showed [4s Kh] and won ($41.50) with a full house, Kings full of Fours


PokerStars Hand #160832860079:  Hold'em Limit ($3/$6 USD) - 2016/11/03 8:56:18 ET
Table 'Chloris II' 6-max Seat #3 is the button
Seat 3: Plofkopp1 ($105.30 in chips)
Seat 6: Mordnilap ($146.64 in chips)
Plofkopp1: posts small blind $1
Mordnilap: posts big blind $3
*** HOLE CARDS ***
Plofkopp1: raises $3 to $6
Mordnilap: calls $3
*** FLOP *** [3s 9s 7h]
Mordnilap: checks
Plofkopp1: bets $3
Mordnilap: raises $3 to $6
Plofkopp1: folds
Uncalled bet ($3) returned to Mordnilap
Mordnilap collected $17.64 from pot
Mordnilap: doesn't show hand
*** SUMMARY ***
Total pot $18 | Rake $0.36
Board [3s 9s 7h]
Seat 3: Plofkopp1 (button) (small blind) folded on the Flop
Seat 6: Mordnilap (big blind) collected ($17.64)


PokerStars Hand #160832869234:  Hold'em Limit ($3/$6 USD) - 2016/11/03 8:56:38 ET
Table 'Chloris II' 6-max Seat #6 is the button
Seat 3: Plofkopp1 ($96.30 in chips)
Seat 6: Mordnilap ($155.28 in chips)
Mordnilap: posts small blind $1
Plofkopp1: posts big blind $3
*** HOLE CARDS ***
Mordnilap: raises $3 to $6
Plofkopp1: calls $3
*** FLOP *** [7h 4c Jc]
Plofkopp1: checks
Mordnilap: bets $3
Plofkopp1: calls $3
*** TURN *** [7h 4c Jc] [Qc]
Plofkopp1: checks
Mordnilap: bets $6
Plofkopp1: folds
Uncalled bet ($6) returned to Mordnilap
Mordnilap collected $17.64 from pot
Mordnilap: doesn't show hand
*** SUMMARY ***
Total pot $18 | Rake $0.36
Board [7h 4c Jc Qc]
Seat 3: Plofkopp1 (big blind) folded on the Turn
Seat 6: Mordnilap (button) (small blind) collected ($17.64)


PokerStars Hand #160832878430:  Hold'em Limit ($3/$6 USD) - 2016/11/03 8:56:58 ET
Table 'Chloris II' 6-max Seat #3 is the button
Seat 3: Plofkopp1 ($87.30 in chips)
Seat 6: Mordnilap ($163.92 in chips)
Plofkopp1: posts small blind $1
Mordnilap: posts big blind $3
*** HOLE CARDS ***
Plofkopp1: folds
Uncalled bet ($2) returned to Mordnilap
Mordnilap collected $2 from pot
Mordnilap: doesn't show hand
*** SUMMARY ***
Total pot $2 | Rake $0
Seat 3: Plofkopp1 (button) (small blind) folded before Flop
Seat 6: Mordnilap (big blind) collected ($2)


PokerStars Hand #160832880441:  Hold'em Limit ($3/$6 USD) - 2016/11/03 8:57:03 ET
Table 'Chloris II' 6-max Seat #6 is the button
Seat 3: Plofkopp1 ($86.30 in chips)
Seat 6: Mordnilap ($164.92 in chips)
Mordnilap: posts small blind $1
Plofkopp1: posts big blind $3
*** HOLE CARDS ***
Mordnilap: raises $3 to $6
Plofkopp1: calls $3
*** FLOP *** [Ks 2h 5d]
Plofkopp1: checks
Mordnilap: bets $3
Plofkopp1: calls $3
*** TURN *** [Ks 2h 5d] [Kc]
Plofkopp1: checks
Mordnilap: bets $6
Plofkopp1: calls $6
*** RIVER *** [Ks 2h 5d Kc] [9d]
Plofkopp1: checks
Mordnilap: checks
*** SHOW DOWN ***
Plofkopp1: shows [Td 5c] (two pair, Kings and Fives)
Mordnilap: mucks hand
Plofkopp1 collected $29.50 from pot
*** SUMMARY ***
Total pot $30 | Rake $0.50
Board [Ks 2h 5d Kc 9d]
Seat 3: Plofkopp1 (big blind) showed [Td 5c] and won ($29.50) with two pair, Kings and Fives
Seat 6: Mordnilap (button) (small blind) mucked


PokerStars Hand #160832889881:  Hold'em Limit ($3/$6 USD) - 2016/11/03 8:57:24 ET
Table 'Chloris II' 6-max Seat #3 is the button
Seat 3: Plofkopp1 ($100.80 in chips)
Seat 6: Mordnilap ($149.92 in chips)
Plofkopp1: posts small blind $1
Mordnilap: posts big blind $3
*** HOLE CARDS ***
Plofkopp1: raises $3 to $6
Mordnilap: calls $3
*** FLOP *** [Jc 7h Th]
Mordnilap: checks
Plofkopp1: bets $3
Mordnilap: folds
Uncalled bet ($3) returned to Plofkopp1
Plofkopp1 collected $11.76 from pot
*** SUMMARY ***
Total pot $12 | Rake $0.24
Board [Jc 7h Th]
Seat 3: Plofkopp1 (button) (small blind) collected ($11.76)
Seat 6: Mordnilap (big blind) folded on the Flop


PokerStars Hand #160832903946:  Hold'em Limit ($3/$6 USD) - 2016/11/03 8:57:54 ET
Table 'Chloris II' 6-max Seat #3 is the button
Seat 3: Plofkopp1 ($100.56 in chips)
Seat 6: Mordnilap ($149.68 in chips)
Plofkopp1: posts small blind $1
Mordnilap: posts big blind $3
*** HOLE CARDS ***
Plofkopp1: folds
Uncalled bet ($2) returned to Mordnilap
Mordnilap collected $2 from pot
Mordnilap: doesn't show hand
*** SUMMARY ***
Total pot $2 | Rake $0
Seat 3: Plofkopp1 (button) (small blind) folded before Flop
Seat 6: Mordnilap (big blind) collected ($2)


PokerStars Hand #160832894980:  Hold'em Limit ($3/$6 USD) - 2016/11/03 8:57:35 ET
Table 'Chloris II' 6-max Seat #6 is the button
Seat 3: Plofkopp1 ($106.56 in chips)
Seat 6: Mordnilap ($143.92 in chips)
Mordnilap: posts small blind $1
Plofkopp1: posts big blind $3
*** HOLE CARDS ***
Mordnilap: raises $3 to $6
Plofkopp1: calls $3
*** FLOP *** [6c As 6s]
Plofkopp1: checks
Mordnilap: bets $3
Plofkopp1: folds
Uncalled bet ($3) returned to Mordnilap
Mordnilap collected $11.76 from pot
Mordnilap: doesn't show hand
*** SUMMARY ***
Total pot $12 | Rake $0.24
Board [6c As 6s]
Seat 3: Plofkopp1 (big blind) folded on the Flop
Seat 6: Mordnilap (button) (small blind) collected ($11.76)


PokerStars Hand #160832906148:  Hold'em Limit ($3/$6 USD) - 2016/11/03 8:57:59 ET
Table 'Chloris II' 6-max Seat #6 is the button
Seat 3: Plofkopp1 ($99.56 in chips)
Seat 6: Mordnilap ($150.68 in chips)
Mordnilap: posts small blind $1
Plofkopp1: posts big blind $3
*** HOLE CARDS ***
Mordnilap: raises $3 to $6
Plofkopp1: calls $3
*** FLOP *** [3d As 2d]
Plofkopp1: checks
Mordnilap: bets $3
Plofkopp1: folds
Uncalled bet ($3) returned to Mordnilap
Mordnilap collected $11.76 from pot
Mordnilap: doesn't show hand
*** SUMMARY ***
Total pot $12 | Rake $0.24
Board [3d As 2d]
Seat 3: Plofkopp1 (big blind) folded on the Flop
Seat 6: Mordnilap (button) (small blind) collected ($11.76)


PokerStars Hand #160832910204:  Hold'em Limit ($3/$6 USD) - 2016/11/03 8:58:08 ET
Table 'Chloris II' 6-max Seat #3 is the button
Seat 3: Plofkopp1 ($93.56 in chips)
Seat 6: Mordnilap ($156.44 in chips)
Plofkopp1: posts small blind $1
Mordnilap: posts big blind $3
*** HOLE CARDS ***
Plofkopp1: folds
Uncalled bet ($2) returned to Mordnilap
Mordnilap collected $2 from pot
Mordnilap: doesn't show hand
*** SUMMARY ***
Total pot $2 | Rake $0
Seat 3: Plofkopp1 (button) (small blind) folded before Flop
Seat 6: Mordnilap (big blind) collected ($2)


PokerStars Hand #160832912437:  Hold'em Limit ($3/$6 USD) - 2016/11/03 8:58:13 ET
Table 'Chloris II' 6-max Seat #6 is the button
Seat 3: Plofkopp1 ($92.56 in chips)
Seat 6: Mordnilap ($157.44 in chips)
Mordnilap: posts small blind $1
Plofkopp1: posts big blind $3
*** HOLE CARDS ***
Mordnilap: raises $3 to $6
Plofkopp1: raises $3 to $9
krytalex joins the table at seat #4
Mordnilap: calls $3
*** FLOP *** [As Tc Jd]
Plofkopp1: bets $3
Mordnilap: folds
Uncalled bet ($3) returned to Plofkopp1
Plofkopp1 collected $17.64 from pot
*** SUMMARY ***
Total pot $18 | Rake $0.36
Board [As Tc Jd]
Seat 3: Plofkopp1 (big blind) collected ($17.64)
Seat 6: Mordnilap (button) (small blind) folded on the Flop


PokerStars Hand #160833027024:  Hold'em Limit ($3/$6 USD) - 2016/11/03 9:02:09 ET
Table 'Chloris II' 6-max Seat #4 is the button
Seat 4: krytalex ($93.64 in chips)
Seat 6: Mordnilap ($161.07 in chips)
krytalex: posts small blind $1
Mordnilap: posts big blind $3
*** HOLE CARDS ***
krytalex: raises $3 to $6
Mordnilap: calls $3
*** FLOP *** [Qc Kh 8h]
Mordnilap: checks
krytalex: bets $3
Mordnilap: raises $3 to $6
krytalex: calls $3
*** TURN *** [Qc Kh 8h] [6h]
Mordnilap: bets $6
krytalex: calls $6
*** RIVER *** [Qc Kh 8h 6h] [2d]
Mordnilap: checks
krytalex: checks
*** SHOW DOWN ***
Mordnilap: shows [2c 9c] (a pair of Deuces)
krytalex: mucks hand
Mordnilap collected $35.50 from pot
*** SUMMARY ***
Total pot $36 | Rake $0.50
Board [Qc Kh 8h 6h 2d]
Seat 4: krytalex (button) (small blind) mucked
Seat 6: Mordnilap (big blind) showed [2c 9c] and won ($35.50) with a pair of Deuces


PokerStars Hand #160833055001:  Hold'em Limit ($3/$6 USD) - 2016/11/03 9:03:02 ET
Table 'Chloris II' 6-max Seat #6 is the button
Seat 4: krytalex ($75.64 in chips)
Seat 6: Mordnilap ($178.57 in chips)
Mordnilap: posts small blind $1
krytalex: posts big blind $3
*** HOLE CARDS ***
Mordnilap: raises $3 to $6
krytalex said, "ohuenno"
krytalex: calls $3
*** FLOP *** [Qh 4c As]
krytalex: checks
Mordnilap: bets $3
krytalex: calls $3
*** TURN *** [Qh 4c As] [Ts]
krytalex: checks
Mordnilap: checks
*** RIVER *** [Qh 4c As Ts] [7h]
krytalex: checks
Mordnilap: bets $6
krytalex: calls $6
*** SHOW DOWN ***
Mordnilap: shows [Tc 8d] (a pair of Tens)
krytalex: mucks hand
Mordnilap collected $29.50 from pot
*** SUMMARY ***
Total pot $30 | Rake $0.50
Board [Qh 4c As Ts 7h]
Seat 4: krytalex (big blind) mucked
Seat 6: Mordnilap (button) (small blind) showed [Tc 8d] and won ($29.50) with a pair of Tens


PokerStars Hand #160833090632:  Hold'em Limit ($3/$6 USD) - 2016/11/03 9:04:09 ET
Table 'Chloris II' 6-max Seat #6 is the button
Seat 4: krytalex ($72 in chips)
Seat 6: Mordnilap ($204.59 in chips)
Mordnilap: posts small blind $1
krytalex: posts big blind $3
*** HOLE CARDS ***
Mordnilap: raises $3 to $6
krytalex: calls $3
*** FLOP *** [3s Ks Js]
krytalex: checks
Mordnilap: bets $3
krytalex: folds
Uncalled bet ($3) returned to Mordnilap
Mordnilap collected $11.76 from pot
Mordnilap: doesn't show hand
*** SUMMARY ***
Total pot $12 | Rake $0.24
Board [3s Ks Js]
Seat 4: krytalex (big blind) folded on the Flop
Seat 6: Mordnilap (button) (small blind) collected ($11.76)


PokerStars Hand #160833076189:  Hold'em Limit ($3/$6 USD) - 2016/11/03 9:03:42 ET
Table 'Chloris II' 6-max Seat #4 is the button
Seat 4: krytalex ($72 in chips)
Seat 6: Mordnilap ($193.07 in chips)
krytalex: posts small blind $1
Mordnilap: posts big blind $3
*** HOLE CARDS ***
krytalex: raises $3 to $6
enniomaricco joins the table at seat #5
Mordnilap: calls $3
*** FLOP *** [9c Jh 5d]
Mordnilap: checks
krytalex: bets $3
Mordnilap: raises $3 to $6
krytalex: calls $3
*** TURN *** [9c Jh 5d] [4h]
Mordnilap: bets $6
krytalex: folds
Uncalled bet ($6) returned to Mordnilap
Mordnilap collected $23.52 from pot
Mordnilap: doesn't show hand
*** SUMMARY ***
Total pot $24 | Rake $0.48
Board [9c Jh 5d 4h]
Seat 4: krytalex (button) (small blind) folded on the Turn
Seat 6: Mordnilap (big blind) collected ($23.52)


