PokerStars Hand #173031028729:  Hold'em Limit ($3/$6 USD) - 2017/07/14 15:35:55 ET
Table 'Chloe II' 6-max Seat #5 is the button
Seat 5: GoliafUa ($129.50 in chips)
Seat 6: Vitalisek ($68.88 in chips)
xxPSRxx will be allowed to play after the button
GoliafUa: posts small blind $1
Vitalisek: posts big blind $3
*** HOLE CARDS ***
GoliafUa: folds
Uncalled bet ($2) returned to Vitalisek
Vitalisek collected $2 from pot
Vitalisek: doesn't show hand
*** SUMMARY ***
Total pot $2 | Rake $0
Seat 5: GoliafUa (button) (small blind) folded before Flop
Seat 6: Vitalisek (big blind) collected ($2)


PokerStars Hand #173031033991:  Hold'em Limit ($3/$6 USD) - 2017/07/14 15:36:02 ET
Table 'Chloe II' 6-max Seat #6 is the button
Seat 4: xxPSRxx ($120 in chips)
Seat 6: Vitalisek ($69.88 in chips)
Vitalisek: posts small blind $1
xxPSRxx: posts big blind $3
*** HOLE CARDS ***
Vitalisek: folds
Uncalled bet ($2) returned to xxPSRxx
Vitalisek leaves the table
xxPSRxx collected $2 from pot
xxPSRxx: doesn't show hand
*** SUMMARY ***
Total pot $2 | Rake $0
Seat 4: xxPSRxx (big blind) collected ($2)
Seat 6: Vitalisek (button) (small blind) folded before Flop


