PokerStars Hand #161952150601:  Hold'em Limit ($3/$6 USD) - 2016/11/25 15:29:08 ET
Table 'Chloe II' 10-max Seat #6 is the button
Seat 6: **Geka**555 ($28.95 in chips)
Seat 7: Pelurile ($76 in chips)
**Geka**555: posts small blind $1
Pelurile: posts big blind $3
*** HOLE CARDS ***
**Geka**555: raises $3 to $6
Pelurile: raises $3 to $9
**Geka**555: calls $3
*** FLOP *** [2c 3d Jd]
Pelurile: bets $3
**Geka**555: calls $3
*** TURN *** [2c 3d Jd] [6h]
Pelurile: bets $6
**Geka**555: folds
Uncalled bet ($6) returned to Pelurile
Pelurile collected $23.52 from pot
Pelurile: doesn't show hand
*** SUMMARY ***
Total pot $24 | Rake $0.48
Board [2c 3d Jd 6h]
Seat 6: **Geka**555 (button) (small blind) folded on the Turn
Seat 7: Pelurile (big blind) collected ($23.52)


PokerStars Hand #161952141633:  Hold'em Limit ($3/$6 USD) - 2016/11/25 15:28:59 ET
Table 'Chloe II' 10-max Seat #7 is the button
Seat 6: **Geka**555 ($31.95 in chips)
Seat 7: Pelurile ($73 in chips)
Pelurile: posts small blind $1
**Geka**555: posts big blind $3
*** HOLE CARDS ***
Pelurile: raises $3 to $6
**Geka**555: folds
Uncalled bet ($3) returned to Pelurile
Pelurile collected $6 from pot
Pelurile: doesn't show hand
*** SUMMARY ***
Total pot $6 | Rake $0
Seat 6: **Geka**555 (big blind) folded before Flop
Seat 7: Pelurile (button) (small blind) collected ($6)


PokerStars Hand #161952137287:  Hold'em Limit ($3/$6 USD) - 2016/11/25 15:28:54 ET
Table 'Chloe II' 10-max Seat #6 is the button
Seat 6: **Geka**555 ($32.95 in chips)
Seat 7: Pelurile ($72 in chips)
**Geka**555: posts small blind $1
Pelurile: posts big blind $3
*** HOLE CARDS ***
**Geka**555: folds
Uncalled bet ($2) returned to Pelurile
LifeisagameX leaves the table
Pelurile collected $2 from pot
Pelurile: doesn't show hand
*** SUMMARY ***
Total pot $2 | Rake $0
Seat 6: **Geka**555 (button) (small blind) folded before Flop
Seat 7: Pelurile (big blind) collected ($2)


PokerStars Hand #161952176604:  Hold'em Limit ($3/$6 USD) - 2016/11/25 15:29:37 ET
Table 'Chloe II' 10-max Seat #7 is the button
Seat 6: **Geka**555 ($16.95 in chips)
Seat 7: Pelurile ($87.52 in chips)
Pelurile: posts small blind $1
**Geka**555: posts big blind $3
*** HOLE CARDS ***
Pelurile: raises $3 to $6
**Geka**555: calls $3
*** FLOP *** [Qh 7h 7d]
**Geka**555: checks
Pelurile: bets $3
**Geka**555: raises $3 to $6
Pelurile: raises $3 to $9
**Geka**555: raises $1.95 to $10.95 and is all-in
Betting is capped
Pelurile: calls $1.95
*** TURN *** [Qh 7h 7d] [7s]
*** RIVER *** [Qh 7h 7d 7s] [2c]
*** SHOW DOWN ***
**Geka**555: shows [Jc 6d] (three of a kind, Sevens)
Pelurile: shows [Th Ac] (three of a kind, Sevens - Ace kicker)
Pelurile collected $33.40 from pot
*** SUMMARY ***
Total pot $33.90 | Rake $0.50
Board [Qh 7h 7d 7s 2c]
Seat 6: **Geka**555 (big blind) showed [Jc 6d] and lost with three of a kind, Sevens
Seat 7: Pelurile (button) (small blind) showed [Th Ac] and won ($33.40) with three of a kind, Sevens


