PokerStars Hand #157663820007:  Hold'em Limit ($3/$6 USD) - 2016/08/23 21:45:04 ET
Table 'Chlosinde' 6-max Seat #1 is the button
Seat 1: RaisemyNut$ ($82.74 in chips)
Seat 6: jassomaan ($307.69 in chips)
RaisemyNut$: posts small blind $1
jassomaan: posts big blind $3
*** HOLE CARDS ***
RaisemyNut$: raises $3 to $6
jassomaan: calls $3
*** FLOP *** [9h Qh 4h]
jassomaan: bets $3
RaisemyNut$: calls $3
*** TURN *** [9h Qh 4h] [6c]
jassomaan: bets $6
RaisemyNut$: raises $6 to $12
jassomaan: calls $6
*** RIVER *** [9h Qh 4h 6c] [Kc]
jassomaan: checks
RaisemyNut$: bets $6
jassomaan: calls $6
*** SHOW DOWN ***
RaisemyNut$: shows [9s 9c] (three of a kind, Nines)
jassomaan: mucks hand
RaisemyNut$ collected $53.50 from pot
*** SUMMARY ***
Total pot $54 | Rake $0.50
Board [9h Qh 4h 6c Kc]
Seat 1: RaisemyNut$ (button) (small blind) showed [9s 9c] and won ($53.50) with three of a kind, Nines
Seat 6: jassomaan (big blind) mucked


PokerStars Hand #157663848747:  Hold'em Limit ($3/$6 USD) - 2016/08/23 21:46:24 ET
Table 'Chlosinde' 6-max Seat #6 is the button
Seat 1: RaisemyNut$ ($60 in chips)
Seat 6: jassomaan ($330.23 in chips)
jassomaan: posts small blind $1
RaisemyNut$: posts big blind $3
*** HOLE CARDS ***
jassomaan: raises $3 to $6
RaisemyNut$: calls $3
*** FLOP *** [Qd 7h Tc]
RaisemyNut$: checks
jassomaan: bets $3
RaisemyNut$: folds
Uncalled bet ($3) returned to jassomaan
jassomaan collected $11.76 from pot
jassomaan: doesn't show hand
*** SUMMARY ***
Total pot $12 | Rake $0.24
Board [Qd 7h Tc]
Seat 1: RaisemyNut$ (big blind) folded on the Flop
Seat 6: jassomaan (button) (small blind) collected ($11.76)


PokerStars Hand #157663844920:  Hold'em Limit ($3/$6 USD) - 2016/08/23 21:46:13 ET
Table 'Chlosinde' 6-max Seat #1 is the button
Seat 1: RaisemyNut$ ($67.24 in chips)
Seat 6: jassomaan ($321.59 in chips)
RaisemyNut$: posts small blind $1
jassomaan: posts big blind $3
*** HOLE CARDS ***
RaisemyNut$: raises $3 to $6
jassomaan: raises $3 to $9
RaisemyNut$: calls $3
*** FLOP *** [3s 8h 3c]
jassomaan: bets $3
RaisemyNut$: folds
Uncalled bet ($3) returned to jassomaan
jassomaan collected $17.64 from pot
jassomaan: doesn't show hand
*** SUMMARY ***
Total pot $18 | Rake $0.36
Board [3s 8h 3c]
Seat 1: RaisemyNut$ (button) (small blind) folded on the Flop
Seat 6: jassomaan (big blind) collected ($17.64)


PokerStars Hand #157663841336:  Hold'em Limit ($3/$6 USD) - 2016/08/23 21:46:03 ET
Table 'Chlosinde' 6-max Seat #6 is the button
Seat 1: RaisemyNut$ ($73.24 in chips)
Seat 6: jassomaan ($315.83 in chips)
jassomaan: posts small blind $1
RaisemyNut$: posts big blind $3
*** HOLE CARDS ***
jassomaan: raises $3 to $6
RaisemyNut$: calls $3
*** FLOP *** [Ks 5h 2s]
RaisemyNut$: checks
jassomaan: bets $3
RaisemyNut$: folds
Uncalled bet ($3) returned to jassomaan
jassomaan collected $11.76 from pot
jassomaan: doesn't show hand
*** SUMMARY ***
Total pot $12 | Rake $0.24
Board [Ks 5h 2s]
Seat 1: RaisemyNut$ (big blind) folded on the Flop
Seat 6: jassomaan (button) (small blind) collected ($11.76)


PokerStars Hand #157663837507:  Hold'em Limit ($3/$6 USD) - 2016/08/23 21:45:53 ET
Table 'Chlosinde' 6-max Seat #1 is the button
Seat 1: RaisemyNut$ ($82.24 in chips)
Seat 6: jassomaan ($307.19 in chips)
RaisemyNut$: posts small blind $1
jassomaan: posts big blind $3
*** HOLE CARDS ***
RaisemyNut$: raises $3 to $6
jassomaan: raises $3 to $9
RaisemyNut$: calls $3
*** FLOP *** [9h 7h 6s]
jassomaan: bets $3
RaisemyNut$: folds
Uncalled bet ($3) returned to jassomaan
jassomaan collected $17.64 from pot
jassomaan: doesn't show hand
*** SUMMARY ***
Total pot $18 | Rake $0.36
Board [9h 7h 6s]
Seat 1: RaisemyNut$ (button) (small blind) folded on the Flop
Seat 6: jassomaan (big blind) collected ($17.64)


PokerStars Hand #157663828718:  Hold'em Limit ($3/$6 USD) - 2016/08/23 21:45:28 ET
Table 'Chlosinde' 6-max Seat #6 is the button
Seat 1: RaisemyNut$ ($109.24 in chips)
Seat 6: jassomaan ($280.69 in chips)
jassomaan: posts small blind $1
RaisemyNut$: posts big blind $3
*** HOLE CARDS ***
jassomaan: raises $3 to $6
RaisemyNut$: raises $3 to $9
jassomaan: raises $3 to $12
Betting is capped
RaisemyNut$: calls $3
*** FLOP *** [Ah Qc 8d]
RaisemyNut$: checks
jassomaan: bets $3
RaisemyNut$: calls $3
*** TURN *** [Ah Qc 8d] [4s]
RaisemyNut$: checks
jassomaan: bets $6
RaisemyNut$: calls $6
*** RIVER *** [Ah Qc 8d 4s] [4c]
RaisemyNut$: checks
jassomaan: bets $6
RaisemyNut$: calls $6
*** SHOW DOWN ***
jassomaan: shows [Ad Ts] (two pair, Aces and Fours)
RaisemyNut$: mucks hand
jassomaan collected $53.50 from pot
*** SUMMARY ***
Total pot $54 | Rake $0.50
Board [Ah Qc 8d 4s 4c]
Seat 1: RaisemyNut$ (big blind) mucked
Seat 6: jassomaan (button) (small blind) showed [Ad Ts] and won ($53.50) with two pair, Aces and Fours


PokerStars Hand #157663868818:  Hold'em Limit ($3/$6 USD) - 2016/08/23 21:47:19 ET
Table 'Chlosinde' 6-max Seat #1 is the button
Seat 1: RaisemyNut$ ($86.02 in chips)
Seat 6: jassomaan ($308.99 in chips)
RaisemyNut$: posts small blind $1
jassomaan: posts big blind $3
*** HOLE CARDS ***
RaisemyNut$: raises $3 to $6
jassomaan: raises $3 to $9
RaisemyNut$: calls $3
*** FLOP *** [5s As Td]
jassomaan: bets $3
RaisemyNut$: calls $3
*** TURN *** [5s As Td] [5h]
jassomaan: bets $6
RaisemyNut$: raises $6 to $12
jassomaan: folds
Uncalled bet ($6) returned to RaisemyNut$
RaisemyNut$ collected $35.50 from pot
RaisemyNut$: doesn't show hand
*** SUMMARY ***
Total pot $36 | Rake $0.50
Board [5s As Td 5h]
Seat 1: RaisemyNut$ (button) (small blind) collected ($35.50)
Seat 6: jassomaan (big blind) folded on the Turn


PokerStars Hand #157663862935:  Hold'em Limit ($3/$6 USD) - 2016/08/23 21:47:03 ET
Table 'Chlosinde' 6-max Seat #6 is the button
Seat 1: RaisemyNut$ ($74.50 in chips)
Seat 6: jassomaan ($320.99 in chips)
jassomaan: posts small blind $1
RaisemyNut$: posts big blind $3
*** HOLE CARDS ***
jassomaan: raises $3 to $6
RaisemyNut$: calls $3
*** FLOP *** [6c Kc Js]
RaisemyNut$: checks
jassomaan: bets $3
RaisemyNut$: raises $3 to $6
jassomaan: calls $3
*** TURN *** [6c Kc Js] [7c]
RaisemyNut$: bets $6
jassomaan: folds
Uncalled bet ($6) returned to RaisemyNut$
RaisemyNut$ collected $23.52 from pot
RaisemyNut$: doesn't show hand
*** SUMMARY ***
Total pot $24 | Rake $0.48
Board [6c Kc Js 7c]
Seat 1: RaisemyNut$ (big blind) collected ($23.52)
Seat 6: jassomaan (button) (small blind) folded on the Turn


PokerStars Hand #157663853755:  Hold'em Limit ($3/$6 USD) - 2016/08/23 21:46:37 ET
Table 'Chlosinde' 6-max Seat #1 is the button
Seat 1: RaisemyNut$ ($60 in chips)
Seat 6: jassomaan ($335.99 in chips)
RaisemyNut$: posts small blind $1
jassomaan: posts big blind $3
*** HOLE CARDS ***
RaisemyNut$: raises $3 to $6
jassomaan: calls $3
*** FLOP *** [8h 6h 2d]
jassomaan: checks
RaisemyNut$: bets $3
jassomaan: calls $3
*** TURN *** [8h 6h 2d] [Ac]
jassomaan: checks
RaisemyNut$: bets $6
jassomaan: calls $6
*** RIVER *** [8h 6h 2d Ac] [2s]
jassomaan: checks
RaisemyNut$: bets $6
jassomaan: folds
Uncalled bet ($6) returned to RaisemyNut$
RaisemyNut$ collected $29.50 from pot
RaisemyNut$: doesn't show hand
*** SUMMARY ***
Total pot $30 | Rake $0.50
Board [8h 6h 2d Ac 2s]
Seat 1: RaisemyNut$ (button) (small blind) collected ($29.50)
Seat 6: jassomaan (big blind) folded on the River


PokerStars Hand #157663895988:  Hold'em Limit ($3/$6 USD) - 2016/08/23 21:48:34 ET
Table 'Chlosinde' 6-max Seat #6 is the button
Seat 1: RaisemyNut$ ($97.02 in chips)
Seat 6: jassomaan ($296.49 in chips)
jassomaan: posts small blind $1
RaisemyNut$: posts big blind $3
*** HOLE CARDS ***
jassomaan: raises $3 to $6
RaisemyNut$: raises $3 to $9
jassomaan: calls $3
*** FLOP *** [8s 4s 9d]
RaisemyNut$: bets $3
jassomaan: folds
Uncalled bet ($3) returned to RaisemyNut$
RaisemyNut$ collected $17.64 from pot
RaisemyNut$: doesn't show hand
*** SUMMARY ***
Total pot $18 | Rake $0.36
Board [8s 4s 9d]
Seat 1: RaisemyNut$ (big blind) collected ($17.64)
Seat 6: jassomaan (button) (small blind) folded on the Flop


PokerStars Hand #157663889746:  Hold'em Limit ($3/$6 USD) - 2016/08/23 21:48:17 ET
Table 'Chlosinde' 6-max Seat #1 is the button
Seat 1: RaisemyNut$ ($121.02 in chips)
Seat 6: jassomaan ($272.99 in chips)
RaisemyNut$: posts small blind $1
jassomaan: posts big blind $3
*** HOLE CARDS ***
RaisemyNut$: raises $3 to $6
jassomaan: raises $3 to $9
RaisemyNut$: calls $3
*** FLOP *** [6s Ah As]
jassomaan: bets $3
RaisemyNut$: calls $3
*** TURN *** [6s Ah As] [8c]
jassomaan: bets $6
RaisemyNut$: raises $6 to $12
jassomaan: raises $6 to $18
RaisemyNut$: folds
Uncalled bet ($6) returned to jassomaan
jassomaan collected $47.50 from pot
jassomaan: doesn't show hand
*** SUMMARY ***
Total pot $48 | Rake $0.50
Board [6s Ah As 8c]
Seat 1: RaisemyNut$ (button) (small blind) folded on the Turn
Seat 6: jassomaan (big blind) collected ($47.50)


PokerStars Hand #157663887894:  Hold'em Limit ($3/$6 USD) - 2016/08/23 21:48:11 ET
Table 'Chlosinde' 6-max Seat #6 is the button
Seat 1: RaisemyNut$ ($120.02 in chips)
Seat 6: jassomaan ($273.99 in chips)
jassomaan: posts small blind $1
RaisemyNut$: posts big blind $3
*** HOLE CARDS ***
jassomaan: folds
Uncalled bet ($2) returned to RaisemyNut$
RaisemyNut$ collected $2 from pot
RaisemyNut$: doesn't show hand
*** SUMMARY ***
Total pot $2 | Rake $0
Seat 1: RaisemyNut$ (big blind) collected ($2)
Seat 6: jassomaan (button) (small blind) folded before Flop


PokerStars Hand #157663885601:  Hold'em Limit ($3/$6 USD) - 2016/08/23 21:48:05 ET
Table 'Chlosinde' 6-max Seat #1 is the button
Seat 1: RaisemyNut$ ($121.02 in chips)
Seat 6: jassomaan ($272.99 in chips)
RaisemyNut$: posts small blind $1
jassomaan: posts big blind $3
*** HOLE CARDS ***
RaisemyNut$: folds
Uncalled bet ($2) returned to jassomaan
jassomaan collected $2 from pot
jassomaan: doesn't show hand
*** SUMMARY ***
Total pot $2 | Rake $0
Seat 1: RaisemyNut$ (button) (small blind) folded before Flop
Seat 6: jassomaan (big blind) collected ($2)


PokerStars Hand #157663876506:  Hold'em Limit ($3/$6 USD) - 2016/08/23 21:47:40 ET
Table 'Chlosinde' 6-max Seat #6 is the button
Seat 1: RaisemyNut$ ($103.52 in chips)
Seat 6: jassomaan ($290.99 in chips)
jassomaan: posts small blind $1
RaisemyNut$: posts big blind $3
*** HOLE CARDS ***
jassomaan: calls $2
RaisemyNut$: checks
*** FLOP *** [Qd Ts Ks]
RaisemyNut$: checks
jassomaan: bets $3
RaisemyNut$: raises $3 to $6
jassomaan: raises $3 to $9
RaisemyNut$: calls $3
*** TURN *** [Qd Ts Ks] [6c]
RaisemyNut$: checks
jassomaan: checks
*** RIVER *** [Qd Ts Ks 6c] [Ah]
RaisemyNut$: checks
jassomaan: bets $6
RaisemyNut$: calls $6
*** SHOW DOWN ***
jassomaan: shows [3s 5s] (high card Ace)
RaisemyNut$: shows [2d Kc] (a pair of Kings)
RaisemyNut$ collected $35.50 from pot
*** SUMMARY ***
Total pot $36 | Rake $0.50
Board [Qd Ts Ks 6c Ah]
Seat 1: RaisemyNut$ (big blind) showed [2d Kc] and won ($35.50) with a pair of Kings
Seat 6: jassomaan (button) (small blind) showed [3s 5s] and lost with high card Ace


PokerStars Hand #157663920728:  Hold'em Limit ($3/$6 USD) - 2016/08/23 21:49:42 ET
Table 'Chlosinde' 6-max Seat #1 is the button
Seat 1: RaisemyNut$ ($104.70 in chips)
Seat 6: jassomaan ($286.99 in chips)
RaisemyNut$: posts small blind $1
jassomaan: posts big blind $3
*** HOLE CARDS ***
RaisemyNut$: raises $3 to $6
jassomaan: folds
Uncalled bet ($3) returned to RaisemyNut$
RaisemyNut$ collected $6 from pot
RaisemyNut$: doesn't show hand
*** SUMMARY ***
Total pot $6 | Rake $0
Seat 1: RaisemyNut$ (button) (small blind) collected ($6)
Seat 6: jassomaan (big blind) folded before Flop


PokerStars Hand #157663916230:  Hold'em Limit ($3/$6 USD) - 2016/08/23 21:49:30 ET
Table 'Chlosinde' 6-max Seat #6 is the button
Seat 1: RaisemyNut$ ($96.06 in chips)
Seat 6: jassomaan ($295.99 in chips)
jassomaan: posts small blind $1
RaisemyNut$: posts big blind $3
*** HOLE CARDS ***
jassomaan: raises $3 to $6
RaisemyNut$: raises $3 to $9
jassomaan: calls $3
*** FLOP *** [Jd Jc Ac]
RaisemyNut$: bets $3
jassomaan: folds
Uncalled bet ($3) returned to RaisemyNut$
RaisemyNut$ collected $17.64 from pot
RaisemyNut$: doesn't show hand
*** SUMMARY ***
Total pot $18 | Rake $0.36
Board [Jd Jc Ac]
Seat 1: RaisemyNut$ (big blind) collected ($17.64)
Seat 6: jassomaan (button) (small blind) folded on the Flop


PokerStars Hand #157663909952:  Hold'em Limit ($3/$6 USD) - 2016/08/23 21:49:12 ET
Table 'Chlosinde' 6-max Seat #1 is the button
Seat 1: RaisemyNut$ ($120.06 in chips)
Seat 6: jassomaan ($272.49 in chips)
RaisemyNut$: posts small blind $1
jassomaan: posts big blind $3
*** HOLE CARDS ***
RaisemyNut$: raises $3 to $6
jassomaan: raises $3 to $9
RaisemyNut$: calls $3
*** FLOP *** [Jc 4h 8h]
jassomaan: bets $3
RaisemyNut$: calls $3
*** TURN *** [Jc 4h 8h] [Ad]
jassomaan: bets $6
RaisemyNut$: calls $6
*** RIVER *** [Jc 4h 8h Ad] [Tc]
jassomaan: bets $6
RaisemyNut$: calls $6
*** SHOW DOWN ***
jassomaan: shows [6d Ah] (a pair of Aces)
RaisemyNut$: mucks hand
jassomaan collected $47.50 from pot
*** SUMMARY ***
Total pot $48 | Rake $0.50
Board [Jc 4h 8h Ad Tc]
Seat 1: RaisemyNut$ (button) (small blind) mucked
Seat 6: jassomaan (big blind) showed [6d Ah] and won ($47.50) with a pair of Aces


PokerStars Hand #157663905667:  Hold'em Limit ($3/$6 USD) - 2016/08/23 21:49:01 ET
Table 'Chlosinde' 6-max Seat #6 is the button
Seat 1: RaisemyNut$ ($114.30 in chips)
Seat 6: jassomaan ($278.49 in chips)
jassomaan: posts small blind $1
RaisemyNut$: posts big blind $3
*** HOLE CARDS ***
jassomaan: calls $2
RaisemyNut$: raises $3 to $6
jassomaan: calls $3
*** FLOP *** [5s Ad 7d]
RaisemyNut$: bets $3
jassomaan: folds
Uncalled bet ($3) returned to RaisemyNut$
RaisemyNut$ collected $11.76 from pot
RaisemyNut$: doesn't show hand
*** SUMMARY ***
Total pot $12 | Rake $0.24
Board [5s Ad 7d]
Seat 1: RaisemyNut$ (big blind) collected ($11.76)
Seat 6: jassomaan (button) (small blind) folded on the Flop


PokerStars Hand #157663899790:  Hold'em Limit ($3/$6 USD) - 2016/08/23 21:48:44 ET
Table 'Chlosinde' 6-max Seat #1 is the button
Seat 1: RaisemyNut$ ($105.66 in chips)
Seat 6: jassomaan ($287.49 in chips)
RaisemyNut$: posts small blind $1
jassomaan: posts big blind $3
*** HOLE CARDS ***
RaisemyNut$: raises $3 to $6
jassomaan: calls $3
*** FLOP *** [4s 7h 7d]
jassomaan: checks
RaisemyNut$: bets $3
jassomaan: calls $3
*** TURN *** [4s 7h 7d] [Qd]
jassomaan: checks
RaisemyNut$: bets $6
jassomaan: folds
Uncalled bet ($6) returned to RaisemyNut$
RaisemyNut$ collected $17.64 from pot
RaisemyNut$: doesn't show hand
*** SUMMARY ***
Total pot $18 | Rake $0.36
Board [4s 7h 7d Qd]
Seat 1: RaisemyNut$ (button) (small blind) collected ($17.64)
Seat 6: jassomaan (big blind) folded on the Turn


PokerStars Hand #157663937278:  Hold'em Limit ($3/$6 USD) - 2016/08/23 21:50:28 ET
Table 'Chlosinde' 6-max Seat #6 is the button
Seat 1: RaisemyNut$ ($136.20 in chips)
Seat 6: jassomaan ($254.99 in chips)
jassomaan: posts small blind $1
RaisemyNut$: posts big blind $3
*** HOLE CARDS ***
jassomaan: folds
Uncalled bet ($2) returned to RaisemyNut$
RaisemyNut$ collected $2 from pot
RaisemyNut$: doesn't show hand
*** SUMMARY ***
Total pot $2 | Rake $0
Seat 1: RaisemyNut$ (big blind) collected ($2)
Seat 6: jassomaan (button) (small blind) folded before Flop


PokerStars Hand #157663935427:  Hold'em Limit ($3/$6 USD) - 2016/08/23 21:50:23 ET
Table 'Chlosinde' 6-max Seat #1 is the button
Seat 1: RaisemyNut$ ($137.20 in chips)
Seat 6: jassomaan ($253.99 in chips)
RaisemyNut$: posts small blind $1
jassomaan: posts big blind $3
*** HOLE CARDS ***
RaisemyNut$: folds
Uncalled bet ($2) returned to jassomaan
jassomaan collected $2 from pot
jassomaan: doesn't show hand
*** SUMMARY ***
Total pot $2 | Rake $0
Seat 1: RaisemyNut$ (button) (small blind) folded before Flop
Seat 6: jassomaan (big blind) collected ($2)


PokerStars Hand #157663933606:  Hold'em Limit ($3/$6 USD) - 2016/08/23 21:50:18 ET
Table 'Chlosinde' 6-max Seat #6 is the button
Seat 1: RaisemyNut$ ($136.20 in chips)
Seat 6: jassomaan ($254.99 in chips)
jassomaan: posts small blind $1
RaisemyNut$: posts big blind $3
*** HOLE CARDS ***
jassomaan: folds
Uncalled bet ($2) returned to RaisemyNut$
RaisemyNut$ collected $2 from pot
RaisemyNut$: doesn't show hand
*** SUMMARY ***
Total pot $2 | Rake $0
Seat 1: RaisemyNut$ (big blind) collected ($2)
Seat 6: jassomaan (button) (small blind) folded before Flop


PokerStars Hand #157663931405:  Hold'em Limit ($3/$6 USD) - 2016/08/23 21:50:12 ET
Table 'Chlosinde' 6-max Seat #1 is the button
Seat 1: RaisemyNut$ ($137.20 in chips)
Seat 6: jassomaan ($253.99 in chips)
RaisemyNut$: posts small blind $1
jassomaan: posts big blind $3
*** HOLE CARDS ***
RaisemyNut$: folds
Uncalled bet ($2) returned to jassomaan
jassomaan collected $2 from pot
jassomaan: doesn't show hand
*** SUMMARY ***
Total pot $2 | Rake $0
Seat 1: RaisemyNut$ (button) (small blind) folded before Flop
Seat 6: jassomaan (big blind) collected ($2)


PokerStars Hand #157663923113:  Hold'em Limit ($3/$6 USD) - 2016/08/23 21:49:49 ET
Table 'Chlosinde' 6-max Seat #6 is the button
Seat 1: RaisemyNut$ ($107.70 in chips)
Seat 6: jassomaan ($283.99 in chips)
jassomaan: posts small blind $1
RaisemyNut$: posts big blind $3
*** HOLE CARDS ***
jassomaan: calls $2
RaisemyNut$: raises $3 to $6
jassomaan: calls $3
*** FLOP *** [3h 7c 9d]
RaisemyNut$: bets $3
jassomaan: raises $3 to $6
RaisemyNut$: calls $3
*** TURN *** [3h 7c 9d] [Kd]
RaisemyNut$: checks
jassomaan: bets $6
RaisemyNut$: raises $6 to $12
jassomaan: calls $6
*** RIVER *** [3h 7c 9d Kd] [4d]
RaisemyNut$: bets $6
jassomaan: calls $6
*** SHOW DOWN ***
RaisemyNut$: shows [Kc Ad] (a pair of Kings)
jassomaan: mucks hand
RaisemyNut$ collected $59.50 from pot
*** SUMMARY ***
Total pot $60 | Rake $0.50
Board [3h 7c 9d Kd 4d]
Seat 1: RaisemyNut$ (big blind) showed [Kc Ad] and won ($59.50) with a pair of Kings
Seat 6: jassomaan (button) (small blind) mucked


PokerStars Hand #157663939207:  Hold'em Limit ($3/$6 USD) - 2016/08/23 21:50:34 ET
Table 'Chlosinde' 6-max Seat #1 is the button
Seat 1: RaisemyNut$ ($137.20 in chips)
Seat 6: jassomaan ($253.99 in chips)
RaisemyNut$: posts small blind $1
jassomaan: posts big blind $3
*** HOLE CARDS ***
RaisemyNut$: raises $3 to $6
jassomaan: calls $3
*** FLOP *** [Qs 5c 9s]
jassomaan: checks
RaisemyNut$: bets $3
jassomaan: folds
Uncalled bet ($3) returned to RaisemyNut$
RaisemyNut$ collected $11.76 from pot
RaisemyNut$: doesn't show hand
*** SUMMARY ***
Total pot $12 | Rake $0.24
Board [Qs 5c 9s]
Seat 1: RaisemyNut$ (button) (small blind) collected ($11.76)
Seat 6: jassomaan (big blind) folded on the Flop


PokerStars Hand #157663948553:  Hold'em Limit ($3/$6 USD) - 2016/08/23 21:50:59 ET
Table 'Chlosinde' 6-max Seat #6 is the button
Seat 1: RaisemyNut$ ($130.96 in chips)
Seat 6: jassomaan ($259.63 in chips)
jassomaan: posts small blind $1
RaisemyNut$: posts big blind $3
*** HOLE CARDS ***
jassomaan: raises $3 to $6
RaisemyNut$: calls $3
*** FLOP *** [As Th 4h]
RaisemyNut$: checks
jassomaan: bets $3
RaisemyNut$: folds
Uncalled bet ($3) returned to jassomaan
jassomaan collected $11.76 from pot
jassomaan: doesn't show hand
*** SUMMARY ***
Total pot $12 | Rake $0.24
Board [As Th 4h]
Seat 1: RaisemyNut$ (big blind) folded on the Flop
Seat 6: jassomaan (button) (small blind) collected ($11.76)


PokerStars Hand #157663960137:  Hold'em Limit ($3/$6 USD) - 2016/08/23 21:51:31 ET
Table 'Chlosinde' 6-max Seat #1 is the button
Seat 1: RaisemyNut$ ($120.96 in chips)
Seat 6: jassomaan ($269.27 in chips)
RaisemyNut$: posts small blind $1
jassomaan: posts big blind $3
*** HOLE CARDS ***
RaisemyNut$: raises $3 to $6
jassomaan: raises $3 to $9
RaisemyNut$: calls $3
*** FLOP *** [2h 2d 3s]
jassomaan: bets $3
RaisemyNut$: calls $3
*** TURN *** [2h 2d 3s] [2c]
jassomaan: bets $6
RaisemyNut$: folds
Uncalled bet ($6) returned to jassomaan
jassomaan collected $23.52 from pot
jassomaan: doesn't show hand
*** SUMMARY ***
Total pot $24 | Rake $0.48
Board [2h 2d 3s 2c]
Seat 1: RaisemyNut$ (button) (small blind) folded on the Turn
Seat 6: jassomaan (big blind) collected ($23.52)


PokerStars Hand #157663954455:  Hold'em Limit ($3/$6 USD) - 2016/08/23 21:51:16 ET
Table 'Chlosinde' 6-max Seat #6 is the button
Seat 1: RaisemyNut$ ($123.96 in chips)
Seat 6: jassomaan ($266.39 in chips)
jassomaan: posts small blind $1
RaisemyNut$: posts big blind $3
*** HOLE CARDS ***
jassomaan: calls $2
RaisemyNut$: checks
*** FLOP *** [4h Kc 3s]
RaisemyNut$: checks
jassomaan: bets $3
RaisemyNut$: folds
Uncalled bet ($3) returned to jassomaan
jassomaan collected $5.88 from pot
jassomaan: doesn't show hand
*** SUMMARY ***
Total pot $6 | Rake $0.12
Board [4h Kc 3s]
Seat 1: RaisemyNut$ (big blind) folded on the Flop
Seat 6: jassomaan (button) (small blind) collected ($5.88)


PokerStars Hand #157663952727:  Hold'em Limit ($3/$6 USD) - 2016/08/23 21:51:11 ET
Table 'Chlosinde' 6-max Seat #1 is the button
Seat 1: RaisemyNut$ ($124.96 in chips)
Seat 6: jassomaan ($265.39 in chips)
RaisemyNut$: posts small blind $1
jassomaan: posts big blind $3
*** HOLE CARDS ***
RaisemyNut$: folds
Uncalled bet ($2) returned to jassomaan
jassomaan collected $2 from pot
jassomaan: doesn't show hand
*** SUMMARY ***
Total pot $2 | Rake $0
Seat 1: RaisemyNut$ (button) (small blind) folded before Flop
Seat 6: jassomaan (big blind) collected ($2)


PokerStars Hand #157663945127:  Hold'em Limit ($3/$6 USD) - 2016/08/23 21:50:50 ET
Table 'Chlosinde' 6-max Seat #1 is the button
Seat 1: RaisemyNut$ ($139.96 in chips)
Seat 6: jassomaan ($250.99 in chips)
RaisemyNut$: posts small blind $1
jassomaan: posts big blind $3
*** HOLE CARDS ***
RaisemyNut$: raises $3 to $6
jassomaan: raises $3 to $9
RaisemyNut$: calls $3
*** FLOP *** [Js 8h 4h]
jassomaan: bets $3
RaisemyNut$: folds
Uncalled bet ($3) returned to jassomaan
jassomaan collected $17.64 from pot
jassomaan: doesn't show hand
*** SUMMARY ***
Total pot $18 | Rake $0.36
Board [Js 8h 4h]
Seat 1: RaisemyNut$ (button) (small blind) folded on the Flop
Seat 6: jassomaan (big blind) collected ($17.64)


PokerStars Hand #157663982692:  Hold'em Limit ($3/$6 USD) - 2016/08/23 21:52:35 ET
Table 'Chlosinde' 6-max Seat #1 is the button
Seat 1: RaisemyNut$ ($108.10 in chips)
Seat 6: jassomaan ($280.29 in chips)
RaisemyNut$: posts small blind $1
jassomaan: posts big blind $3
*** HOLE CARDS ***
RaisemyNut$: raises $3 to $6
jassomaan: raises $3 to $9
RaisemyNut$: calls $3
*** FLOP *** [8h Qd Ah]
jassomaan: bets $3
RaisemyNut$: folds
Uncalled bet ($3) returned to jassomaan
jassomaan collected $17.64 from pot
jassomaan: doesn't show hand
*** SUMMARY ***
Total pot $18 | Rake $0.36
Board [8h Qd Ah]
Seat 1: RaisemyNut$ (button) (small blind) folded on the Flop
Seat 6: jassomaan (big blind) collected ($17.64)


PokerStars Hand #157663976322:  Hold'em Limit ($3/$6 USD) - 2016/08/23 21:52:17 ET
Table 'Chlosinde' 6-max Seat #6 is the button
Seat 1: RaisemyNut$ ($132.10 in chips)
Seat 6: jassomaan ($256.79 in chips)
jassomaan: posts small blind $1
RaisemyNut$: posts big blind $3
*** HOLE CARDS ***
jassomaan: raises $3 to $6
RaisemyNut$: raises $3 to $9
jassomaan: calls $3
*** FLOP *** [4c 9c Kc]
RaisemyNut$: bets $3
jassomaan: calls $3
*** TURN *** [4c 9c Kc] [7s]
RaisemyNut$: bets $6
jassomaan: calls $6
*** RIVER *** [4c 9c Kc 7s] [2h]
RaisemyNut$: bets $6
jassomaan: calls $6
*** SHOW DOWN ***
RaisemyNut$: shows [Td Qc] (high card King)
jassomaan: shows [3d 3c] (a pair of Threes)
jassomaan collected $47.50 from pot
*** SUMMARY ***
Total pot $48 | Rake $0.50
Board [4c 9c Kc 7s 2h]
Seat 1: RaisemyNut$ (big blind) showed [Td Qc] and lost with high card King
Seat 6: jassomaan (button) (small blind) showed [3d 3c] and won ($47.50) with a pair of Threes


PokerStars Hand #157663972050:  Hold'em Limit ($3/$6 USD) - 2016/08/23 21:52:05 ET
Table 'Chlosinde' 6-max Seat #1 is the button
Seat 1: RaisemyNut$ ($123.46 in chips)
Seat 6: jassomaan ($265.79 in chips)
RaisemyNut$: posts small blind $1
jassomaan: posts big blind $3
*** HOLE CARDS ***
RaisemyNut$: raises $3 to $6
jassomaan: calls $3
*** FLOP *** [As 3s Qc]
jassomaan: bets $3
RaisemyNut$: raises $3 to $6
jassomaan: folds
Uncalled bet ($3) returned to RaisemyNut$
RaisemyNut$ collected $17.64 from pot
RaisemyNut$: doesn't show hand
*** SUMMARY ***
Total pot $18 | Rake $0.36
Board [As 3s Qc]
Seat 1: RaisemyNut$ (button) (small blind) collected ($17.64)
Seat 6: jassomaan (big blind) folded on the Flop


PokerStars Hand #157663965807:  Hold'em Limit ($3/$6 USD) - 2016/08/23 21:51:47 ET
Table 'Chlosinde' 6-max Seat #6 is the button
Seat 1: RaisemyNut$ ($108.96 in chips)
Seat 6: jassomaan ($280.79 in chips)
jassomaan: posts small blind $1
RaisemyNut$: posts big blind $3
*** HOLE CARDS ***
jassomaan: raises $3 to $6
RaisemyNut$: calls $3
*** FLOP *** [Jc 9s Kc]
RaisemyNut$: checks
jassomaan: bets $3
RaisemyNut$: calls $3
*** TURN *** [Jc 9s Kc] [2d]
RaisemyNut$: checks
jassomaan: checks
*** RIVER *** [Jc 9s Kc 2d] [8c]
RaisemyNut$: bets $6
jassomaan: calls $6
*** SHOW DOWN ***
RaisemyNut$: shows [9d 5c] (a pair of Nines)
jassomaan: mucks hand
RaisemyNut$ collected $29.50 from pot
*** SUMMARY ***
Total pot $30 | Rake $0.50
Board [Jc 9s Kc 2d 8c]
Seat 1: RaisemyNut$ (big blind) showed [9d 5c] and won ($29.50) with a pair of Nines
Seat 6: jassomaan (button) (small blind) mucked


PokerStars Hand #157664006292:  Hold'em Limit ($3/$6 USD) - 2016/08/23 21:53:41 ET
Table 'Chlosinde' 6-max Seat #1 is the button
Seat 1: RaisemyNut$ ($86.50 in chips)
Seat 6: jassomaan ($308.93 in chips)
RaisemyNut$: posts small blind $1
jassomaan: posts big blind $3
*** HOLE CARDS ***
RaisemyNut$: folds
Uncalled bet ($2) returned to jassomaan
jassomaan collected $2 from pot
jassomaan: doesn't show hand
*** SUMMARY ***
Total pot $2 | Rake $0
Seat 1: RaisemyNut$ (button) (small blind) folded before Flop
Seat 6: jassomaan (big blind) collected ($2)


PokerStars Hand #157663999168:  Hold'em Limit ($3/$6 USD) - 2016/08/23 21:53:21 ET
Table 'Chlosinde' 6-max Seat #6 is the button
Seat 1: RaisemyNut$ ($60 in chips)
Seat 6: jassomaan ($335.93 in chips)
jassomaan: posts small blind $1
RaisemyNut$: posts big blind $3
*** HOLE CARDS ***
jassomaan: raises $3 to $6
RaisemyNut$: calls $3
*** FLOP *** [8s Jc Jh]
RaisemyNut$: checks
jassomaan: bets $3
RaisemyNut$: calls $3
*** TURN *** [8s Jc Jh] [Ks]
RaisemyNut$: checks
jassomaan: bets $6
RaisemyNut$: raises $6 to $12
jassomaan: calls $6
*** RIVER *** [8s Jc Jh Ks] [Kh]
RaisemyNut$: bets $6
jassomaan: calls $6
*** SHOW DOWN ***
RaisemyNut$: shows [6d Kd] (a full house, Kings full of Jacks)
jassomaan: mucks hand
RaisemyNut$ collected $53.50 from pot
*** SUMMARY ***
Total pot $54 | Rake $0.50
Board [8s Jc Jh Ks Kh]
Seat 1: RaisemyNut$ (big blind) showed [6d Kd] and won ($53.50) with a full house, Kings full of Jacks
Seat 6: jassomaan (button) (small blind) mucked


PokerStars Hand #157663994091:  Hold'em Limit ($3/$6 USD) - 2016/08/23 21:53:07 ET
Table 'Chlosinde' 6-max Seat #1 is the button
Seat 1: RaisemyNut$ ($72.10 in chips)
Seat 6: jassomaan ($315.43 in chips)
RaisemyNut$: posts small blind $1
jassomaan: posts big blind $3
*** HOLE CARDS ***
RaisemyNut$: raises $3 to $6
jassomaan: calls $3
*** FLOP *** [Ts Js Jd]
jassomaan: bets $3
RaisemyNut$: calls $3
*** TURN *** [Ts Js Jd] [Jh]
jassomaan: bets $6
RaisemyNut$: calls $6
*** RIVER *** [Ts Js Jd Jh] [3c]
jassomaan: bets $6
RaisemyNut$: calls $6
*** SHOW DOWN ***
jassomaan: shows [2c 2h] (a full house, Jacks full of Deuces)
RaisemyNut$: mucks hand
jassomaan collected $41.50 from pot
*** SUMMARY ***
Total pot $42 | Rake $0.50
Board [Ts Js Jd Jh 3c]
Seat 1: RaisemyNut$ (button) (small blind) mucked
Seat 6: jassomaan (big blind) showed [2c 2h] and won ($41.50) with a full house, Jacks full of Deuces


PokerStars Hand #157663985893:  Hold'em Limit ($3/$6 USD) - 2016/08/23 21:52:44 ET
Table 'Chlosinde' 6-max Seat #6 is the button
Seat 1: RaisemyNut$ ($99.10 in chips)
Seat 6: jassomaan ($288.93 in chips)
jassomaan: posts small blind $1
RaisemyNut$: posts big blind $3
*** HOLE CARDS ***
jassomaan: raises $3 to $6
RaisemyNut$: raises $3 to $9
jassomaan: raises $3 to $12
Betting is capped
RaisemyNut$: calls $3
*** FLOP *** [Ks 9d 6s]
RaisemyNut$: checks
jassomaan: bets $3
RaisemyNut$: calls $3
*** TURN *** [Ks 9d 6s] [7h]
RaisemyNut$: checks
jassomaan: bets $6
RaisemyNut$: calls $6
*** RIVER *** [Ks 9d 6s 7h] [Kh]
RaisemyNut$: checks
jassomaan: bets $6
RaisemyNut$: calls $6
*** SHOW DOWN ***
jassomaan: shows [Ac 9c] (two pair, Kings and Nines)
RaisemyNut$: mucks hand
jassomaan collected $53.50 from pot
*** SUMMARY ***
Total pot $54 | Rake $0.50
Board [Ks 9d 6s 7h Kh]
Seat 1: RaisemyNut$ (big blind) mucked
Seat 6: jassomaan (button) (small blind) showed [Ac 9c] and won ($53.50) with two pair, Kings and Nines


PokerStars Hand #157664008245:  Hold'em Limit ($3/$6 USD) - 2016/08/23 21:53:46 ET
Table 'Chlosinde' 6-max Seat #6 is the button
Seat 1: RaisemyNut$ ($85.50 in chips)
Seat 6: jassomaan ($309.93 in chips)
jassomaan: posts small blind $1
RaisemyNut$: posts big blind $3
*** HOLE CARDS ***
jassomaan: raises $3 to $6
RaisemyNut$: calls $3
*** FLOP *** [8s 9h Qh]
RaisemyNut$: checks
jassomaan: bets $3
RaisemyNut$: folds
Uncalled bet ($3) returned to jassomaan
jassomaan collected $11.76 from pot
jassomaan: doesn't show hand
*** SUMMARY ***
Total pot $12 | Rake $0.24
Board [8s 9h Qh]
Seat 1: RaisemyNut$ (big blind) folded on the Flop
Seat 6: jassomaan (button) (small blind) collected ($11.76)


PokerStars Hand #157664018601:  Hold'em Limit ($3/$6 USD) - 2016/08/23 21:54:15 ET
Table 'Chlosinde' 6-max Seat #6 is the button
Seat 1: RaisemyNut$ ($61.50 in chips)
Seat 6: jassomaan ($333.19 in chips)
jassomaan: posts small blind $1
RaisemyNut$: posts big blind $3
*** HOLE CARDS ***
jassomaan: raises $3 to $6
RaisemyNut$: raises $3 to $9
jassomaan: raises $3 to $12
Betting is capped
RaisemyNut$: calls $3
*** FLOP *** [9c Tc Qd]
RaisemyNut$: checks
jassomaan: bets $3
RaisemyNut$: calls $3
*** TURN *** [9c Tc Qd] [Ac]
RaisemyNut$: checks
jassomaan: bets $6
RaisemyNut$: calls $6
*** RIVER *** [9c Tc Qd Ac] [6s]
RaisemyNut$: checks
jassomaan: bets $6
RaisemyNut$: calls $6
*** SHOW DOWN ***
jassomaan: shows [As Ks] (a pair of Aces)
RaisemyNut$: mucks hand
jassomaan collected $53.50 from pot
*** SUMMARY ***
Total pot $54 | Rake $0.50
Board [9c Tc Qd Ac 6s]
Seat 1: RaisemyNut$ (big blind) mucked
Seat 6: jassomaan (button) (small blind) showed [As Ks] and won ($53.50) with a pair of Aces


PokerStars Hand #157664025259:  Hold'em Limit ($3/$6 USD) - 2016/08/23 21:54:34 ET
Table 'Chlosinde' 6-max Seat #1 is the button
Seat 1: RaisemyNut$ ($60 in chips)
Seat 6: jassomaan ($359.69 in chips)
RaisemyNut$: posts small blind $1
jassomaan: posts big blind $3
*** HOLE CARDS ***
RaisemyNut$: raises $3 to $6
jassomaan: raises $3 to $9
RaisemyNut$: raises $3 to $12
Betting is capped
jassomaan: calls $3
*** FLOP *** [2h 5s 4h]
jassomaan: bets $3
RaisemyNut$: raises $3 to $6
jassomaan: raises $3 to $9
RaisemyNut$: calls $3
*** TURN *** [2h 5s 4h] [6d]
jassomaan: bets $6
RaisemyNut$: calls $6
*** RIVER *** [2h 5s 4h 6d] [4s]
jassomaan: bets $6
RaisemyNut$: calls $6
*** SHOW DOWN ***
jassomaan: shows [As 5c] (two pair, Fives and Fours)
RaisemyNut$: mucks hand
jassomaan collected $65.50 from pot
*** SUMMARY ***
Total pot $66 | Rake $0.50
Board [2h 5s 4h 6d 4s]
Seat 1: RaisemyNut$ (button) (small blind) mucked
Seat 6: jassomaan (big blind) showed [As 5c] and won ($65.50) with two pair, Fives and Fours


PokerStars Hand #157664011616:  Hold'em Limit ($3/$6 USD) - 2016/08/23 21:53:56 ET
Table 'Chlosinde' 6-max Seat #1 is the button
Seat 1: RaisemyNut$ ($79.50 in chips)
Seat 6: jassomaan ($315.69 in chips)
RaisemyNut$: posts small blind $1
jassomaan: posts big blind $3
*** HOLE CARDS ***
RaisemyNut$: raises $3 to $6
jassomaan: raises $3 to $9
RaisemyNut$: calls $3
*** FLOP *** [Kd Kh 2s]
jassomaan: bets $3
RaisemyNut$: calls $3
*** TURN *** [Kd Kh 2s] [5d]
jassomaan: checks
RaisemyNut$: bets $6
jassomaan: calls $6
*** RIVER *** [Kd Kh 2s 5d] [2c]
jassomaan: bets $6
RaisemyNut$: folds
Uncalled bet ($6) returned to jassomaan
jassomaan collected $35.50 from pot
jassomaan: doesn't show hand
*** SUMMARY ***
Total pot $36 | Rake $0.50
Board [Kd Kh 2s 5d 2c]
Seat 1: RaisemyNut$ (button) (small blind) folded on the River
Seat 6: jassomaan (big blind) collected ($35.50)


PokerStars Hand #157664041705:  Hold'em Limit ($3/$6 USD) - 2016/08/23 21:55:24 ET
Table 'Chlosinde' 6-max Seat #6 is the button
Seat 1: RaisemyNut$ ($67.64 in chips)
Seat 6: jassomaan ($387.19 in chips)
jassomaan: posts small blind $1
RaisemyNut$: posts big blind $3
*** HOLE CARDS ***
jassomaan: raises $3 to $6
RaisemyNut$: raises $3 to $9
jassomaan: calls $3
*** FLOP *** [Jd 2s As]
RaisemyNut$: bets $3
jassomaan: calls $3
*** TURN *** [Jd 2s As] [Qs]
RaisemyNut$: bets $6
jassomaan: raises $6 to $12
RaisemyNut$: raises $6 to $18
jassomaan: folds
Uncalled bet ($6) returned to RaisemyNut$
RaisemyNut$ collected $47.50 from pot
RaisemyNut$: doesn't show hand
*** SUMMARY ***
Total pot $48 | Rake $0.50
Board [Jd 2s As Qs]
Seat 1: RaisemyNut$ (big blind) collected ($47.50)
Seat 6: jassomaan (button) (small blind) folded on the Turn


PokerStars Hand #157664039961:  Hold'em Limit ($3/$6 USD) - 2016/08/23 21:55:18 ET
Table 'Chlosinde' 6-max Seat #1 is the button
Seat 1: RaisemyNut$ ($68.64 in chips)
Seat 6: jassomaan ($386.19 in chips)
RaisemyNut$: posts small blind $1
jassomaan: posts big blind $3
*** HOLE CARDS ***
RaisemyNut$: folds
Uncalled bet ($2) returned to jassomaan
jassomaan collected $2 from pot
jassomaan: doesn't show hand
*** SUMMARY ***
Total pot $2 | Rake $0
Seat 1: RaisemyNut$ (button) (small blind) folded before Flop
Seat 6: jassomaan (big blind) collected ($2)


PokerStars Hand #157664030980:  Hold'em Limit ($3/$6 USD) - 2016/08/23 21:54:51 ET
Table 'Chlosinde' 6-max Seat #6 is the button
Seat 1: RaisemyNut$ ($60 in chips)
Seat 6: jassomaan ($392.19 in chips)
jassomaan: posts small blind $1
RaisemyNut$: posts big blind $3
*** HOLE CARDS ***
jassomaan: raises $3 to $6
RaisemyNut$: folds
Uncalled bet ($3) returned to jassomaan
jassomaan collected $6 from pot
jassomaan: doesn't show hand
*** SUMMARY ***
Total pot $6 | Rake $0
Seat 1: RaisemyNut$ (big blind) folded before Flop
Seat 6: jassomaan (button) (small blind) collected ($6)


PokerStars Hand #157664035766:  Hold'em Limit ($3/$6 USD) - 2016/08/23 21:55:05 ET
Table 'Chlosinde' 6-max Seat #6 is the button
Seat 1: RaisemyNut$ ($65.76 in chips)
Seat 6: jassomaan ($389.19 in chips)
jassomaan: posts small blind $1
RaisemyNut$: posts big blind $3
*** HOLE CARDS ***
jassomaan: calls $2
RaisemyNut$: checks
*** FLOP *** [Ah 2s Kh]
RaisemyNut$: checks
jassomaan: checks
*** TURN *** [Ah 2s Kh] [9s]
RaisemyNut$: bets $6
jassomaan: folds
Uncalled bet ($6) returned to RaisemyNut$
RaisemyNut$ collected $5.88 from pot
RaisemyNut$: doesn't show hand
*** SUMMARY ***
Total pot $6 | Rake $0.12
Board [Ah 2s Kh 9s]
Seat 1: RaisemyNut$ (big blind) collected ($5.88)
Seat 6: jassomaan (button) (small blind) folded on the Turn


PokerStars Hand #157664032756:  Hold'em Limit ($3/$6 USD) - 2016/08/23 21:54:56 ET
Table 'Chlosinde' 6-max Seat #1 is the button
Seat 1: RaisemyNut$ ($60 in chips)
Seat 6: jassomaan ($395.19 in chips)
RaisemyNut$: posts small blind $1
jassomaan: posts big blind $3
*** HOLE CARDS ***
RaisemyNut$: raises $3 to $6
jassomaan: calls $3
*** FLOP *** [Js 3d As]
jassomaan: checks
RaisemyNut$: bets $3
jassomaan: folds
Uncalled bet ($3) returned to RaisemyNut$
RaisemyNut$ collected $11.76 from pot
RaisemyNut$: doesn't show hand
*** SUMMARY ***
Total pot $12 | Rake $0.24
Board [Js 3d As]
Seat 1: RaisemyNut$ (button) (small blind) collected ($11.76)
Seat 6: jassomaan (big blind) folded on the Flop


PokerStars Hand #157664060987:  Hold'em Limit ($3/$6 USD) - 2016/08/23 21:56:28 ET
Table 'Chlosinde' 6-max Seat #6 is the button
Seat 1: RaisemyNut$ ($60 in chips)
Seat 6: jassomaan ($398.09 in chips)
jassomaan: posts small blind $1
RaisemyNut$: posts big blind $3
*** HOLE CARDS ***
jassomaan: raises $3 to $6
RaisemyNut$: calls $3
*** FLOP *** [8c Jh 2h]
RaisemyNut$: checks
jassomaan: bets $3
RaisemyNut$: calls $3
*** TURN *** [8c Jh 2h] [4d]
RaisemyNut$: checks
jassomaan: bets $6
RaisemyNut$: folds
Uncalled bet ($6) returned to jassomaan
jassomaan collected $17.64 from pot
jassomaan: doesn't show hand
*** SUMMARY ***
Total pot $18 | Rake $0.36
Board [8c Jh 2h 4d]
Seat 1: RaisemyNut$ (big blind) folded on the Turn
Seat 6: jassomaan (button) (small blind) collected ($17.64)


PokerStars Hand #157664055215:  Hold'em Limit ($3/$6 USD) - 2016/08/23 21:56:09 ET
Table 'Chlosinde' 6-max Seat #1 is the button
Seat 1: RaisemyNut$ ($76.14 in chips)
Seat 6: jassomaan ($377.59 in chips)
RaisemyNut$: posts small blind $1
jassomaan: posts big blind $3
*** HOLE CARDS ***
RaisemyNut$: raises $3 to $6
jassomaan: calls $3
*** FLOP *** [Qc 4h 9h]
jassomaan: checks
RaisemyNut$: bets $3
jassomaan: calls $3
*** TURN *** [Qc 4h 9h] [Qd]
jassomaan: checks
RaisemyNut$: bets $6
jassomaan: calls $6
*** RIVER *** [Qc 4h 9h Qd] [Ac]
jassomaan: checks
RaisemyNut$: bets $6
jassomaan: calls $6
*** SHOW DOWN ***
RaisemyNut$: shows [6h Tc] (a pair of Queens)
jassomaan: shows [Kh 7c] (a pair of Queens - Ace+King kicker)
jassomaan collected $41.50 from pot
*** SUMMARY ***
Total pot $42 | Rake $0.50
Board [Qc 4h 9h Qd Ac]
Seat 1: RaisemyNut$ (button) (small blind) showed [6h Tc] and lost with a pair of Queens
Seat 6: jassomaan (big blind) showed [Kh 7c] and won ($41.50) with a pair of Queens


PokerStars Hand #157664052352:  Hold'em Limit ($3/$6 USD) - 2016/08/23 21:56:00 ET
Table 'Chlosinde' 6-max Seat #6 is the button
Seat 1: RaisemyNut$ ($82.14 in chips)
Seat 6: jassomaan ($371.83 in chips)
jassomaan: posts small blind $1
RaisemyNut$: posts big blind $3
*** HOLE CARDS ***
jassomaan: raises $3 to $6
RaisemyNut$: calls $3
*** FLOP *** [Jc 9d 9c]
RaisemyNut$: checks
jassomaan: bets $3
RaisemyNut$: folds
Uncalled bet ($3) returned to jassomaan
jassomaan collected $11.76 from pot
jassomaan: doesn't show hand
*** SUMMARY ***
Total pot $12 | Rake $0.24
Board [Jc 9d 9c]
Seat 1: RaisemyNut$ (big blind) folded on the Flop
Seat 6: jassomaan (button) (small blind) collected ($11.76)


PokerStars Hand #157664046876:  Hold'em Limit ($3/$6 USD) - 2016/08/23 21:55:42 ET
Table 'Chlosinde' 6-max Seat #1 is the button
Seat 1: RaisemyNut$ ($91.14 in chips)
Seat 6: jassomaan ($363.19 in chips)
RaisemyNut$: posts small blind $1
jassomaan: posts big blind $3
*** HOLE CARDS ***
RaisemyNut$: raises $3 to $6
jassomaan: calls $3
*** FLOP *** [2s 8d Kd]
jassomaan: checks
RaisemyNut$: bets $3
jassomaan: calls $3
*** TURN *** [2s 8d Kd] [Qc]
jassomaan: checks
RaisemyNut$: checks
*** RIVER *** [2s 8d Kd Qc] [Js]
jassomaan: bets $6
RaisemyNut$: folds
Uncalled bet ($6) returned to jassomaan
jassomaan collected $17.64 from pot
jassomaan: doesn't show hand
*** SUMMARY ***
Total pot $18 | Rake $0.36
Board [2s 8d Kd Qc Js]
Seat 1: RaisemyNut$ (button) (small blind) folded on the River
Seat 6: jassomaan (big blind) collected ($17.64)


PokerStars Hand #157664070218:  Hold'em Limit ($3/$6 USD) - 2016/08/23 21:56:59 ET
Table 'Chlosinde' 6-max Seat #6 is the button
Seat 1: RaisemyNut$ ($60 in chips)
Seat 6: jassomaan ($412.49 in chips)
jassomaan: posts small blind $1
RaisemyNut$: posts big blind $3
*** HOLE CARDS ***
jassomaan: raises $3 to $6
RaisemyNut$: calls $3
*** FLOP *** [6s 3s 6d]
RaisemyNut$: checks
jassomaan: bets $3
RaisemyNut$: folds
Uncalled bet ($3) returned to jassomaan
jassomaan collected $11.76 from pot
jassomaan: doesn't show hand
*** SUMMARY ***
Total pot $12 | Rake $0.24
Board [6s 3s 6d]
Seat 1: RaisemyNut$ (big blind) folded on the Flop
Seat 6: jassomaan (button) (small blind) collected ($11.76)


PokerStars Hand #157664074144:  Hold'em Limit ($3/$6 USD) - 2016/08/23 21:57:12 ET
Table 'Chlosinde' 6-max Seat #1 is the button
Seat 1: RaisemyNut$ ($60 in chips)
Seat 6: jassomaan ($418.25 in chips)
RaisemyNut$: posts small blind $1
jassomaan: posts big blind $3
*** HOLE CARDS ***
RaisemyNut$: raises $3 to $6
jassomaan: calls $3
*** FLOP *** [7h Kh 6s]
jassomaan: bets $3
RaisemyNut$: calls $3
*** TURN *** [7h Kh 6s] [3h]
jassomaan: bets $6
RaisemyNut$: calls $6
*** RIVER *** [7h Kh 6s 3h] [7d]
jassomaan: bets $6
RaisemyNut$: folds
Uncalled bet ($6) returned to jassomaan
jassomaan collected $29.50 from pot
jassomaan: doesn't show hand
*** SUMMARY ***
Total pot $30 | Rake $0.50
Board [7h Kh 6s 3h 7d]
Seat 1: RaisemyNut$ (button) (small blind) folded on the River
Seat 6: jassomaan (big blind) collected ($29.50)


PokerStars Hand #157664065416:  Hold'em Limit ($3/$6 USD) - 2016/08/23 21:56:43 ET
Table 'Chlosinde' 6-max Seat #1 is the button
Seat 1: RaisemyNut$ ($60 in chips)
Seat 6: jassomaan ($406.73 in chips)
RaisemyNut$: posts small blind $1
jassomaan: posts big blind $3
*** HOLE CARDS ***
RaisemyNut$: raises $3 to $6
jassomaan: calls $3
*** FLOP *** [4h 2s Td]
jassomaan: bets $3
RaisemyNut$: folds
Uncalled bet ($3) returned to jassomaan
jassomaan collected $11.76 from pot
jassomaan: doesn't show hand
*** SUMMARY ***
Total pot $12 | Rake $0.24
Board [4h 2s Td]
Seat 1: RaisemyNut$ (button) (small blind) folded on the Flop
Seat 6: jassomaan (big blind) collected ($11.76)


PokerStars Hand #157664081796:  Hold'em Limit ($3/$6 USD) - 2016/08/23 21:57:37 ET
Table 'Chlosinde' 6-max Seat #6 is the button
Seat 1: RaisemyNut$ ($60 in chips)
Seat 6: jassomaan ($432.75 in chips)
jassomaan: posts small blind $1
RaisemyNut$: posts big blind $3
*** HOLE CARDS ***
jassomaan: raises $3 to $6
RaisemyNut$: raises $3 to $9
jassomaan: calls $3
*** FLOP *** [Th 9s 3h]
RaisemyNut$: bets $3
jassomaan: folds
Uncalled bet ($3) returned to RaisemyNut$
RaisemyNut$ collected $17.64 from pot
RaisemyNut$: doesn't show hand
*** SUMMARY ***
Total pot $18 | Rake $0.36
Board [Th 9s 3h]
Seat 1: RaisemyNut$ (big blind) collected ($17.64)
Seat 6: jassomaan (button) (small blind) folded on the Flop


PokerStars Hand #157664085237:  Hold'em Limit ($3/$6 USD) - 2016/08/23 21:57:48 ET
Table 'Chlosinde' 6-max Seat #1 is the button
Seat 1: RaisemyNut$ ($68.64 in chips)
Seat 6: jassomaan ($423.75 in chips)
RaisemyNut$: posts small blind $1
jassomaan: posts big blind $3
*** HOLE CARDS ***
RaisemyNut$: raises $3 to $6
jassomaan: raises $3 to $9
RaisemyNut$: calls $3
*** FLOP *** [Qs 5s Kd]
jassomaan: bets $3
RaisemyNut$: raises $3 to $6
jassomaan: calls $3
*** TURN *** [Qs 5s Kd] [As]
jassomaan: checks
RaisemyNut$: bets $6
jassomaan: raises $6 to $12
RaisemyNut$: folds
Uncalled bet ($6) returned to jassomaan
jassomaan collected $41.50 from pot
jassomaan: doesn't show hand
*** SUMMARY ***
Total pot $42 | Rake $0.50
Board [Qs 5s Kd As]
Seat 1: RaisemyNut$ (button) (small blind) folded on the Turn
Seat 6: jassomaan (big blind) collected ($41.50)


PokerStars Hand #157664092847:  Hold'em Limit ($3/$6 USD) - 2016/08/23 21:58:13 ET
Table 'Chlosinde' 6-max Seat #6 is the button
Seat 1: RaisemyNut$ ($60 in chips)
Seat 6: jassomaan ($444.25 in chips)
jassomaan: posts small blind $1
RaisemyNut$: posts big blind $3
*** HOLE CARDS ***
jassomaan: calls $2
RaisemyNut$: raises $3 to $6
jassomaan: calls $3
*** FLOP *** [Js 7d 9h]
RaisemyNut$: bets $3
jassomaan: calls $3
*** TURN *** [Js 7d 9h] [3c]
RaisemyNut$: bets $6
jassomaan: calls $6
*** RIVER *** [Js 7d 9h 3c] [7s]
RaisemyNut$: checks
jassomaan: checks
*** SHOW DOWN ***
RaisemyNut$: shows [6c 6h] (two pair, Sevens and Sixes)
jassomaan: mucks hand
RaisemyNut$ collected $29.50 from pot
*** SUMMARY ***
Total pot $30 | Rake $0.50
Board [Js 7d 9h 3c 7s]
Seat 1: RaisemyNut$ (big blind) showed [6c 6h] and won ($29.50) with two pair, Sevens and Sixes
Seat 6: jassomaan (button) (small blind) mucked


PokerStars Hand #157664100706:  Hold'em Limit ($3/$6 USD) - 2016/08/23 21:58:39 ET
Table 'Chlosinde' 6-max Seat #6 is the button
Seat 1: RaisemyNut$ ($77.50 in chips)
Seat 6: jassomaan ($426.25 in chips)
jassomaan: posts small blind $1
RaisemyNut$: posts big blind $3
*** HOLE CARDS ***
jassomaan: folds
Uncalled bet ($2) returned to RaisemyNut$
RaisemyNut$ collected $2 from pot
RaisemyNut$: doesn't show hand
*** SUMMARY ***
Total pot $2 | Rake $0
Seat 1: RaisemyNut$ (big blind) collected ($2)
Seat 6: jassomaan (button) (small blind) folded before Flop


PokerStars Hand #157664102372:  Hold'em Limit ($3/$6 USD) - 2016/08/23 21:58:44 ET
Table 'Chlosinde' 6-max Seat #1 is the button
Seat 1: RaisemyNut$ ($78.50 in chips)
Seat 6: jassomaan ($425.25 in chips)
RaisemyNut$: posts small blind $1
jassomaan: posts big blind $3
*** HOLE CARDS ***
RaisemyNut$: raises $3 to $6
jassomaan: calls $3
*** FLOP *** [6s 9c 4s]
jassomaan: bets $3
RaisemyNut$: raises $3 to $6
jassomaan: calls $3
*** TURN *** [6s 9c 4s] [2c]
jassomaan: checks
RaisemyNut$: bets $6
jassomaan: raises $6 to $12
RaisemyNut$: raises $6 to $18
jassomaan: raises $6 to $24
Betting is capped
RaisemyNut$: calls $6
*** RIVER *** [6s 9c 4s 2c] [Qs]
jassomaan: checks
RaisemyNut$: checks
*** SHOW DOWN ***
jassomaan: shows [2d 6d] (two pair, Sixes and Deuces)
RaisemyNut$: shows [9h 2h] (two pair, Nines and Deuces)
RaisemyNut$ collected $71.50 from pot
*** SUMMARY ***
Total pot $72 | Rake $0.50
Board [6s 9c 4s 2c Qs]
Seat 1: RaisemyNut$ (button) (small blind) showed [9h 2h] and won ($71.50) with two pair, Nines and Deuces
Seat 6: jassomaan (big blind) showed [2d 6d] and lost with two pair, Sixes and Deuces


PokerStars Hand #157664110989:  Hold'em Limit ($3/$6 USD) - 2016/08/23 21:59:13 ET
Table 'Chlosinde' 6-max Seat #6 is the button
Seat 1: RaisemyNut$ ($114 in chips)
Seat 6: jassomaan ($389.25 in chips)
jassomaan: posts small blind $1
RaisemyNut$: posts big blind $3
*** HOLE CARDS ***
jassomaan: raises $3 to $6
RaisemyNut$: calls $3
*** FLOP *** [3c 7c 8s]
RaisemyNut$: checks
jassomaan: bets $3
RaisemyNut$: raises $3 to $6
jassomaan: folds
Uncalled bet ($3) returned to RaisemyNut$
RaisemyNut$ collected $17.64 from pot
RaisemyNut$: doesn't show hand
*** SUMMARY ***
Total pot $18 | Rake $0.36
Board [3c 7c 8s]
Seat 1: RaisemyNut$ (big blind) collected ($17.64)
Seat 6: jassomaan (button) (small blind) folded on the Flop


PokerStars Hand #157664115402:  Hold'em Limit ($3/$6 USD) - 2016/08/23 21:59:28 ET
Table 'Chlosinde' 6-max Seat #1 is the button
Seat 1: RaisemyNut$ ($122.64 in chips)
Seat 6: jassomaan ($380.25 in chips)
RaisemyNut$: posts small blind $1
jassomaan: posts big blind $3
*** HOLE CARDS ***
RaisemyNut$: raises $3 to $6
jassomaan: calls $3
*** FLOP *** [2s 9h Ah]
jassomaan: checks
RaisemyNut$: bets $3
jassomaan: folds
Uncalled bet ($3) returned to RaisemyNut$
RaisemyNut$ collected $11.76 from pot
RaisemyNut$: doesn't show hand
*** SUMMARY ***
Total pot $12 | Rake $0.24
Board [2s 9h Ah]
Seat 1: RaisemyNut$ (button) (small blind) collected ($11.76)
Seat 6: jassomaan (big blind) folded on the Flop


PokerStars Hand #157664127063:  Hold'em Limit ($3/$6 USD) - 2016/08/23 22:00:06 ET
Table 'Chlosinde' 6-max Seat #1 is the button
Seat 1: RaisemyNut$ ($151.90 in chips)
Seat 6: jassomaan ($350.25 in chips)
RaisemyNut$: posts small blind $1
jassomaan: posts big blind $3
*** HOLE CARDS ***
RaisemyNut$: folds
Uncalled bet ($2) returned to jassomaan
jassomaan collected $2 from pot
jassomaan: doesn't show hand
*** SUMMARY ***
Total pot $2 | Rake $0
Seat 1: RaisemyNut$ (button) (small blind) folded before Flop
Seat 6: jassomaan (big blind) collected ($2)


PokerStars Hand #157664121154:  Hold'em Limit ($3/$6 USD) - 2016/08/23 21:59:47 ET
Table 'Chlosinde' 6-max Seat #6 is the button
Seat 1: RaisemyNut$ ($128.40 in chips)
Seat 6: jassomaan ($374.25 in chips)
jassomaan: posts small blind $1
RaisemyNut$: posts big blind $3
*** HOLE CARDS ***
jassomaan: raises $3 to $6
RaisemyNut$: calls $3
*** FLOP *** [9c Ac Td]
RaisemyNut$: checks
jassomaan: bets $3
RaisemyNut$: raises $3 to $6
jassomaan: calls $3
*** TURN *** [9c Ac Td] [7c]
RaisemyNut$: bets $6
jassomaan: calls $6
*** RIVER *** [9c Ac Td 7c] [4d]
RaisemyNut$: bets $6
jassomaan: calls $6
*** SHOW DOWN ***
RaisemyNut$: shows [3c As] (a pair of Aces)
jassomaan: mucks hand
RaisemyNut$ collected $47.50 from pot
*** SUMMARY ***
Total pot $48 | Rake $0.50
Board [9c Ac Td 7c 4d]
Seat 1: RaisemyNut$ (big blind) showed [3c As] and won ($47.50) with a pair of Aces
Seat 6: jassomaan (button) (small blind) mucked


PokerStars Hand #157664128641:  Hold'em Limit ($3/$6 USD) - 2016/08/23 22:00:11 ET
Table 'Chlosinde' 6-max Seat #6 is the button
Seat 1: RaisemyNut$ ($150.90 in chips)
Seat 6: jassomaan ($351.25 in chips)
jassomaan: posts small blind $1
RaisemyNut$: posts big blind $3
*** HOLE CARDS ***
jassomaan: raises $3 to $6
RaisemyNut$: raises $3 to $9
jassomaan: calls $3
*** FLOP *** [Ah 9d 4h]
RaisemyNut$: bets $3
jassomaan: calls $3
*** TURN *** [Ah 9d 4h] [8h]
RaisemyNut$: checks
jassomaan: bets $6
RaisemyNut$: raises $6 to $12
jassomaan: calls $6
*** RIVER *** [Ah 9d 4h 8h] [9h]
RaisemyNut$: bets $6
jassomaan: calls $6
*** SHOW DOWN ***
RaisemyNut$: shows [As Kh] (a flush, Ace high)
jassomaan: mucks hand
RaisemyNut$ collected $59.50 from pot
*** SUMMARY ***
Total pot $60 | Rake $0.50
Board [Ah 9d 4h 8h 9h]
Seat 1: RaisemyNut$ (big blind) showed [As Kh] and won ($59.50) with a flush, Ace high
Seat 6: jassomaan (button) (small blind) mucked


PokerStars Hand #157664135848:  Hold'em Limit ($3/$6 USD) - 2016/08/23 22:00:34 ET
Table 'Chlosinde' 6-max Seat #1 is the button
Seat 1: RaisemyNut$ ($180.40 in chips)
Seat 6: jassomaan ($321.25 in chips)
RaisemyNut$: posts small blind $1
jassomaan: posts big blind $3
*** HOLE CARDS ***
RaisemyNut$: raises $3 to $6
jassomaan: raises $3 to $9
RaisemyNut$: calls $3
*** FLOP *** [Kh Qc 3s]
jassomaan: bets $3
RaisemyNut$: raises $3 to $6
jassomaan: calls $3
*** TURN *** [Kh Qc 3s] [2s]
jassomaan: checks
RaisemyNut$: bets $6
jassomaan: calls $6
*** RIVER *** [Kh Qc 3s 2s] [9c]
jassomaan: checks
RaisemyNut$: checks
*** SHOW DOWN ***
jassomaan: shows [Ah 8d] (high card Ace)
RaisemyNut$: mucks hand
jassomaan collected $41.50 from pot
*** SUMMARY ***
Total pot $42 | Rake $0.50
Board [Kh Qc 3s 2s 9c]
Seat 1: RaisemyNut$ (button) (small blind) mucked
Seat 6: jassomaan (big blind) showed [Ah 8d] and won ($41.50) with high card Ace


PokerStars Hand #157664142769:  Hold'em Limit ($3/$6 USD) - 2016/08/23 22:00:54 ET
Table 'Chlosinde' 6-max Seat #6 is the button
Seat 1: RaisemyNut$ ($159.40 in chips)
Seat 6: jassomaan ($341.75 in chips)
jassomaan: posts small blind $1
RaisemyNut$: posts big blind $3
*** HOLE CARDS ***
EADT joins the table at seat #3
jassomaan: calls $2
RaisemyNut$: checks
*** FLOP *** [Jd 6d Js]
RaisemyNut$: checks
jassomaan: checks
*** TURN *** [Jd 6d Js] [Ah]
RaisemyNut$: bets $6
jassomaan: folds
Uncalled bet ($6) returned to RaisemyNut$
RaisemyNut$ collected $5.88 from pot
RaisemyNut$: doesn't show hand
*** SUMMARY ***
Total pot $6 | Rake $0.12
Board [Jd 6d Js Ah]
Seat 1: RaisemyNut$ (big blind) collected ($5.88)
Seat 6: jassomaan (button) (small blind) folded on the Turn


PokerStars Hand #157664167856:  Hold'em Limit ($3/$6 USD) - 2016/08/23 22:02:08 ET
Table 'Chlosinde' 6-max Seat #1 is the button
Seat 1: RaisemyNut$ ($137.28 in chips)
Seat 6: jassomaan ($382.29 in chips)
RaisemyNut$: posts small blind $1
EADT: is sitting out
jassomaan: posts big blind $3
*** HOLE CARDS ***
RaisemyNut$: raises $3 to $6
jassomaan: raises $3 to $9
RaisemyNut$: calls $3
*** FLOP *** [9c 5c Tc]
EADT leaves the table
jassomaan: bets $3
RaisemyNut$: calls $3
*** TURN *** [9c 5c Tc] [Jh]
jassomaan: bets $6
RaisemyNut$: folds
Uncalled bet ($6) returned to jassomaan
jassomaan collected $23.52 from pot
jassomaan: doesn't show hand
*** SUMMARY ***
Total pot $24 | Rake $0.48
Board [9c 5c Tc Jh]
Seat 1: RaisemyNut$ (button) (small blind) folded on the Turn
Seat 6: jassomaan (big blind) collected ($23.52)


PokerStars Hand #157664172672:  Hold'em Limit ($3/$6 USD) - 2016/08/23 22:02:21 ET
Table 'Chlosinde' 6-max Seat #6 is the button
Seat 1: RaisemyNut$ ($125.28 in chips)
Seat 6: jassomaan ($393.81 in chips)
jassomaan: posts small blind $1
RaisemyNut$: posts big blind $3
*** HOLE CARDS ***
jassomaan: raises $3 to $6
RaisemyNut$: calls $3
*** FLOP *** [Kd 4c 4d]
RaisemyNut$: checks
jassomaan: bets $3
FabronxRJ joins the table at seat #2
RaisemyNut$: folds
Uncalled bet ($3) returned to jassomaan
jassomaan collected $11.76 from pot
jassomaan: doesn't show hand
*** SUMMARY ***
Total pot $12 | Rake $0.24
Board [Kd 4c 4d]
Seat 1: RaisemyNut$ (big blind) folded on the Flop
Seat 6: jassomaan (button) (small blind) collected ($11.76)


PokerStars Hand #157665937566:  Hold'em Limit ($3/$6 USD) - 2016/08/23 23:36:58 ET
Table 'Chlosinde' 6-max Seat #1 is the button
Seat 1: RaisemyNut$ ($154.10 in chips)
Seat 6: GOREZ-KKKK ($239.25 in chips)
RaisemyNut$: posts small blind $1
Necromadx: is sitting out
GOREZ-KKKK: posts big blind $3
*** HOLE CARDS ***
RaisemyNut$: raises $3 to $6
Necromadx leaves the table
GOREZ-KKKK: folds
Uncalled bet ($3) returned to RaisemyNut$
RaisemyNut$ collected $6 from pot
RaisemyNut$: doesn't show hand
*** SUMMARY ***
Total pot $6 | Rake $0
Seat 1: RaisemyNut$ (button) (small blind) collected ($6)
Seat 6: GOREZ-KKKK (big blind) folded before Flop


PokerStars Hand #157665943193:  Hold'em Limit ($3/$6 USD) - 2016/08/23 23:37:19 ET
Table 'Chlosinde' 6-max Seat #1 is the button
Seat 1: RaisemyNut$ ($151.10 in chips)
Seat 6: GOREZ-KKKK ($242.01 in chips)
RaisemyNut$: posts small blind $1
GOREZ-KKKK: posts big blind $3
*** HOLE CARDS ***
RaisemyNut$: raises $3 to $6
GOREZ-KKKK: calls $3
*** FLOP *** [8d Tc 8c]
GOREZ-KKKK: bets $3
RaisemyNut$: calls $3
*** TURN *** [8d Tc 8c] [Qs]
GOREZ-KKKK: bets $6
RaisemyNut$: raises $6 to $12
GOREZ-KKKK: calls $6
*** RIVER *** [8d Tc 8c Qs] [7d]
GOREZ-KKKK: checks
RaisemyNut$: bets $6
GOREZ-KKKK: calls $6
*** SHOW DOWN ***
RaisemyNut$: shows [9h 6h] (a straight, Six to Ten)
GOREZ-KKKK: mucks hand
RaisemyNut$ collected $53.50 from pot
*** SUMMARY ***
Total pot $54 | Rake $0.50
Board [8d Tc 8c Qs 7d]
Seat 1: RaisemyNut$ (button) (small blind) showed [9h 6h] and won ($53.50) with a straight, Six to Ten
Seat 6: GOREZ-KKKK (big blind) mucked


PokerStars Hand #157665940203:  Hold'em Limit ($3/$6 USD) - 2016/08/23 23:37:08 ET
Table 'Chlosinde' 6-max Seat #6 is the button
Seat 1: RaisemyNut$ ($157.10 in chips)
Seat 6: GOREZ-KKKK ($236.25 in chips)
GOREZ-KKKK: posts small blind $1
RaisemyNut$: posts big blind $3
*** HOLE CARDS ***
GOREZ-KKKK: raises $3 to $6
RaisemyNut$: calls $3
*** FLOP *** [5d Td Kd]
RaisemyNut$: checks
GOREZ-KKKK: bets $3
RaisemyNut$: folds
Uncalled bet ($3) returned to GOREZ-KKKK
GOREZ-KKKK collected $11.76 from pot
GOREZ-KKKK: doesn't show hand
*** SUMMARY ***
Total pot $12 | Rake $0.24
Board [5d Td Kd]
Seat 1: RaisemyNut$ (big blind) folded on the Flop
Seat 6: GOREZ-KKKK (button) (small blind) collected ($11.76)


PokerStars Hand #157665950406:  Hold'em Limit ($3/$6 USD) - 2016/08/23 23:37:46 ET
Table 'Chlosinde' 6-max Seat #6 is the button
Seat 1: RaisemyNut$ ($177.60 in chips)
Seat 6: GOREZ-KKKK ($215.01 in chips)
GOREZ-KKKK: posts small blind $1
RaisemyNut$: posts big blind $3
*** HOLE CARDS ***
GOREZ-KKKK: raises $3 to $6
RaisemyNut$: calls $3
*** FLOP *** [7c 2s Jh]
RaisemyNut$: checks
GOREZ-KKKK: bets $3
RaisemyNut$: folds
Uncalled bet ($3) returned to GOREZ-KKKK
GOREZ-KKKK collected $11.76 from pot
GOREZ-KKKK: doesn't show hand
*** SUMMARY ***
Total pot $12 | Rake $0.24
Board [7c 2s Jh]
Seat 1: RaisemyNut$ (big blind) folded on the Flop
Seat 6: GOREZ-KKKK (button) (small blind) collected ($11.76)


PokerStars Hand #157666698635:  Hold'em Limit ($3/$6 USD) - 2016/08/24 0:27:06 ET
Table 'Chlosinde' 6-max Seat #1 is the button
Seat 1: RaisemyNut$ ($61 in chips)
Seat 2: DJTACO ($32.20 in chips)
RaisemyNut$: posts small blind $1
DJTACO: posts big blind $3
*** HOLE CARDS ***
RaisemyNut$: raises $3 to $6
DJTACO: raises $3 to $9
RaisemyNut$: calls $3
*** FLOP *** [Qd Jh 5c]
DJTACO: bets $3
RaisemyNut$: calls $3
*** TURN *** [Qd Jh 5c] [Qh]
DJTACO: checks
RaisemyNut$: bets $6
DJTACO: folds
Uncalled bet ($6) returned to RaisemyNut$
RaisemyNut$ collected $23.52 from pot
RaisemyNut$: doesn't show hand
*** SUMMARY ***
Total pot $24 | Rake $0.48
Board [Qd Jh 5c Qh]
Seat 1: RaisemyNut$ (button) (small blind) collected ($23.52)
Seat 2: DJTACO (big blind) folded on the Turn


PokerStars Hand #157666711763:  Hold'em Limit ($3/$6 USD) - 2016/08/24 0:27:26 ET
Table 'Chlosinde' 6-max Seat #2 is the button
Seat 1: RaisemyNut$ ($72.52 in chips)
Seat 2: DJTACO ($20.20 in chips)
DJTACO: posts small blind $1
RaisemyNut$: posts big blind $3
*** HOLE CARDS ***
DJTACO: raises $3 to $6
RaisemyNut$: calls $3
*** FLOP *** [7c 6d Jh]
RaisemyNut$: checks
DJTACO: bets $3
RaisemyNut$: raises $3 to $6
DJTACO: raises $3 to $9
RaisemyNut$: raises $3 to $12
Betting is capped
DJTACO: calls $3
*** TURN *** [7c 6d Jh] [4h]
RaisemyNut$: bets $6
DJTACO: calls $2.20 and is all-in
Uncalled bet ($3.80) returned to RaisemyNut$
*** RIVER *** [7c 6d Jh 4h] [Qc]
*** SHOW DOWN ***
RaisemyNut$: shows [Jc Qd] (two pair, Queens and Jacks)
DJTACO: shows [Ah As] (a pair of Aces)
RaisemyNut$ collected $39.90 from pot
*** SUMMARY ***
Total pot $40.40 | Rake $0.50
Board [7c 6d Jh 4h Qc]
Seat 1: RaisemyNut$ (big blind) showed [Jc Qd] and won ($39.90) with two pair, Queens and Jacks
Seat 2: DJTACO (button) (small blind) showed [Ah As] and lost with a pair of Aces


PokerStars Hand #157666867730:  Hold'em Limit ($3/$6 USD) - 2016/08/24 0:38:32 ET
Table 'Chlosinde' 6-max Seat #1 is the button
Seat 1: RaisemyNut$ ($92.22 in chips)
Seat 3: Zooshark ($120 in chips)
RaisemyNut$: posts small blind $1
Zooshark: posts big blind $3
*** HOLE CARDS ***
RaisemyNut$: raises $3 to $6
Zooshark: folds
Uncalled bet ($3) returned to RaisemyNut$
RaisemyNut$ collected $6 from pot
RaisemyNut$: doesn't show hand
*** SUMMARY ***
Total pot $6 | Rake $0
Seat 1: RaisemyNut$ (button) (small blind) collected ($6)
Seat 3: Zooshark (big blind) folded before Flop


PokerStars Hand #157666876657:  Hold'em Limit ($3/$6 USD) - 2016/08/24 0:39:14 ET
Table 'Chlosinde' 6-max Seat #3 is the button
Seat 1: RaisemyNut$ ($124.48 in chips)
Seat 3: Zooshark ($87 in chips)
Zooshark: posts small blind $1
RaisemyNut$: posts big blind $3
*** HOLE CARDS ***
Zooshark: raises $3 to $6
RaisemyNut$: calls $3
*** FLOP *** [3d 6s Qs]
RaisemyNut$: checks
Zooshark: checks
*** TURN *** [3d 6s Qs] [Tc]
RaisemyNut$: checks
Zooshark: bets $6
RaisemyNut$: raises $6 to $12
Zooshark: calls $6
*** RIVER *** [3d 6s Qs Tc] [4s]
RaisemyNut$: bets $6
Zooshark: folds
Uncalled bet ($6) returned to RaisemyNut$
RaisemyNut$ collected $35.50 from pot
RaisemyNut$: doesn't show hand
*** SUMMARY ***
Total pot $36 | Rake $0.50
Board [3d 6s Qs Tc 4s]
Seat 1: RaisemyNut$ (big blind) collected ($35.50)
Seat 3: Zooshark (button) (small blind) folded on the River


PokerStars Hand #157666873650:  Hold'em Limit ($3/$6 USD) - 2016/08/24 0:39:01 ET
Table 'Chlosinde' 6-max Seat #1 is the button
Seat 1: RaisemyNut$ ($118.72 in chips)
Seat 3: Zooshark ($93 in chips)
RaisemyNut$: posts small blind $1
Zooshark: posts big blind $3
*** HOLE CARDS ***
RaisemyNut$: raises $3 to $6
Zooshark: calls $3
*** FLOP *** [6h 3s Ad]
Zooshark: checks
RaisemyNut$: bets $3
Zooshark: folds
Uncalled bet ($3) returned to RaisemyNut$
RaisemyNut$ collected $11.76 from pot
RaisemyNut$: doesn't show hand
*** SUMMARY ***
Total pot $12 | Rake $0.24
Board [6h 3s Ad]
Seat 1: RaisemyNut$ (button) (small blind) collected ($11.76)
Seat 3: Zooshark (big blind) folded on the Flop


PokerStars Hand #157666869555:  Hold'em Limit ($3/$6 USD) - 2016/08/24 0:38:41 ET
Table 'Chlosinde' 6-max Seat #3 is the button
Seat 1: RaisemyNut$ ($95.22 in chips)
Seat 3: Zooshark ($117 in chips)
Zooshark: posts small blind $1
RaisemyNut$: posts big blind $3
*** HOLE CARDS ***
Zooshark: raises $3 to $6
RaisemyNut$: raises $3 to $9
Zooshark: calls $3
*** FLOP *** [3s 4h 4s]
RaisemyNut$: bets $3
Zooshark: calls $3
*** TURN *** [3s 4h 4s] [Jh]
RaisemyNut$: bets $6
Zooshark: raises $6 to $12
RaisemyNut$: raises $6 to $18
Zooshark: folds
Uncalled bet ($6) returned to RaisemyNut$
RaisemyNut$ collected $47.50 from pot
RaisemyNut$: doesn't show hand
*** SUMMARY ***
Total pot $48 | Rake $0.50
Board [3s 4h 4s Jh]
Seat 1: RaisemyNut$ (big blind) collected ($47.50)
Seat 3: Zooshark (button) (small blind) folded on the Turn


PokerStars Hand #157666883057:  Hold'em Limit ($3/$6 USD) - 2016/08/24 0:39:42 ET
Table 'Chlosinde' 6-max Seat #1 is the button
Seat 1: RaisemyNut$ ($141.98 in chips)
Seat 3: Zooshark ($69 in chips)
RaisemyNut$: posts small blind $1
Zooshark: posts big blind $3
*** HOLE CARDS ***
RaisemyNut$: raises $3 to $6
Zooshark: calls $3
*** FLOP *** [Th 8c 2d]
alpha2777 joins the table at seat #6
Zooshark: checks
RaisemyNut$: bets $3
Zooshark: calls $3
*** TURN *** [Th 8c 2d] [5c]
Zooshark: checks
RaisemyNut$: bets $6
Zooshark: raises $6 to $12
RaisemyNut$: calls $6
*** RIVER *** [Th 8c 2d 5c] [6c]
Zooshark: bets $6
RaisemyNut$: raises $6 to $12
Zooshark: calls $6
*** SHOW DOWN ***
RaisemyNut$: shows [9s 7c] (a straight, Six to Ten)
Zooshark: mucks hand
RaisemyNut$ collected $65.50 from pot
*** SUMMARY ***
Total pot $66 | Rake $0.50
Board [Th 8c 2d 5c 6c]
Seat 1: RaisemyNut$ (button) (small blind) showed [9s 7c] and won ($65.50) with a straight, Six to Ten
Seat 3: Zooshark (big blind) mucked


PokerStars Hand #157666975508:  Hold'em Limit ($3/$6 USD) - 2016/08/24 0:46:19 ET
Table 'Chlosinde' 6-max Seat #6 is the button
Seat 1: RaisemyNut$ ($215.19 in chips)
Seat 6: alpha2777 ($117.76 in chips)
alpha2777: posts small blind $1
RaisemyNut$: posts big blind $3
*** HOLE CARDS ***
alpha2777: raises $3 to $6
RaisemyNut$: calls $3
*** FLOP *** [9h 7c Ad]
RaisemyNut$: checks
alpha2777: bets $3
Zooshark joins the table at seat #3
RaisemyNut$: calls $3
*** TURN *** [9h 7c Ad] [Th]
RaisemyNut$: checks
alpha2777: bets $6
RaisemyNut$: raises $6 to $12
alpha2777: raises $6 to $18
RaisemyNut$: calls $6
*** RIVER *** [9h 7c Ad Th] [8c]
RaisemyNut$: checks
alpha2777: checks
*** SHOW DOWN ***
RaisemyNut$: shows [Tc 7d] (two pair, Tens and Sevens)
alpha2777: mucks hand
RaisemyNut$ collected $53.50 from pot
*** SUMMARY ***
Total pot $54 | Rake $0.50
Board [9h 7c Ad Th 8c]
Seat 1: RaisemyNut$ (big blind) showed [Tc 7d] and won ($53.50) with two pair, Tens and Sevens
Seat 6: alpha2777 (button) (small blind) mucked


PokerStars Hand #157667231423:  Hold'em Limit ($3/$6 USD) - 2016/08/24 1:05:14 ET
Table 'Chlosinde' 6-max Seat #1 is the button
Seat 1: RaisemyNut$ ($247.86 in chips)
Seat 3: Zooshark ($155.81 in chips)
RaisemyNut$: posts small blind $1
Zooshark: posts big blind $3
*** HOLE CARDS ***
RaisemyNut$: folds
Uncalled bet ($2) returned to Zooshark
Zooshark collected $2 from pot
Zooshark: doesn't show hand
*** SUMMARY ***
Total pot $2 | Rake $0
Seat 1: RaisemyNut$ (button) (small blind) folded before Flop
Seat 3: Zooshark (big blind) collected ($2)


PokerStars Hand #157667236203:  Hold'em Limit ($3/$6 USD) - 2016/08/24 1:05:35 ET
Table 'Chlosinde' 6-max Seat #1 is the button
Seat 1: RaisemyNut$ ($243.86 in chips)
Seat 3: Zooshark ($159.69 in chips)
RaisemyNut$: posts small blind $1
Zooshark: posts big blind $3
*** HOLE CARDS ***
RaisemyNut$: raises $3 to $6
Zooshark: folds
Uncalled bet ($3) returned to RaisemyNut$
RaisemyNut$ collected $6 from pot
RaisemyNut$: doesn't show hand
*** SUMMARY ***
Total pot $6 | Rake $0
Seat 1: RaisemyNut$ (button) (small blind) collected ($6)
Seat 3: Zooshark (big blind) folded before Flop


PokerStars Hand #157667233029:  Hold'em Limit ($3/$6 USD) - 2016/08/24 1:05:21 ET
Table 'Chlosinde' 6-max Seat #3 is the button
Seat 1: RaisemyNut$ ($246.86 in chips)
Seat 3: Zooshark ($156.81 in chips)
CharginWapos joins the table at seat #5
Zooshark: posts small blind $1
RaisemyNut$: posts big blind $3
*** HOLE CARDS ***
Zooshark: calls $2
RaisemyNut$: checks
*** FLOP *** [Ks Qc Jd]
RaisemyNut$: checks
Zooshark: bets $3
RaisemyNut$: folds
Uncalled bet ($3) returned to Zooshark
Zooshark collected $5.88 from pot
Zooshark: doesn't show hand
*** SUMMARY ***
Total pot $6 | Rake $0.12
Board [Ks Qc Jd]
Seat 1: RaisemyNut$ (big blind) folded on the Flop
Seat 3: Zooshark (button) (small blind) collected ($5.88)


PokerStars Hand #157667238388:  Hold'em Limit ($3/$6 USD) - 2016/08/24 1:05:45 ET
Table 'Chlosinde' 6-max Seat #3 is the button
Seat 1: RaisemyNut$ ($246.86 in chips)
Seat 3: Zooshark ($156.69 in chips)
Zooshark: posts small blind $1
RaisemyNut$: posts big blind $3
*** HOLE CARDS ***
Zooshark: calls $2
RaisemyNut$: raises $3 to $6
Zooshark: calls $3
*** FLOP *** [4d 9c 6s]
RaisemyNut$: bets $3
Zooshark: calls $3
*** TURN *** [4d 9c 6s] [5h]
RaisemyNut$: bets $6
Zooshark: calls $6
*** RIVER *** [4d 9c 6s 5h] [7h]
RaisemyNut$: checks
Zooshark: bets $6
RaisemyNut$: calls $6
*** SHOW DOWN ***
Zooshark: shows [7c Jh] (a pair of Sevens)
RaisemyNut$: shows [9h Qs] (a pair of Nines)
RaisemyNut$ collected $41.50 from pot
*** SUMMARY ***
Total pot $42 | Rake $0.50
Board [4d 9c 6s 5h 7h]
Seat 1: RaisemyNut$ (big blind) showed [9h Qs] and won ($41.50) with a pair of Nines
Seat 3: Zooshark (button) (small blind) showed [7c Jh] and lost with a pair of Sevens


PokerStars Hand #157667245632:  Hold'em Limit ($3/$6 USD) - 2016/08/24 1:06:17 ET
Table 'Chlosinde' 6-max Seat #1 is the button
Seat 1: RaisemyNut$ ($267.36 in chips)
Seat 3: Zooshark ($135.69 in chips)
RaisemyNut$: posts small blind $1
Zooshark: posts big blind $3
*** HOLE CARDS ***
RaisemyNut$: raises $3 to $6
Zooshark: calls $3
*** FLOP *** [2s 8h 5s]
Zooshark: checks
RaisemyNut$: bets $3
Zooshark: raises $3 to $6
RaisemyNut$: calls $3
*** TURN *** [2s 8h 5s] [Kc]
Zooshark: checks
RaisemyNut$: bets $6
Zooshark: calls $6
*** RIVER *** [2s 8h 5s Kc] [Td]
Zooshark: checks
RaisemyNut$: bets $6
Zooshark: raises $6 to $12
RaisemyNut$: calls $6
*** SHOW DOWN ***
Zooshark: shows [Tc 8c] (two pair, Tens and Eights)
RaisemyNut$: mucks hand
Zooshark collected $59.50 from pot
*** SUMMARY ***
Total pot $60 | Rake $0.50
Board [2s 8h 5s Kc Td]
Seat 1: RaisemyNut$ (button) (small blind) mucked
Seat 3: Zooshark (big blind) showed [Tc 8c] and won ($59.50) with two pair, Tens and Eights


PokerStars Hand #157667253546:  Hold'em Limit ($3/$6 USD) - 2016/08/24 1:06:53 ET
Table 'Chlosinde' 6-max Seat #1 is the button
Seat 1: RaisemyNut$ ($234.36 in chips)
Seat 3: Zooshark ($168.19 in chips)
RaisemyNut$: posts small blind $1
Zooshark: posts big blind $3
*** HOLE CARDS ***
RaisemyNut$: folds
Uncalled bet ($2) returned to Zooshark
Zooshark collected $2 from pot
Zooshark: doesn't show hand
*** SUMMARY ***
Total pot $2 | Rake $0
Seat 1: RaisemyNut$ (button) (small blind) folded before Flop
Seat 3: Zooshark (big blind) collected ($2)


PokerStars Hand #157667252173:  Hold'em Limit ($3/$6 USD) - 2016/08/24 1:06:47 ET
Table 'Chlosinde' 6-max Seat #3 is the button
Seat 1: RaisemyNut$ ($237.36 in chips)
Seat 3: Zooshark ($165.19 in chips)
Zooshark: posts small blind $1
MissEKAmouse was removed from the table for failing to post
RaisemyNut$: posts big blind $3
*** HOLE CARDS ***
Zooshark: raises $3 to $6
RaisemyNut$: folds
Uncalled bet ($3) returned to Zooshark
Zooshark collected $6 from pot
Zooshark: doesn't show hand
*** SUMMARY ***
Total pot $6 | Rake $0
Seat 1: RaisemyNut$ (big blind) folded before Flop
Seat 3: Zooshark (button) (small blind) collected ($6)


PokerStars Hand #157667260545:  Hold'em Limit ($3/$6 USD) - 2016/08/24 1:07:24 ET
Table 'Chlosinde' 6-max Seat #1 is the button
Seat 1: RaisemyNut$ ($247.86 in chips)
Seat 3: Zooshark ($154.19 in chips)
RaisemyNut$: posts small blind $1
Zooshark: posts big blind $3
*** HOLE CARDS ***
RaisemyNut$: raises $3 to $6
Zooshark: calls $3
*** FLOP *** [2d 6s 7d]
Zooshark: checks
RaisemyNut$: bets $3
Zooshark: calls $3
*** TURN *** [2d 6s 7d] [Qh]
Zooshark: checks
CharginWapos leaves the table
RaisemyNut$: bets $6
Zooshark: calls $6
*** RIVER *** [2d 6s 7d Qh] [2h]
Zooshark: bets $6
RaisemyNut$: calls $6
*** SHOW DOWN ***
Zooshark: shows [Kh Jh] (a pair of Deuces)
RaisemyNut$: shows [Kc Qc] (two pair, Queens and Deuces)
RaisemyNut$ collected $41.50 from pot
*** SUMMARY ***
Total pot $42 | Rake $0.50
Board [2d 6s 7d Qh 2h]
Seat 1: RaisemyNut$ (button) (small blind) showed [Kc Qc] and won ($41.50) with two pair, Queens and Deuces
Seat 3: Zooshark (big blind) showed [Kh Jh] and lost with a pair of Deuces


PokerStars Hand #157667254559:  Hold'em Limit ($3/$6 USD) - 2016/08/24 1:06:57 ET
Table 'Chlosinde' 6-max Seat #3 is the button
Seat 1: RaisemyNut$ ($233.36 in chips)
Seat 3: Zooshark ($169.19 in chips)
Zooshark: posts small blind $1
RaisemyNut$: posts big blind $3
*** HOLE CARDS ***
Zooshark: calls $2
RaisemyNut$: raises $3 to $6
Zooshark: calls $3
*** FLOP *** [Jc 4c 7h]
RaisemyNut$: bets $3
Zooshark: calls $3
*** TURN *** [Jc 4c 7h] [8d]
RaisemyNut$: bets $6
Zooshark: calls $6
*** RIVER *** [Jc 4c 7h 8d] [9c]
RaisemyNut$: bets $6
Zooshark: folds
Uncalled bet ($6) returned to RaisemyNut$
RaisemyNut$ collected $29.50 from pot
RaisemyNut$: doesn't show hand
*** SUMMARY ***
Total pot $30 | Rake $0.50
Board [Jc 4c 7h 8d 9c]
Seat 1: RaisemyNut$ (big blind) collected ($29.50)
Seat 3: Zooshark (button) (small blind) folded on the River


PokerStars Hand #157667276127:  Hold'em Limit ($3/$6 USD) - 2016/08/24 1:08:33 ET
Table 'Chlosinde' 6-max Seat #1 is the button
Seat 1: RaisemyNut$ ($280.86 in chips)
Seat 3: Zooshark ($119.83 in chips)
RaisemyNut$: posts small blind $1
Zooshark: posts big blind $3
*** HOLE CARDS ***
RaisemyNut$: folds
Uncalled bet ($2) returned to Zooshark
Zooshark collected $2 from pot
Zooshark: doesn't show hand
*** SUMMARY ***
Total pot $2 | Rake $0
Seat 1: RaisemyNut$ (button) (small blind) folded before Flop
Seat 3: Zooshark (big blind) collected ($2)


PokerStars Hand #157667274257:  Hold'em Limit ($3/$6 USD) - 2016/08/24 1:08:24 ET
Table 'Chlosinde' 6-max Seat #3 is the button
Seat 1: RaisemyNut$ ($279.86 in chips)
Seat 3: Zooshark ($120.83 in chips)
Zooshark: posts small blind $1
RaisemyNut$: posts big blind $3
*** HOLE CARDS ***
Zooshark: folds
Uncalled bet ($2) returned to RaisemyNut$
RaisemyNut$ collected $2 from pot
RaisemyNut$: doesn't show hand
*** SUMMARY ***
Total pot $2 | Rake $0
Seat 1: RaisemyNut$ (big blind) collected ($2)
Seat 3: Zooshark (button) (small blind) folded before Flop


PokerStars Hand #157667269274:  Hold'em Limit ($3/$6 USD) - 2016/08/24 1:08:03 ET
Table 'Chlosinde' 6-max Seat #1 is the button
Seat 1: RaisemyNut$ ($259.36 in chips)
Seat 3: Zooshark ($141.83 in chips)
RaisemyNut$: posts small blind $1
Zooshark: posts big blind $3
*** HOLE CARDS ***
RaisemyNut$: raises $3 to $6
Zooshark: calls $3
*** FLOP *** [Kd Td Js]
Zooshark: checks
RaisemyNut$: bets $3
Zooshark: calls $3
*** TURN *** [Kd Td Js] [5s]
Zooshark: checks
RaisemyNut$: bets $6
Zooshark: calls $6
*** RIVER *** [Kd Td Js 5s] [5h]
Zooshark: checks
RaisemyNut$: bets $6
Zooshark: calls $6
*** SHOW DOWN ***
RaisemyNut$: shows [Jh 9s] (two pair, Jacks and Fives)
Zooshark: mucks hand
RaisemyNut$ collected $41.50 from pot
*** SUMMARY ***
Total pot $42 | Rake $0.50
Board [Kd Td Js 5s 5h]
Seat 1: RaisemyNut$ (button) (small blind) showed [Jh 9s] and won ($41.50) with two pair, Jacks and Fives
Seat 3: Zooshark (big blind) mucked


PokerStars Hand #157667265409:  Hold'em Limit ($3/$6 USD) - 2016/08/24 1:07:46 ET
Table 'Chlosinde' 6-max Seat #3 is the button
Seat 1: RaisemyNut$ ($268.36 in chips)
Seat 3: Zooshark ($133.19 in chips)
Zooshark: posts small blind $1
RaisemyNut$: posts big blind $3
*** HOLE CARDS ***
Zooshark: raises $3 to $6
RaisemyNut$: calls $3
*** FLOP *** [3s Th 4d]
RaisemyNut$: checks
Zooshark: bets $3
RaisemyNut$: calls $3
*** TURN *** [3s Th 4d] [2h]
RaisemyNut$: checks
Zooshark: bets $6
RaisemyNut$: folds
Uncalled bet ($6) returned to Zooshark
Zooshark collected $17.64 from pot
Zooshark: doesn't show hand
*** SUMMARY ***
Total pot $18 | Rake $0.36
Board [3s Th 4d 2h]
Seat 1: RaisemyNut$ (big blind) folded on the Turn
Seat 3: Zooshark (button) (small blind) collected ($17.64)


PokerStars Hand #157667277259:  Hold'em Limit ($3/$6 USD) - 2016/08/24 1:08:38 ET
Table 'Chlosinde' 6-max Seat #3 is the button
Seat 1: RaisemyNut$ ($279.86 in chips)
Seat 3: Zooshark ($120.83 in chips)
Zooshark: posts small blind $1
RaisemyNut$: posts big blind $3
*** HOLE CARDS ***
Zooshark: raises $3 to $6
RaisemyNut$: calls $3
*** FLOP *** [Qc Ts 7s]
RaisemyNut$: checks
Zooshark: bets $3
RaisemyNut$: raises $3 to $6
Zooshark: calls $3
*** TURN *** [Qc Ts 7s] [Kc]
RaisemyNut$: bets $6
Zooshark: folds
Uncalled bet ($6) returned to RaisemyNut$
RaisemyNut$ collected $23.52 from pot
RaisemyNut$: doesn't show hand
*** SUMMARY ***
Total pot $24 | Rake $0.48
Board [Qc Ts 7s Kc]
Seat 1: RaisemyNut$ (big blind) collected ($23.52)
Seat 3: Zooshark (button) (small blind) folded on the Turn


PokerStars Hand #157667283353:  Hold'em Limit ($3/$6 USD) - 2016/08/24 1:09:04 ET
Table 'Chlosinde' 6-max Seat #3 is the button
Seat 1: RaisemyNut$ ($294.38 in chips)
Seat 3: Zooshark ($105.83 in chips)
Zooshark: posts small blind $1
RaisemyNut$: posts big blind $3
*** HOLE CARDS ***
Zooshark: raises $3 to $6
RaisemyNut$: folds
Uncalled bet ($3) returned to Zooshark
Zooshark collected $6 from pot
Zooshark: doesn't show hand
*** SUMMARY ***
Total pot $6 | Rake $0
Seat 1: RaisemyNut$ (big blind) folded before Flop
Seat 3: Zooshark (button) (small blind) collected ($6)


PokerStars Hand #157667281239:  Hold'em Limit ($3/$6 USD) - 2016/08/24 1:08:55 ET
Table 'Chlosinde' 6-max Seat #1 is the button
Seat 1: RaisemyNut$ ($291.38 in chips)
Seat 3: Zooshark ($108.83 in chips)
RaisemyNut$: posts small blind $1
Zooshark: posts big blind $3
*** HOLE CARDS ***
RaisemyNut$: raises $3 to $6
Zooshark: folds
Uncalled bet ($3) returned to RaisemyNut$
RaisemyNut$ collected $6 from pot
RaisemyNut$: doesn't show hand
*** SUMMARY ***
Total pot $6 | Rake $0
Seat 1: RaisemyNut$ (button) (small blind) collected ($6)
Seat 3: Zooshark (big blind) folded before Flop


PokerStars Hand #157667298547:  Hold'em Limit ($3/$6 USD) - 2016/08/24 1:10:12 ET
Table 'Chlosinde' 6-max Seat #1 is the button
Seat 1: RaisemyNut$ ($280.38 in chips)
Seat 3: Zooshark ($119.35 in chips)
RaisemyNut$: posts small blind $1
Zooshark: posts big blind $3
*** HOLE CARDS ***
RaisemyNut$: raises $3 to $6
Zooshark: folds
Uncalled bet ($3) returned to RaisemyNut$
RaisemyNut$ collected $6 from pot
RaisemyNut$: doesn't show hand
*** SUMMARY ***
Total pot $6 | Rake $0
Seat 1: RaisemyNut$ (button) (small blind) collected ($6)
Seat 3: Zooshark (big blind) folded before Flop


PokerStars Hand #157667297006:  Hold'em Limit ($3/$6 USD) - 2016/08/24 1:10:05 ET
Table 'Chlosinde' 6-max Seat #3 is the button
Seat 1: RaisemyNut$ ($279.38 in chips)
Seat 3: Zooshark ($120.35 in chips)
Zooshark: posts small blind $1
RaisemyNut$: posts big blind $3
*** HOLE CARDS ***
Zooshark: folds
Uncalled bet ($2) returned to RaisemyNut$
RaisemyNut$ collected $2 from pot
RaisemyNut$: doesn't show hand
*** SUMMARY ***
Total pot $2 | Rake $0
Seat 1: RaisemyNut$ (big blind) collected ($2)
Seat 3: Zooshark (button) (small blind) folded before Flop


PokerStars Hand #157667299914:  Hold'em Limit ($3/$6 USD) - 2016/08/24 1:10:18 ET
Table 'Chlosinde' 6-max Seat #3 is the button
Seat 1: RaisemyNut$ ($283.38 in chips)
Seat 3: Zooshark ($116.35 in chips)
Zooshark: posts small blind $1
RaisemyNut$: posts big blind $3
*** HOLE CARDS ***
Zooshark: raises $3 to $6
RaisemyNut$: calls $3
*** FLOP *** [7d Ac 3h]
RaisemyNut$: checks
Zooshark: bets $3
RaisemyNut$: calls $3
*** TURN *** [7d Ac 3h] [4d]
RaisemyNut$: checks
Zooshark: bets $6
RaisemyNut$: calls $6
*** RIVER *** [7d Ac 3h 4d] [2c]
RaisemyNut$: checks
Zooshark: bets $6
RaisemyNut$: calls $6
*** SHOW DOWN ***
Zooshark: shows [9d 5s] (a straight, Ace to Five)
RaisemyNut$: mucks hand
Zooshark collected $41.50 from pot
*** SUMMARY ***
Total pot $42 | Rake $0.50
Board [7d Ac 3h 4d 2c]
Seat 1: RaisemyNut$ (big blind) mucked
Seat 3: Zooshark (button) (small blind) showed [9d 5s] and won ($41.50) with a straight, Ace to Five


PokerStars Hand #157667284960:  Hold'em Limit ($3/$6 USD) - 2016/08/24 1:09:12 ET
Table 'Chlosinde' 6-max Seat #1 is the button
Seat 1: RaisemyNut$ ($291.38 in chips)
Seat 3: Zooshark ($108.83 in chips)
RaisemyNut$: posts small blind $1
Zooshark: posts big blind $3
*** HOLE CARDS ***
RaisemyNut$: raises $3 to $6
Zooshark: calls $3
*** FLOP *** [Js Qs 6h]
Zooshark: checks
RaisemyNut$: bets $3
Zooshark: raises $3 to $6
RaisemyNut$: calls $3
*** TURN *** [Js Qs 6h] [2s]
Zooshark: bets $6
RaisemyNut$: folds
Uncalled bet ($6) returned to Zooshark
Zooshark collected $23.52 from pot
Zooshark: doesn't show hand
*** SUMMARY ***
Total pot $24 | Rake $0.48
Board [Js Qs 6h 2s]
Seat 1: RaisemyNut$ (button) (small blind) folded on the Turn
Seat 3: Zooshark (big blind) collected ($23.52)


PokerStars Hand #157667316199:  Hold'em Limit ($3/$6 USD) - 2016/08/24 1:11:30 ET
Table 'Chlosinde' 6-max Seat #3 is the button
Seat 1: RaisemyNut$ ($282.66 in chips)
Seat 3: Zooshark ($115.85 in chips)
Zooshark: posts small blind $1
RaisemyNut$: posts big blind $3
*** HOLE CARDS ***
Zooshark: raises $3 to $6
RaisemyNut$: folds
Uncalled bet ($3) returned to Zooshark
Zooshark collected $6 from pot
Zooshark: doesn't show hand
*** SUMMARY ***
Total pot $6 | Rake $0
Seat 1: RaisemyNut$ (big blind) folded before Flop
Seat 3: Zooshark (button) (small blind) collected ($6)


PokerStars Hand #157667314775:  Hold'em Limit ($3/$6 USD) - 2016/08/24 1:11:24 ET
Table 'Chlosinde' 6-max Seat #1 is the button
Seat 1: RaisemyNut$ ($279.66 in chips)
Seat 3: Zooshark ($118.85 in chips)
RaisemyNut$: posts small blind $1
Zooshark: posts big blind $3
*** HOLE CARDS ***
RaisemyNut$: raises $3 to $6
Zooshark: folds
Uncalled bet ($3) returned to RaisemyNut$
RaisemyNut$ collected $6 from pot
RaisemyNut$: doesn't show hand
*** SUMMARY ***
Total pot $6 | Rake $0
Seat 1: RaisemyNut$ (button) (small blind) collected ($6)
Seat 3: Zooshark (big blind) folded before Flop


PokerStars Hand #157667310832:  Hold'em Limit ($3/$6 USD) - 2016/08/24 1:11:07 ET
Table 'Chlosinde' 6-max Seat #3 is the button
Seat 1: RaisemyNut$ ($268.14 in chips)
Seat 3: Zooshark ($130.85 in chips)
Zooshark: posts small blind $1
RaisemyNut$: posts big blind $3
*** HOLE CARDS ***
Zooshark: raises $3 to $6
RaisemyNut$: calls $3
*** FLOP *** [Qh Tc Jc]
RaisemyNut$: checks
Zooshark: bets $3
RaisemyNut$: raises $3 to $6
Zooshark: calls $3
*** TURN *** [Qh Tc Jc] [6c]
RaisemyNut$: bets $6
Zooshark: folds
Uncalled bet ($6) returned to RaisemyNut$
RaisemyNut$ collected $23.52 from pot
RaisemyNut$: doesn't show hand
*** SUMMARY ***
Total pot $24 | Rake $0.48
Board [Qh Tc Jc 6c]
Seat 1: RaisemyNut$ (big blind) collected ($23.52)
Seat 3: Zooshark (button) (small blind) folded on the Turn


PokerStars Hand #157667309703:  Hold'em Limit ($3/$6 USD) - 2016/08/24 1:11:02 ET
Table 'Chlosinde' 6-max Seat #1 is the button
Seat 1: RaisemyNut$ ($269.14 in chips)
Seat 3: Zooshark ($129.85 in chips)
RaisemyNut$: posts small blind $1
Zooshark: posts big blind $3
*** HOLE CARDS ***
RaisemyNut$: folds
Uncalled bet ($2) returned to Zooshark
Zooshark collected $2 from pot
Zooshark: doesn't show hand
*** SUMMARY ***
Total pot $2 | Rake $0
Seat 1: RaisemyNut$ (button) (small blind) folded before Flop
Seat 3: Zooshark (big blind) collected ($2)


PokerStars Hand #157667308334:  Hold'em Limit ($3/$6 USD) - 2016/08/24 1:10:56 ET
Table 'Chlosinde' 6-max Seat #3 is the button
Seat 1: RaisemyNut$ ($268.14 in chips)
Seat 3: Zooshark ($130.85 in chips)
Zooshark: posts small blind $1
RaisemyNut$: posts big blind $3
*** HOLE CARDS ***
Zooshark: folds
Uncalled bet ($2) returned to RaisemyNut$
RaisemyNut$ collected $2 from pot
RaisemyNut$: doesn't show hand
*** SUMMARY ***
Total pot $2 | Rake $0
Seat 1: RaisemyNut$ (big blind) collected ($2)
Seat 3: Zooshark (button) (small blind) folded before Flop


PokerStars Hand #157667305963:  Hold'em Limit ($3/$6 USD) - 2016/08/24 1:10:45 ET
Table 'Chlosinde' 6-max Seat #1 is the button
Seat 1: RaisemyNut$ ($262.38 in chips)
Seat 3: Zooshark ($136.85 in chips)
RaisemyNut$: posts small blind $1
Zooshark: posts big blind $3
*** HOLE CARDS ***
RaisemyNut$: raises $3 to $6
Zooshark: calls $3
*** FLOP *** [Jh Js Td]
Zooshark: checks
RaisemyNut$: bets $3
Zooshark: folds
Uncalled bet ($3) returned to RaisemyNut$
RaisemyNut$ collected $11.76 from pot
RaisemyNut$: doesn't show hand
*** SUMMARY ***
Total pot $12 | Rake $0.24
Board [Jh Js Td]
Seat 1: RaisemyNut$ (button) (small blind) collected ($11.76)
Seat 3: Zooshark (big blind) folded on the Flop


PokerStars Hand #157667322016:  Hold'em Limit ($3/$6 USD) - 2016/08/24 1:11:56 ET
Table 'Chlosinde' 6-max Seat #3 is the button
Seat 1: RaisemyNut$ ($288.30 in chips)
Seat 3: Zooshark ($109.85 in chips)
Zooshark: posts small blind $1
RaisemyNut$: posts big blind $3
*** HOLE CARDS ***
Zooshark: raises $3 to $6
RaisemyNut$: calls $3
*** FLOP *** [7d Td 8d]
RaisemyNut$: checks
Zooshark: bets $3
RaisemyNut$: folds
Uncalled bet ($3) returned to Zooshark
Zooshark collected $11.76 from pot
Zooshark: doesn't show hand
*** SUMMARY ***
Total pot $12 | Rake $0.24
Board [7d Td 8d]
Seat 1: RaisemyNut$ (big blind) folded on the Flop
Seat 3: Zooshark (button) (small blind) collected ($11.76)


PokerStars Hand #157667318122:  Hold'em Limit ($3/$6 USD) - 2016/08/24 1:11:39 ET
Table 'Chlosinde' 6-max Seat #1 is the button
Seat 1: RaisemyNut$ ($279.66 in chips)
Seat 3: Zooshark ($118.85 in chips)
RaisemyNut$: posts small blind $1
Zooshark: posts big blind $3
*** HOLE CARDS ***
RaisemyNut$: raises $3 to $6
Zooshark: calls $3
*** FLOP *** [3s Jh 5d]
Zooshark: checks
RaisemyNut$: bets $3
Zooshark: calls $3
*** TURN *** [3s Jh 5d] [2d]
Zooshark: checks
RaisemyNut$: bets $6
Zooshark: folds
Uncalled bet ($6) returned to RaisemyNut$
RaisemyNut$ collected $17.64 from pot
RaisemyNut$: doesn't show hand
*** SUMMARY ***
Total pot $18 | Rake $0.36
Board [3s Jh 5d 2d]
Seat 1: RaisemyNut$ (button) (small blind) collected ($17.64)
Seat 3: Zooshark (big blind) folded on the Turn


PokerStars Hand #157667325596:  Hold'em Limit ($3/$6 USD) - 2016/08/24 1:12:12 ET
Table 'Chlosinde' 6-max Seat #1 is the button
Seat 1: RaisemyNut$ ($282.30 in chips)
Seat 3: Zooshark ($115.61 in chips)
RaisemyNut$: posts small blind $1
Zooshark: posts big blind $3
*** HOLE CARDS ***
RaisemyNut$: raises $3 to $6
Zooshark: calls $3
*** FLOP *** [2s 4h 8s]
Zooshark: checks
RaisemyNut$: bets $3
Zooshark: raises $3 to $6
RaisemyNut$: calls $3
*** TURN *** [2s 4h 8s] [Ad]
Zooshark: bets $6
RaisemyNut$: raises $6 to $12
Zooshark: calls $6
*** RIVER *** [2s 4h 8s Ad] [Tc]
Zooshark: checks
RaisemyNut$: bets $6
Zooshark: folds
Uncalled bet ($6) returned to RaisemyNut$
RaisemyNut$ collected $47.50 from pot
RaisemyNut$: doesn't show hand
*** SUMMARY ***
Total pot $48 | Rake $0.50
Board [2s 4h 8s Ad Tc]
Seat 1: RaisemyNut$ (button) (small blind) collected ($47.50)
Seat 3: Zooshark (big blind) folded on the River


PokerStars Hand #157667341582:  Hold'em Limit ($3/$6 USD) - 2016/08/24 1:13:23 ET
Table 'Chlosinde' 6-max Seat #3 is the button
Seat 1: RaisemyNut$ ($305.30 in chips)
Seat 3: Zooshark ($91.11 in chips)
Zooshark: posts small blind $1
RaisemyNut$: posts big blind $3
*** HOLE CARDS ***
Zooshark: raises $3 to $6
RaisemyNut$: calls $3
*** FLOP *** [Jc 8h 9h]
RaisemyNut$: checks
Zooshark: bets $3
RaisemyNut$: calls $3
*** TURN *** [Jc 8h 9h] [4s]
RaisemyNut$: checks
Zooshark: bets $6
RaisemyNut$: raises $6 to $12
Zooshark: calls $6
*** RIVER *** [Jc 8h 9h 4s] [5h]
RaisemyNut$: bets $6
Zooshark: folds
Uncalled bet ($6) returned to RaisemyNut$
RaisemyNut$ collected $41.50 from pot
RaisemyNut$: doesn't show hand
*** SUMMARY ***
Total pot $42 | Rake $0.50
Board [Jc 8h 9h 4s 5h]
Seat 1: RaisemyNut$ (big blind) collected ($41.50)
Seat 3: Zooshark (button) (small blind) folded on the River


PokerStars Hand #157667332057:  Hold'em Limit ($3/$6 USD) - 2016/08/24 1:12:41 ET
Table 'Chlosinde' 6-max Seat #3 is the button
Seat 1: RaisemyNut$ ($305.80 in chips)
Seat 3: Zooshark ($91.61 in chips)
Zooshark: posts small blind $1
RaisemyNut$: posts big blind $3
*** HOLE CARDS ***
Zooshark: raises $3 to $6
RaisemyNut$: calls $3
*** FLOP *** [Kd Ah 5s]
RaisemyNut$: checks
Zooshark: bets $3
RaisemyNut$: calls $3
*** TURN *** [Kd Ah 5s] [Td]
RaisemyNut$: checks
Zooshark: bets $6
RaisemyNut$: calls $6
*** RIVER *** [Kd Ah 5s Td] [2d]
RaisemyNut$: bets $6
Zooshark: calls $6
*** SHOW DOWN ***
RaisemyNut$: shows [Kc 6d] (a pair of Kings)
Zooshark: shows [6c Ac] (a pair of Aces)
Zooshark collected $41.50 from pot
*** SUMMARY ***
Total pot $42 | Rake $0.50
Board [Kd Ah 5s Td 2d]
Seat 1: RaisemyNut$ (big blind) showed [Kc 6d] and lost with a pair of Kings
Seat 3: Zooshark (button) (small blind) showed [6c Ac] and won ($41.50) with a pair of Aces


PokerStars Hand #157667336885:  Hold'em Limit ($3/$6 USD) - 2016/08/24 1:13:02 ET
Table 'Chlosinde' 6-max Seat #1 is the button
Seat 1: RaisemyNut$ ($284.80 in chips)
Seat 3: Zooshark ($112.11 in chips)
RaisemyNut$: posts small blind $1
Zooshark: posts big blind $3
*** HOLE CARDS ***
RaisemyNut$: raises $3 to $6
Zooshark: calls $3
*** FLOP *** [Qs 4d Tc]
Zooshark: checks
RaisemyNut$: bets $3
Zooshark: calls $3
*** TURN *** [Qs 4d Tc] [7h]
Zooshark: checks
RaisemyNut$: bets $6
Zooshark: calls $6
*** RIVER *** [Qs 4d Tc 7h] [3c]
Zooshark: checks
RaisemyNut$: bets $6
Zooshark: calls $6
*** SHOW DOWN ***
RaisemyNut$: shows [Ts 9s] (a pair of Tens)
Zooshark: mucks hand
RaisemyNut$ collected $41.50 from pot
*** SUMMARY ***
Total pot $42 | Rake $0.50
Board [Qs 4d Tc 7h 3c]
Seat 1: RaisemyNut$ (button) (small blind) showed [Ts 9s] and won ($41.50) with a pair of Tens
Seat 3: Zooshark (big blind) mucked


PokerStars Hand #157667358599:  Hold'em Limit ($3/$6 USD) - 2016/08/24 1:14:39 ET
Table 'Chlosinde' 6-max Seat #1 is the button
Seat 1: RaisemyNut$ ($343.30 in chips)
Seat 3: Zooshark ($51.61 in chips)
RaisemyNut$: posts small blind $1
Zooshark: posts big blind $3
*** HOLE CARDS ***
RaisemyNut$: raises $3 to $6
Zooshark: calls $3
*** FLOP *** [Kd Ac 5c]
Zooshark: bets $3
RaisemyNut$: folds
Uncalled bet ($3) returned to Zooshark
Zooshark collected $11.76 from pot
Zooshark: doesn't show hand
*** SUMMARY ***
Total pot $12 | Rake $0.24
Board [Kd Ac 5c]
Seat 1: RaisemyNut$ (button) (small blind) folded on the Flop
Seat 3: Zooshark (big blind) collected ($11.76)


PokerStars Hand #157667347145:  Hold'em Limit ($3/$6 USD) - 2016/08/24 1:13:47 ET
Table 'Chlosinde' 6-max Seat #1 is the button
Seat 1: RaisemyNut$ ($325.80 in chips)
Seat 3: Zooshark ($70.11 in chips)
RaisemyNut$: posts small blind $1
Zooshark: posts big blind $3
*** HOLE CARDS ***
RaisemyNut$: raises $3 to $6
Zooshark: calls $3
*** FLOP *** [Kh 9c 4s]
Zooshark: checks
RaisemyNut$: bets $3
Zooshark: calls $3
*** TURN *** [Kh 9c 4s] [Ks]
Zooshark: checks
RaisemyNut$: bets $6
Zooshark: calls $6
*** RIVER *** [Kh 9c 4s Ks] [Qh]
Zooshark: checks
RaisemyNut$: checks
*** SHOW DOWN ***
Zooshark: shows [7c Kc] (three of a kind, Kings)
RaisemyNut$: mucks hand
Zooshark collected $29.50 from pot
*** SUMMARY ***
Total pot $30 | Rake $0.50
Board [Kh 9c 4s Ks Qh]
Seat 1: RaisemyNut$ (button) (small blind) mucked
Seat 3: Zooshark (big blind) showed [7c Kc] and won ($29.50) with three of a kind, Kings


PokerStars Hand #157667352951:  Hold'em Limit ($3/$6 USD) - 2016/08/24 1:14:13 ET
Table 'Chlosinde' 6-max Seat #3 is the button
Seat 1: RaisemyNut$ ($310.80 in chips)
Seat 3: Zooshark ($84.61 in chips)
Zooshark: posts small blind $1
RaisemyNut$: posts big blind $3
*** HOLE CARDS ***
Zooshark: raises $3 to $6
RaisemyNut$: calls $3
*** FLOP *** [6s 8c 7c]
RaisemyNut$: checks
Zooshark: bets $3
RaisemyNut$: calls $3
*** TURN *** [6s 8c 7c] [6c]
RaisemyNut$: checks
Zooshark: bets $6
RaisemyNut$: raises $6 to $12
Zooshark: raises $6 to $18
RaisemyNut$: calls $6
*** RIVER *** [6s 8c 7c 6c] [8d]
RaisemyNut$: bets $6
Zooshark: calls $6
*** SHOW DOWN ***
RaisemyNut$: shows [6h Qd] (a full house, Sixes full of Eights)
Zooshark: mucks hand
RaisemyNut$ collected $65.50 from pot
*** SUMMARY ***
Total pot $66 | Rake $0.50
Board [6s 8c 7c 6c 8d]
Seat 1: RaisemyNut$ (big blind) showed [6h Qd] and won ($65.50) with a full house, Sixes full of Eights
Seat 3: Zooshark (button) (small blind) mucked


PokerStars Hand #157667361226:  Hold'em Limit ($3/$6 USD) - 2016/08/24 1:14:50 ET
Table 'Chlosinde' 6-max Seat #3 is the button
Seat 1: RaisemyNut$ ($337.30 in chips)
Seat 3: Zooshark ($57.37 in chips)
Zooshark: posts small blind $1
RaisemyNut$: posts big blind $3
*** HOLE CARDS ***
Zooshark: raises $3 to $6
RaisemyNut$: folds
Uncalled bet ($3) returned to Zooshark
Zooshark collected $6 from pot
Zooshark: doesn't show hand
*** SUMMARY ***
Total pot $6 | Rake $0
Seat 1: RaisemyNut$ (big blind) folded before Flop
Seat 3: Zooshark (button) (small blind) collected ($6)


PokerStars Hand #157667362472:  Hold'em Limit ($3/$6 USD) - 2016/08/24 1:14:56 ET
Table 'Chlosinde' 6-max Seat #1 is the button
Seat 1: RaisemyNut$ ($334.30 in chips)
Seat 3: Zooshark ($60.37 in chips)
RaisemyNut$: posts small blind $1
Zooshark: posts big blind $3
*** HOLE CARDS ***
RaisemyNut$: raises $3 to $6
Zooshark: raises $3 to $9
RaisemyNut$: calls $3
*** FLOP *** [6h 6c Ts]
Zooshark: bets $3
RaisemyNut$: calls $3
*** TURN *** [6h 6c Ts] [8d]
Zooshark: bets $6
RaisemyNut$: calls $6
*** RIVER *** [6h 6c Ts 8d] [3c]
Zooshark: bets $6
RaisemyNut$: calls $6
*** SHOW DOWN ***
Zooshark: shows [Jd Jh] (two pair, Jacks and Sixes)
RaisemyNut$: mucks hand
Zooshark collected $47.50 from pot
*** SUMMARY ***
Total pot $48 | Rake $0.50
Board [6h 6c Ts 8d 3c]
Seat 1: RaisemyNut$ (button) (small blind) mucked
Seat 3: Zooshark (big blind) showed [Jd Jh] and won ($47.50) with two pair, Jacks and Sixes


PokerStars Hand #157667368964:  Hold'em Limit ($3/$6 USD) - 2016/08/24 1:15:24 ET
Table 'Chlosinde' 6-max Seat #3 is the button
Seat 1: RaisemyNut$ ($310.30 in chips)
Seat 3: Zooshark ($83.87 in chips)
Zooshark: posts small blind $1
RaisemyNut$: posts big blind $3
*** HOLE CARDS ***
Zooshark: raises $3 to $6
RaisemyNut$: calls $3
*** FLOP *** [4d 9c 9d]
RaisemyNut$: checks
Zooshark: checks
*** TURN *** [4d 9c 9d] [9s]
RaisemyNut$: checks
Zooshark: bets $6
RaisemyNut$: folds
Uncalled bet ($6) returned to Zooshark
Zooshark collected $11.76 from pot
Zooshark: doesn't show hand
*** SUMMARY ***
Total pot $12 | Rake $0.24
Board [4d 9c 9d 9s]
Seat 1: RaisemyNut$ (big blind) folded on the Turn
Seat 3: Zooshark (button) (small blind) collected ($11.76)


PokerStars Hand #157667372137:  Hold'em Limit ($3/$6 USD) - 2016/08/24 1:15:39 ET
Table 'Chlosinde' 6-max Seat #1 is the button
Seat 1: RaisemyNut$ ($304.30 in chips)
Seat 3: Zooshark ($89.63 in chips)
RaisemyNut$: posts small blind $1
Zooshark: posts big blind $3
*** HOLE CARDS ***
RaisemyNut$: folds
Uncalled bet ($2) returned to Zooshark
Zooshark collected $2 from pot
Zooshark: doesn't show hand
*** SUMMARY ***
Total pot $2 | Rake $0
Seat 1: RaisemyNut$ (button) (small blind) folded before Flop
Seat 3: Zooshark (big blind) collected ($2)


PokerStars Hand #157667373168:  Hold'em Limit ($3/$6 USD) - 2016/08/24 1:15:43 ET
Table 'Chlosinde' 6-max Seat #3 is the button
Seat 1: RaisemyNut$ ($303.30 in chips)
Seat 3: Zooshark ($90.63 in chips)
Zooshark: posts small blind $1
RaisemyNut$: posts big blind $3
*** HOLE CARDS ***
Zooshark: raises $3 to $6
RaisemyNut$: calls $3
*** FLOP *** [5h Ts Th]
RaisemyNut$: checks
Zooshark: bets $3
RaisemyNut$: calls $3
*** TURN *** [5h Ts Th] [8c]
RaisemyNut$: checks
Zooshark: checks
*** RIVER *** [5h Ts Th 8c] [3h]
RaisemyNut$: bets $6
Zooshark: raises $6 to $12
RaisemyNut$: folds
Uncalled bet ($6) returned to Zooshark
Zooshark collected $29.50 from pot
Zooshark: doesn't show hand
*** SUMMARY ***
Total pot $30 | Rake $0.50
Board [5h Ts Th 8c 3h]
Seat 1: RaisemyNut$ (big blind) folded on the River
Seat 3: Zooshark (button) (small blind) collected ($29.50)


PokerStars Hand #157667382168:  Hold'em Limit ($3/$6 USD) - 2016/08/24 1:16:23 ET
Table 'Chlosinde' 6-max Seat #3 is the button
Seat 1: RaisemyNut$ ($279.30 in chips)
Seat 3: Zooshark ($113.77 in chips)
Zooshark: posts small blind $1
RaisemyNut$: posts big blind $3
*** HOLE CARDS ***
Zooshark: raises $3 to $6
RaisemyNut$: folds
Uncalled bet ($3) returned to Zooshark
Zooshark collected $6 from pot
Zooshark: doesn't show hand
*** SUMMARY ***
Total pot $6 | Rake $0
Seat 1: RaisemyNut$ (big blind) folded before Flop
Seat 3: Zooshark (button) (small blind) collected ($6)


PokerStars Hand #157667379097:  Hold'em Limit ($3/$6 USD) - 2016/08/24 1:16:10 ET
Table 'Chlosinde' 6-max Seat #1 is the button
Seat 1: RaisemyNut$ ($288.30 in chips)
Seat 3: Zooshark ($105.13 in chips)
RaisemyNut$: posts small blind $1
Zooshark: posts big blind $3
*** HOLE CARDS ***
RaisemyNut$: raises $3 to $6
Zooshark: calls $3
*** FLOP *** [2s Tc 8h]
Zooshark: checks
RaisemyNut$: bets $3
Zooshark: raises $3 to $6
RaisemyNut$: folds
Uncalled bet ($3) returned to Zooshark
Zooshark collected $17.64 from pot
Zooshark: doesn't show hand
*** SUMMARY ***
Total pot $18 | Rake $0.36
Board [2s Tc 8h]
Seat 1: RaisemyNut$ (button) (small blind) folded on the Flop
Seat 3: Zooshark (big blind) collected ($17.64)


PokerStars Hand #157667383428:  Hold'em Limit ($3/$6 USD) - 2016/08/24 1:16:29 ET
Table 'Chlosinde' 6-max Seat #1 is the button
Seat 1: RaisemyNut$ ($276.30 in chips)
Seat 3: Zooshark ($116.77 in chips)
RaisemyNut$: posts small blind $1
Zooshark: posts big blind $3
*** HOLE CARDS ***
RaisemyNut$: raises $3 to $6
Zooshark: calls $3
*** FLOP *** [3c 9s 7c]
Zooshark: checks
RaisemyNut$: bets $3
Zooshark: raises $3 to $6
RaisemyNut$: calls $3
*** TURN *** [3c 9s 7c] [3s]
Zooshark: checks
RaisemyNut$: checks
*** RIVER *** [3c 9s 7c 3s] [4c]
Zooshark: bets $6
RaisemyNut$: folds
Uncalled bet ($6) returned to Zooshark
Zooshark collected $23.52 from pot
Zooshark: doesn't show hand
*** SUMMARY ***
Total pot $24 | Rake $0.48
Board [3c 9s 7c 3s 4c]
Seat 1: RaisemyNut$ (button) (small blind) folded on the River
Seat 3: Zooshark (big blind) collected ($23.52)


PokerStars Hand #157667389199:  Hold'em Limit ($3/$6 USD) - 2016/08/24 1:16:55 ET
Table 'Chlosinde' 6-max Seat #3 is the button
Seat 1: RaisemyNut$ ($264.30 in chips)
Seat 3: Zooshark ($128.29 in chips)
Zooshark: posts small blind $1
RaisemyNut$: posts big blind $3
*** HOLE CARDS ***
Zooshark: raises $3 to $6
RaisemyNut$: calls $3
*** FLOP *** [As 2d Qd]
RaisemyNut$: checks
Zooshark: checks
*** TURN *** [As 2d Qd] [Qs]
RaisemyNut$: checks
Zooshark: bets $6
RaisemyNut$: folds
Uncalled bet ($6) returned to Zooshark
Zooshark collected $11.76 from pot
Zooshark: doesn't show hand
*** SUMMARY ***
Total pot $12 | Rake $0.24
Board [As 2d Qd Qs]
Seat 1: RaisemyNut$ (big blind) folded on the Turn
Seat 3: Zooshark (button) (small blind) collected ($11.76)


PokerStars Hand #157667392453:  Hold'em Limit ($3/$6 USD) - 2016/08/24 1:17:09 ET
Table 'Chlosinde' 6-max Seat #1 is the button
Seat 1: RaisemyNut$ ($258.30 in chips)
Seat 3: Zooshark ($134.05 in chips)
RaisemyNut$: posts small blind $1
Zooshark: posts big blind $3
*** HOLE CARDS ***
RaisemyNut$: raises $3 to $6
Zooshark: folds
Uncalled bet ($3) returned to RaisemyNut$
RaisemyNut$ collected $6 from pot
RaisemyNut$: doesn't show hand
*** SUMMARY ***
Total pot $6 | Rake $0
Seat 1: RaisemyNut$ (button) (small blind) collected ($6)
Seat 3: Zooshark (big blind) folded before Flop


PokerStars Hand #157667396280:  Hold'em Limit ($3/$6 USD) - 2016/08/24 1:17:26 ET
Table 'Chlosinde' 6-max Seat #1 is the button
Seat 1: RaisemyNut$ ($255.30 in chips)
Seat 3: Zooshark ($136.81 in chips)
RaisemyNut$: posts small blind $1
Zooshark: posts big blind $3
*** HOLE CARDS ***
RaisemyNut$: folds
Uncalled bet ($2) returned to Zooshark
Zooshark collected $2 from pot
Zooshark: doesn't show hand
*** SUMMARY ***
Total pot $2 | Rake $0
Seat 1: RaisemyNut$ (button) (small blind) folded before Flop
Seat 3: Zooshark (big blind) collected ($2)


PokerStars Hand #157667393847:  Hold'em Limit ($3/$6 USD) - 2016/08/24 1:17:15 ET
Table 'Chlosinde' 6-max Seat #3 is the button
Seat 1: RaisemyNut$ ($261.30 in chips)
Seat 3: Zooshark ($131.05 in chips)
Zooshark: posts small blind $1
RaisemyNut$: posts big blind $3
*** HOLE CARDS ***
Zooshark: raises $3 to $6
RaisemyNut$: calls $3
*** FLOP *** [5s Qd 6d]
RaisemyNut$: checks
Zooshark: bets $3
RaisemyNut$: folds
Uncalled bet ($3) returned to Zooshark
Zooshark collected $11.76 from pot
Zooshark: doesn't show hand
*** SUMMARY ***
Total pot $12 | Rake $0.24
Board [5s Qd 6d]
Seat 1: RaisemyNut$ (big blind) folded on the Flop
Seat 3: Zooshark (button) (small blind) collected ($11.76)


PokerStars Hand #157667400657:  Hold'em Limit ($3/$6 USD) - 2016/08/24 1:17:45 ET
Table 'Chlosinde' 6-max Seat #1 is the button
Seat 1: RaisemyNut$ ($265.82 in chips)
Seat 3: Zooshark ($125.81 in chips)
RaisemyNut$: posts small blind $1
Zooshark: posts big blind $3
*** HOLE CARDS ***
RaisemyNut$: raises $3 to $6
Zooshark: folds
Uncalled bet ($3) returned to RaisemyNut$
RaisemyNut$ collected $6 from pot
RaisemyNut$: doesn't show hand
*** SUMMARY ***
Total pot $6 | Rake $0
Seat 1: RaisemyNut$ (button) (small blind) collected ($6)
Seat 3: Zooshark (big blind) folded before Flop


PokerStars Hand #157667397262:  Hold'em Limit ($3/$6 USD) - 2016/08/24 1:17:30 ET
Table 'Chlosinde' 6-max Seat #3 is the button
Seat 1: RaisemyNut$ ($254.30 in chips)
Seat 3: Zooshark ($137.81 in chips)
Zooshark: posts small blind $1
RaisemyNut$: posts big blind $3
*** HOLE CARDS ***
Zooshark: raises $3 to $6
RaisemyNut$: raises $3 to $9
Zooshark: calls $3
*** FLOP *** [2h 6s 9c]
RaisemyNut$: bets $3
Zooshark: calls $3
*** TURN *** [2h 6s 9c] [Ac]
RaisemyNut$: bets $6
Zooshark: folds
Uncalled bet ($6) returned to RaisemyNut$
RaisemyNut$ collected $23.52 from pot
RaisemyNut$: doesn't show hand
*** SUMMARY ***
Total pot $24 | Rake $0.48
Board [2h 6s 9c Ac]
Seat 1: RaisemyNut$ (big blind) collected ($23.52)
Seat 3: Zooshark (button) (small blind) folded on the Turn


PokerStars Hand #157667403337:  Hold'em Limit ($3/$6 USD) - 2016/08/24 1:17:57 ET
Table 'Chlosinde' 6-max Seat #1 is the button
Seat 1: RaisemyNut$ ($269.82 in chips)
Seat 3: Zooshark ($121.81 in chips)
RaisemyNut$: posts small blind $1
Zooshark: posts big blind $3
*** HOLE CARDS ***
RaisemyNut$: folds
Uncalled bet ($2) returned to Zooshark
renene joins the table at seat #2
Zooshark collected $2 from pot
Zooshark: doesn't show hand
*** SUMMARY ***
Total pot $2 | Rake $0
Seat 1: RaisemyNut$ (button) (small blind) folded before Flop
Seat 3: Zooshark (big blind) collected ($2)


PokerStars Hand #157667402068:  Hold'em Limit ($3/$6 USD) - 2016/08/24 1:17:51 ET
Table 'Chlosinde' 6-max Seat #3 is the button
Seat 1: RaisemyNut$ ($268.82 in chips)
Seat 3: Zooshark ($122.81 in chips)
Zooshark: posts small blind $1
RaisemyNut$: posts big blind $3
*** HOLE CARDS ***
Zooshark: folds
Uncalled bet ($2) returned to RaisemyNut$
RaisemyNut$ collected $2 from pot
RaisemyNut$: doesn't show hand
*** SUMMARY ***
Total pot $2 | Rake $0
Seat 1: RaisemyNut$ (big blind) collected ($2)
Seat 3: Zooshark (button) (small blind) folded before Flop


PokerStars Hand #157667404364:  Hold'em Limit ($3/$6 USD) - 2016/08/24 1:18:01 ET
Table 'Chlosinde' 6-max Seat #3 is the button
Seat 1: RaisemyNut$ ($268.82 in chips)
Seat 3: Zooshark ($122.81 in chips)
Zooshark: posts small blind $1
RaisemyNut$: posts big blind $3
*** HOLE CARDS ***
Zooshark: folds
Uncalled bet ($2) returned to RaisemyNut$
RaisemyNut$ collected $2 from pot
RaisemyNut$: doesn't show hand
*** SUMMARY ***
Total pot $2 | Rake $0
Seat 1: RaisemyNut$ (big blind) collected ($2)
Seat 3: Zooshark (button) (small blind) folded before Flop


PokerStars Hand #157667550117:  Hold'em Limit ($3/$6 USD) - 2016/08/24 1:28:42 ET
Table 'Chlosinde' 6-max Seat #1 is the button
Seat 1: RaisemyNut$ ($289.38 in chips)
Seat 2: renene ($59.67 in chips)
RaisemyNut$: posts small blind $1
renene: posts big blind $3
*** HOLE CARDS ***
RaisemyNut$: raises $3 to $6
Zooshark is disconnected
renene: folds
Uncalled bet ($3) returned to RaisemyNut$
RaisemyNut$ collected $6 from pot
RaisemyNut$: doesn't show hand
*** SUMMARY ***
Total pot $6 | Rake $0
Seat 1: RaisemyNut$ (button) (small blind) collected ($6)
Seat 2: renene (big blind) folded before Flop


PokerStars Hand #157667562551:  Hold'em Limit ($3/$6 USD) - 2016/08/24 1:29:37 ET
Table 'Chlosinde' 6-max Seat #2 is the button
Seat 1: RaisemyNut$ ($306.78 in chips)
Seat 2: renene ($41.67 in chips)
renene: posts small blind $1
RaisemyNut$: posts big blind $3
*** HOLE CARDS ***
renene: folds
Uncalled bet ($2) returned to RaisemyNut$
RaisemyNut$ collected $2 from pot
RaisemyNut$: doesn't show hand
*** SUMMARY ***
Total pot $2 | Rake $0
Seat 1: RaisemyNut$ (big blind) collected ($2)
Seat 2: renene (button) (small blind) folded before Flop


PokerStars Hand #157667556250:  Hold'em Limit ($3/$6 USD) - 2016/08/24 1:29:09 ET
Table 'Chlosinde' 6-max Seat #1 is the button
Seat 1: RaisemyNut$ ($301.02 in chips)
Seat 2: renene ($47.67 in chips)
RaisemyNut$: posts small blind $1
renene: posts big blind $3
*** HOLE CARDS ***
RaisemyNut$: raises $3 to $6
renene: calls $3
*** FLOP *** [8d 6d 3h]
renene: checks
RaisemyNut$: bets $3
renene: folds
Uncalled bet ($3) returned to RaisemyNut$
RaisemyNut$ collected $11.76 from pot
RaisemyNut$: doesn't show hand
*** SUMMARY ***
Total pot $12 | Rake $0.24
Board [8d 6d 3h]
Seat 1: RaisemyNut$ (button) (small blind) collected ($11.76)
Seat 2: renene (big blind) folded on the Flop


PokerStars Hand #157667551781:  Hold'em Limit ($3/$6 USD) - 2016/08/24 1:28:49 ET
Table 'Chlosinde' 6-max Seat #2 is the button
Seat 1: RaisemyNut$ ($292.38 in chips)
Seat 2: renene ($56.67 in chips)
renene: posts small blind $1
RaisemyNut$: posts big blind $3
*** HOLE CARDS ***
renene: calls $2
RaisemyNut$: raises $3 to $6
renene: calls $3
*** FLOP *** [7s Qc Jc]
RaisemyNut$: bets $3
renene: calls $3
*** TURN *** [7s Qc Jc] [4d]
RaisemyNut$: bets $6
renene: folds
Uncalled bet ($6) returned to RaisemyNut$
RaisemyNut$ collected $17.64 from pot
RaisemyNut$: doesn't show hand
*** SUMMARY ***
Total pot $18 | Rake $0.36
Board [7s Qc Jc 4d]
Seat 1: RaisemyNut$ (big blind) collected ($17.64)
Seat 2: renene (button) (small blind) folded on the Turn


PokerStars Hand #157667568701:  Hold'em Limit ($3/$6 USD) - 2016/08/24 1:30:04 ET
Table 'Chlosinde' 6-max Seat #1 is the button
Seat 1: RaisemyNut$ ($317.42 in chips)
Seat 2: renene ($30.67 in chips)
RaisemyNut$: posts small blind $1
renene: posts big blind $3
*** HOLE CARDS ***
RaisemyNut$: raises $3 to $6
renene: calls $3
*** FLOP *** [6s 4c 9s]
renene: bets $3
RaisemyNut$: calls $3
*** TURN *** [6s 4c 9s] [8h]
renene: bets $6
RaisemyNut$: calls $6
*** RIVER *** [6s 4c 9s 8h] [Kd]
renene: bets $6
RaisemyNut$: folds
Uncalled bet ($6) returned to renene
renene collected $29.50 from pot
*** SUMMARY ***
Total pot $30 | Rake $0.50
Board [6s 4c 9s 8h Kd]
Seat 1: RaisemyNut$ (button) (small blind) folded on the River
Seat 2: renene (big blind) collected ($29.50)


PokerStars Hand #157667567321:  Hold'em Limit ($3/$6 USD) - 2016/08/24 1:29:58 ET
Table 'Chlosinde' 6-max Seat #2 is the button
Seat 1: RaisemyNut$ ($316.42 in chips)
Seat 2: renene ($31.67 in chips)
renene: posts small blind $1
RaisemyNut$: posts big blind $3
*** HOLE CARDS ***
renene: folds
Uncalled bet ($2) returned to RaisemyNut$
RaisemyNut$ collected $2 from pot
RaisemyNut$: doesn't show hand
*** SUMMARY ***
Total pot $2 | Rake $0
Seat 1: RaisemyNut$ (big blind) collected ($2)
Seat 2: renene (button) (small blind) folded before Flop


PokerStars Hand #157667563670:  Hold'em Limit ($3/$6 USD) - 2016/08/24 1:29:42 ET
Table 'Chlosinde' 6-max Seat #1 is the button
Seat 1: RaisemyNut$ ($307.78 in chips)
Seat 2: renene ($40.67 in chips)
RaisemyNut$: posts small blind $1
renene: posts big blind $3
*** HOLE CARDS ***
RaisemyNut$: raises $3 to $6
renene: calls $3
*** FLOP *** [4d 9h Qs]
renene: checks
RaisemyNut$: bets $3
renene: calls $3
*** TURN *** [4d 9h Qs] [Qc]
renene: checks
RaisemyNut$: bets $6
renene: folds
Uncalled bet ($6) returned to RaisemyNut$
RaisemyNut$ collected $17.64 from pot
RaisemyNut$: doesn't show hand
*** SUMMARY ***
Total pot $18 | Rake $0.36
Board [4d 9h Qs Qc]
Seat 1: RaisemyNut$ (button) (small blind) collected ($17.64)
Seat 2: renene (big blind) folded on the Turn


PokerStars Hand #157667587592:  Hold'em Limit ($3/$6 USD) - 2016/08/24 1:31:20 ET
Table 'Chlosinde' 6-max Seat #2 is the button
Seat 1: RaisemyNut$ ($313.06 in chips)
Seat 2: renene ($34.17 in chips)
renene: posts small blind $1
RaisemyNut$: posts big blind $3
*** HOLE CARDS ***
renene: folds
Uncalled bet ($2) returned to RaisemyNut$
RaisemyNut$ collected $2 from pot
RaisemyNut$: doesn't show hand
*** SUMMARY ***
Total pot $2 | Rake $0
Seat 1: RaisemyNut$ (big blind) collected ($2)
Seat 2: renene (button) (small blind) folded before Flop


PokerStars Hand #157667585616:  Hold'em Limit ($3/$6 USD) - 2016/08/24 1:31:12 ET
Table 'Chlosinde' 6-max Seat #1 is the button
Seat 1: RaisemyNut$ ($310.06 in chips)
Seat 2: renene ($37.17 in chips)
RaisemyNut$: posts small blind $1
renene: posts big blind $3
*** HOLE CARDS ***
RaisemyNut$: raises $3 to $6
renene: folds
Uncalled bet ($3) returned to RaisemyNut$
RaisemyNut$ collected $6 from pot
RaisemyNut$: doesn't show hand
*** SUMMARY ***
Total pot $6 | Rake $0
Seat 1: RaisemyNut$ (button) (small blind) collected ($6)
Seat 2: renene (big blind) folded before Flop


PokerStars Hand #157667582160:  Hold'em Limit ($3/$6 USD) - 2016/08/24 1:30:57 ET
Table 'Chlosinde' 6-max Seat #2 is the button
Seat 1: RaisemyNut$ ($304.30 in chips)
Seat 2: renene ($43.17 in chips)
renene: posts small blind $1
RaisemyNut$: posts big blind $3
*** HOLE CARDS ***
renene: calls $2
RaisemyNut$: raises $3 to $6
renene: calls $3
*** FLOP *** [6d Qd Tc]
RaisemyNut$: bets $3
renene: folds
Uncalled bet ($3) returned to RaisemyNut$
RaisemyNut$ collected $11.76 from pot
RaisemyNut$: doesn't show hand
*** SUMMARY ***
Total pot $12 | Rake $0.24
Board [6d Qd Tc]
Seat 1: RaisemyNut$ (big blind) collected ($11.76)
Seat 2: renene (button) (small blind) folded on the Flop


PokerStars Hand #157667580977:  Hold'em Limit ($3/$6 USD) - 2016/08/24 1:30:52 ET
Table 'Chlosinde' 6-max Seat #1 is the button
Seat 1: RaisemyNut$ ($305.30 in chips)
Seat 2: renene ($42.17 in chips)
RaisemyNut$: posts small blind $1
renene: posts big blind $3
*** HOLE CARDS ***
RaisemyNut$: folds
Uncalled bet ($2) returned to renene
renene collected $2 from pot
*** SUMMARY ***
Total pot $2 | Rake $0
Seat 1: RaisemyNut$ (button) (small blind) folded before Flop
Seat 2: renene (big blind) collected ($2)


PokerStars Hand #157667574823:  Hold'em Limit ($3/$6 USD) - 2016/08/24 1:30:30 ET
Table 'Chlosinde' 6-max Seat #2 is the button
Seat 1: RaisemyNut$ ($302.42 in chips)
Seat 2: renene ($45.17 in chips)
renene: posts small blind $1
RaisemyNut$: posts big blind $3
*** HOLE CARDS ***
renene: calls $2
RaisemyNut$: checks
*** FLOP *** [Ad 8h 3d]
RaisemyNut$: checks
renene: checks
*** TURN *** [Ad 8h 3d] [3c]
RaisemyNut$: checks
renene: checks
*** RIVER *** [Ad 8h 3d 3c] [Td]
RaisemyNut$: checks
renene: checks
*** SHOW DOWN ***
RaisemyNut$: shows [Qc 6s] (a pair of Threes)
renene: mucks hand
RaisemyNut$ collected $5.88 from pot
*** SUMMARY ***
Total pot $6 | Rake $0.12
Board [Ad 8h 3d 3c Td]
Seat 1: RaisemyNut$ (big blind) showed [Qc 6s] and won ($5.88) with a pair of Threes
Seat 2: renene (button) (small blind) mucked


PokerStars Hand #157667602440:  Hold'em Limit ($3/$6 USD) - 2016/08/24 1:32:25 ET
Table 'Chlosinde' 6-max Seat #2 is the button
Seat 1: RaisemyNut$ ($282.06 in chips)
Seat 2: renene ($64.31 in chips)
renene: posts small blind $1
RaisemyNut$: posts big blind $3
*** HOLE CARDS ***
renene: calls $2
RaisemyNut$: checks
*** FLOP *** [Kd 4d Ts]
RaisemyNut$: checks
renene: checks
*** TURN *** [Kd 4d Ts] [Ah]
RaisemyNut$: checks
renene: checks
*** RIVER *** [Kd 4d Ts Ah] [Td]
RaisemyNut$: checks
renene: checks
*** SHOW DOWN ***
RaisemyNut$: shows [3c 2c] (a pair of Tens)
renene: shows [Jd 7c] (a pair of Tens - Ace+King+Jack kicker)
renene collected $5.88 from pot
*** SUMMARY ***
Total pot $6 | Rake $0.12
Board [Kd 4d Ts Ah Td]
Seat 1: RaisemyNut$ (big blind) showed [3c 2c] and lost with a pair of Tens
Seat 2: renene (button) (small blind) showed [Jd 7c] and won ($5.88) with a pair of Tens


PokerStars Hand #157667596690:  Hold'em Limit ($3/$6 USD) - 2016/08/24 1:32:00 ET
Table 'Chlosinde' 6-max Seat #1 is the button
Seat 1: RaisemyNut$ ($306.06 in chips)
Seat 2: renene ($40.81 in chips)
RaisemyNut$: posts small blind $1
renene: posts big blind $3
*** HOLE CARDS ***
RaisemyNut$: raises $3 to $6
renene: calls $3
*** FLOP *** [5c Ac Tc]
renene: checks
RaisemyNut$: bets $3
renene: raises $3 to $6
RaisemyNut$: calls $3
*** TURN *** [5c Ac Tc] [8h]
renene: bets $6
RaisemyNut$: calls $6
*** RIVER *** [5c Ac Tc 8h] [4c]
renene: bets $6
RaisemyNut$: calls $6
*** SHOW DOWN ***
renene: shows [Qc 9c] (a flush, Ace high)
RaisemyNut$: mucks hand
renene collected $47.50 from pot
*** SUMMARY ***
Total pot $48 | Rake $0.50
Board [5c Ac Tc 8h 4c]
Seat 1: RaisemyNut$ (button) (small blind) mucked
Seat 2: renene (big blind) showed [Qc 9c] and won ($47.50) with a flush, Ace high


PokerStars Hand #157667595004:  Hold'em Limit ($3/$6 USD) - 2016/08/24 1:31:53 ET
Table 'Chlosinde' 6-max Seat #2 is the button
Seat 1: RaisemyNut$ ($305.06 in chips)
Seat 2: renene ($41.81 in chips)
renene: posts small blind $1
RaisemyNut$: posts big blind $3
*** HOLE CARDS ***
renene: folds
Uncalled bet ($2) returned to RaisemyNut$
RaisemyNut$ collected $2 from pot
RaisemyNut$: doesn't show hand
*** SUMMARY ***
Total pot $2 | Rake $0
Seat 1: RaisemyNut$ (big blind) collected ($2)
Seat 2: renene (button) (small blind) folded before Flop


PokerStars Hand #157667589139:  Hold'em Limit ($3/$6 USD) - 2016/08/24 1:31:27 ET
Table 'Chlosinde' 6-max Seat #1 is the button
Seat 1: RaisemyNut$ ($314.06 in chips)
Seat 2: renene ($33.17 in chips)
RaisemyNut$: posts small blind $1
renene: posts big blind $3
*** HOLE CARDS ***
RaisemyNut$: raises $3 to $6
renene: calls $3
*** FLOP *** [Qd Jc Jh]
renene: checks
RaisemyNut$: bets $3
renene: calls $3
*** TURN *** [Qd Jc Jh] [2h]
renene: checks
RaisemyNut$: checks
*** RIVER *** [Qd Jc Jh 2h] [8d]
renene: bets $6
RaisemyNut$: folds
Uncalled bet ($6) returned to renene
renene collected $17.64 from pot
*** SUMMARY ***
Total pot $18 | Rake $0.36
Board [Qd Jc Jh 2h 8d]
Seat 1: RaisemyNut$ (button) (small blind) folded on the River
Seat 2: renene (big blind) collected ($17.64)


PokerStars Hand #157667618510:  Hold'em Limit ($3/$6 USD) - 2016/08/24 1:33:36 ET
Table 'Chlosinde' 6-max Seat #1 is the button
Seat 1: RaisemyNut$ ($265.06 in chips)
Seat 2: renene ($80.69 in chips)
RaisemyNut$: posts small blind $1
renene: posts big blind $3
*** HOLE CARDS ***
RaisemyNut$: raises $3 to $6
renene: folds
Uncalled bet ($3) returned to RaisemyNut$
RaisemyNut$ collected $6 from pot
RaisemyNut$: doesn't show hand
*** SUMMARY ***
Total pot $6 | Rake $0
Seat 1: RaisemyNut$ (button) (small blind) collected ($6)
Seat 2: renene (big blind) folded before Flop


PokerStars Hand #157667615928:  Hold'em Limit ($3/$6 USD) - 2016/08/24 1:33:24 ET
Table 'Chlosinde' 6-max Seat #1 is the button
Seat 1: RaisemyNut$ ($265.06 in chips)
Seat 2: renene ($80.69 in chips)
RaisemyNut$: posts small blind $1
renene: posts big blind $3
*** HOLE CARDS ***
RaisemyNut$: folds
Uncalled bet ($2) returned to renene
renene collected $2 from pot
*** SUMMARY ***
Total pot $2 | Rake $0
Seat 1: RaisemyNut$ (button) (small blind) folded before Flop
Seat 2: renene (big blind) collected ($2)


PokerStars Hand #157667614643:  Hold'em Limit ($3/$6 USD) - 2016/08/24 1:33:18 ET
Table 'Chlosinde' 6-max Seat #2 is the button
Seat 1: RaisemyNut$ ($264.06 in chips)
Seat 2: renene ($81.69 in chips)
renene: posts small blind $1
RaisemyNut$: posts big blind $3
*** HOLE CARDS ***
renene: folds
Uncalled bet ($2) returned to RaisemyNut$
RaisemyNut$ collected $2 from pot
RaisemyNut$: doesn't show hand
*** SUMMARY ***
Total pot $2 | Rake $0
Seat 1: RaisemyNut$ (big blind) collected ($2)
Seat 2: renene (button) (small blind) folded before Flop


PokerStars Hand #157667607056:  Hold'em Limit ($3/$6 USD) - 2016/08/24 1:32:45 ET
Table 'Chlosinde' 6-max Seat #1 is the button
Seat 1: RaisemyNut$ ($279.06 in chips)
Seat 2: renene ($67.19 in chips)
RaisemyNut$: posts small blind $1
renene: posts big blind $3
*** HOLE CARDS ***
RaisemyNut$: raises $3 to $6
renene: calls $3
*** FLOP *** [9d 5d 7c]
renene: bets $3
RaisemyNut$: calls $3
*** TURN *** [9d 5d 7c] [6h]
renene: bets $6
RaisemyNut$: calls $6
*** RIVER *** [9d 5d 7c 6h] [7s]
renene: bets $6
RaisemyNut$: folds
Uncalled bet ($6) returned to renene
renene collected $29.50 from pot
*** SUMMARY ***
Total pot $30 | Rake $0.50
Board [9d 5d 7c 6h 7s]
Seat 1: RaisemyNut$ (button) (small blind) folded on the River
Seat 2: renene (big blind) collected ($29.50)


PokerStars Hand #157667620078:  Hold'em Limit ($3/$6 USD) - 2016/08/24 1:33:42 ET
Table 'Chlosinde' 6-max Seat #2 is the button
Seat 1: RaisemyNut$ ($268.06 in chips)
Seat 2: renene ($77.69 in chips)
renene: posts small blind $1
RaisemyNut$: posts big blind $3
*** HOLE CARDS ***
renene: folds
Uncalled bet ($2) returned to RaisemyNut$
RaisemyNut$ collected $2 from pot
RaisemyNut$: doesn't show hand
*** SUMMARY ***
Total pot $2 | Rake $0
Seat 1: RaisemyNut$ (big blind) collected ($2)
Seat 2: renene (button) (small blind) folded before Flop


PokerStars Hand #157667621324:  Hold'em Limit ($3/$6 USD) - 2016/08/24 1:33:48 ET
Table 'Chlosinde' 6-max Seat #1 is the button
Seat 1: RaisemyNut$ ($269.06 in chips)
Seat 2: renene ($76.69 in chips)
RaisemyNut$: posts small blind $1
renene: posts big blind $3
*** HOLE CARDS ***
RaisemyNut$: raises $3 to $6
renene: calls $3
*** FLOP *** [Jd 3d 6h]
renene: checks
RaisemyNut$: bets $3
renene: folds
Uncalled bet ($3) returned to RaisemyNut$
RaisemyNut$ collected $11.76 from pot
RaisemyNut$: doesn't show hand
*** SUMMARY ***
Total pot $12 | Rake $0.24
Board [Jd 3d 6h]
Seat 1: RaisemyNut$ (button) (small blind) collected ($11.76)
Seat 2: renene (big blind) folded on the Flop


PokerStars Hand #157667630941:  Hold'em Limit ($3/$6 USD) - 2016/08/24 1:34:30 ET
Table 'Chlosinde' 6-max Seat #1 is the button
Seat 1: RaisemyNut$ ($262.82 in chips)
Seat 2: renene ($82.21 in chips)
RaisemyNut$: posts small blind $1
renene: posts big blind $3
*** HOLE CARDS ***
RaisemyNut$: raises $3 to $6
renene: calls $3
*** FLOP *** [5s Qs 4d]
renene: checks
RaisemyNut$: bets $3
renene: folds
Uncalled bet ($3) returned to RaisemyNut$
RaisemyNut$ collected $11.76 from pot
RaisemyNut$: doesn't show hand
*** SUMMARY ***
Total pot $12 | Rake $0.24
Board [5s Qs 4d]
Seat 1: RaisemyNut$ (button) (small blind) collected ($11.76)
Seat 2: renene (big blind) folded on the Flop


PokerStars Hand #157667624533:  Hold'em Limit ($3/$6 USD) - 2016/08/24 1:34:02 ET
Table 'Chlosinde' 6-max Seat #2 is the button
Seat 1: RaisemyNut$ ($274.82 in chips)
Seat 2: renene ($70.69 in chips)
renene: posts small blind $1
RaisemyNut$: posts big blind $3
*** HOLE CARDS ***
renene: calls $2
RaisemyNut$: raises $3 to $6
renene: raises $3 to $9
RaisemyNut$: calls $3
*** FLOP *** [9s 8h Js]
RaisemyNut$: checks
renene: bets $3
RaisemyNut$: calls $3
*** TURN *** [9s 8h Js] [4d]
RaisemyNut$: checks
renene: bets $6
RaisemyNut$: folds
Uncalled bet ($6) returned to renene
renene collected $23.52 from pot
*** SUMMARY ***
Total pot $24 | Rake $0.48
Board [9s 8h Js 4d]
Seat 1: RaisemyNut$ (big blind) folded on the Turn
Seat 2: renene (button) (small blind) collected ($23.52)


PokerStars Hand #157667644234:  Hold'em Limit ($3/$6 USD) - 2016/08/24 1:35:27 ET
Table 'Chlosinde' 6-max Seat #1 is the button
Seat 1: RaisemyNut$ ($265.58 in chips)
Seat 2: renene ($79.09 in chips)
RaisemyNut$: posts small blind $1
renene: posts big blind $3
*** HOLE CARDS ***
RaisemyNut$: raises $3 to $6
renene: calls $3
*** FLOP *** [4s 6h Qh]
renene: checks
RaisemyNut$: bets $3
renene: calls $3
*** TURN *** [4s 6h Qh] [Ks]
renene: checks
RaisemyNut$: bets $6
renene: folds
Uncalled bet ($6) returned to RaisemyNut$
RaisemyNut$ collected $17.64 from pot
RaisemyNut$: doesn't show hand
*** SUMMARY ***
Total pot $18 | Rake $0.36
Board [4s 6h Qh Ks]
Seat 1: RaisemyNut$ (button) (small blind) collected ($17.64)
Seat 2: renene (big blind) folded on the Turn


PokerStars Hand #157667634418:  Hold'em Limit ($3/$6 USD) - 2016/08/24 1:34:45 ET
Table 'Chlosinde' 6-max Seat #2 is the button
Seat 1: RaisemyNut$ ($268.58 in chips)
Seat 2: renene ($76.21 in chips)
renene: posts small blind $1
RaisemyNut$: posts big blind $3
*** HOLE CARDS ***
renene: calls $2
RaisemyNut$: checks
*** FLOP *** [Qh 4s 2c]
RaisemyNut$: checks
renene: checks
*** TURN *** [Qh 4s 2c] [As]
RaisemyNut$: checks
renene: bets $6
RaisemyNut$: folds
Uncalled bet ($6) returned to renene
renene collected $5.88 from pot
*** SUMMARY ***
Total pot $6 | Rake $0.12
Board [Qh 4s 2c As]
Seat 1: RaisemyNut$ (big blind) folded on the Turn
Seat 2: renene (button) (small blind) collected ($5.88)


PokerStars Hand #157667654823:  Hold'em Limit ($3/$6 USD) - 2016/08/24 1:36:12 ET
Table 'Chlosinde' 6-max Seat #2 is the button
Seat 1: RaisemyNut$ ($282.98 in chips)
Seat 2: renene ($61.09 in chips)
renene: posts small blind $1
RaisemyNut$: posts big blind $3
*** HOLE CARDS ***
renene: folds
Uncalled bet ($2) returned to RaisemyNut$
RaisemyNut$ collected $2 from pot
RaisemyNut$: doesn't show hand
*** SUMMARY ***
Total pot $2 | Rake $0
Seat 1: RaisemyNut$ (big blind) collected ($2)
Seat 2: renene (button) (small blind) folded before Flop


PokerStars Hand #157667656169:  Hold'em Limit ($3/$6 USD) - 2016/08/24 1:36:18 ET
Table 'Chlosinde' 6-max Seat #1 is the button
Seat 1: RaisemyNut$ ($283.98 in chips)
Seat 2: renene ($60.09 in chips)
RaisemyNut$: posts small blind $1
renene: posts big blind $3
*** HOLE CARDS ***
RaisemyNut$: raises $3 to $6
renene: calls $3
*** FLOP *** [Kd Kh Qd]
renene: checks
RaisemyNut$: bets $3
renene: calls $3
*** TURN *** [Kd Kh Qd] [Ah]
renene: checks
RaisemyNut$: bets $6
renene: calls $6
*** RIVER *** [Kd Kh Qd Ah] [6c]
renene: checks
RaisemyNut$: checks
*** SHOW DOWN ***
renene: shows [Jc Ad] (two pair, Aces and Kings)
RaisemyNut$: mucks hand
renene collected $29.50 from pot
*** SUMMARY ***
Total pot $30 | Rake $0.50
Board [Kd Kh Qd Ah 6c]
Seat 1: RaisemyNut$ (button) (small blind) mucked
Seat 2: renene (big blind) showed [Jc Ad] and won ($29.50) with two pair, Aces and Kings


PokerStars Hand #157667653289:  Hold'em Limit ($3/$6 USD) - 2016/08/24 1:36:06 ET
Table 'Chlosinde' 6-max Seat #1 is the button
Seat 1: RaisemyNut$ ($279.98 in chips)
Seat 2: renene ($64.09 in chips)
RaisemyNut$: posts small blind $1
renene: posts big blind $3
*** HOLE CARDS ***
RaisemyNut$: raises $3 to $6
renene: folds
Uncalled bet ($3) returned to RaisemyNut$
RaisemyNut$ collected $6 from pot
RaisemyNut$: doesn't show hand
*** SUMMARY ***
Total pot $6 | Rake $0
Seat 1: RaisemyNut$ (button) (small blind) collected ($6)
Seat 2: renene (big blind) folded before Flop


PokerStars Hand #157667648395:  Hold'em Limit ($3/$6 USD) - 2016/08/24 1:35:45 ET
Table 'Chlosinde' 6-max Seat #2 is the button
Seat 1: RaisemyNut$ ($274.22 in chips)
Seat 2: renene ($70.09 in chips)
renene: posts small blind $1
RaisemyNut$: posts big blind $3
*** HOLE CARDS ***
renene: calls $2
RaisemyNut$: raises $3 to $6
renene: calls $3
*** FLOP *** [4c 3s 7h]
RaisemyNut$: bets $3
renene: folds
Uncalled bet ($3) returned to RaisemyNut$
RaisemyNut$ collected $11.76 from pot
RaisemyNut$: doesn't show hand
*** SUMMARY ***
Total pot $12 | Rake $0.24
Board [4c 3s 7h]
Seat 1: RaisemyNut$ (big blind) collected ($11.76)
Seat 2: renene (button) (small blind) folded on the Flop


PokerStars Hand #157667667339:  Hold'em Limit ($3/$6 USD) - 2016/08/24 1:37:06 ET
Table 'Chlosinde' 6-max Seat #1 is the button
Seat 1: RaisemyNut$ ($289.48 in chips)
Seat 2: renene ($53.59 in chips)
RaisemyNut$: posts small blind $1
renene: posts big blind $3
*** HOLE CARDS ***
RaisemyNut$: folds
Uncalled bet ($2) returned to renene
renene collected $2 from pot
*** SUMMARY ***
Total pot $2 | Rake $0
Seat 1: RaisemyNut$ (button) (small blind) folded before Flop
Seat 2: renene (big blind) collected ($2)


PokerStars Hand #157667661721:  Hold'em Limit ($3/$6 USD) - 2016/08/24 1:36:42 ET
Table 'Chlosinde' 6-max Seat #2 is the button
Seat 1: RaisemyNut$ ($268.98 in chips)
Seat 2: renene ($74.59 in chips)
renene: posts small blind $1
RaisemyNut$: posts big blind $3
*** HOLE CARDS ***
renene: calls $2
RaisemyNut$: raises $3 to $6
renene: calls $3
*** FLOP *** [Jh Ac Ts]
RaisemyNut$: bets $3
renene: calls $3
*** TURN *** [Jh Ac Ts] [3h]
RaisemyNut$: bets $6
renene: calls $6
*** RIVER *** [Jh Ac Ts 3h] [8c]
RaisemyNut$: bets $6
renene: calls $6
*** SHOW DOWN ***
RaisemyNut$: shows [9c Qh] (a straight, Eight to Queen)
renene: mucks hand
RaisemyNut$ collected $41.50 from pot
*** SUMMARY ***
Total pot $42 | Rake $0.50
Board [Jh Ac Ts 3h 8c]
Seat 1: RaisemyNut$ (big blind) showed [9c Qh] and won ($41.50) with a straight, Eight to Queen
Seat 2: renene (button) (small blind) mucked


PokerStars Hand #157667680372:  Hold'em Limit ($3/$6 USD) - 2016/08/24 1:37:37 ET
Table 'Chlosinde' 6-max Seat #1 is the button
Seat 1: RaisemyNut$ ($261.48 in chips)
Seat 2: renene ($81.09 in chips)
RaisemyNut$: posts small blind $1
renene: posts big blind $3
*** HOLE CARDS ***
RaisemyNut$: raises $3 to $6
renene: folds
Uncalled bet ($3) returned to RaisemyNut$
RaisemyNut$ collected $6 from pot
RaisemyNut$: doesn't show hand
*** SUMMARY ***
Total pot $6 | Rake $0
Seat 1: RaisemyNut$ (button) (small blind) collected ($6)
Seat 2: renene (big blind) folded before Flop


PokerStars Hand #157667669290:  Hold'em Limit ($3/$6 USD) - 2016/08/24 1:37:14 ET
Table 'Chlosinde' 6-max Seat #2 is the button
Seat 1: RaisemyNut$ ($288.48 in chips)
Seat 2: renene ($54.59 in chips)
renene: posts small blind $1
RaisemyNut$: posts big blind $3
*** HOLE CARDS ***
renene: calls $2
RaisemyNut$: raises $3 to $6
renene: calls $3
*** FLOP *** [Kd 5s Jd]
RaisemyNut$: bets $3
renene: calls $3
*** TURN *** [Kd 5s Jd] [Tc]
RaisemyNut$: bets $6
renene: raises $6 to $12
RaisemyNut$: calls $6
*** RIVER *** [Kd 5s Jd Tc] [Ts]
RaisemyNut$: checks
renene: bets $6
RaisemyNut$: calls $6
*** SHOW DOWN ***
renene: shows [Qs As] (a straight, Ten to Ace)
RaisemyNut$: mucks hand
renene collected $53.50 from pot
*** SUMMARY ***
Total pot $54 | Rake $0.50
Board [Kd 5s Jd Tc Ts]
Seat 1: RaisemyNut$ (big blind) mucked
Seat 2: renene (button) (small blind) showed [Qs As] and won ($53.50) with a straight, Ten to Ace


PokerStars Hand #157667682157:  Hold'em Limit ($3/$6 USD) - 2016/08/24 1:37:44 ET
Table 'Chlosinde' 6-max Seat #2 is the button
Seat 1: RaisemyNut$ ($264.48 in chips)
Seat 2: renene ($78.09 in chips)
renene: posts small blind $1
RaisemyNut$: posts big blind $3
*** HOLE CARDS ***
renene: folds
Uncalled bet ($2) returned to RaisemyNut$
RaisemyNut$ collected $2 from pot
RaisemyNut$: doesn't show hand
*** SUMMARY ***
Total pot $2 | Rake $0
Seat 1: RaisemyNut$ (big blind) collected ($2)
Seat 2: renene (button) (small blind) folded before Flop


PokerStars Hand #157667683358:  Hold'em Limit ($3/$6 USD) - 2016/08/24 1:37:49 ET
Table 'Chlosinde' 6-max Seat #1 is the button
Seat 1: RaisemyNut$ ($265.48 in chips)
Seat 2: renene ($77.09 in chips)
RaisemyNut$: posts small blind $1
renene: posts big blind $3
*** HOLE CARDS ***
RaisemyNut$: raises $3 to $6
renene: calls $3
*** FLOP *** [9c 4s Ks]
renene: checks
RaisemyNut$: bets $3
renene: folds
Uncalled bet ($3) returned to RaisemyNut$
RaisemyNut$ collected $11.76 from pot
RaisemyNut$: doesn't show hand
*** SUMMARY ***
Total pot $12 | Rake $0.24
Board [9c 4s Ks]
Seat 1: RaisemyNut$ (button) (small blind) collected ($11.76)
Seat 2: renene (big blind) folded on the Flop


PokerStars Hand #157667687065:  Hold'em Limit ($3/$6 USD) - 2016/08/24 1:38:05 ET
Table 'Chlosinde' 6-max Seat #2 is the button
Seat 1: RaisemyNut$ ($271.24 in chips)
Seat 2: renene ($71.09 in chips)
renene: posts small blind $1
RaisemyNut$: posts big blind $3
*** HOLE CARDS ***
renene: calls $2
RaisemyNut$: raises $3 to $6
renene: calls $3
*** FLOP *** [7s Td Qc]
RaisemyNut$: bets $3
renene: folds
Uncalled bet ($3) returned to RaisemyNut$
RaisemyNut$ collected $11.76 from pot
RaisemyNut$: doesn't show hand
*** SUMMARY ***
Total pot $12 | Rake $0.24
Board [7s Td Qc]
Seat 1: RaisemyNut$ (big blind) collected ($11.76)
Seat 2: renene (button) (small blind) folded on the Flop


PokerStars Hand #157667698963:  Hold'em Limit ($3/$6 USD) - 2016/08/24 1:38:58 ET
Table 'Chlosinde' 6-max Seat #2 is the button
Seat 1: RaisemyNut$ ($256 in chips)
Seat 2: renene ($85.59 in chips)
renene: posts small blind $1
RaisemyNut$: posts big blind $3
*** HOLE CARDS ***
renene: folds
Uncalled bet ($2) returned to RaisemyNut$
RaisemyNut$ collected $2 from pot
RaisemyNut$: doesn't show hand
*** SUMMARY ***
Total pot $2 | Rake $0
Seat 1: RaisemyNut$ (big blind) collected ($2)
Seat 2: renene (button) (small blind) folded before Flop


PokerStars Hand #157667690443:  Hold'em Limit ($3/$6 USD) - 2016/08/24 1:38:20 ET
Table 'Chlosinde' 6-max Seat #1 is the button
Seat 1: RaisemyNut$ ($277 in chips)
Seat 2: renene ($65.09 in chips)
RaisemyNut$: posts small blind $1
renene: posts big blind $3
*** HOLE CARDS ***
RaisemyNut$: raises $3 to $6
renene: calls $3
*** FLOP *** [Td Js Qh]
renene: checks
RaisemyNut$: bets $3
renene: calls $3
*** TURN *** [Td Js Qh] [Qd]
renene: bets $6
Zooshark was removed from the table for failing to post
RaisemyNut$: calls $6
*** RIVER *** [Td Js Qh Qd] [Kh]
renene: bets $6
RaisemyNut$: calls $6
*** SHOW DOWN ***
renene: shows [2s Qs] (three of a kind, Queens)
RaisemyNut$: mucks hand
renene collected $41.50 from pot
*** SUMMARY ***
Total pot $42 | Rake $0.50
Board [Td Js Qh Qd Kh]
Seat 1: RaisemyNut$ (button) (small blind) mucked
Seat 2: renene (big blind) showed [2s Qs] and won ($41.50) with three of a kind, Queens


PokerStars Hand #157667700845:  Hold'em Limit ($3/$6 USD) - 2016/08/24 1:39:06 ET
Table 'Chlosinde' 6-max Seat #1 is the button
Seat 1: RaisemyNut$ ($257 in chips)
Seat 2: renene ($84.59 in chips)
RaisemyNut$: posts small blind $1
renene: posts big blind $3
*** HOLE CARDS ***
RaisemyNut$: raises $3 to $6
renene: folds
Uncalled bet ($3) returned to RaisemyNut$
RaisemyNut$ collected $6 from pot
RaisemyNut$: doesn't show hand
*** SUMMARY ***
Total pot $6 | Rake $0
Seat 1: RaisemyNut$ (button) (small blind) collected ($6)
Seat 2: renene (big blind) folded before Flop


PokerStars Hand #157667715514:  Hold'em Limit ($3/$6 USD) - 2016/08/24 1:40:10 ET
Table 'Chlosinde' 6-max Seat #1 is the button
Seat 1: RaisemyNut$ ($272.64 in chips)
Seat 2: renene ($68.59 in chips)
RaisemyNut$: posts small blind $1
renene: posts big blind $3
*** HOLE CARDS ***
RaisemyNut$: raises $3 to $6
renene: calls $3
*** FLOP *** [Qd 3s 9s]
renene: checks
RaisemyNut$: bets $3
renene: folds
Uncalled bet ($3) returned to RaisemyNut$
RaisemyNut$ collected $11.76 from pot
RaisemyNut$: doesn't show hand
*** SUMMARY ***
Total pot $12 | Rake $0.24
Board [Qd 3s 9s]
Seat 1: RaisemyNut$ (button) (small blind) collected ($11.76)
Seat 2: renene (big blind) folded on the Flop


PokerStars Hand #157667714169:  Hold'em Limit ($3/$6 USD) - 2016/08/24 1:40:04 ET
Table 'Chlosinde' 6-max Seat #2 is the button
Seat 1: RaisemyNut$ ($271.64 in chips)
Seat 2: renene ($69.59 in chips)
renene: posts small blind $1
RaisemyNut$: posts big blind $3
*** HOLE CARDS ***
renene: folds
Uncalled bet ($2) returned to RaisemyNut$
RaisemyNut$ collected $2 from pot
RaisemyNut$: doesn't show hand
*** SUMMARY ***
Total pot $2 | Rake $0
Seat 1: RaisemyNut$ (big blind) collected ($2)
Seat 2: renene (button) (small blind) folded before Flop


PokerStars Hand #157667719395:  Hold'em Limit ($3/$6 USD) - 2016/08/24 1:40:27 ET
Table 'Chlosinde' 6-max Seat #1 is the button
Seat 1: RaisemyNut$ ($279.40 in chips)
Seat 2: renene ($61.59 in chips)
RaisemyNut$: posts small blind $1
renene: posts big blind $3
*** HOLE CARDS ***
RaisemyNut$: raises $3 to $6
renene: calls $3
*** FLOP *** [9s 8s Kh]
renene: checks
RaisemyNut$: bets $3
renene: folds
Uncalled bet ($3) returned to RaisemyNut$
RaisemyNut$ collected $11.76 from pot
RaisemyNut$: doesn't show hand
*** SUMMARY ***
Total pot $12 | Rake $0.24
Board [9s 8s Kh]
Seat 1: RaisemyNut$ (button) (small blind) collected ($11.76)
Seat 2: renene (big blind) folded on the Flop


PokerStars Hand #157667718153:  Hold'em Limit ($3/$6 USD) - 2016/08/24 1:40:22 ET
Table 'Chlosinde' 6-max Seat #2 is the button
Seat 1: RaisemyNut$ ($278.40 in chips)
Seat 2: renene ($62.59 in chips)
renene: posts small blind $1
RaisemyNut$: posts big blind $3
*** HOLE CARDS ***
renene: folds
Uncalled bet ($2) returned to RaisemyNut$
RaisemyNut$ collected $2 from pot
RaisemyNut$: doesn't show hand
*** SUMMARY ***
Total pot $2 | Rake $0
Seat 1: RaisemyNut$ (big blind) collected ($2)
Seat 2: renene (button) (small blind) folded before Flop


PokerStars Hand #157667712648:  Hold'em Limit ($3/$6 USD) - 2016/08/24 1:39:58 ET
Table 'Chlosinde' 6-max Seat #1 is the button
Seat 1: RaisemyNut$ ($268.64 in chips)
Seat 2: renene ($72.59 in chips)
RaisemyNut$: posts small blind $1
renene: posts big blind $3
*** HOLE CARDS ***
RaisemyNut$: raises $3 to $6
renene: folds
Uncalled bet ($3) returned to RaisemyNut$
RaisemyNut$ collected $6 from pot
RaisemyNut$: doesn't show hand
*** SUMMARY ***
Total pot $6 | Rake $0
Seat 1: RaisemyNut$ (button) (small blind) collected ($6)
Seat 2: renene (big blind) folded before Flop


PokerStars Hand #157667711518:  Hold'em Limit ($3/$6 USD) - 2016/08/24 1:39:53 ET
Table 'Chlosinde' 6-max Seat #2 is the button
Seat 1: RaisemyNut$ ($267.64 in chips)
Seat 2: renene ($73.59 in chips)
renene: posts small blind $1
RaisemyNut$: posts big blind $3
*** HOLE CARDS ***
renene: folds
Uncalled bet ($2) returned to RaisemyNut$
RaisemyNut$ collected $2 from pot
RaisemyNut$: doesn't show hand
*** SUMMARY ***
Total pot $2 | Rake $0
Seat 1: RaisemyNut$ (big blind) collected ($2)
Seat 2: renene (button) (small blind) folded before Flop


PokerStars Hand #157667710323:  Hold'em Limit ($3/$6 USD) - 2016/08/24 1:39:48 ET
Table 'Chlosinde' 6-max Seat #1 is the button
Seat 1: RaisemyNut$ ($268.64 in chips)
Seat 2: renene ($72.59 in chips)
RaisemyNut$: posts small blind $1
renene: posts big blind $3
*** HOLE CARDS ***
RaisemyNut$: folds
Uncalled bet ($2) returned to renene
renene collected $2 from pot
*** SUMMARY ***
Total pot $2 | Rake $0
Seat 1: RaisemyNut$ (button) (small blind) folded before Flop
Seat 2: renene (big blind) collected ($2)


PokerStars Hand #157667704214:  Hold'em Limit ($3/$6 USD) - 2016/08/24 1:39:21 ET
Table 'Chlosinde' 6-max Seat #2 is the button
Seat 1: RaisemyNut$ ($260 in chips)
Seat 2: renene ($81.59 in chips)
renene: posts small blind $1
RaisemyNut$: posts big blind $3
*** HOLE CARDS ***
renene: calls $2
RaisemyNut$: checks
*** FLOP *** [2d Ts 7c]
RaisemyNut$: checks
renene: checks
*** TURN *** [2d Ts 7c] [Jd]
RaisemyNut$: checks
renene: checks
*** RIVER *** [2d Ts 7c Jd] [6d]
RaisemyNut$: bets $6
renene: calls $6
*** SHOW DOWN ***
RaisemyNut$: shows [Ks 6s] (a pair of Sixes)
renene: mucks hand
RaisemyNut$ collected $17.64 from pot
*** SUMMARY ***
Total pot $18 | Rake $0.36
Board [2d Ts 7c Jd 6d]
Seat 1: RaisemyNut$ (big blind) showed [Ks 6s] and won ($17.64) with a pair of Sixes
Seat 2: renene (button) (small blind) mucked


PokerStars Hand #157667731164:  Hold'em Limit ($3/$6 USD) - 2016/08/24 1:41:18 ET
Table 'Chlosinde' 6-max Seat #1 is the button
Seat 1: RaisemyNut$ ($278.16 in chips)
Seat 2: renene ($62.23 in chips)
RaisemyNut$: posts small blind $1
renene: posts big blind $3
*** HOLE CARDS ***
RaisemyNut$: raises $3 to $6
renene: calls $3
*** FLOP *** [6d Qh Jh]
renene: checks
RaisemyNut$: bets $3
renene: folds
Uncalled bet ($3) returned to RaisemyNut$
RaisemyNut$ collected $11.76 from pot
RaisemyNut$: doesn't show hand
*** SUMMARY ***
Total pot $12 | Rake $0.24
Board [6d Qh Jh]
Seat 1: RaisemyNut$ (button) (small blind) collected ($11.76)
Seat 2: renene (big blind) folded on the Flop


PokerStars Hand #157667729517:  Hold'em Limit ($3/$6 USD) - 2016/08/24 1:41:11 ET
Table 'Chlosinde' 6-max Seat #2 is the button
Seat 1: RaisemyNut$ ($277.16 in chips)
Seat 2: renene ($63.23 in chips)
renene: posts small blind $1
RaisemyNut$: posts big blind $3
*** HOLE CARDS ***
renene: folds
Uncalled bet ($2) returned to RaisemyNut$
RaisemyNut$ collected $2 from pot
RaisemyNut$: doesn't show hand
*** SUMMARY ***
Total pot $2 | Rake $0
Seat 1: RaisemyNut$ (big blind) collected ($2)
Seat 2: renene (button) (small blind) folded before Flop


PokerStars Hand #157667725585:  Hold'em Limit ($3/$6 USD) - 2016/08/24 1:40:54 ET
Table 'Chlosinde' 6-max Seat #1 is the button
Seat 1: RaisemyNut$ ($286.16 in chips)
Seat 2: renene ($54.59 in chips)
RaisemyNut$: posts small blind $1
renene: posts big blind $3
*** HOLE CARDS ***
RaisemyNut$: raises $3 to $6
renene: calls $3
*** FLOP *** [Kc 7d As]
renene: checks
RaisemyNut$: bets $3
renene: raises $3 to $6
RaisemyNut$: folds
Uncalled bet ($3) returned to renene
renene collected $17.64 from pot
*** SUMMARY ***
Total pot $18 | Rake $0.36
Board [Kc 7d As]
Seat 1: RaisemyNut$ (button) (small blind) folded on the Flop
Seat 2: renene (big blind) collected ($17.64)


PokerStars Hand #157667723994:  Hold'em Limit ($3/$6 USD) - 2016/08/24 1:40:47 ET
Table 'Chlosinde' 6-max Seat #2 is the button
Seat 1: RaisemyNut$ ($285.16 in chips)
Seat 2: renene ($55.59 in chips)
renene: posts small blind $1
RaisemyNut$: posts big blind $3
*** HOLE CARDS ***
renene: folds
Uncalled bet ($2) returned to RaisemyNut$
RaisemyNut$ collected $2 from pot
RaisemyNut$: doesn't show hand
*** SUMMARY ***
Total pot $2 | Rake $0
Seat 1: RaisemyNut$ (big blind) collected ($2)
Seat 2: renene (button) (small blind) folded before Flop


PokerStars Hand #157667734300:  Hold'em Limit ($3/$6 USD) - 2016/08/24 1:41:32 ET
Table 'Chlosinde' 6-max Seat #2 is the button
Seat 1: RaisemyNut$ ($283.92 in chips)
Seat 2: renene ($56.23 in chips)
renene: posts small blind $1
RaisemyNut$: posts big blind $3
*** HOLE CARDS ***
renene: calls $2
RaisemyNut$: checks
*** FLOP *** [Ad Kc 4c]
RaisemyNut$: checks
renene: checks
*** TURN *** [Ad Kc 4c] [5s]
RaisemyNut$: bets $6
renene: calls $6
*** RIVER *** [Ad Kc 4c 5s] [8h]
RaisemyNut$: bets $6
renene: folds
Uncalled bet ($6) returned to RaisemyNut$
RaisemyNut$ collected $17.64 from pot
RaisemyNut$: doesn't show hand
*** SUMMARY ***
Total pot $18 | Rake $0.36
Board [Ad Kc 4c 5s 8h]
Seat 1: RaisemyNut$ (big blind) collected ($17.64)
Seat 2: renene (button) (small blind) folded on the River


PokerStars Hand #157667745932:  Hold'em Limit ($3/$6 USD) - 2016/08/24 1:42:23 ET
Table 'Chlosinde' 6-max Seat #2 is the button
Seat 1: RaisemyNut$ ($295.56 in chips)
Seat 2: renene ($44.23 in chips)
renene: posts small blind $1
RaisemyNut$: posts big blind $3
*** HOLE CARDS ***
renene: calls $2
RaisemyNut$: raises $3 to $6
renene: calls $3
*** FLOP *** [5h Qh Js]
RaisemyNut$: bets $3
renene: calls $3
*** TURN *** [5h Qh Js] [8s]
RaisemyNut$: bets $6
renene: calls $6
*** RIVER *** [5h Qh Js 8s] [3d]
RaisemyNut$: checks
renene: checks
*** SHOW DOWN ***
RaisemyNut$: shows [Kh 6h] (high card King)
renene: shows [Th Jc] (a pair of Jacks)
renene collected $29.50 from pot
*** SUMMARY ***
Total pot $30 | Rake $0.50
Board [5h Qh Js 8s 3d]
Seat 1: RaisemyNut$ (big blind) showed [Kh 6h] and lost with high card King
Seat 2: renene (button) (small blind) showed [Th Jc] and won ($29.50) with a pair of Jacks


PokerStars Hand #157667743493:  Hold'em Limit ($3/$6 USD) - 2016/08/24 1:42:12 ET
Table 'Chlosinde' 6-max Seat #1 is the button
Seat 1: RaisemyNut$ ($292.56 in chips)
Seat 2: renene ($47.23 in chips)
RaisemyNut$: posts small blind $1
renene: posts big blind $3
*** HOLE CARDS ***
RaisemyNut$: raises $3 to $6
renene: folds
Uncalled bet ($3) returned to RaisemyNut$
RaisemyNut$ collected $6 from pot
RaisemyNut$: doesn't show hand
*** SUMMARY ***
Total pot $6 | Rake $0
Seat 1: RaisemyNut$ (button) (small blind) collected ($6)
Seat 2: renene (big blind) folded before Flop


PokerStars Hand #157667763565:  Hold'em Limit ($3/$6 USD) - 2016/08/24 1:43:40 ET
Table 'Chlosinde' 6-max Seat #1 is the button
Seat 1: RaisemyNut$ ($288.08 in chips)
Seat 2: renene ($50.37 in chips)
RaisemyNut$: posts small blind $1
renene: posts big blind $3
*** HOLE CARDS ***
RaisemyNut$: raises $3 to $6
renene: folds
Uncalled bet ($3) returned to RaisemyNut$
RaisemyNut$ collected $6 from pot
RaisemyNut$: doesn't show hand
*** SUMMARY ***
Total pot $6 | Rake $0
Seat 1: RaisemyNut$ (button) (small blind) collected ($6)
Seat 2: renene (big blind) folded before Flop


PokerStars Hand #157667762376:  Hold'em Limit ($3/$6 USD) - 2016/08/24 1:43:35 ET
Table 'Chlosinde' 6-max Seat #2 is the button
Seat 1: RaisemyNut$ ($287.08 in chips)
Seat 2: renene ($51.37 in chips)
renene: posts small blind $1
RaisemyNut$: posts big blind $3
*** HOLE CARDS ***
renene: folds
Uncalled bet ($2) returned to RaisemyNut$
RaisemyNut$ collected $2 from pot
RaisemyNut$: doesn't show hand
*** SUMMARY ***
Total pot $2 | Rake $0
Seat 1: RaisemyNut$ (big blind) collected ($2)
Seat 2: renene (button) (small blind) folded before Flop


PokerStars Hand #157667752462:  Hold'em Limit ($3/$6 USD) - 2016/08/24 1:42:52 ET
Table 'Chlosinde' 6-max Seat #2 is the button
Seat 1: RaisemyNut$ ($283.56 in chips)
Seat 2: renene ($55.73 in chips)
renene: posts small blind $1
RaisemyNut$: posts big blind $3
*** HOLE CARDS ***
renene: folds
Uncalled bet ($2) returned to RaisemyNut$
RaisemyNut$ collected $2 from pot
RaisemyNut$: doesn't show hand
*** SUMMARY ***
Total pot $2 | Rake $0
Seat 1: RaisemyNut$ (big blind) collected ($2)
Seat 2: renene (button) (small blind) folded before Flop


PokerStars Hand #157667750109:  Hold'em Limit ($3/$6 USD) - 2016/08/24 1:42:41 ET
Table 'Chlosinde' 6-max Seat #1 is the button
Seat 1: RaisemyNut$ ($280.56 in chips)
Seat 2: renene ($58.73 in chips)
RaisemyNut$: posts small blind $1
renene: posts big blind $3
*** HOLE CARDS ***
RaisemyNut$: raises $3 to $6
renene: folds
Uncalled bet ($3) returned to RaisemyNut$
RaisemyNut$ collected $6 from pot
RaisemyNut$: doesn't show hand
*** SUMMARY ***
Total pot $6 | Rake $0
Seat 1: RaisemyNut$ (button) (small blind) collected ($6)
Seat 2: renene (big blind) folded before Flop


PokerStars Hand #157667753607:  Hold'em Limit ($3/$6 USD) - 2016/08/24 1:42:57 ET
Table 'Chlosinde' 6-max Seat #1 is the button
Seat 1: RaisemyNut$ ($284.56 in chips)
Seat 2: renene ($54.73 in chips)
RaisemyNut$: posts small blind $1
renene: posts big blind $3
*** HOLE CARDS ***
RaisemyNut$: raises $3 to $6
renene: raises $3 to $9
RaisemyNut$: calls $3
*** FLOP *** [2s 2c Qd]
renene: bets $3
RaisemyNut$: folds
Uncalled bet ($3) returned to renene
renene collected $17.64 from pot
*** SUMMARY ***
Total pot $18 | Rake $0.36
Board [2s 2c Qd]
Seat 1: RaisemyNut$ (button) (small blind) folded on the Flop
Seat 2: renene (big blind) collected ($17.64)


PokerStars Hand #157667756247:  Hold'em Limit ($3/$6 USD) - 2016/08/24 1:43:08 ET
Table 'Chlosinde' 6-max Seat #2 is the button
Seat 1: RaisemyNut$ ($275.56 in chips)
Seat 2: renene ($63.37 in chips)
renene: posts small blind $1
RaisemyNut$: posts big blind $3
*** HOLE CARDS ***
renene: calls $2
RaisemyNut$: raises $3 to $6
renene: calls $3
*** FLOP *** [7s Qs 7c]
RaisemyNut$: bets $3
renene: folds
Uncalled bet ($3) returned to RaisemyNut$
RaisemyNut$ collected $11.76 from pot
RaisemyNut$: doesn't show hand
*** SUMMARY ***
Total pot $12 | Rake $0.24
Board [7s Qs 7c]
Seat 1: RaisemyNut$ (big blind) collected ($11.76)
Seat 2: renene (button) (small blind) folded on the Flop


PokerStars Hand #157667759783:  Hold'em Limit ($3/$6 USD) - 2016/08/24 1:43:24 ET
Table 'Chlosinde' 6-max Seat #1 is the button
Seat 1: RaisemyNut$ ($281.32 in chips)
Seat 2: renene ($57.37 in chips)
RaisemyNut$: posts small blind $1
renene: posts big blind $3
*** HOLE CARDS ***
RaisemyNut$: raises $3 to $6
renene: calls $3
*** FLOP *** [3d 4c 4h]
renene: checks
RaisemyNut$: bets $3
renene: folds
Uncalled bet ($3) returned to RaisemyNut$
RaisemyNut$ collected $11.76 from pot
RaisemyNut$: doesn't show hand
*** SUMMARY ***
Total pot $12 | Rake $0.24
Board [3d 4c 4h]
Seat 1: RaisemyNut$ (button) (small blind) collected ($11.76)
Seat 2: renene (big blind) folded on the Flop


PokerStars Hand #157667766056:  Hold'em Limit ($3/$6 USD) - 2016/08/24 1:43:51 ET
Table 'Chlosinde' 6-max Seat #1 is the button
Seat 1: RaisemyNut$ ($292.08 in chips)
Seat 2: renene ($46.37 in chips)
RaisemyNut$: posts small blind $1
renene: posts big blind $3
*** HOLE CARDS ***
RaisemyNut$: raises $3 to $6
renene: calls $3
*** FLOP *** [6c 9h Tc]
renene: checks
RaisemyNut$: bets $3
renene: folds
Uncalled bet ($3) returned to RaisemyNut$
RaisemyNut$ collected $11.76 from pot
RaisemyNut$: doesn't show hand
*** SUMMARY ***
Total pot $12 | Rake $0.24
Board [6c 9h Tc]
Seat 1: RaisemyNut$ (button) (small blind) collected ($11.76)
Seat 2: renene (big blind) folded on the Flop


PokerStars Hand #157667774613:  Hold'em Limit ($3/$6 USD) - 2016/08/24 1:44:29 ET
Table 'Chlosinde' 6-max Seat #2 is the button
Seat 1: RaisemyNut$ ($289.84 in chips)
Seat 2: renene ($48.01 in chips)
renene: posts small blind $1
RaisemyNut$: posts big blind $3
*** HOLE CARDS ***
renene: calls $2
RaisemyNut$: raises $3 to $6
renene: calls $3
*** FLOP *** [7c 7d Kc]
RaisemyNut$: bets $3
renene: calls $3
*** TURN *** [7c 7d Kc] [5s]
RaisemyNut$: bets $6
renene: raises $6 to $12
RaisemyNut$: folds
Uncalled bet ($6) returned to renene
renene collected $29.50 from pot
*** SUMMARY ***
Total pot $30 | Rake $0.50
Board [7c 7d Kc 5s]
Seat 1: RaisemyNut$ (big blind) folded on the Turn
Seat 2: renene (button) (small blind) collected ($29.50)


PokerStars Hand #157667769981:  Hold'em Limit ($3/$6 USD) - 2016/08/24 1:44:09 ET
Table 'Chlosinde' 6-max Seat #1 is the button
Seat 1: RaisemyNut$ ($298.84 in chips)
Seat 2: renene ($39.37 in chips)
RaisemyNut$: posts small blind $1
renene: posts big blind $3
*** HOLE CARDS ***
RaisemyNut$: raises $3 to $6
renene: calls $3
*** FLOP *** [Ks 7c 3h]
renene: checks
RaisemyNut$: bets $3
renene: calls $3
*** TURN *** [Ks 7c 3h] [Ad]
renene: checks
RaisemyNut$: checks
*** RIVER *** [Ks 7c 3h Ad] [7d]
renene: bets $6
RaisemyNut$: folds
Uncalled bet ($6) returned to renene
renene collected $17.64 from pot
*** SUMMARY ***
Total pot $18 | Rake $0.36
Board [Ks 7c 3h Ad 7d]
Seat 1: RaisemyNut$ (button) (small blind) folded on the River
Seat 2: renene (big blind) collected ($17.64)


PokerStars Hand #157667764973:  Hold'em Limit ($3/$6 USD) - 2016/08/24 1:43:46 ET
Table 'Chlosinde' 6-max Seat #2 is the button
Seat 1: RaisemyNut$ ($291.08 in chips)
Seat 2: renene ($47.37 in chips)
renene: posts small blind $1
RaisemyNut$: posts big blind $3
*** HOLE CARDS ***
renene: folds
Uncalled bet ($2) returned to RaisemyNut$
RaisemyNut$ collected $2 from pot
RaisemyNut$: doesn't show hand
*** SUMMARY ***
Total pot $2 | Rake $0
Seat 1: RaisemyNut$ (big blind) collected ($2)
Seat 2: renene (button) (small blind) folded before Flop


PokerStars Hand #157667768766:  Hold'em Limit ($3/$6 USD) - 2016/08/24 1:44:03 ET
Table 'Chlosinde' 6-max Seat #2 is the button
Seat 1: RaisemyNut$ ($297.84 in chips)
Seat 2: renene ($40.37 in chips)
renene: posts small blind $1
RaisemyNut$: posts big blind $3
*** HOLE CARDS ***
renene: folds
Uncalled bet ($2) returned to RaisemyNut$
RaisemyNut$ collected $2 from pot
RaisemyNut$: doesn't show hand
*** SUMMARY ***
Total pot $2 | Rake $0
Seat 1: RaisemyNut$ (big blind) collected ($2)
Seat 2: renene (button) (small blind) folded before Flop


PokerStars Hand #157667778534:  Hold'em Limit ($3/$6 USD) - 2016/08/24 1:44:46 ET
Table 'Chlosinde' 6-max Seat #1 is the button
Seat 1: RaisemyNut$ ($274.84 in chips)
Seat 2: renene ($62.51 in chips)
RaisemyNut$: posts small blind $1
renene: posts big blind $3
*** HOLE CARDS ***
RaisemyNut$: raises $3 to $6
renene: calls $3
*** FLOP *** [Qd 3h 6d]
renene: checks
RaisemyNut$: bets $3
renene: calls $3
*** TURN *** [Qd 3h 6d] [Tc]
renene: checks
RaisemyNut$: checks
*** RIVER *** [Qd 3h 6d Tc] [5c]
renene: checks
RaisemyNut$: checks
*** SHOW DOWN ***
renene: shows [2h 5d] (a pair of Fives)
RaisemyNut$: mucks hand
renene collected $17.64 from pot
*** SUMMARY ***
Total pot $18 | Rake $0.36
Board [Qd 3h 6d Tc 5c]
Seat 1: RaisemyNut$ (button) (small blind) mucked
Seat 2: renene (big blind) showed [2h 5d] and won ($17.64) with a pair of Fives


PokerStars Hand #157667784131:  Hold'em Limit ($3/$6 USD) - 2016/08/24 1:45:10 ET
Table 'Chlosinde' 6-max Seat #2 is the button
Seat 1: RaisemyNut$ ($265.84 in chips)
Seat 2: renene ($71.15 in chips)
renene: posts small blind $1
RaisemyNut$: posts big blind $3
*** HOLE CARDS ***
renene: calls $2
RaisemyNut$: checks
*** FLOP *** [6h Kc Kd]
RaisemyNut$: checks
renene: checks
*** TURN *** [6h Kc Kd] [Ks]
RaisemyNut$: bets $6
renene: calls $6
*** RIVER *** [6h Kc Kd Ks] [Jh]
RaisemyNut$: checks
renene: checks
*** SHOW DOWN ***
RaisemyNut$: shows [8d Th] (three of a kind, Kings)
renene: shows [8c Td] (three of a kind, Kings)
RaisemyNut$ collected $8.82 from pot
renene collected $8.82 from pot
fwilliams007 joins the table at seat #3
*** SUMMARY ***
Total pot $18 | Rake $0.36
Board [6h Kc Kd Ks Jh]
Seat 1: RaisemyNut$ (big blind) showed [8d Th] and won ($8.82) with three of a kind, Kings
Seat 2: renene (button) (small blind) showed [8c Td] and won ($8.82) with three of a kind, Kings


PokerStars Hand #157667787722:  Hold'em Limit ($3/$6 USD) - 2016/08/24 1:45:26 ET
Table 'Chlosinde' 6-max Seat #1 is the button
Seat 1: RaisemyNut$ ($265.66 in chips)
Seat 2: renene ($70.97 in chips)
RaisemyNut$: posts small blind $1
renene: posts big blind $3
*** HOLE CARDS ***
RaisemyNut$: raises $3 to $6
renene: calls $3
*** FLOP *** [Td 5h 8s]
renene: checks
RaisemyNut$: bets $3
renene: calls $3
*** TURN *** [Td 5h 8s] [7d]
renene: checks
RaisemyNut$: bets $6
renene: calls $6
*** RIVER *** [Td 5h 8s 7d] [Ac]
renene: checks
RaisemyNut$: checks
*** SHOW DOWN ***
renene: shows [9d Qs] (high card Ace)
RaisemyNut$: shows [Qd Jh] (high card Ace - Queen+Jack kicker)
RaisemyNut$ collected $29.50 from pot
*** SUMMARY ***
Total pot $30 | Rake $0.50
Board [Td 5h 8s 7d Ac]
Seat 1: RaisemyNut$ (button) (small blind) showed [Qd Jh] and won ($29.50) with high card Ace
Seat 2: renene (big blind) showed [9d Qs] and lost with high card Ace


PokerStars Hand #157667813041:  Hold'em Limit ($3/$6 USD) - 2016/08/24 1:47:17 ET
Table 'Chlosinde' 6-max Seat #2 is the button
Seat 1: RaisemyNut$ ($346.96 in chips)
Seat 2: renene ($42.97 in chips)
renene: posts small blind $1
RaisemyNut$: posts big blind $3
*** HOLE CARDS ***
renene: calls $2
RaisemyNut$: raises $3 to $6
renene: calls $3
*** FLOP *** [Td Ac 7s]
fwilliams007 leaves the table
RaisemyNut$: bets $3
renene: calls $3
*** TURN *** [Td Ac 7s] [8c]
RaisemyNut$: checks
renene: bets $6
RaisemyNut$: folds
Uncalled bet ($6) returned to renene
renene collected $17.64 from pot
*** SUMMARY ***
Total pot $18 | Rake $0.36
Board [Td Ac 7s 8c]
Seat 1: RaisemyNut$ (big blind) folded on the Turn
Seat 2: renene (button) (small blind) collected ($17.64)


PokerStars Hand #157667821503:  Hold'em Limit ($3/$6 USD) - 2016/08/24 1:47:54 ET
Table 'Chlosinde' 6-max Seat #1 is the button
Seat 1: RaisemyNut$ ($337.96 in chips)
Seat 2: renene ($51.61 in chips)
RaisemyNut$: posts small blind $1
renene: posts big blind $3
*** HOLE CARDS ***
RaisemyNut$: raises $3 to $6
renene: calls $3
*** FLOP *** [8h 2c 8s]
renene: checks
RaisemyNut$: bets $3
renene: folds
Uncalled bet ($3) returned to RaisemyNut$
RaisemyNut$ collected $11.76 from pot
RaisemyNut$: doesn't show hand
*** SUMMARY ***
Total pot $12 | Rake $0.24
Board [8h 2c 8s]
Seat 1: RaisemyNut$ (button) (small blind) collected ($11.76)
Seat 2: renene (big blind) folded on the Flop


PokerStars Hand #157667831838:  Hold'em Limit ($3/$6 USD) - 2016/08/24 1:48:39 ET
Table 'Chlosinde' 6-max Seat #1 is the button
Seat 1: RaisemyNut$ ($344.72 in chips)
Seat 2: renene ($44.61 in chips)
RaisemyNut$: posts small blind $1
renene: posts big blind $3
*** HOLE CARDS ***
RaisemyNut$: folds
Uncalled bet ($2) returned to renene
renene collected $2 from pot
*** SUMMARY ***
Total pot $2 | Rake $0
Seat 1: RaisemyNut$ (button) (small blind) folded before Flop
Seat 2: renene (big blind) collected ($2)


PokerStars Hand #157667827478:  Hold'em Limit ($3/$6 USD) - 2016/08/24 1:48:20 ET
Table 'Chlosinde' 6-max Seat #2 is the button
Seat 1: RaisemyNut$ ($343.72 in chips)
Seat 2: renene ($45.61 in chips)
renene: posts small blind $1
RaisemyNut$: posts big blind $3
*** HOLE CARDS ***
renene: folds
Uncalled bet ($2) returned to RaisemyNut$
RaisemyNut$ collected $2 from pot
RaisemyNut$: doesn't show hand
*** SUMMARY ***
Total pot $2 | Rake $0
Seat 1: RaisemyNut$ (big blind) collected ($2)
Seat 2: renene (button) (small blind) folded before Flop


PokerStars Hand #157667832808:  Hold'em Limit ($3/$6 USD) - 2016/08/24 1:48:43 ET
Table 'Chlosinde' 6-max Seat #2 is the button
Seat 1: RaisemyNut$ ($343.72 in chips)
Seat 2: renene ($45.61 in chips)
renene: posts small blind $1
RaisemyNut$: posts big blind $3
*** HOLE CARDS ***
renene: calls $2
RaisemyNut$: checks
*** FLOP *** [3s Jd Ts]
RaisemyNut$: bets $3
renene: calls $3
*** TURN *** [3s Jd Ts] [7h]
RaisemyNut$: bets $6
renene: calls $6
*** RIVER *** [3s Jd Ts 7h] [9s]
RaisemyNut$: bets $6
renene: calls $6
*** SHOW DOWN ***
RaisemyNut$: shows [Js 7d] (two pair, Jacks and Sevens)
renene: mucks hand
RaisemyNut$ collected $35.50 from pot
*** SUMMARY ***
Total pot $36 | Rake $0.50
Board [3s Jd Ts 7h 9s]
Seat 1: RaisemyNut$ (big blind) showed [Js 7d] and won ($35.50) with two pair, Jacks and Sevens
Seat 2: renene (button) (small blind) mucked


PokerStars Hand #157667837521:  Hold'em Limit ($3/$6 USD) - 2016/08/24 1:49:04 ET
Table 'Chlosinde' 6-max Seat #1 is the button
Seat 1: RaisemyNut$ ($361.22 in chips)
Seat 2: renene ($27.61 in chips)
RaisemyNut$: posts small blind $1
renene: posts big blind $3
*** HOLE CARDS ***
RaisemyNut$: raises $3 to $6
renene: raises $3 to $9
RaisemyNut$: raises $3 to $12
Betting is capped
renene: calls $3
*** FLOP *** [4s Ah 9d]
renene: bets $3
RaisemyNut$: calls $3
*** TURN *** [4s Ah 9d] [Kc]
renene: bets $6
RaisemyNut$: raises $6 to $12
renene: raises $0.61 to $12.61 and is all-in
RaisemyNut$: calls $0.61
*** RIVER *** [4s Ah 9d Kc] [5d]
*** SHOW DOWN ***
renene: shows [Th Ts] (a pair of Tens)
RaisemyNut$: shows [Qc Ad] (a pair of Aces)
RaisemyNut$ collected $54.72 from pot
*** SUMMARY ***
Total pot $55.22 | Rake $0.50
Board [4s Ah 9d Kc 5d]
Seat 1: RaisemyNut$ (button) (small blind) showed [Qc Ad] and won ($54.72) with a pair of Aces
Seat 2: renene (big blind) showed [Th Ts] and lost with a pair of Tens


PokerStars Hand #157668566190:  Hold'em Limit ($3/$6 USD) - 2016/08/24 2:41:36 ET
Table 'Chlosinde' 6-max Seat #4 is the button
Seat 3: marcelo v121 ($137.50 in chips)
Seat 4: VolkovDmitri ($120 in chips)
VolkovDmitri: posts small blind $1
marcelo v121: posts big blind $3
*** HOLE CARDS ***
VolkovDmitri: folds
Uncalled bet ($2) returned to marcelo v121
marcelo v121 collected $2 from pot
*** SUMMARY ***
Total pot $2 | Rake $0
Seat 3: marcelo v121 (big blind) collected ($2)
Seat 4: VolkovDmitri (button) (small blind) folded before Flop


PokerStars Hand #157668556218:  Hold'em Limit ($3/$6 USD) - 2016/08/24 2:40:56 ET
Table 'Chlosinde' 6-max Seat #3 is the button
Seat 3: marcelo v121 ($120 in chips)
Seat 4: VolkovDmitri ($120 in chips)
marcelo v121: posts small blind $1
VolkovDmitri: posts big blind $3
*** HOLE CARDS ***
marcelo v121: raises $3 to $6
VolkovDmitri: raises $3 to $9
marcelo v121: calls $3
*** FLOP *** [3s Jc 4c]
VolkovDmitri: bets $3
marcelo v121: calls $3
*** TURN *** [3s Jc 4c] [Kd]
VolkovDmitri: bets $6
marcelo v121: calls $6
*** RIVER *** [3s Jc 4c Kd] [Td]
VolkovDmitri: checks
marcelo v121: checks
*** SHOW DOWN ***
VolkovDmitri: shows [Ah 6s] (high card Ace)
marcelo v121: shows [Js 9d] (a pair of Jacks)
marcelo v121 collected $35.50 from pot
*** SUMMARY ***
Total pot $36 | Rake $0.50
Board [3s Jc 4c Kd Td]
Seat 3: marcelo v121 (button) (small blind) showed [Js 9d] and won ($35.50) with a pair of Jacks
Seat 4: VolkovDmitri (big blind) showed [Ah 6s] and lost with high card Ace


PokerStars Hand #157668580484:  Hold'em Limit ($3/$6 USD) - 2016/08/24 2:42:36 ET
Table 'Chlosinde' 6-max Seat #4 is the button
Seat 3: marcelo v121 ($110.50 in chips)
Seat 4: VolkovDmitri ($147.50 in chips)
VolkovDmitri: posts small blind $1
marcelo v121: posts big blind $3
*** HOLE CARDS ***
VolkovDmitri: raises $3 to $6
marcelo v121: raises $3 to $9
VolkovDmitri: calls $3
*** FLOP *** [4c 5h 7c]
marcelo v121: bets $3
VolkovDmitri: calls $3
*** TURN *** [4c 5h 7c] [7s]
marcelo v121: bets $6
VolkovDmitri: calls $6
*** RIVER *** [4c 5h 7c 7s] [Tc]
marcelo v121: checks
VolkovDmitri: checks
*** SHOW DOWN ***
marcelo v121: shows [Jh Ah] (a pair of Sevens)
VolkovDmitri: mucks hand
marcelo v121 collected $35.50 from pot
*** SUMMARY ***
Total pot $36 | Rake $0.50
Board [4c 5h 7c 7s Tc]
Seat 3: marcelo v121 (big blind) showed [Jh Ah] and won ($35.50) with a pair of Sevens
Seat 4: VolkovDmitri (button) (small blind) mucked


PokerStars Hand #157668579084:  Hold'em Limit ($3/$6 USD) - 2016/08/24 2:42:30 ET
Table 'Chlosinde' 6-max Seat #3 is the button
Seat 3: marcelo v121 ($111.50 in chips)
Seat 4: VolkovDmitri ($146.50 in chips)
marcelo v121: posts small blind $1
VolkovDmitri: posts big blind $3
*** HOLE CARDS ***
marcelo v121: folds
Uncalled bet ($2) returned to VolkovDmitri
VolkovDmitri collected $2 from pot
VolkovDmitri: doesn't show hand
*** SUMMARY ***
Total pot $2 | Rake $0
Seat 3: marcelo v121 (button) (small blind) folded before Flop
Seat 4: VolkovDmitri (big blind) collected ($2)


PokerStars Hand #157668577250:  Hold'em Limit ($3/$6 USD) - 2016/08/24 2:42:23 ET
Table 'Chlosinde' 6-max Seat #4 is the button
Seat 3: marcelo v121 ($114.50 in chips)
Seat 4: VolkovDmitri ($143.50 in chips)
VolkovDmitri: posts small blind $1
marcelo v121: posts big blind $3
*** HOLE CARDS ***
VolkovDmitri: raises $3 to $6
marcelo v121: folds
Uncalled bet ($3) returned to VolkovDmitri
VolkovDmitri collected $6 from pot
VolkovDmitri: doesn't show hand
*** SUMMARY ***
Total pot $6 | Rake $0
Seat 3: marcelo v121 (big blind) folded before Flop
Seat 4: VolkovDmitri (button) (small blind) collected ($6)


PokerStars Hand #157668567470:  Hold'em Limit ($3/$6 USD) - 2016/08/24 2:41:42 ET
Table 'Chlosinde' 6-max Seat #3 is the button
Seat 3: marcelo v121 ($138.50 in chips)
Seat 4: VolkovDmitri ($120 in chips)
marcelo v121: posts small blind $1
VolkovDmitri: posts big blind $3
*** HOLE CARDS ***
marcelo v121: calls $2
VolkovDmitri: raises $3 to $6
marcelo v121: calls $3
*** FLOP *** [6h Ts Jh]
VolkovDmitri: bets $3
marcelo v121: raises $3 to $6
VolkovDmitri: calls $3
*** TURN *** [6h Ts Jh] [Ac]
VolkovDmitri: bets $6
marcelo v121: calls $6
*** RIVER *** [6h Ts Jh Ac] [3d]
VolkovDmitri: bets $6
marcelo v121: calls $6
*** SHOW DOWN ***
VolkovDmitri: shows [9c Ah] (a pair of Aces)
marcelo v121: mucks hand
VolkovDmitri collected $47.50 from pot
*** SUMMARY ***
Total pot $48 | Rake $0.50
Board [6h Ts Jh Ac 3d]
Seat 3: marcelo v121 (button) (small blind) mucked
Seat 4: VolkovDmitri (big blind) showed [9c Ah] and won ($47.50) with a pair of Aces


PokerStars Hand #157668594661:  Hold'em Limit ($3/$6 USD) - 2016/08/24 2:43:35 ET
Table 'Chlosinde' 6-max Seat #4 is the button
Seat 3: marcelo v121 ($107 in chips)
Seat 4: VolkovDmitri ($150 in chips)
VolkovDmitri: posts small blind $1
marcelo v121: posts big blind $3
*** HOLE CARDS ***
VolkovDmitri: raises $3 to $6
marcelo v121: calls $3
*** FLOP *** [5d 3d 6c]
marcelo v121: checks
VolkovDmitri: bets $3
marcelo v121: calls $3
*** TURN *** [5d 3d 6c] [2c]
marcelo v121: checks
VolkovDmitri: bets $6
marcelo v121: folds
Uncalled bet ($6) returned to VolkovDmitri
VolkovDmitri collected $17.64 from pot
VolkovDmitri: doesn't show hand
*** SUMMARY ***
Total pot $18 | Rake $0.36
Board [5d 3d 6c 2c]
Seat 3: marcelo v121 (big blind) folded on the Turn
Seat 4: VolkovDmitri (button) (small blind) collected ($17.64)


PokerStars Hand #157668587525:  Hold'em Limit ($3/$6 USD) - 2016/08/24 2:43:05 ET
Table 'Chlosinde' 6-max Seat #3 is the button
Seat 3: marcelo v121 ($128 in chips)
Seat 4: VolkovDmitri ($129.50 in chips)
marcelo v121: posts small blind $1
VolkovDmitri: posts big blind $3
*** HOLE CARDS ***
marcelo v121: calls $2
VolkovDmitri: raises $3 to $6
marcelo v121: calls $3
*** FLOP *** [3d 6c Qs]
VolkovDmitri: bets $3
marcelo v121: calls $3
*** TURN *** [3d 6c Qs] [9c]
VolkovDmitri: bets $6
marcelo v121: calls $6
*** RIVER *** [3d 6c Qs 9c] [Ks]
VolkovDmitri: bets $6
marcelo v121: calls $6
*** SHOW DOWN ***
VolkovDmitri: shows [As Ac] (a pair of Aces)
marcelo v121: mucks hand
VolkovDmitri collected $41.50 from pot
*** SUMMARY ***
Total pot $42 | Rake $0.50
Board [3d 6c Qs 9c Ks]
Seat 3: marcelo v121 (button) (small blind) mucked
Seat 4: VolkovDmitri (big blind) showed [As Ac] and won ($41.50) with a pair of Aces


PokerStars Hand #157668610927:  Hold'em Limit ($3/$6 USD) - 2016/08/24 2:44:43 ET
Table 'Chlosinde' 6-max Seat #4 is the button
Seat 3: marcelo v121 ($106.64 in chips)
Seat 4: VolkovDmitri ($149.64 in chips)
VolkovDmitri: posts small blind $1
marcelo v121: posts big blind $3
*** HOLE CARDS ***
VolkovDmitri: raises $3 to $6
marcelo v121: calls $3
*** FLOP *** [7d 6c Qd]
marcelo v121: checks
VolkovDmitri: bets $3
marcelo v121: calls $3
*** TURN *** [7d 6c Qd] [4c]
marcelo v121: checks
VolkovDmitri: checks
*** RIVER *** [7d 6c Qd 4c] [5d]
marcelo v121: checks
VolkovDmitri: bets $6
marcelo v121: raises $6 to $12
VolkovDmitri: calls $6
*** SHOW DOWN ***
marcelo v121: shows [2d Kd] (a flush, King high)
VolkovDmitri: mucks hand
marcelo v121 collected $41.50 from pot
*** SUMMARY ***
Total pot $42 | Rake $0.50
Board [7d 6c Qd 4c 5d]
Seat 3: marcelo v121 (big blind) showed [2d Kd] and won ($41.50) with a flush, King high
Seat 4: VolkovDmitri (button) (small blind) mucked


PokerStars Hand #157668603093:  Hold'em Limit ($3/$6 USD) - 2016/08/24 2:44:10 ET
Table 'Chlosinde' 6-max Seat #3 is the button
Seat 3: marcelo v121 ($98 in chips)
Seat 4: VolkovDmitri ($158.64 in chips)
marcelo v121: posts small blind $1
VolkovDmitri: posts big blind $3
*** HOLE CARDS ***
marcelo v121: raises $3 to $6
VolkovDmitri: calls $3
*** FLOP *** [7d 6c 7h]
VolkovDmitri: checks
marcelo v121: bets $3
VolkovDmitri: calls $3
*** TURN *** [7d 6c 7h] [Ad]
VolkovDmitri: checks
marcelo v121: bets $6
VolkovDmitri: folds
Uncalled bet ($6) returned to marcelo v121
marcelo v121 collected $17.64 from pot
*** SUMMARY ***
Total pot $18 | Rake $0.36
Board [7d 6c 7h Ad]
Seat 3: marcelo v121 (button) (small blind) collected ($17.64)
Seat 4: VolkovDmitri (big blind) folded on the Turn


PokerStars Hand #157668619001:  Hold'em Limit ($3/$6 USD) - 2016/08/24 2:45:16 ET
Table 'Chlosinde' 6-max Seat #3 is the button
Seat 3: marcelo v121 ($127.14 in chips)
Seat 4: VolkovDmitri ($128.64 in chips)
marcelo v121: posts small blind $1
VolkovDmitri: posts big blind $3
*** HOLE CARDS ***
marcelo v121: calls $2
VolkovDmitri: raises $3 to $6
marcelo v121: calls $3
*** FLOP *** [7s 4s 6h]
VolkovDmitri: checks
marcelo v121: checks
*** TURN *** [7s 4s 6h] [8h]
VolkovDmitri: checks
marcelo v121: bets $6
VolkovDmitri: folds
Uncalled bet ($6) returned to marcelo v121
marcelo v121 collected $11.76 from pot
*** SUMMARY ***
Total pot $12 | Rake $0.24
Board [7s 4s 6h 8h]
Seat 3: marcelo v121 (button) (small blind) collected ($11.76)
Seat 4: VolkovDmitri (big blind) folded on the Turn


PokerStars Hand #157668636414:  Hold'em Limit ($3/$6 USD) - 2016/08/24 2:46:27 ET
Table 'Chlosinde' 6-max Seat #4 is the button
Seat 3: marcelo v121 ($114.90 in chips)
Seat 4: VolkovDmitri ($139.92 in chips)
VolkovDmitri: posts small blind $1
marcelo v121: posts big blind $3
*** HOLE CARDS ***
playergains joins the table at seat #5
VolkovDmitri: raises $3 to $6
marcelo v121: raises $3 to $9
VolkovDmitri: calls $3
*** FLOP *** [3h 2h Jd]
marcelo v121: checks
VolkovDmitri: checks
*** TURN *** [3h 2h Jd] [5h]
marcelo v121: bets $6
VolkovDmitri: calls $6
*** RIVER *** [3h 2h Jd 5h] [Jc]
marcelo v121: bets $6
VolkovDmitri: folds
Uncalled bet ($6) returned to marcelo v121
marcelo v121 collected $29.50 from pot
*** SUMMARY ***
Total pot $30 | Rake $0.50
Board [3h 2h Jd 5h Jc]
Seat 3: marcelo v121 (big blind) collected ($29.50)
Seat 4: VolkovDmitri (button) (small blind) folded on the River


PokerStars Hand #157668629066:  Hold'em Limit ($3/$6 USD) - 2016/08/24 2:45:57 ET
Table 'Chlosinde' 6-max Seat #3 is the button
Seat 3: marcelo v121 ($126.90 in chips)
Seat 4: VolkovDmitri ($128.40 in chips)
marcelo v121: posts small blind $1
VolkovDmitri: posts big blind $3
*** HOLE CARDS ***
marcelo v121: raises $3 to $6
VolkovDmitri: calls $3
*** FLOP *** [Ad 8s Th]
VolkovDmitri: checks
marcelo v121: checks
*** TURN *** [Ad 8s Th] [9h]
VolkovDmitri: checks
marcelo v121: bets $6
VolkovDmitri: calls $6
*** RIVER *** [Ad 8s Th 9h] [Qh]
VolkovDmitri: checks
marcelo v121: checks
*** SHOW DOWN ***
VolkovDmitri: shows [4s Tc] (a pair of Tens)
marcelo v121: mucks hand
VolkovDmitri collected $23.52 from pot
*** SUMMARY ***
Total pot $24 | Rake $0.48
Board [Ad 8s Th 9h Qh]
Seat 3: marcelo v121 (button) (small blind) mucked
Seat 4: VolkovDmitri (big blind) showed [4s Tc] and won ($23.52) with a pair of Tens


PokerStars Hand #157668644722:  Hold'em Limit ($3/$6 USD) - 2016/08/24 2:47:01 ET
Table 'Chlosinde' 6-max Seat #3 is the button
Seat 3: marcelo v121 ($129.40 in chips)
Seat 4: VolkovDmitri ($124.92 in chips)
marcelo v121: posts small blind $1
VolkovDmitri: posts big blind $3
*** HOLE CARDS ***
marcelo v121: raises $3 to $6
VolkovDmitri: calls $3
*** FLOP *** [7c Kd Ad]
VolkovDmitri: checks
marcelo v121: checks
*** TURN *** [7c Kd Ad] [6s]
VolkovDmitri: checks
marcelo v121: bets $6
VolkovDmitri: folds
Uncalled bet ($6) returned to marcelo v121
marcelo v121 collected $11.76 from pot
*** SUMMARY ***
Total pot $12 | Rake $0.24
Board [7c Kd Ad 6s]
Seat 3: marcelo v121 (button) (small blind) collected ($11.76)
Seat 4: VolkovDmitri (big blind) folded on the Turn


PokerStars Hand #157668683292:  Hold'em Limit ($3/$6 USD) - 2016/08/24 2:49:39 ET
Table 'Chlosinde' 6-max Seat #5 is the button
Seat 3: marcelo v121 ($104.28 in chips)
Seat 5: playergains ($56.25 in chips)
playergains: posts small blind $1
marcelo v121: posts big blind $3
*** HOLE CARDS ***
playergains: folds
Uncalled bet ($2) returned to marcelo v121
marcelo v121 collected $2 from pot
*** SUMMARY ***
Total pot $2 | Rake $0
Seat 3: marcelo v121 (big blind) collected ($2)
Seat 5: playergains (button) (small blind) folded before Flop


PokerStars Hand #157668684630:  Hold'em Limit ($3/$6 USD) - 2016/08/24 2:49:44 ET
Table 'Chlosinde' 6-max Seat #3 is the button
Seat 3: marcelo v121 ($105.28 in chips)
Seat 5: playergains ($55.25 in chips)
marcelo v121: posts small blind $1
playergains: posts big blind $3
*** HOLE CARDS ***
marcelo v121: raises $3 to $6
playergains: calls $3
*** FLOP *** [6d 3s Qc]
playergains: checks
marcelo v121: bets $3
playergains: folds
Uncalled bet ($3) returned to marcelo v121
marcelo v121 collected $11.76 from pot
*** SUMMARY ***
Total pot $12 | Rake $0.24
Board [6d 3s Qc]
Seat 3: marcelo v121 (button) (small blind) collected ($11.76)
Seat 5: playergains (big blind) folded on the Flop


PokerStars Hand #157668680170:  Hold'em Limit ($3/$6 USD) - 2016/08/24 2:49:26 ET
Table 'Chlosinde' 6-max Seat #3 is the button
Seat 3: marcelo v121 ($113.28 in chips)
Seat 5: playergains ($47.61 in chips)
marcelo v121: posts small blind $1
playergains: posts big blind $3
*** HOLE CARDS ***
marcelo v121: raises $3 to $6
playergains: calls $3
*** FLOP *** [6s Td 4h]
playergains: checks
marcelo v121: bets $3
playergains: raises $3 to $6
marcelo v121: folds
Uncalled bet ($3) returned to playergains
playergains collected $17.64 from pot
playergains: doesn't show hand
*** SUMMARY ***
Total pot $18 | Rake $0.36
Board [6s Td 4h]
Seat 3: marcelo v121 (button) (small blind) folded on the Flop
Seat 5: playergains (big blind) collected ($17.64)


PokerStars Hand #157668678743:  Hold'em Limit ($3/$6 USD) - 2016/08/24 2:49:20 ET
Table 'Chlosinde' 6-max Seat #5 is the button
Seat 3: marcelo v121 ($112.28 in chips)
Seat 5: playergains ($48.61 in chips)
playergains: posts small blind $1
marcelo v121: posts big blind $3
*** HOLE CARDS ***
playergains: folds
Uncalled bet ($2) returned to marcelo v121
VolkovDmitri leaves the table
marcelo v121 collected $2 from pot
*** SUMMARY ***
Total pot $2 | Rake $0
Seat 3: marcelo v121 (big blind) collected ($2)
Seat 5: playergains (button) (small blind) folded before Flop


PokerStars Hand #157668704700:  Hold'em Limit ($3/$6 USD) - 2016/08/24 2:51:08 ET
Table 'Chlosinde' 6-max Seat #5 is the button
Seat 3: marcelo v121 ($85.92 in chips)
Seat 5: playergains ($73.39 in chips)
playergains: posts small blind $1
marcelo v121: posts big blind $3
*** HOLE CARDS ***
playergains: folds
Uncalled bet ($2) returned to marcelo v121
marcelo v121 collected $2 from pot
*** SUMMARY ***
Total pot $2 | Rake $0
Seat 3: marcelo v121 (big blind) collected ($2)
Seat 5: playergains (button) (small blind) folded before Flop


PokerStars Hand #157668699006:  Hold'em Limit ($3/$6 USD) - 2016/08/24 2:50:44 ET
Table 'Chlosinde' 6-max Seat #3 is the button
Seat 3: marcelo v121 ($103.92 in chips)
Seat 5: playergains ($55.89 in chips)
marcelo v121: posts small blind $1
playergains: posts big blind $3
*** HOLE CARDS ***
marcelo v121: calls $2
playergains: checks
*** FLOP *** [Ts Kc 8s]
playergains: checks
marcelo v121: bets $3
playergains: calls $3
*** TURN *** [Ts Kc 8s] [Ac]
playergains: checks
marcelo v121: bets $6
playergains: calls $6
*** RIVER *** [Ts Kc 8s Ac] [2s]
playergains: checks
marcelo v121: bets $6
playergains: calls $6
*** SHOW DOWN ***
marcelo v121: shows [5h 3h] (high card Ace)
playergains: shows [4h Ks] (a pair of Kings)
playergains collected $35.50 from pot
*** SUMMARY ***
Total pot $36 | Rake $0.50
Board [Ts Kc 8s Ac 2s]
Seat 3: marcelo v121 (button) (small blind) showed [5h 3h] and lost with high card Ace
Seat 5: playergains (big blind) showed [4h Ks] and won ($35.50) with a pair of Kings


PokerStars Hand #157668687218:  Hold'em Limit ($3/$6 USD) - 2016/08/24 2:49:55 ET
Table 'Chlosinde' 6-max Seat #5 is the button
Seat 3: marcelo v121 ($111.04 in chips)
Seat 5: playergains ($49.25 in chips)
playergains: posts small blind $1
marcelo v121: posts big blind $3
*** HOLE CARDS ***
playergains: calls $2
marcelo v121: checks
*** FLOP *** [4s Jd 2s]
marcelo v121: checks
playergains: checks
*** TURN *** [4s Jd 2s] [Qs]
marcelo v121: checks
playergains: checks
*** RIVER *** [4s Jd 2s Qs] [Kd]
marcelo v121: bets $6
playergains: raises $6 to $12
marcelo v121: folds
Uncalled bet ($6) returned to playergains
playergains collected $17.64 from pot
playergains: doesn't show hand
*** SUMMARY ***
Total pot $18 | Rake $0.36
Board [4s Jd 2s Qs Kd]
Seat 3: marcelo v121 (big blind) folded on the River
Seat 5: playergains (button) (small blind) collected ($17.64)


PokerStars Hand #157668693643:  Hold'em Limit ($3/$6 USD) - 2016/08/24 2:50:22 ET
Table 'Chlosinde' 6-max Seat #5 is the button
Seat 3: marcelo v121 ($101.04 in chips)
Seat 5: playergains ($58.89 in chips)
playergains: posts small blind $1
marcelo v121: posts big blind $3
*** HOLE CARDS ***
playergains: calls $2
marcelo v121: checks
*** FLOP *** [5c 3h 3s]
marcelo v121: bets $3
playergains: folds
Uncalled bet ($3) returned to marcelo v121
marcelo v121 collected $5.88 from pot
*** SUMMARY ***
Total pot $6 | Rake $0.12
Board [5c 3h 3s]
Seat 3: marcelo v121 (big blind) collected ($5.88)
Seat 5: playergains (button) (small blind) folded on the Flop


PokerStars Hand #157668715732:  Hold'em Limit ($3/$6 USD) - 2016/08/24 2:51:54 ET
Table 'Chlosinde' 6-max Seat #3 is the button
Seat 3: marcelo v121 ($74.92 in chips)
Seat 5: playergains ($84.03 in chips)
marcelo v121: posts small blind $1
playergains: posts big blind $3
*** HOLE CARDS ***
marcelo v121: folds
Uncalled bet ($2) returned to playergains
playergains collected $2 from pot
playergains: doesn't show hand
*** SUMMARY ***
Total pot $2 | Rake $0
Seat 3: marcelo v121 (button) (small blind) folded before Flop
Seat 5: playergains (big blind) collected ($2)


PokerStars Hand #157668717055:  Hold'em Limit ($3/$6 USD) - 2016/08/24 2:51:59 ET
Table 'Chlosinde' 6-max Seat #5 is the button
Seat 3: marcelo v121 ($73.92 in chips)
Seat 5: playergains ($85.03 in chips)
playergains: posts small blind $1
marcelo v121: posts big blind $3
*** HOLE CARDS ***
playergains: calls $2
marcelo v121: raises $3 to $6
playergains: calls $3
*** FLOP *** [4c Ks Ah]
marcelo v121: bets $3
playergains: folds
Uncalled bet ($3) returned to marcelo v121
marcelo v121 collected $11.76 from pot
marcelo v121: doesn't show hand
*** SUMMARY ***
Total pot $12 | Rake $0.24
Board [4c Ks Ah]
Seat 3: marcelo v121 (big blind) collected ($11.76)
Seat 5: playergains (button) (small blind) folded on the Flop


PokerStars Hand #157668713136:  Hold'em Limit ($3/$6 USD) - 2016/08/24 2:51:43 ET
Table 'Chlosinde' 6-max Seat #3 is the button
Seat 3: marcelo v121 ($74.92 in chips)
Seat 5: playergains ($84.03 in chips)
marcelo v121: posts small blind $1
playergains: posts big blind $3
*** HOLE CARDS ***
marcelo v121: folds
Uncalled bet ($2) returned to playergains
playergains collected $2 from pot
playergains: doesn't show hand
*** SUMMARY ***
Total pot $2 | Rake $0
Seat 3: marcelo v121 (button) (small blind) folded before Flop
Seat 5: playergains (big blind) collected ($2)


PokerStars Hand #157668711037:  Hold'em Limit ($3/$6 USD) - 2016/08/24 2:51:35 ET
Table 'Chlosinde' 6-max Seat #5 is the button
Seat 3: marcelo v121 ($77.92 in chips)
Seat 5: playergains ($81.03 in chips)
playergains: posts small blind $1
marcelo v121: posts big blind $3
*** HOLE CARDS ***
playergains: raises $3 to $6
marcelo v121: folds
Uncalled bet ($3) returned to playergains
playergains collected $6 from pot
playergains: doesn't show hand
*** SUMMARY ***
Total pot $6 | Rake $0
Seat 3: marcelo v121 (big blind) folded before Flop
Seat 5: playergains (button) (small blind) collected ($6)


PokerStars Hand #157668705860:  Hold'em Limit ($3/$6 USD) - 2016/08/24 2:51:13 ET
Table 'Chlosinde' 6-max Seat #3 is the button
Seat 3: marcelo v121 ($86.92 in chips)
Seat 5: playergains ($72.39 in chips)
marcelo v121: posts small blind $1
playergains: posts big blind $3
*** HOLE CARDS ***
marcelo v121: raises $3 to $6
playergains: calls $3
*** FLOP *** [6c As Ah]
playergains: checks
marcelo v121: bets $3
playergains: calls $3
*** TURN *** [6c As Ah] [Ks]
playergains: checks
marcelo v121: checks
*** RIVER *** [6c As Ah Ks] [4d]
playergains: bets $6
marcelo v121: folds
Uncalled bet ($6) returned to playergains
playergains collected $17.64 from pot
playergains: doesn't show hand
*** SUMMARY ***
Total pot $18 | Rake $0.36
Board [6c As Ah Ks 4d]
Seat 3: marcelo v121 (button) (small blind) folded on the River
Seat 5: playergains (big blind) collected ($17.64)


PokerStars Hand #157668724113:  Hold'em Limit ($3/$6 USD) - 2016/08/24 2:52:28 ET
Table 'Chlosinde' 6-max Seat #5 is the button
Seat 3: marcelo v121 ($78.68 in chips)
Seat 5: playergains ($80.03 in chips)
playergains: posts small blind $1
marcelo v121: posts big blind $3
*** HOLE CARDS ***
playergains: raises $3 to $6
marcelo v121: folds
Uncalled bet ($3) returned to playergains
playergains collected $6 from pot
playergains: doesn't show hand
*** SUMMARY ***
Total pot $6 | Rake $0
Seat 3: marcelo v121 (big blind) folded before Flop
Seat 5: playergains (button) (small blind) collected ($6)


PokerStars Hand #157668726614:  Hold'em Limit ($3/$6 USD) - 2016/08/24 2:52:38 ET
Table 'Chlosinde' 6-max Seat #3 is the button
Seat 3: marcelo v121 ($75.68 in chips)
Seat 5: playergains ($83.03 in chips)
marcelo v121: posts small blind $1
playergains: posts big blind $3
*** HOLE CARDS ***
marcelo v121: folds
Uncalled bet ($2) returned to playergains
playergains collected $2 from pot
playergains: doesn't show hand
*** SUMMARY ***
Total pot $2 | Rake $0
Seat 3: marcelo v121 (button) (small blind) folded before Flop
Seat 5: playergains (big blind) collected ($2)


PokerStars Hand #157668727976:  Hold'em Limit ($3/$6 USD) - 2016/08/24 2:52:44 ET
Table 'Chlosinde' 6-max Seat #5 is the button
Seat 3: marcelo v121 ($74.68 in chips)
Seat 5: playergains ($84.03 in chips)
playergains: posts small blind $1
marcelo v121: posts big blind $3
*** HOLE CARDS ***
playergains: calls $2
marcelo v121: raises $3 to $6
playergains: calls $3
*** FLOP *** [3h 5s Ac]
marcelo v121: bets $3
playergains: calls $3
*** TURN *** [3h 5s Ac] [8c]
marcelo v121: bets $6
playergains: calls $6
*** RIVER *** [3h 5s Ac 8c] [7c]
marcelo v121: bets $6
playergains: raises $6 to $12
marcelo v121: calls $6
*** SHOW DOWN ***
playergains: shows [Tc 4c] (a flush, Ace high)
marcelo v121: mucks hand
playergains collected $53.50 from pot
*** SUMMARY ***
Total pot $54 | Rake $0.50
Board [3h 5s Ac 8c 7c]
Seat 3: marcelo v121 (big blind) mucked
Seat 5: playergains (button) (small blind) showed [Tc 4c] and won ($53.50) with a flush, Ace high


PokerStars Hand #157668722771:  Hold'em Limit ($3/$6 USD) - 2016/08/24 2:52:22 ET
Table 'Chlosinde' 6-max Seat #3 is the button
Seat 3: marcelo v121 ($79.68 in chips)
Seat 5: playergains ($79.03 in chips)
marcelo v121: posts small blind $1
playergains: posts big blind $3
*** HOLE CARDS ***
marcelo v121: folds
Uncalled bet ($2) returned to playergains
playergains collected $2 from pot
playergains: doesn't show hand
*** SUMMARY ***
Total pot $2 | Rake $0
Seat 3: marcelo v121 (button) (small blind) folded before Flop
Seat 5: playergains (big blind) collected ($2)


PokerStars Hand #157668721104:  Hold'em Limit ($3/$6 USD) - 2016/08/24 2:52:16 ET
Table 'Chlosinde' 6-max Seat #5 is the button
Seat 3: marcelo v121 ($78.68 in chips)
Seat 5: playergains ($80.03 in chips)
playergains: posts small blind $1
marcelo v121: posts big blind $3
*** HOLE CARDS ***
playergains: folds
Uncalled bet ($2) returned to marcelo v121
marcelo v121 collected $2 from pot
*** SUMMARY ***
Total pot $2 | Rake $0
Seat 3: marcelo v121 (big blind) collected ($2)
Seat 5: playergains (button) (small blind) folded before Flop


PokerStars Hand #157668719719:  Hold'em Limit ($3/$6 USD) - 2016/08/24 2:52:10 ET
Table 'Chlosinde' 6-max Seat #3 is the button
Seat 3: marcelo v121 ($79.68 in chips)
Seat 5: playergains ($79.03 in chips)
marcelo v121: posts small blind $1
playergains: posts big blind $3
*** HOLE CARDS ***
marcelo v121: folds
Uncalled bet ($2) returned to playergains
playergains collected $2 from pot
playergains: doesn't show hand
*** SUMMARY ***
Total pot $2 | Rake $0
Seat 3: marcelo v121 (button) (small blind) folded before Flop
Seat 5: playergains (big blind) collected ($2)


PokerStars Hand #157668745670:  Hold'em Limit ($3/$6 USD) - 2016/08/24 2:53:56 ET
Table 'Chlosinde' 6-max Seat #3 is the button
Seat 3: marcelo v121 ($32.68 in chips)
Seat 5: playergains ($124.93 in chips)
marcelo v121: posts small blind $1
playergains: posts big blind $3
*** HOLE CARDS ***
marcelo v121: folds
Uncalled bet ($2) returned to playergains
playergains collected $2 from pot
playergains: doesn't show hand
*** SUMMARY ***
Total pot $2 | Rake $0
Seat 3: marcelo v121 (button) (small blind) folded before Flop
Seat 5: playergains (big blind) collected ($2)


PokerStars Hand #157668734765:  Hold'em Limit ($3/$6 USD) - 2016/08/24 2:53:11 ET
Table 'Chlosinde' 6-max Seat #3 is the button
Seat 3: marcelo v121 ($47.68 in chips)
Seat 5: playergains ($110.53 in chips)
marcelo v121: posts small blind $1
playergains: posts big blind $3
*** HOLE CARDS ***
marcelo v121: raises $3 to $6
marcelo v121 said, "lol"
playergains: calls $3
*** FLOP *** [3h 2h Jd]
playergains: checks
marcelo v121: bets $3
playergains: calls $3
*** TURN *** [3h 2h Jd] [5c]
playergains: checks
marcelo v121: checks
*** RIVER *** [3h 2h Jd 5c] [Js]
playergains: checks
marcelo v121: checks
*** SHOW DOWN ***
playergains: shows [6d 4s] (a straight, Deuce to Six)
marcelo v121: mucks hand
playergains collected $17.64 from pot
*** SUMMARY ***
Total pot $18 | Rake $0.36
Board [3h 2h Jd 5c Js]
Seat 3: marcelo v121 (button) (small blind) mucked
Seat 5: playergains (big blind) showed [6d 4s] and won ($17.64) with a straight, Deuce to Six


PokerStars Hand #157668741713:  Hold'em Limit ($3/$6 USD) - 2016/08/24 2:53:40 ET
Table 'Chlosinde' 6-max Seat #5 is the button
Seat 3: marcelo v121 ($38.68 in chips)
Seat 5: playergains ($119.17 in chips)
playergains: posts small blind $1
marcelo v121: posts big blind $3
*** HOLE CARDS ***
playergains: raises $3 to $6
marcelo v121: calls $3
*** FLOP *** [Kc 3d 9h]
marcelo v121: checks
playergains: bets $3
marcelo v121: folds
Uncalled bet ($3) returned to playergains
playergains collected $11.76 from pot
playergains: doesn't show hand
*** SUMMARY ***
Total pot $12 | Rake $0.24
Board [Kc 3d 9h]
Seat 3: marcelo v121 (big blind) folded on the Flop
Seat 5: playergains (button) (small blind) collected ($11.76)


PokerStars Hand #157668752285:  Hold'em Limit ($3/$6 USD) - 2016/08/24 2:54:24 ET
Table 'Chlosinde' 6-max Seat #3 is the button
Seat 3: marcelo v121 ($31.62 in chips)
Seat 5: playergains ($125.87 in chips)
marcelo v121: posts small blind $1
playergains: posts big blind $3
*** HOLE CARDS ***
marcelo v121: raises $3 to $6
playergains: folds
Uncalled bet ($3) returned to marcelo v121
AllinRamstad joins the table at seat #1
marcelo v121 collected $6 from pot
marcelo v121: doesn't show hand
*** SUMMARY ***
Total pot $6 | Rake $0
Seat 3: marcelo v121 (button) (small blind) collected ($6)
Seat 5: playergains (big blind) folded before Flop


PokerStars Hand #157668748073:  Hold'em Limit ($3/$6 USD) - 2016/08/24 2:54:06 ET
Table 'Chlosinde' 6-max Seat #5 is the button
Seat 3: marcelo v121 ($31.68 in chips)
Seat 5: playergains ($125.93 in chips)
playergains: posts small blind $1
marcelo v121: posts big blind $3
*** HOLE CARDS ***
playergains: calls $2
marcelo v121: checks
*** FLOP *** [8h Ac Kd]
marcelo v121: checks
playergains: checks
*** TURN *** [8h Ac Kd] [Jh]
marcelo v121: checks
playergains: checks
*** RIVER *** [8h Ac Kd Jh] [7h]
marcelo v121: checks
playergains: checks
*** SHOW DOWN ***
marcelo v121: shows [3c Qs] (high card Ace)
playergains: shows [Qd 2d] (high card Ace)
marcelo v121 collected $2.94 from pot
playergains collected $2.94 from pot
*** SUMMARY ***
Total pot $6 | Rake $0.12
Board [8h Ac Kd Jh 7h]
Seat 3: marcelo v121 (big blind) showed [3c Qs] and won ($2.94) with high card Ace
Seat 5: playergains (button) (small blind) showed [Qd 2d] and won ($2.94) with high card Ace


PokerStars Hand #157669082677:  Hold'em Limit ($3/$6 USD) - 2016/08/24 3:16:59 ET
Table 'Chlosinde' 6-max Seat #3 is the button
Seat 3: Hadart ($19.08 in chips)
Seat 5: playergains ($283.52 in chips)
Hadart: posts small blind $1
playergains: posts big blind $3
*** HOLE CARDS ***
Hadart: raises $3 to $6
playergains: folds
Uncalled bet ($3) returned to Hadart
Hadart collected $6 from pot
Hadart: doesn't show hand
*** SUMMARY ***
Total pot $6 | Rake $0
Seat 3: Hadart (button) (small blind) collected ($6)
Seat 5: playergains (big blind) folded before Flop


PokerStars Hand #157669079365:  Hold'em Limit ($3/$6 USD) - 2016/08/24 3:16:46 ET
Table 'Chlosinde' 6-max Seat #5 is the button
Seat 3: Hadart ($25.08 in chips)
Seat 5: playergains ($277.76 in chips)
playergains: posts small blind $1
AllinRamstad: is sitting out
Hadart: posts big blind $3
*** HOLE CARDS ***
playergains: raises $3 to $6
Hadart: calls $3
*** FLOP *** [As 3c 7s]
Hadart: checks
playergains: bets $3
Hadart: folds
Uncalled bet ($3) returned to playergains
playergains collected $11.76 from pot
playergains: doesn't show hand
*** SUMMARY ***
Total pot $12 | Rake $0.24
Board [As 3c 7s]
Seat 3: Hadart (big blind) folded on the Flop
Seat 5: playergains (button) (small blind) collected ($11.76)


PokerStars Hand #157669084630:  Hold'em Limit ($3/$6 USD) - 2016/08/24 3:17:06 ET
Table 'Chlosinde' 6-max Seat #5 is the button
Seat 3: Hadart ($22.08 in chips)
Seat 5: playergains ($280.52 in chips)
playergains: posts small blind $1
Hadart: posts big blind $3
*** HOLE CARDS ***
playergains: folds
Uncalled bet ($2) returned to Hadart
Hadart collected $2 from pot
Hadart: doesn't show hand
*** SUMMARY ***
Total pot $2 | Rake $0
Seat 3: Hadart (big blind) collected ($2)
Seat 5: playergains (button) (small blind) folded before Flop


