PokerStars Hand #145979043726:  Hold'em Limit ($3/$6 USD) - 2015/12/26 21:03:42 ET
Table 'Chloe' 2-max Seat #1 is the button
Seat 1: LifeisagameX ($12 in chips)
Seat 2: boumbastic ($137.50 in chips)
LifeisagameX: posts small blind $1
boumbastic: posts big blind $3
*** HOLE CARDS ***
LifeisagameX: raises $3 to $6
boumbastic: calls $3
*** FLOP *** [Ts 7c 4h]
boumbastic: checks
LifeisagameX: bets $3
boumbastic: folds
Uncalled bet ($3) returned to LifeisagameX
LifeisagameX collected $11.76 from pot
LifeisagameX: doesn't show hand
*** SUMMARY ***
Total pot $12 | Rake $0.24
Board [Ts 7c 4h]
Seat 1: LifeisagameX (button) (small blind) collected ($11.76)
Seat 2: boumbastic (big blind) folded on the Flop


PokerStars Hand #145979025617:  Hold'em Limit ($3/$6 USD) - 2015/12/26 21:03:07 ET
Table 'Chloe' 2-max Seat #2 is the button
Seat 1: LifeisagameX ($30 in chips)
Seat 2: boumbastic ($120 in chips)
boumbastic: posts small blind $1
LifeisagameX: posts big blind $3
*** HOLE CARDS ***
boumbastic: raises $3 to $6
LifeisagameX: calls $3
*** FLOP *** [9h 4d 7c]
LifeisagameX: checks
boumbastic: bets $3
LifeisagameX: raises $3 to $6
boumbastic: calls $3
*** TURN *** [9h 4d 7c] [Qh]
LifeisagameX: bets $6
boumbastic: raises $6 to $12
LifeisagameX: folds
Uncalled bet ($6) returned to boumbastic
boumbastic collected $35.50 from pot
boumbastic: doesn't show hand
*** SUMMARY ***
Total pot $36 | Rake $0.50
Board [9h 4d 7c Qh]
Seat 1: LifeisagameX (big blind) folded on the Turn
Seat 2: boumbastic (button) (small blind) collected ($35.50)


PokerStars Hand #145979071418:  Hold'em Limit ($3/$6 USD) - 2015/12/26 21:04:35 ET
Table 'Chloe' 2-max Seat #1 is the button
Seat 1: LifeisagameX ($53.76 in chips)
Seat 2: boumbastic ($155 in chips)
LifeisagameX: posts small blind $1
boumbastic: posts big blind $3
*** HOLE CARDS ***
LifeisagameX: raises $3 to $6
boumbastic: raises $3 to $9
LifeisagameX: raises $3 to $12
Betting is capped
boumbastic: calls $3
*** FLOP *** [4d 6d 6c]
boumbastic: checks
LifeisagameX: bets $3
boumbastic: raises $3 to $6
LifeisagameX: calls $3
*** TURN *** [4d 6d 6c] [7d]
boumbastic: bets $6
LifeisagameX: calls $6
*** RIVER *** [4d 6d 6c 7d] [Th]
boumbastic: bets $6
LifeisagameX: calls $6
*** SHOW DOWN ***
boumbastic: shows [Kd 4s] (two pair, Sixes and Fours)
LifeisagameX: shows [7c Qc] (two pair, Sevens and Sixes)
LifeisagameX collected $59.50 from pot
*** SUMMARY ***
Total pot $60 | Rake $0.50
Board [4d 6d 6c 7d Th]
Seat 1: LifeisagameX (button) (small blind) showed [7c Qc] and won ($59.50) with two pair, Sevens and Sixes
Seat 2: boumbastic (big blind) showed [Kd 4s] and lost with two pair, Sixes and Fours


PokerStars Hand #145979053188:  Hold'em Limit ($3/$6 USD) - 2015/12/26 21:04:00 ET
Table 'Chloe' 2-max Seat #2 is the button
Seat 1: LifeisagameX ($77.76 in chips)
Seat 2: boumbastic ($131.50 in chips)
boumbastic: posts small blind $1
LifeisagameX: posts big blind $3
*** HOLE CARDS ***
boumbastic: raises $3 to $6
LifeisagameX: raises $3 to $9
boumbastic: calls $3
*** FLOP *** [As 6h Jd]
LifeisagameX: bets $3
boumbastic: calls $3
*** TURN *** [As 6h Jd] [Ad]
LifeisagameX: checks
boumbastic: bets $6
LifeisagameX: calls $6
*** RIVER *** [As 6h Jd Ad] [8d]
LifeisagameX: checks
boumbastic: bets $6
LifeisagameX: calls $6
*** SHOW DOWN ***
boumbastic: shows [9c Js] (two pair, Aces and Jacks)
LifeisagameX: mucks hand
boumbastic collected $47.50 from pot
*** SUMMARY ***
Total pot $48 | Rake $0.50
Board [As 6h Jd Ad 8d]
Seat 1: LifeisagameX (big blind) mucked
Seat 2: boumbastic (button) (small blind) showed [9c Js] and won ($47.50) with two pair, Aces and Jacks


PokerStars Hand #145979091934:  Hold'em Limit ($3/$6 USD) - 2015/12/26 21:05:15 ET
Table 'Chloe' 2-max Seat #2 is the button
Seat 1: LifeisagameX ($83.26 in chips)
Seat 2: boumbastic ($125 in chips)
boumbastic: posts small blind $1
LifeisagameX: posts big blind $3
*** HOLE CARDS ***
boumbastic: raises $3 to $6
LifeisagameX: calls $3
*** FLOP *** [2d 8c 4s]
LifeisagameX: checks
boumbastic: bets $3
LifeisagameX: raises $3 to $6
boumbastic: calls $3
*** TURN *** [2d 8c 4s] [Qs]
LifeisagameX: checks
boumbastic: bets $6
LifeisagameX: calls $6
*** RIVER *** [2d 8c 4s Qs] [Kh]
LifeisagameX: checks
boumbastic: checks
*** SHOW DOWN ***
LifeisagameX: shows [Ah 2s] (a pair of Deuces)
boumbastic: mucks hand
LifeisagameX collected $35.50 from pot
*** SUMMARY ***
Total pot $36 | Rake $0.50
Board [2d 8c 4s Qs Kh]
Seat 1: LifeisagameX (big blind) showed [Ah 2s] and won ($35.50) with a pair of Deuces
Seat 2: boumbastic (button) (small blind) mucked


PokerStars Hand #145979127593:  Hold'em Limit ($3/$6 USD) - 2015/12/26 21:06:25 ET
Table 'Chloe' 2-max Seat #1 is the button
Seat 1: LifeisagameX ($100.76 in chips)
Seat 2: boumbastic ($107 in chips)
LifeisagameX: posts small blind $1
boumbastic: posts big blind $3
*** HOLE CARDS ***
LifeisagameX: raises $3 to $6
boumbastic: raises $3 to $9
LifeisagameX: calls $3
*** FLOP *** [9h Td 6h]
boumbastic: bets $3
LifeisagameX: calls $3
*** TURN *** [9h Td 6h] [Jh]
boumbastic: bets $6
LifeisagameX: calls $6
*** RIVER *** [9h Td 6h Jh] [Tc]
boumbastic: bets $6
LifeisagameX: calls $6
*** SHOW DOWN ***
boumbastic: shows [6s Kc] (two pair, Tens and Sixes)
LifeisagameX: mucks hand
boumbastic collected $47.50 from pot
*** SUMMARY ***
Total pot $48 | Rake $0.50
Board [9h Td 6h Jh Tc]
Seat 1: LifeisagameX (button) (small blind) mucked
Seat 2: boumbastic (big blind) showed [6s Kc] and won ($47.50) with two pair, Tens and Sixes


PokerStars Hand #145979159263:  Hold'em Limit ($3/$6 USD) - 2015/12/26 21:07:28 ET
Table 'Chloe' 2-max Seat #2 is the button
Seat 1: LifeisagameX ($76.76 in chips)
Seat 2: boumbastic ($130.50 in chips)
boumbastic: posts small blind $1
LifeisagameX: posts big blind $3
*** HOLE CARDS ***
boumbastic: raises $3 to $6
LifeisagameX: calls $3
*** FLOP *** [4s 8h Jd]
LifeisagameX: checks
boumbastic: bets $3
LifeisagameX: calls $3
*** TURN *** [4s 8h Jd] [6c]
LifeisagameX: checks
boumbastic: bets $6
LifeisagameX: calls $6
*** RIVER *** [4s 8h Jd 6c] [5c]
LifeisagameX: checks
boumbastic: bets $6
LifeisagameX: calls $6
*** SHOW DOWN ***
boumbastic: shows [7h 9d] (a straight, Five to Nine)
LifeisagameX: mucks hand
boumbastic collected $41.50 from pot
*** SUMMARY ***
Total pot $42 | Rake $0.50
Board [4s 8h Jd 6c 5c]
Seat 1: LifeisagameX (big blind) mucked
Seat 2: boumbastic (button) (small blind) showed [7h 9d] and won ($41.50) with a straight, Five to Nine


