PokerStars Hand #146974059764:  Hold'em Limit ($3/$6 USD) - 2016/01/13 12:03:16 ET
Table 'Chort II' 2-max Seat #2 is the button
Seat 1: _fayzulllo_ ($80.08 in chips)
Seat 2: ChOfW ($72.44 in chips)
ChOfW: posts small blind $1
_fayzulllo_: posts big blind $3
*** HOLE CARDS ***
ChOfW: folds
Uncalled bet ($2) returned to _fayzulllo_
_fayzulllo_ collected $2 from pot
*** SUMMARY ***
Total pot $2 | Rake $0
Seat 1: _fayzulllo_ (big blind) collected ($2)
Seat 2: ChOfW (button) (small blind) folded before Flop


PokerStars Hand #146974131744:  Hold'em Limit ($3/$6 USD) - 2016/01/13 12:04:39 ET
Table 'Chort II' 2-max Seat #1 is the button
Seat 1: _fayzulllo_ ($78.60 in chips)
Seat 2: ChOfW ($80.50 in chips)
_fayzulllo_: posts small blind $1
ChOfW: posts big blind $3
*** HOLE CARDS ***
_fayzulllo_: folds
Uncalled bet ($2) returned to ChOfW
ChOfW collected $2 from pot
ChOfW: doesn't show hand
*** SUMMARY ***
Total pot $2 | Rake $0
Seat 1: _fayzulllo_ (button) (small blind) folded before Flop
Seat 2: ChOfW (big blind) collected ($2)


PokerStars Hand #146974116177:  Hold'em Limit ($3/$6 USD) - 2016/01/13 12:04:21 ET
Table 'Chort II' 2-max Seat #2 is the button
Seat 1: _fayzulllo_ ($93.60 in chips)
Seat 2: ChOfW ($66 in chips)
ChOfW: posts small blind $1
_fayzulllo_: posts big blind $3
*** HOLE CARDS ***
ChOfW: raises $3 to $6
_fayzulllo_: calls $3
*** FLOP *** [3d 5h 5s]
_fayzulllo_: checks
ChOfW: bets $3
_fayzulllo_: calls $3
*** TURN *** [3d 5h 5s] [Ad]
_fayzulllo_: checks
ChOfW: checks
*** RIVER *** [3d 5h 5s Ad] [9h]
_fayzulllo_: bets $6
ChOfW: calls $6
*** SHOW DOWN ***
_fayzulllo_: shows [8d 7d] (a pair of Fives)
ChOfW: shows [Qh Ts] (a pair of Fives - Ace+Queen kicker)
ChOfW collected $29.50 from pot
*** SUMMARY ***
Total pot $30 | Rake $0.50
Board [3d 5h 5s Ad 9h]
Seat 1: _fayzulllo_ (big blind) showed [8d 7d] and lost with a pair of Fives
Seat 2: ChOfW (button) (small blind) showed [Qh Ts] and won ($29.50) with a pair of Fives


PokerStars Hand #146974099637:  Hold'em Limit ($3/$6 USD) - 2016/01/13 12:04:02 ET
Table 'Chort II' 2-max Seat #1 is the button
Seat 1: _fayzulllo_ ($84.96 in chips)
Seat 2: ChOfW ($67.44 in chips)
_fayzulllo_: posts small blind $1
ChOfW: posts big blind $3
*** HOLE CARDS ***
_fayzulllo_: calls $2
ChOfW: raises $3 to $6
_fayzulllo_: calls $3
*** FLOP *** [9h 6c Ac]
ChOfW: bets $3
_fayzulllo_: calls $3
*** TURN *** [9h 6c Ac] [7c]
ChOfW: checks
_fayzulllo_: bets $6
ChOfW: folds
Uncalled bet ($6) returned to _fayzulllo_
_fayzulllo_ collected $17.64 from pot
_fayzulllo_: doesn't show hand
*** SUMMARY ***
Total pot $18 | Rake $0.36
Board [9h 6c Ac 7c]
Seat 1: _fayzulllo_ (button) (small blind) collected ($17.64)
Seat 2: ChOfW (big blind) folded on the Turn


PokerStars Hand #146974091808:  Hold'em Limit ($3/$6 USD) - 2016/01/13 12:03:53 ET
Table 'Chort II' 2-max Seat #2 is the button
Seat 1: _fayzulllo_ ($83.96 in chips)
Seat 2: ChOfW ($68.44 in chips)
ChOfW: posts small blind $1
_fayzulllo_: posts big blind $3
*** HOLE CARDS ***
ChOfW: folds
Uncalled bet ($2) returned to _fayzulllo_
_fayzulllo_ collected $2 from pot
_fayzulllo_: doesn't show hand
*** SUMMARY ***
Total pot $2 | Rake $0
Seat 1: _fayzulllo_ (big blind) collected ($2)
Seat 2: ChOfW (button) (small blind) folded before Flop


PokerStars Hand #146974063745:  Hold'em Limit ($3/$6 USD) - 2016/01/13 12:03:20 ET
Table 'Chort II' 2-max Seat #1 is the button
Seat 1: _fayzulllo_ ($81.08 in chips)
Seat 2: ChOfW ($71.44 in chips)
_fayzulllo_: posts small blind $1
ChOfW: posts big blind $3
*** HOLE CARDS ***
_fayzulllo_: calls $2
ChOfW: checks
*** FLOP *** [9c 7h Ad]
ChOfW: checks
_fayzulllo_: bets $3
ChOfW: folds
Uncalled bet ($3) returned to _fayzulllo_
_fayzulllo_ collected $5.88 from pot
_fayzulllo_: doesn't show hand
*** SUMMARY ***
Total pot $6 | Rake $0.12
Board [9c 7h Ad]
Seat 1: _fayzulllo_ (button) (small blind) collected ($5.88)
Seat 2: ChOfW (big blind) folded on the Flop


PokerStars Hand #146974177121:  Hold'em Limit ($3/$6 USD) - 2016/01/13 12:05:30 ET
Table 'Chort II' 2-max Seat #2 is the button
Seat 1: _fayzulllo_ ($53.60 in chips)
Seat 2: ChOfW ($104.64 in chips)
ChOfW: posts small blind $1
_fayzulllo_: posts big blind $3
*** HOLE CARDS ***
ChOfW: folds
Uncalled bet ($2) returned to _fayzulllo_
_fayzulllo_ collected $2 from pot
_fayzulllo_: doesn't show hand
*** SUMMARY ***
Total pot $2 | Rake $0
Seat 1: _fayzulllo_ (big blind) collected ($2)
Seat 2: ChOfW (button) (small blind) folded before Flop


PokerStars Hand #146974152196:  Hold'em Limit ($3/$6 USD) - 2016/01/13 12:05:02 ET
Table 'Chort II' 2-max Seat #1 is the button
Seat 1: _fayzulllo_ ($62.60 in chips)
Seat 2: ChOfW ($96 in chips)
_fayzulllo_: posts small blind $1
ChOfW: posts big blind $3
*** HOLE CARDS ***
_fayzulllo_: calls $2
ChOfW: raises $3 to $6
_fayzulllo_: calls $3
*** FLOP *** [5c Qd 6h]
ChOfW: bets $3
_fayzulllo_: calls $3
*** TURN *** [5c Qd 6h] [4h]
ChOfW: checks
_fayzulllo_: checks
*** RIVER *** [5c Qd 6h 4h] [6s]
ChOfW: checks
_fayzulllo_: checks
*** SHOW DOWN ***
ChOfW: shows [Jh 9c] (a pair of Sixes)
_fayzulllo_: mucks hand
ChOfW collected $17.64 from pot
*** SUMMARY ***
Total pot $18 | Rake $0.36
Board [5c Qd 6h 4h 6s]
Seat 1: _fayzulllo_ (button) (small blind) mucked
Seat 2: ChOfW (big blind) showed [Jh 9c] and won ($17.64) with a pair of Sixes


PokerStars Hand #146974137098:  Hold'em Limit ($3/$6 USD) - 2016/01/13 12:04:45 ET
Table 'Chort II' 2-max Seat #2 is the button
Seat 1: _fayzulllo_ ($77.60 in chips)
Seat 2: ChOfW ($81.50 in chips)
ChOfW: posts small blind $1
_fayzulllo_: posts big blind $3
*** HOLE CARDS ***
ChOfW: raises $3 to $6
_fayzulllo_: calls $3
*** FLOP *** [9s 8d 3s]
_fayzulllo_: checks
ChOfW: bets $3
_fayzulllo_: calls $3
*** TURN *** [9s 8d 3s] [Qh]
_fayzulllo_: checks
ChOfW: bets $6
_fayzulllo_: calls $6
*** RIVER *** [9s 8d 3s Qh] [5d]
_fayzulllo_: checks
ChOfW: checks
*** SHOW DOWN ***
_fayzulllo_: shows [Td 7d] (high card Queen)
ChOfW: shows [8c 6c] (a pair of Eights)
ChOfW collected $29.50 from pot
*** SUMMARY ***
Total pot $30 | Rake $0.50
Board [9s 8d 3s Qh 5d]
Seat 1: _fayzulllo_ (big blind) showed [Td 7d] and lost with high card Queen
Seat 2: ChOfW (button) (small blind) showed [8c 6c] and won ($29.50) with a pair of Eights


PokerStars Hand #146974224562:  Hold'em Limit ($3/$6 USD) - 2016/01/13 12:06:24 ET
Table 'Chort II' 2-max Seat #2 is the button
Seat 1: _fayzulllo_ ($3.60 in chips)
Seat 2: ChOfW ($153.40 in chips)
ChOfW: posts small blind $1
_fayzulllo_: posts big blind $3
*** HOLE CARDS ***
ChOfW: raises $3 to $6
_fayzulllo_: calls $0.60 and is all-in
Uncalled bet ($2.40) returned to ChOfW
*** FLOP *** [Ks Ts 4s]
*** TURN *** [Ks Ts 4s] [Ah]
*** RIVER *** [Ks Ts 4s Ah] [Js]
*** SHOW DOWN ***
_fayzulllo_: shows [Th 2h] (a pair of Tens)
ChOfW: shows [Kc 4h] (two pair, Kings and Fours)
ChOfW collected $7.06 from pot
*** SUMMARY ***
Total pot $7.20 | Rake $0.14
Board [Ks Ts 4s Ah Js]
Seat 1: _fayzulllo_ (big blind) showed [Th 2h] and lost with a pair of Tens
Seat 2: ChOfW (button) (small blind) showed [Kc 4h] and won ($7.06) with two pair, Kings and Fours


PokerStars Hand #146974208740:  Hold'em Limit ($3/$6 USD) - 2016/01/13 12:06:06 ET
Table 'Chort II' 2-max Seat #1 is the button
Seat 1: _fayzulllo_ ($27.60 in chips)
Seat 2: ChOfW ($129.90 in chips)
_fayzulllo_: posts small blind $1
ChOfW: posts big blind $3
*** HOLE CARDS ***
_fayzulllo_: raises $3 to $6
ChOfW: raises $3 to $9
_fayzulllo_: calls $3
*** FLOP *** [Jh 6h 2c]
ChOfW: bets $3
_fayzulllo_: calls $3
*** TURN *** [Jh 6h 2c] [5d]
ChOfW: bets $6
_fayzulllo_: calls $6
*** RIVER *** [Jh 6h 2c 5d] [4s]
ChOfW: bets $6
_fayzulllo_: calls $6
*** SHOW DOWN ***
ChOfW: shows [Th Ts] (a pair of Tens)
_fayzulllo_: mucks hand
ChOfW collected $47.50 from pot
*** SUMMARY ***
Total pot $48 | Rake $0.50
Board [Jh 6h 2c 5d 4s]
Seat 1: _fayzulllo_ (button) (small blind) mucked
Seat 2: ChOfW (big blind) showed [Th Ts] and won ($47.50) with a pair of Tens


PokerStars Hand #146974196104:  Hold'em Limit ($3/$6 USD) - 2016/01/13 12:05:52 ET
Table 'Chort II' 2-max Seat #2 is the button
Seat 1: _fayzulllo_ ($33.60 in chips)
Seat 2: ChOfW ($124.14 in chips)
ChOfW: posts small blind $1
_fayzulllo_: posts big blind $3
*** HOLE CARDS ***
ChOfW: raises $3 to $6
_fayzulllo_: calls $3
*** FLOP *** [8s 5s 3s]
_fayzulllo_: checks
ChOfW: bets $3
_fayzulllo_: folds
Uncalled bet ($3) returned to ChOfW
ChOfW collected $11.76 from pot
ChOfW: doesn't show hand
*** SUMMARY ***
Total pot $12 | Rake $0.24
Board [8s 5s 3s]
Seat 1: _fayzulllo_ (big blind) folded on the Flop
Seat 2: ChOfW (button) (small blind) collected ($11.76)


PokerStars Hand #146974181587:  Hold'em Limit ($3/$6 USD) - 2016/01/13 12:05:35 ET
Table 'Chort II' 2-max Seat #1 is the button
Seat 1: _fayzulllo_ ($54.60 in chips)
Seat 2: ChOfW ($103.64 in chips)
_fayzulllo_: posts small blind $1
ChOfW: posts big blind $3
*** HOLE CARDS ***
_fayzulllo_: calls $2
ChOfW: raises $3 to $6
_fayzulllo_: calls $3
*** FLOP *** [3d 7d 4c]
ChOfW: bets $3
_fayzulllo_: calls $3
*** TURN *** [3d 7d 4c] [Tc]
ChOfW: bets $6
_fayzulllo_: calls $6
*** RIVER *** [3d 7d 4c Tc] [Js]
ChOfW: bets $6
_fayzulllo_: calls $6
*** SHOW DOWN ***
ChOfW: shows [Kd Ts] (a pair of Tens)
_fayzulllo_: mucks hand
ChOfW collected $41.50 from pot
*** SUMMARY ***
Total pot $42 | Rake $0.50
Board [3d 7d 4c Tc Js]
Seat 1: _fayzulllo_ (button) (small blind) mucked
Seat 2: ChOfW (big blind) showed [Kd Ts] and won ($41.50) with a pair of Tens


