PokerStars Hand #169201837691:  Hold'em Limit ($3/$6 USD) - 2017/04/18 2:22:12 ET
Table 'Chort' 6-max Seat #6 is the button
Seat 4: Agrotait ($72 in chips)
Seat 6: HAOYUN88888 ($120 in chips)
HAOYUN88888: posts small blind $1
Agrotait: posts big blind $3
*** HOLE CARDS ***
HAOYUN88888: folds
Uncalled bet ($2) returned to Agrotait
Agrotait collected $2 from pot
Agrotait: doesn't show hand
*** SUMMARY ***
Total pot $2 | Rake $0
Seat 4: Agrotait (big blind) collected ($2)
Seat 6: HAOYUN88888 (button) (small blind) folded before Flop


PokerStars Hand #169201840118:  Hold'em Limit ($3/$6 USD) - 2017/04/18 2:22:21 ET
Table 'Chort' 6-max Seat #4 is the button
Seat 4: Agrotait ($73 in chips)
Seat 6: HAOYUN88888 ($119 in chips)
Agrotait: posts small blind $1
HAOYUN88888: posts big blind $3
*** HOLE CARDS ***
Agrotait: raises $3 to $6
HAOYUN88888: folds
Uncalled bet ($3) returned to Agrotait
Agrotait collected $6 from pot
Agrotait: doesn't show hand
*** SUMMARY ***
Total pot $6 | Rake $0
Seat 4: Agrotait (button) (small blind) collected ($6)
Seat 6: HAOYUN88888 (big blind) folded before Flop


PokerStars Hand #169201854250:  Hold'em Limit ($3/$6 USD) - 2017/04/18 2:23:15 ET
Table 'Chort' 6-max Seat #6 is the button
Seat 4: Agrotait ($75 in chips)
Seat 6: HAOYUN88888 ($136.50 in chips)
HAOYUN88888: posts small blind $1
Agrotait: posts big blind $3
*** HOLE CARDS ***
HAOYUN88888: raises $3 to $6
Agrotait: raises $3 to $9
HAOYUN88888: calls $3
*** FLOP *** [8s 2d 6c]
Agrotait: bets $3
HAOYUN88888: raises $3 to $6
Agrotait: calls $3
*** TURN *** [8s 2d 6c] [9h]
Agrotait: checks
HAOYUN88888: bets $6
Agrotait: raises $6 to $12
HAOYUN88888: raises $6 to $18
Agrotait: calls $6
*** RIVER *** [8s 2d 6c 9h] [Ad]
Agrotait: checks
HAOYUN88888: checks
*** SHOW DOWN ***
Agrotait: shows [Jc 9c] (a pair of Nines)
HAOYUN88888: shows [6d 9d] (two pair, Nines and Sixes)
HAOYUN88888 collected $65.50 from pot
*** SUMMARY ***
Total pot $66 | Rake $0.50
Board [8s 2d 6c 9h Ad]
Seat 4: Agrotait (big blind) showed [Jc 9c] and lost with a pair of Nines
Seat 6: HAOYUN88888 (button) (small blind) showed [6d 9d] and won ($65.50) with two pair, Nines and Sixes


PokerStars Hand #169201844124:  Hold'em Limit ($3/$6 USD) - 2017/04/18 2:22:36 ET
Table 'Chort' 6-max Seat #6 is the button
Seat 4: Agrotait ($76 in chips)
Seat 6: HAOYUN88888 ($116 in chips)
HAOYUN88888: posts small blind $1
Agrotait: posts big blind $3
*** HOLE CARDS ***
HAOYUN88888: raises $3 to $6
Agrotait: calls $3
*** FLOP *** [9d Kh 7d]
Agrotait: checks
HAOYUN88888: bets $3
Agrotait: raises $3 to $6
HAOYUN88888: calls $3
*** TURN *** [9d Kh 7d] [As]
Agrotait: checks
HAOYUN88888: bets $6
Agrotait: calls $6
*** RIVER *** [9d Kh 7d As] [Td]
Agrotait: bets $6
HAOYUN88888: calls $6
*** SHOW DOWN ***
Agrotait: shows [Kd Ts] (two pair, Kings and Tens)
HAOYUN88888: shows [Jd Qc] (a straight, Ten to Ace)
HAOYUN88888 collected $47.50 from pot
*** SUMMARY ***
Total pot $48 | Rake $0.50
Board [9d Kh 7d As Td]
Seat 4: Agrotait (big blind) showed [Kd Ts] and lost with two pair, Kings and Tens
Seat 6: HAOYUN88888 (button) (small blind) showed [Jd Qc] and won ($47.50) with a straight, Ten to Ace


PokerStars Hand #169201852853:  Hold'em Limit ($3/$6 USD) - 2017/04/18 2:23:10 ET
Table 'Chort' 6-max Seat #4 is the button
Seat 4: Agrotait ($72 in chips)
Seat 6: HAOYUN88888 ($139.50 in chips)
Agrotait: posts small blind $1
HAOYUN88888: posts big blind $3
*** HOLE CARDS ***
Agrotait: raises $3 to $6
HAOYUN88888: folds
Uncalled bet ($3) returned to Agrotait
Agrotait collected $6 from pot
Agrotait: doesn't show hand
*** SUMMARY ***
Total pot $6 | Rake $0
Seat 4: Agrotait (button) (small blind) collected ($6)
Seat 6: HAOYUN88888 (big blind) folded before Flop


PokerStars Hand #169201870654:  Hold'em Limit ($3/$6 USD) - 2017/04/18 2:24:17 ET
Table 'Chort' 6-max Seat #6 is the button
Seat 4: Agrotait ($75.75 in chips)
Seat 6: HAOYUN88888 ($164.75 in chips)
HAOYUN88888: posts small blind $1
Agrotait: posts big blind $3
*** HOLE CARDS ***
HAOYUN88888: raises $3 to $6
Agrotait: raises $3 to $9
HAOYUN88888: calls $3
*** FLOP *** [9d 3c 9c]
Agrotait: bets $3
HAOYUN88888: calls $3
*** TURN *** [9d 3c 9c] [4d]
Agrotait: bets $6
HAOYUN88888: folds
Uncalled bet ($6) returned to Agrotait
Agrotait collected $23.52 from pot
Agrotait: doesn't show hand
*** SUMMARY ***
Total pot $24 | Rake $0.48
Board [9d 3c 9c 4d]
Seat 4: Agrotait (big blind) collected ($23.52)
Seat 6: HAOYUN88888 (button) (small blind) folded on the Turn


PokerStars Hand #169201874333:  Hold'em Limit ($3/$6 USD) - 2017/04/18 2:24:31 ET
Table 'Chort' 6-max Seat #4 is the button
Seat 4: Agrotait ($87.27 in chips)
Seat 6: HAOYUN88888 ($152.75 in chips)
Agrotait: posts small blind $1
HAOYUN88888: posts big blind $3
*** HOLE CARDS ***
Agrotait: raises $3 to $6
HAOYUN88888: calls $3
*** FLOP *** [7d Jc Td]
HAOYUN88888: checks
Agrotait: checks
*** TURN *** [7d Jc Td] [5d]
HAOYUN88888: bets $6
Agrotait: calls $6
*** RIVER *** [7d Jc Td 5d] [Th]
HAOYUN88888: checks
Agrotait: bets $6
HAOYUN88888: calls $6
*** SHOW DOWN ***
Agrotait: shows [Kh 7h] (two pair, Tens and Sevens)
HAOYUN88888: mucks hand
Agrotait collected $35.50 from pot
*** SUMMARY ***
Total pot $36 | Rake $0.50
Board [7d Jc Td 5d Th]
Seat 4: Agrotait (button) (small blind) showed [Kh 7h] and won ($35.50) with two pair, Tens and Sevens
Seat 6: HAOYUN88888 (big blind) mucked


PokerStars Hand #169201865782:  Hold'em Limit ($3/$6 USD) - 2017/04/18 2:23:58 ET
Table 'Chort' 6-max Seat #4 is the button
Seat 4: Agrotait ($76 in chips)
Seat 6: HAOYUN88888 ($165 in chips)
Agrotait: posts small blind $1
HAOYUN88888: posts big blind $3
*** HOLE CARDS ***
Agrotait: raises $3 to $6
HAOYUN88888: calls $3
*** FLOP *** [5c Td Ah]
HAOYUN88888: checks
Agrotait: bets $3
HAOYUN88888: raises $3 to $6
Agrotait: calls $3
*** TURN *** [5c Td Ah] [Tc]
HAOYUN88888: bets $6
Agrotait: raises $6 to $12
HAOYUN88888: raises $6 to $18
Agrotait: calls $6
*** RIVER *** [5c Td Ah Tc] [Kh]
HAOYUN88888: bets $6
Agrotait: calls $6
*** SHOW DOWN ***
HAOYUN88888: shows [Ts Qc] (three of a kind, Tens)
Agrotait: shows [Th 6c] (three of a kind, Tens)
HAOYUN88888 collected $35.75 from pot
Agrotait collected $35.75 from pot
*** SUMMARY ***
Total pot $72 | Rake $0.50
Board [5c Td Ah Tc Kh]
Seat 4: Agrotait (button) (small blind) showed [Th 6c] and won ($35.75) with three of a kind, Tens
Seat 6: HAOYUN88888 (big blind) showed [Ts Qc] and won ($35.75) with three of a kind, Tens


PokerStars Hand #169201864538:  Hold'em Limit ($3/$6 USD) - 2017/04/18 2:23:54 ET
Table 'Chort' 6-max Seat #6 is the button
Seat 4: Agrotait ($75 in chips)
Seat 6: HAOYUN88888 ($166 in chips)
HAOYUN88888: posts small blind $1
Agrotait: posts big blind $3
*** HOLE CARDS ***
HAOYUN88888: folds
Uncalled bet ($2) returned to Agrotait
Agrotait collected $2 from pot
Agrotait: doesn't show hand
*** SUMMARY ***
Total pot $2 | Rake $0
Seat 4: Agrotait (big blind) collected ($2)
Seat 6: HAOYUN88888 (button) (small blind) folded before Flop


PokerStars Hand #169201863003:  Hold'em Limit ($3/$6 USD) - 2017/04/18 2:23:48 ET
Table 'Chort' 6-max Seat #4 is the button
Seat 4: Agrotait ($72 in chips)
Seat 6: HAOYUN88888 ($169 in chips)
Agrotait: posts small blind $1
HAOYUN88888: posts big blind $3
*** HOLE CARDS ***
Agrotait: raises $3 to $6
HAOYUN88888: folds
Uncalled bet ($3) returned to Agrotait
Agrotait collected $6 from pot
Agrotait: doesn't show hand
*** SUMMARY ***
Total pot $6 | Rake $0
Seat 4: Agrotait (button) (small blind) collected ($6)
Seat 6: HAOYUN88888 (big blind) folded before Flop


PokerStars Hand #169201880130:  Hold'em Limit ($3/$6 USD) - 2017/04/18 2:24:53 ET
Table 'Chort' 6-max Seat #4 is the button
Seat 4: Agrotait ($105.77 in chips)
Seat 6: HAOYUN88888 ($133.75 in chips)
Agrotait: posts small blind $1
HAOYUN88888: posts big blind $3
*** HOLE CARDS ***
Agrotait: raises $3 to $6
HAOYUN88888: raises $3 to $9
Agrotait: calls $3
*** FLOP *** [6c 9h 8c]
HAOYUN88888: bets $3
Agrotait: calls $3
*** TURN *** [6c 9h 8c] [2s]
HAOYUN88888: checks
Agrotait: bets $6
HAOYUN88888: calls $6
*** RIVER *** [6c 9h 8c 2s] [Ah]
HAOYUN88888: checks
Agrotait: checks
*** SHOW DOWN ***
HAOYUN88888: shows [Kc Qs] (high card Ace)
Agrotait: shows [3c 2c] (a pair of Deuces)
Agrotait collected $35.50 from pot
*** SUMMARY ***
Total pot $36 | Rake $0.50
Board [6c 9h 8c 2s Ah]
Seat 4: Agrotait (button) (small blind) showed [3c 2c] and won ($35.50) with a pair of Deuces
Seat 6: HAOYUN88888 (big blind) showed [Kc Qs] and lost with high card Ace


PokerStars Hand #169201886714:  Hold'em Limit ($3/$6 USD) - 2017/04/18 2:25:18 ET
Table 'Chort' 6-max Seat #6 is the button
Seat 4: Agrotait ($123.27 in chips)
Seat 6: HAOYUN88888 ($115.75 in chips)
HAOYUN88888: posts small blind $1
Agrotait: posts big blind $3
*** HOLE CARDS ***
HAOYUN88888: raises $3 to $6
Agrotait: calls $3
*** FLOP *** [2s 4d 2h]
Agrotait: checks
HAOYUN88888: checks
*** TURN *** [2s 4d 2h] [5d]
Agrotait: checks
HAOYUN88888: bets $6
Agrotait: calls $6
*** RIVER *** [2s 4d 2h 5d] [Qd]
Agrotait: checks
HAOYUN88888: bets $6
Agrotait: folds
Uncalled bet ($6) returned to HAOYUN88888
HAOYUN88888 collected $23.52 from pot
HAOYUN88888: doesn't show hand
*** SUMMARY ***
Total pot $24 | Rake $0.48
Board [2s 4d 2h 5d Qd]
Seat 4: Agrotait (big blind) folded on the River
Seat 6: HAOYUN88888 (button) (small blind) collected ($23.52)


PokerStars Hand #169201878874:  Hold'em Limit ($3/$6 USD) - 2017/04/18 2:24:48 ET
Table 'Chort' 6-max Seat #6 is the button
Seat 4: Agrotait ($104.77 in chips)
Seat 6: HAOYUN88888 ($134.75 in chips)
HAOYUN88888: posts small blind $1
Agrotait: posts big blind $3
*** HOLE CARDS ***
HAOYUN88888: folds
Uncalled bet ($2) returned to Agrotait
Agrotait collected $2 from pot
Agrotait: doesn't show hand
*** SUMMARY ***
Total pot $2 | Rake $0
Seat 4: Agrotait (big blind) collected ($2)
Seat 6: HAOYUN88888 (button) (small blind) folded before Flop


PokerStars Hand #169201900407:  Hold'em Limit ($3/$6 USD) - 2017/04/18 2:26:10 ET
Table 'Chort' 6-max Seat #6 is the button
Seat 4: Agrotait ($111.02 in chips)
Seat 6: HAOYUN88888 ($127.02 in chips)
HAOYUN88888: posts small blind $1
Agrotait: posts big blind $3
*** HOLE CARDS ***
HAOYUN88888: folds
Uncalled bet ($2) returned to Agrotait
Agrotait collected $2 from pot
Agrotait: doesn't show hand
*** SUMMARY ***
Total pot $2 | Rake $0
Seat 4: Agrotait (big blind) collected ($2)
Seat 6: HAOYUN88888 (button) (small blind) folded before Flop


PokerStars Hand #169201893647:  Hold'em Limit ($3/$6 USD) - 2017/04/18 2:25:44 ET
Table 'Chort' 6-max Seat #4 is the button
Seat 4: Agrotait ($111.27 in chips)
Seat 6: HAOYUN88888 ($127.27 in chips)
Agrotait: posts small blind $1
HAOYUN88888: posts big blind $3
*** HOLE CARDS ***
Agrotait: raises $3 to $6
HAOYUN88888: calls $3
*** FLOP *** [Qs Th Qd]
HAOYUN88888: checks
Agrotait: bets $3
HAOYUN88888: calls $3
*** TURN *** [Qs Th Qd] [Js]
HAOYUN88888: checks
Agrotait: checks
*** RIVER *** [Qs Th Qd Js] [9c]
HAOYUN88888: bets $6
Agrotait: raises $6 to $12
HAOYUN88888: raises $6 to $18
Agrotait: calls $6
*** SHOW DOWN ***
HAOYUN88888: shows [3s Ks] (a straight, Nine to King)
Agrotait: shows [Kc 4s] (a straight, Nine to King)
HAOYUN88888 collected $26.75 from pot
Agrotait collected $26.75 from pot
*** SUMMARY ***
Total pot $54 | Rake $0.50
Board [Qs Th Qd Js 9c]
Seat 4: Agrotait (button) (small blind) showed [Kc 4s] and won ($26.75) with a straight, Nine to King
Seat 6: HAOYUN88888 (big blind) showed [3s Ks] and won ($26.75) with a straight, Nine to King


