PokerStars Hand #167295482995:  Hold'em Limit ($3/$6 USD) - 2017/03/08 11:28:57 ET
Table 'Chort II' 6-max Seat #4 is the button
Seat 4: kolaz03 ($175.22 in chips)
Seat 5: Fabulous108 ($157.87 in chips)
kolaz03: posts small blind $1
Fabulous108: posts big blind $3
*** HOLE CARDS ***
kolaz03: folds
Uncalled bet ($2) returned to Fabulous108
Fabulous108 collected $2 from pot
Fabulous108: doesn't show hand
*** SUMMARY ***
Total pot $2 | Rake $0
Seat 4: kolaz03 (button) (small blind) folded before Flop
Seat 5: Fabulous108 (big blind) collected ($2)


PokerStars Hand #167295463134:  Hold'em Limit ($3/$6 USD) - 2017/03/08 11:28:27 ET
Table 'Chort II' 6-max Seat #5 is the button
Seat 4: kolaz03 ($196.22 in chips)
Seat 5: Fabulous108 ($137.37 in chips)
Fabulous108: posts small blind $1
rippey156: is sitting out
kolaz03: posts big blind $3
*** HOLE CARDS ***
Fabulous108: raises $3 to $6
kolaz03: calls $3
*** FLOP *** [Qd Td Js]
kolaz03: checks
Fabulous108: bets $3
kolaz03: raises $3 to $6
Fabulous108: raises $3 to $9
kolaz03: calls $3
*** TURN *** [Qd Td Js] [Qc]
kolaz03: checks
Fabulous108: bets $6
kolaz03: calls $6
*** RIVER *** [Qd Td Js Qc] [8c]
kolaz03: checks
Fabulous108: checks
*** SHOW DOWN ***
kolaz03: shows [Jc As] (two pair, Queens and Jacks)
Fabulous108: shows [5c Qs] (three of a kind, Queens)
Fabulous108 collected $41.50 from pot
*** SUMMARY ***
Total pot $42 | Rake $0.50
Board [Qd Td Js Qc 8c]
Seat 4: kolaz03 (big blind) showed [Jc As] and lost with two pair, Queens and Jacks
Seat 5: Fabulous108 (button) (small blind) showed [5c Qs] and won ($41.50) with three of a kind, Queens


PokerStars Hand #167298807589:  Hold'em Limit ($3/$6 USD) - 2017/03/08 12:47:28 ET
Table 'Chort II' 6-max Seat #5 is the button
Seat 2: Kartll11 ($101.61 in chips)
Seat 5: LuckyScal ($95.29 in chips)
LuckyScal: posts small blind $1
andrey0709: is sitting out
Kartll11: posts big blind $3
*** HOLE CARDS ***
LuckyScal: folds
Uncalled bet ($2) returned to Kartll11
Kartll11 collected $2 from pot
Kartll11: doesn't show hand
*** SUMMARY ***
Total pot $2 | Rake $0
Seat 2: Kartll11 (big blind) collected ($2)
Seat 5: LuckyScal (button) (small blind) folded before Flop


PokerStars Hand #167301692598:  Hold'em Limit ($3/$6 USD) - 2017/03/08 13:49:20 ET
Table 'Chort II' 6-max Seat #3 is the button
Seat 3: ARARAT ANAPA ($111.38 in chips)
Seat 4: TbIP-TbIP 88 ($72 in chips)
ARARAT ANAPA: posts small blind $1
TbIP-TbIP 88: posts big blind $3
*** HOLE CARDS ***
ARARAT ANAPA: calls $2
TbIP-TbIP 88: raises $3 to $6
ARARAT ANAPA: calls $3
*** FLOP *** [Qc 7s 8s]
TbIP-TbIP 88: bets $3
ARARAT ANAPA: folds
Uncalled bet ($3) returned to TbIP-TbIP 88
TbIP-TbIP 88 collected $11.76 from pot
TbIP-TbIP 88: doesn't show hand
*** SUMMARY ***
Total pot $12 | Rake $0.24
Board [Qc 7s 8s]
Seat 3: ARARAT ANAPA (button) (small blind) folded on the Flop
Seat 4: TbIP-TbIP 88 (big blind) collected ($11.76)


PokerStars Hand #167301715364:  Hold'em Limit ($3/$6 USD) - 2017/03/08 13:49:48 ET
Table 'Chort II' 6-max Seat #4 is the button
Seat 3: ARARAT ANAPA ($105.38 in chips)
Seat 4: TbIP-TbIP 88 ($77.76 in chips)
TbIP-TbIP 88: posts small blind $1
ARARAT ANAPA: posts big blind $3
*** HOLE CARDS ***
TbIP-TbIP 88: raises $3 to $6
ARARAT ANAPA: calls $3
*** FLOP *** [Kc Ks 5d]
ARARAT ANAPA: bets $3
TbIP-TbIP 88: calls $3
*** TURN *** [Kc Ks 5d] [7s]
ARARAT ANAPA: bets $6
TbIP-TbIP 88: calls $6
*** RIVER *** [Kc Ks 5d 7s] [7c]
ARARAT ANAPA: checks
TbIP-TbIP 88: bets $6
ARARAT ANAPA: folds
Uncalled bet ($6) returned to TbIP-TbIP 88
TbIP-TbIP 88 collected $29.50 from pot
TbIP-TbIP 88: doesn't show hand
*** SUMMARY ***
Total pot $30 | Rake $0.50
Board [Kc Ks 5d 7s 7c]
Seat 3: ARARAT ANAPA (big blind) folded on the River
Seat 4: TbIP-TbIP 88 (button) (small blind) collected ($29.50)


PokerStars Hand #167301755055:  Hold'em Limit ($3/$6 USD) - 2017/03/08 13:50:38 ET
Table 'Chort II' 6-max Seat #3 is the button
Seat 3: ARARAT ANAPA ($90.38 in chips)
Seat 4: TbIP-TbIP 88 ($92.26 in chips)
ARARAT ANAPA: posts small blind $1
TbIP-TbIP 88: posts big blind $3
*** HOLE CARDS ***
ARARAT ANAPA: raises $3 to $6
TbIP-TbIP 88: raises $3 to $9
ARARAT ANAPA: calls $3
*** FLOP *** [2d 3s Ts]
TbIP-TbIP 88: bets $3
ARARAT ANAPA: calls $3
*** TURN *** [2d 3s Ts] [6h]
TbIP-TbIP 88: checks
ARARAT ANAPA: checks
*** RIVER *** [2d 3s Ts 6h] [2c]
TbIP-TbIP 88: bets $6
ARARAT ANAPA: calls $6
*** SHOW DOWN ***
TbIP-TbIP 88: shows [As Qc] (a pair of Deuces)
ARARAT ANAPA: mucks hand
TbIP-TbIP 88 collected $35.50 from pot
*** SUMMARY ***
Total pot $36 | Rake $0.50
Board [2d 3s Ts 6h 2c]
Seat 3: ARARAT ANAPA (button) (small blind) mucked
Seat 4: TbIP-TbIP 88 (big blind) showed [As Qc] and won ($35.50) with a pair of Deuces


PokerStars Hand #167301822334:  Hold'em Limit ($3/$6 USD) - 2017/03/08 13:52:01 ET
Table 'Chort II' 6-max Seat #3 is the button
Seat 3: ARARAT ANAPA ($98.88 in chips)
Seat 4: TbIP-TbIP 88 ($82.76 in chips)
ARARAT ANAPA: posts small blind $1
TbIP-TbIP 88: posts big blind $3
*** HOLE CARDS ***
ARARAT ANAPA: calls $2
TbIP-TbIP 88: checks
*** FLOP *** [Kh Qh 8c]
TbIP-TbIP 88: bets $3
ARARAT ANAPA: raises $3 to $6
TbIP-TbIP 88: calls $3
*** TURN *** [Kh Qh 8c] [2c]
TbIP-TbIP 88: checks
ARARAT ANAPA: bets $6
TbIP-TbIP 88: raises $6 to $12
ARARAT ANAPA: calls $6
*** RIVER *** [Kh Qh 8c 2c] [6h]
TbIP-TbIP 88: bets $6
ARARAT ANAPA: raises $6 to $12
TbIP-TbIP 88: calls $6
*** SHOW DOWN ***
ARARAT ANAPA: shows [3h 8h] (a flush, King high)
TbIP-TbIP 88: mucks hand
ARARAT ANAPA collected $65.50 from pot
*** SUMMARY ***
Total pot $66 | Rake $0.50
Board [Kh Qh 8c 2c 6h]
Seat 3: ARARAT ANAPA (button) (small blind) showed [3h 8h] and won ($65.50) with a flush, King high
Seat 4: TbIP-TbIP 88 (big blind) mucked


PokerStars Hand #167301791185:  Hold'em Limit ($3/$6 USD) - 2017/03/08 13:51:23 ET
Table 'Chort II' 6-max Seat #4 is the button
Seat 3: ARARAT ANAPA ($72.38 in chips)
Seat 4: TbIP-TbIP 88 ($109.76 in chips)
TbIP-TbIP 88: posts small blind $1
ARARAT ANAPA: posts big blind $3
*** HOLE CARDS ***
TbIP-TbIP 88: raises $3 to $6
ARARAT ANAPA: calls $3
*** FLOP *** [3h 4h 8c]
ARARAT ANAPA: checks
TbIP-TbIP 88: bets $3
ARARAT ANAPA: calls $3
*** TURN *** [3h 4h 8c] [2h]
ARARAT ANAPA: checks
TbIP-TbIP 88: bets $6
ARARAT ANAPA: calls $6
*** RIVER *** [3h 4h 8c 2h] [6c]
ARARAT ANAPA: checks
TbIP-TbIP 88: bets $6
ARARAT ANAPA: raises $6 to $12
TbIP-TbIP 88: calls $6
*** SHOW DOWN ***
ARARAT ANAPA: shows [5d Kh] (a straight, Deuce to Six)
TbIP-TbIP 88: mucks hand
ARARAT ANAPA collected $53.50 from pot
*** SUMMARY ***
Total pot $54 | Rake $0.50
Board [3h 4h 8c 2h 6c]
Seat 3: ARARAT ANAPA (big blind) showed [5d Kh] and won ($53.50) with a straight, Deuce to Six
Seat 4: TbIP-TbIP 88 (button) (small blind) mucked


PokerStars Hand #167301878034:  Hold'em Limit ($3/$6 USD) - 2017/03/08 13:53:10 ET
Table 'Chort II' 6-max Seat #3 is the button
Seat 3: ARARAT ANAPA ($140.02 in chips)
Seat 4: TbIP-TbIP 88 ($72 in chips)
ARARAT ANAPA: posts small blind $1
TbIP-TbIP 88: posts big blind $3
*** HOLE CARDS ***
ARARAT ANAPA: calls $2
TbIP-TbIP 88: raises $3 to $6
ARARAT ANAPA: calls $3
*** FLOP *** [9d Js 4s]
TbIP-TbIP 88: bets $3
ARARAT ANAPA: calls $3
*** TURN *** [9d Js 4s] [Jd]
TbIP-TbIP 88: checks
ARARAT ANAPA: checks
*** RIVER *** [9d Js 4s Jd] [2d]
TbIP-TbIP 88: bets $6
ARARAT ANAPA: folds
Uncalled bet ($6) returned to TbIP-TbIP 88
TbIP-TbIP 88 collected $17.64 from pot
TbIP-TbIP 88: doesn't show hand
*** SUMMARY ***
Total pot $18 | Rake $0.36
Board [9d Js 4s Jd 2d]
Seat 3: ARARAT ANAPA (button) (small blind) folded on the River
Seat 4: TbIP-TbIP 88 (big blind) collected ($17.64)


PokerStars Hand #167301862029:  Hold'em Limit ($3/$6 USD) - 2017/03/08 13:52:51 ET
Table 'Chort II' 6-max Seat #4 is the button
Seat 3: ARARAT ANAPA ($131.38 in chips)
Seat 4: TbIP-TbIP 88 ($72 in chips)
TbIP-TbIP 88: posts small blind $1
ARARAT ANAPA: posts big blind $3
*** HOLE CARDS ***
TbIP-TbIP 88: raises $3 to $6
ARARAT ANAPA: raises $3 to $9
TbIP-TbIP 88: calls $3
*** FLOP *** [4c Qc Ah]
ARARAT ANAPA: bets $3
TbIP-TbIP 88: folds
Uncalled bet ($3) returned to ARARAT ANAPA
ARARAT ANAPA collected $17.64 from pot
*** SUMMARY ***
Total pot $18 | Rake $0.36
Board [4c Qc Ah]
Seat 3: ARARAT ANAPA (big blind) collected ($17.64)
Seat 4: TbIP-TbIP 88 (button) (small blind) folded on the Flop


PokerStars Hand #167301918875:  Hold'em Limit ($3/$6 USD) - 2017/03/08 13:54:01 ET
Table 'Chort II' 6-max Seat #3 is the button
Seat 3: ARARAT ANAPA ($125.02 in chips)
Seat 4: TbIP-TbIP 88 ($86.40 in chips)
ARARAT ANAPA: posts small blind $1
TbIP-TbIP 88: posts big blind $3
*** HOLE CARDS ***
ARARAT ANAPA: calls $2
TbIP-TbIP 88: raises $3 to $6
ARARAT ANAPA: calls $3
*** FLOP *** [Qh 2h 3h]
TbIP-TbIP 88: bets $3
ARARAT ANAPA: folds
Uncalled bet ($3) returned to TbIP-TbIP 88
TbIP-TbIP 88 collected $11.76 from pot
TbIP-TbIP 88: doesn't show hand
*** SUMMARY ***
Total pot $12 | Rake $0.24
Board [Qh 2h 3h]
Seat 3: ARARAT ANAPA (button) (small blind) folded on the Flop
Seat 4: TbIP-TbIP 88 (big blind) collected ($11.76)


PokerStars Hand #167301907457:  Hold'em Limit ($3/$6 USD) - 2017/03/08 13:53:47 ET
Table 'Chort II' 6-max Seat #4 is the button
Seat 3: ARARAT ANAPA ($131.02 in chips)
Seat 4: TbIP-TbIP 88 ($80.64 in chips)
TbIP-TbIP 88: posts small blind $1
ARARAT ANAPA: posts big blind $3
*** HOLE CARDS ***
Menotti joins the table at seat #6
TbIP-TbIP 88: raises $3 to $6
ARARAT ANAPA: calls $3
*** FLOP *** [3c As 7c]
ARARAT ANAPA: checks
TbIP-TbIP 88: bets $3
ARARAT ANAPA: folds
Uncalled bet ($3) returned to TbIP-TbIP 88
TbIP-TbIP 88 collected $11.76 from pot
TbIP-TbIP 88: doesn't show hand
*** SUMMARY ***
Total pot $12 | Rake $0.24
Board [3c As 7c]
Seat 3: ARARAT ANAPA (big blind) folded on the Flop
Seat 4: TbIP-TbIP 88 (button) (small blind) collected ($11.76)


PokerStars Hand #167303157731:  Hold'em Limit ($3/$6 USD) - 2017/03/08 14:20:41 ET
Table 'Chort II' 6-max Seat #5 is the button
Seat 1: Fabulous108 ($185.89 in chips)
Seat 5: pulvris ($122.15 in chips)
pulvris: posts small blind $1
Apanage: is sitting out
Fabulous108: posts big blind $3
*** HOLE CARDS ***
pulvris: raises $3 to $6
Fabulous108: calls $3
*** FLOP *** [8c 5d 2h]
Fabulous108: checks
pulvris: bets $3
Fabulous108: raises $3 to $6
pulvris: calls $3
*** TURN *** [8c 5d 2h] [4d]
Fabulous108: bets $6
pulvris: calls $6
*** RIVER *** [8c 5d 2h 4d] [2d]
Fabulous108: bets $6
pulvris: calls $6
*** SHOW DOWN ***
Fabulous108: shows [Js 9d] (a pair of Deuces)
pulvris: shows [Ac Jc] (a pair of Deuces - Ace kicker)
pulvris collected $47.50 from pot
*** SUMMARY ***
Total pot $48 | Rake $0.50
Board [8c 5d 2h 4d 2d]
Seat 1: Fabulous108 (big blind) showed [Js 9d] and lost with a pair of Deuces
Seat 5: pulvris (button) (small blind) showed [Ac Jc] and won ($47.50) with a pair of Deuces


