PokerStars Hand #155049195357:  Hold'em Limit ($3/$6 USD) - 2016/06/22 3:14:54 ET
Table 'Chort' 6-max Seat #6 is the button
Seat 1: Ag3r0n ($72 in chips)
Seat 6: manly70 ($54.72 in chips)
manly70: posts small blind $1
Ag3r0n: posts big blind $3
*** HOLE CARDS ***
manly70: calls $2
Ag3r0n: raises $3 to $6
manly70: calls $3
*** FLOP *** [Ks Jd 5s]
Ag3r0n: bets $3
manly70: calls $3
*** TURN *** [Ks Jd 5s] [Jc]
Ag3r0n: checks
manly70: checks
*** RIVER *** [Ks Jd 5s Jc] [4s]
Ag3r0n: checks
manly70: bets $6
Ag3r0n: folds
Uncalled bet ($6) returned to manly70
manly70 collected $17.64 from pot
*** SUMMARY ***
Total pot $18 | Rake $0.36
Board [Ks Jd 5s Jc 4s]
Seat 1: Ag3r0n (big blind) folded on the River
Seat 6: manly70 (button) (small blind) collected ($17.64)


PokerStars Hand #155049203407:  Hold'em Limit ($3/$6 USD) - 2016/06/22 3:15:25 ET
Table 'Chort' 6-max Seat #1 is the button
Seat 1: Ag3r0n ($72 in chips)
Seat 6: manly70 ($63.36 in chips)
Ag3r0n: posts small blind $1
manly70: posts big blind $3
*** HOLE CARDS ***
Ag3r0n: raises $3 to $6
liolilove joins the table at seat #2
manly70: calls $3
*** FLOP *** [8d 3h Kc]
manly70: checks
Ag3r0n: bets $3
manly70: calls $3
*** TURN *** [8d 3h Kc] [2c]
manly70: checks
Ag3r0n: bets $6
manly70: calls $6
*** RIVER *** [8d 3h Kc 2c] [As]
manly70: checks
Ag3r0n: checks
*** SHOW DOWN ***
manly70: shows [Jc 8s] (a pair of Eights)
Ag3r0n: mucks hand
manly70 collected $29.50 from pot
*** SUMMARY ***
Total pot $30 | Rake $0.50
Board [8d 3h Kc 2c As]
Seat 1: Ag3r0n (button) (small blind) mucked
Seat 6: manly70 (big blind) showed [Jc 8s] and won ($29.50) with a pair of Eights


PokerStars Hand #155049208907:  Hold'em Limit ($3/$6 USD) - 2016/06/22 3:15:46 ET
Table 'Chort' 6-max Seat #6 is the button
Seat 1: Ag3r0n ($72 in chips)
Seat 6: manly70 ($77.86 in chips)
manly70: posts small blind $1
Ag3r0n: posts big blind $3
*** HOLE CARDS ***
manly70: raises $3 to $6
Ag3r0n: calls $3
*** FLOP *** [3d 7h Kc]
Ag3r0n: checks
manly70: bets $3
Ag3r0n: folds
Uncalled bet ($3) returned to manly70
manly70 collected $11.76 from pot
*** SUMMARY ***
Total pot $12 | Rake $0.24
Board [3d 7h Kc]
Seat 1: Ag3r0n (big blind) folded on the Flop
Seat 6: manly70 (button) (small blind) collected ($11.76)


PokerStars Hand #155049217783:  Hold'em Limit ($3/$6 USD) - 2016/06/22 3:16:22 ET
Table 'Chort' 6-max Seat #6 is the button
Seat 1: Ag3r0n ($83.52 in chips)
Seat 6: manly70 ($71.62 in chips)
manly70: posts small blind $1
Ag3r0n: posts big blind $3
*** HOLE CARDS ***
manly70: calls $2
Ag3r0n: checks
*** FLOP *** [5d Jh 4s]
Ag3r0n: bets $3
manly70: calls $3
*** TURN *** [5d Jh 4s] [2s]
Ag3r0n: bets $6
manly70: calls $6
*** RIVER *** [5d Jh 4s 2s] [Qc]
Ag3r0n: checks
manly70: bets $6
Ag3r0n: folds
Uncalled bet ($6) returned to manly70
manly70 collected $23.52 from pot
*** SUMMARY ***
Total pot $24 | Rake $0.48
Board [5d Jh 4s 2s Qc]
Seat 1: Ag3r0n (big blind) folded on the River
Seat 6: manly70 (button) (small blind) collected ($23.52)


PokerStars Hand #155049212835:  Hold'em Limit ($3/$6 USD) - 2016/06/22 3:16:02 ET
Table 'Chort' 6-max Seat #1 is the button
Seat 1: Ag3r0n ($72 in chips)
Seat 6: manly70 ($83.62 in chips)
Ag3r0n: posts small blind $1
manly70: posts big blind $3
*** HOLE CARDS ***
Ag3r0n: raises $3 to $6
manly70: calls $3
*** FLOP *** [3d Jd 9c]
manly70: checks
Ag3r0n: checks
*** TURN *** [3d Jd 9c] [Jh]
manly70: bets $6
Ag3r0n: calls $6
*** RIVER *** [3d Jd 9c Jh] [5s]
manly70: checks
Ag3r0n: checks
*** SHOW DOWN ***
manly70: shows [Td 8d] (a pair of Jacks)
Ag3r0n: shows [2d 2h] (two pair, Jacks and Deuces)
Ag3r0n collected $23.52 from pot
*** SUMMARY ***
Total pot $24 | Rake $0.48
Board [3d Jd 9c Jh 5s]
Seat 1: Ag3r0n (button) (small blind) showed [2d 2h] and won ($23.52) with two pair, Jacks and Deuces
Seat 6: manly70 (big blind) showed [Td 8d] and lost with a pair of Jacks


PokerStars Hand #155049225098:  Hold'em Limit ($3/$6 USD) - 2016/06/22 3:16:50 ET
Table 'Chort' 6-max Seat #1 is the button
Seat 1: Ag3r0n ($72 in chips)
Seat 6: manly70 ($83.14 in chips)
Ag3r0n: posts small blind $1
manly70: posts big blind $3
*** HOLE CARDS ***
Ag3r0n: raises $3 to $6
manly70: calls $3
*** FLOP *** [3h 9h 6s]
manly70: checks
Ag3r0n: bets $3
manly70: calls $3
*** TURN *** [3h 9h 6s] [8c]
manly70: checks
Ag3r0n: bets $6
manly70: raises $6 to $12
Ag3r0n: calls $6
*** RIVER *** [3h 9h 6s 8c] [9c]
manly70: checks
Ag3r0n: bets $6
manly70: calls $6
*** SHOW DOWN ***
Ag3r0n: shows [9s 7c] (three of a kind, Nines)
manly70: mucks hand
Ag3r0n collected $53.50 from pot
*** SUMMARY ***
Total pot $54 | Rake $0.50
Board [3h 9h 6s 8c 9c]
Seat 1: Ag3r0n (button) (small blind) showed [9s 7c] and won ($53.50) with three of a kind, Nines
Seat 6: manly70 (big blind) mucked


PokerStars Hand #155049231542:  Hold'em Limit ($3/$6 USD) - 2016/06/22 3:17:16 ET
Table 'Chort' 6-max Seat #6 is the button
Seat 1: Ag3r0n ($98.50 in chips)
Seat 6: manly70 ($56.14 in chips)
manly70: posts small blind $1
Ag3r0n: posts big blind $3
*** HOLE CARDS ***
manly70: folds
Uncalled bet ($2) returned to Ag3r0n
Ag3r0n collected $2 from pot
*** SUMMARY ***
Total pot $2 | Rake $0
Seat 1: Ag3r0n (big blind) collected ($2)
Seat 6: manly70 (button) (small blind) folded before Flop


PokerStars Hand #155049233221:  Hold'em Limit ($3/$6 USD) - 2016/06/22 3:17:22 ET
Table 'Chort' 6-max Seat #1 is the button
Seat 1: Ag3r0n ($99.50 in chips)
Seat 6: manly70 ($55.14 in chips)
Ag3r0n: posts small blind $1
manly70: posts big blind $3
*** HOLE CARDS ***
Ag3r0n: raises $3 to $6
manly70: calls $3
*** FLOP *** [7d 8c Jh]
manly70: checks
Ag3r0n: bets $3
manly70: calls $3
*** TURN *** [7d 8c Jh] [8s]
manly70: checks
Ag3r0n: bets $6
manly70: calls $6
*** RIVER *** [7d 8c Jh 8s] [5c]
manly70: checks
Ag3r0n: bets $6
manly70: calls $6
*** SHOW DOWN ***
Ag3r0n: shows [Js Qs] (two pair, Jacks and Eights)
manly70: mucks hand
Ag3r0n collected $41.50 from pot
*** SUMMARY ***
Total pot $42 | Rake $0.50
Board [7d 8c Jh 8s 5c]
Seat 1: Ag3r0n (button) (small blind) showed [Js Qs] and won ($41.50) with two pair, Jacks and Eights
Seat 6: manly70 (big blind) mucked


PokerStars Hand #155049258277:  Hold'em Limit ($3/$6 USD) - 2016/06/22 3:19:00 ET
Table 'Chort' 6-max Seat #6 is the button
Seat 1: Ag3r0n ($81.64 in chips)
Seat 6: manly70 ($72.28 in chips)
manly70: posts small blind $1
Ag3r0n: posts big blind $3
*** HOLE CARDS ***
manly70: folds
Uncalled bet ($2) returned to Ag3r0n
Ag3r0n collected $2 from pot
*** SUMMARY ***
Total pot $2 | Rake $0
Seat 1: Ag3r0n (big blind) collected ($2)
Seat 6: manly70 (button) (small blind) folded before Flop


PokerStars Hand #155049253815:  Hold'em Limit ($3/$6 USD) - 2016/06/22 3:18:42 ET
Table 'Chort' 6-max Seat #1 is the button
Seat 1: Ag3r0n ($73 in chips)
Seat 6: manly70 ($81.28 in chips)
Ag3r0n: posts small blind $1
manly70: posts big blind $3
*** HOLE CARDS ***
Ag3r0n: raises $3 to $6
manly70: calls $3
*** FLOP *** [8s Kc 2c]
manly70: checks
Ag3r0n: bets $3
manly70: calls $3
*** TURN *** [8s Kc 2c] [4h]
manly70: checks
Ag3r0n: checks
*** RIVER *** [8s Kc 2c 4h] [Jh]
manly70: checks
Ag3r0n: checks
*** SHOW DOWN ***
manly70: shows [Qs Td] (high card King)
Ag3r0n: shows [As 9s] (high card Ace)
Ag3r0n collected $17.64 from pot
*** SUMMARY ***
Total pot $18 | Rake $0.36
Board [8s Kc 2c 4h Jh]
Seat 1: Ag3r0n (button) (small blind) showed [As 9s] and won ($17.64) with high card Ace
Seat 6: manly70 (big blind) showed [Qs Td] and lost with high card King


PokerStars Hand #155049252402:  Hold'em Limit ($3/$6 USD) - 2016/06/22 3:18:37 ET
Table 'Chort' 6-max Seat #6 is the button
Seat 1: Ag3r0n ($72 in chips)
Seat 6: manly70 ($82.28 in chips)
manly70: posts small blind $1
Ag3r0n: posts big blind $3
*** HOLE CARDS ***
manly70: folds
Uncalled bet ($2) returned to Ag3r0n
Ag3r0n collected $2 from pot
*** SUMMARY ***
Total pot $2 | Rake $0
Seat 1: Ag3r0n (big blind) collected ($2)
Seat 6: manly70 (button) (small blind) folded before Flop


PokerStars Hand #155049247423:  Hold'em Limit ($3/$6 USD) - 2016/06/22 3:18:17 ET
Table 'Chort' 6-max Seat #1 is the button
Seat 1: Ag3r0n ($85.86 in chips)
Seat 6: manly70 ($67.78 in chips)
Ag3r0n: posts small blind $1
manly70: posts big blind $3
*** HOLE CARDS ***
Ag3r0n: raises $3 to $6
manly70: calls $3
*** FLOP *** [Qh 6s Ah]
manly70: checks
Ag3r0n: bets $3
manly70: raises $3 to $6
Ag3r0n: raises $3 to $9
manly70: calls $3
*** TURN *** [Qh 6s Ah] [7d]
manly70: checks
Ag3r0n: checks
*** RIVER *** [Qh 6s Ah 7d] [6d]
manly70: checks
Ag3r0n: checks
*** SHOW DOWN ***
manly70: shows [Th Kh] (a pair of Sixes)
Ag3r0n: mucks hand
manly70 collected $29.50 from pot
*** SUMMARY ***
Total pot $30 | Rake $0.50
Board [Qh 6s Ah 7d 6d]
Seat 1: Ag3r0n (button) (small blind) mucked
Seat 6: manly70 (big blind) showed [Th Kh] and won ($29.50) with a pair of Sixes


PokerStars Hand #155049268559:  Hold'em Limit ($3/$6 USD) - 2016/06/22 3:19:41 ET
Table 'Chort' 6-max Seat #1 is the button
Seat 1: Ag3r0n ($72 in chips)
Seat 6: manly70 ($85.68 in chips)
Ag3r0n: posts small blind $1
manly70: posts big blind $3
*** HOLE CARDS ***
Ag3r0n: folds
Uncalled bet ($2) returned to manly70
manly70 collected $2 from pot
*** SUMMARY ***
Total pot $2 | Rake $0
Seat 1: Ag3r0n (button) (small blind) folded before Flop
Seat 6: manly70 (big blind) collected ($2)


PokerStars Hand #155049264852:  Hold'em Limit ($3/$6 USD) - 2016/06/22 3:19:26 ET
Table 'Chort' 6-max Seat #6 is the button
Seat 1: Ag3r0n ($73.64 in chips)
Seat 6: manly70 ($79.92 in chips)
manly70: posts small blind $1
Ag3r0n: posts big blind $3
*** HOLE CARDS ***
manly70: calls $2
Ag3r0n: checks
*** FLOP *** [4h Ts As]
Ag3r0n: checks
manly70: bets $3
Ag3r0n: calls $3
*** TURN *** [4h Ts As] [Qs]
Ag3r0n: checks
manly70: bets $6
Ag3r0n: folds
Uncalled bet ($6) returned to manly70
manly70 collected $11.76 from pot
*** SUMMARY ***
Total pot $12 | Rake $0.24
Board [4h Ts As Qs]
Seat 1: Ag3r0n (big blind) folded on the Turn
Seat 6: manly70 (button) (small blind) collected ($11.76)


PokerStars Hand #155049259641:  Hold'em Limit ($3/$6 USD) - 2016/06/22 3:19:06 ET
Table 'Chort' 6-max Seat #1 is the button
Seat 1: Ag3r0n ($82.64 in chips)
Seat 6: manly70 ($71.28 in chips)
Ag3r0n: posts small blind $1
manly70: posts big blind $3
*** HOLE CARDS ***
Ag3r0n: raises $3 to $6
manly70: calls $3
*** FLOP *** [5d Ts Qh]
manly70: checks
Ag3r0n: bets $3
manly70: calls $3
*** TURN *** [5d Ts Qh] [4c]
manly70: checks
Ag3r0n: checks
*** RIVER *** [5d Ts Qh 4c] [7h]
manly70: bets $6
Ag3r0n: folds
Uncalled bet ($6) returned to manly70
manly70 collected $17.64 from pot
*** SUMMARY ***
Total pot $18 | Rake $0.36
Board [5d Ts Qh 4c 7h]
Seat 1: Ag3r0n (button) (small blind) folded on the River
Seat 6: manly70 (big blind) collected ($17.64)


PokerStars Hand #155049269936:  Hold'em Limit ($3/$6 USD) - 2016/06/22 3:19:46 ET
Table 'Chort' 6-max Seat #6 is the button
Seat 1: Ag3r0n ($72 in chips)
Seat 6: manly70 ($86.68 in chips)
manly70: posts small blind $1
Ag3r0n: posts big blind $3
*** HOLE CARDS ***
manly70: calls $2
Ag3r0n: raises $3 to $6
manly70: calls $3
*** FLOP *** [2d Jc Ah]
Ag3r0n: bets $3
manly70: calls $3
*** TURN *** [2d Jc Ah] [8c]
Ag3r0n: checks
manly70: checks
*** RIVER *** [2d Jc Ah 8c] [3d]
Ag3r0n: bets $6
manly70: folds
Uncalled bet ($6) returned to Ag3r0n
Ag3r0n collected $17.64 from pot
*** SUMMARY ***
Total pot $18 | Rake $0.36
Board [2d Jc Ah 8c 3d]
Seat 1: Ag3r0n (big blind) collected ($17.64)
Seat 6: manly70 (button) (small blind) folded on the River


PokerStars Hand #155049279626:  Hold'em Limit ($3/$6 USD) - 2016/06/22 3:20:24 ET
Table 'Chort' 6-max Seat #6 is the button
Seat 1: Ag3r0n ($74.64 in chips)
Seat 6: manly70 ($83.44 in chips)
manly70: posts small blind $1
Ag3r0n: posts big blind $3
*** HOLE CARDS ***
manly70: folds
Uncalled bet ($2) returned to Ag3r0n
Ag3r0n collected $2 from pot
*** SUMMARY ***
Total pot $2 | Rake $0
Seat 1: Ag3r0n (big blind) collected ($2)
Seat 6: manly70 (button) (small blind) folded before Flop


PokerStars Hand #155049275457:  Hold'em Limit ($3/$6 USD) - 2016/06/22 3:20:08 ET
Table 'Chort' 6-max Seat #1 is the button
Seat 1: Ag3r0n ($80.64 in chips)
Seat 6: manly70 ($77.68 in chips)
Ag3r0n: posts small blind $1
manly70: posts big blind $3
*** HOLE CARDS ***
Ag3r0n: raises $3 to $6
manly70: calls $3
*** FLOP *** [Js 7c Ac]
manly70: checks
Ag3r0n: checks
*** TURN *** [Js 7c Ac] [2d]
manly70: bets $6
Ag3r0n: folds
Uncalled bet ($6) returned to manly70
manly70 collected $11.76 from pot
*** SUMMARY ***
Total pot $12 | Rake $0.24
Board [Js 7c Ac 2d]
Seat 1: Ag3r0n (button) (small blind) folded on the Turn
Seat 6: manly70 (big blind) collected ($11.76)


PokerStars Hand #155049294144:  Hold'em Limit ($3/$6 USD) - 2016/06/22 3:21:22 ET
Table 'Chort' 6-max Seat #6 is the button
Seat 1: Ag3r0n ($103.78 in chips)
Seat 6: manly70 ($53.44 in chips)
manly70: posts small blind $1
Ag3r0n: posts big blind $3
*** HOLE CARDS ***
manly70: calls $2
Ag3r0n: checks
*** FLOP *** [Qc 7c As]
Ag3r0n: checks
manly70: checks
*** TURN *** [Qc 7c As] [Jh]
Ag3r0n: checks
manly70: checks
*** RIVER *** [Qc 7c As Jh] [5s]
Ag3r0n: checks
manly70: checks
*** SHOW DOWN ***
Ag3r0n: shows [3s 4d] (high card Ace)
manly70: shows [8c 6d] (high card Ace - Queen+Jack+Eight kicker)
manly70 collected $5.88 from pot
*** SUMMARY ***
Total pot $6 | Rake $0.12
Board [Qc 7c As Jh 5s]
Seat 1: Ag3r0n (big blind) showed [3s 4d] and lost with high card Ace
Seat 6: manly70 (button) (small blind) showed [8c 6d] and won ($5.88) with high card Ace


PokerStars Hand #155049301274:  Hold'em Limit ($3/$6 USD) - 2016/06/22 3:21:51 ET
Table 'Chort' 6-max Seat #6 is the button
Seat 1: Ag3r0n ($94.78 in chips)
Seat 6: manly70 ($62.08 in chips)
manly70: posts small blind $1
Ag3r0n: posts big blind $3
*** HOLE CARDS ***
manly70: raises $3 to $6
Ag3r0n: raises $3 to $9
manly70: raises $3 to $12
Betting is capped
Ag3r0n: calls $3
*** FLOP *** [7d 8s 3s]
Ag3r0n: checks
manly70: bets $3
Ag3r0n: calls $3
*** TURN *** [7d 8s 3s] [5c]
Ag3r0n: checks
manly70: bets $6
Ag3r0n: folds
Uncalled bet ($6) returned to manly70
manly70 collected $29.50 from pot
*** SUMMARY ***
Total pot $30 | Rake $0.50
Board [7d 8s 3s 5c]
Seat 1: Ag3r0n (big blind) folded on the Turn
Seat 6: manly70 (button) (small blind) collected ($29.50)


PokerStars Hand #155049298267:  Hold'em Limit ($3/$6 USD) - 2016/06/22 3:21:39 ET
Table 'Chort' 6-max Seat #1 is the button
Seat 1: Ag3r0n ($100.78 in chips)
Seat 6: manly70 ($56.32 in chips)
Ag3r0n: posts small blind $1
manly70: posts big blind $3
*** HOLE CARDS ***
Ag3r0n: raises $3 to $6
manly70: calls $3
*** FLOP *** [8s 7c 3h]
manly70: checks
Ag3r0n: checks
*** TURN *** [8s 7c 3h] [6c]
manly70: bets $6
Ag3r0n: folds
Uncalled bet ($6) returned to manly70
manly70 collected $11.76 from pot
*** SUMMARY ***
Total pot $12 | Rake $0.24
Board [8s 7c 3h 6c]
Seat 1: Ag3r0n (button) (small blind) folded on the Turn
Seat 6: manly70 (big blind) collected ($11.76)


PokerStars Hand #155049288043:  Hold'em Limit ($3/$6 USD) - 2016/06/22 3:20:57 ET
Table 'Chort' 6-max Seat #6 is the button
Seat 1: Ag3r0n ($96.14 in chips)
Seat 6: manly70 ($61.44 in chips)
manly70: posts small blind $1
Ag3r0n: posts big blind $3
*** HOLE CARDS ***
manly70: raises $3 to $6
Ag3r0n: calls $3
*** FLOP *** [Th 8c Ks]
Ag3r0n: checks
manly70: bets $3
Ag3r0n: calls $3
*** TURN *** [Th 8c Ks] [Ad]
Ag3r0n: checks
manly70: checks
*** RIVER *** [Th 8c Ks Ad] [2d]
Ag3r0n: checks
manly70: checks
*** SHOW DOWN ***
Ag3r0n: shows [8h 6h] (a pair of Eights)
manly70: mucks hand
Ag3r0n collected $17.64 from pot
*** SUMMARY ***
Total pot $18 | Rake $0.36
Board [Th 8c Ks Ad 2d]
Seat 1: Ag3r0n (big blind) showed [8h 6h] and won ($17.64) with a pair of Eights
Seat 6: manly70 (button) (small blind) mucked


PokerStars Hand #155049315282:  Hold'em Limit ($3/$6 USD) - 2016/06/22 3:22:46 ET
Table 'Chort' 6-max Seat #1 is the button
Seat 1: Ag3r0n ($94.03 in chips)
Seat 6: manly70 ($61.33 in chips)
Ag3r0n: posts small blind $1
manly70: posts big blind $3
*** HOLE CARDS ***
Ag3r0n: folds
Uncalled bet ($2) returned to manly70
manly70 collected $2 from pot
*** SUMMARY ***
Total pot $2 | Rake $0
Seat 1: Ag3r0n (button) (small blind) folded before Flop
Seat 6: manly70 (big blind) collected ($2)


PokerStars Hand #155049310165:  Hold'em Limit ($3/$6 USD) - 2016/06/22 3:22:26 ET
Table 'Chort' 6-max Seat #6 is the button
Seat 1: Ag3r0n ($94.28 in chips)
Seat 6: manly70 ($61.58 in chips)
manly70: posts small blind $1
Ag3r0n: posts big blind $3
*** HOLE CARDS ***
manly70: raises $3 to $6
Ag3r0n: calls $3
*** FLOP *** [Tc Th 9s]
Ag3r0n: checks
manly70: bets $3
Ag3r0n: calls $3
*** TURN *** [Tc Th 9s] [Jd]
Ag3r0n: checks
manly70: checks
*** RIVER *** [Tc Th 9s Jd] [Ac]
Ag3r0n: bets $6
manly70: calls $6
*** SHOW DOWN ***
Ag3r0n: shows [3d Ad] (two pair, Aces and Tens)
manly70: shows [5c As] (two pair, Aces and Tens)
Ag3r0n collected $14.75 from pot
manly70 collected $14.75 from pot
*** SUMMARY ***
Total pot $30 | Rake $0.50
Board [Tc Th 9s Jd Ac]
Seat 1: Ag3r0n (big blind) showed [3d Ad] and won ($14.75) with two pair, Aces and Tens
Seat 6: manly70 (button) (small blind) showed [5c As] and won ($14.75) with two pair, Aces and Tens


PokerStars Hand #155049305362:  Hold'em Limit ($3/$6 USD) - 2016/06/22 3:22:07 ET
Table 'Chort' 6-max Seat #1 is the button
Seat 1: Ag3r0n ($79.78 in chips)
Seat 6: manly70 ($76.58 in chips)
Ag3r0n: posts small blind $1
manly70: posts big blind $3
*** HOLE CARDS ***
Ag3r0n: raises $3 to $6
manly70: calls $3
*** FLOP *** [8c 7d Js]
manly70: checks
Ag3r0n: bets $3
manly70: calls $3
*** TURN *** [8c 7d Js] [4s]
manly70: checks
Ag3r0n: bets $6
manly70: calls $6
*** RIVER *** [8c 7d Js 4s] [3s]
manly70: checks
Ag3r0n: checks
*** SHOW DOWN ***
manly70: shows [5s 9d] (high card Jack)
Ag3r0n: shows [5d 4d] (a pair of Fours)
Ag3r0n collected $29.50 from pot
*** SUMMARY ***
Total pot $30 | Rake $0.50
Board [8c 7d Js 4s 3s]
Seat 1: Ag3r0n (button) (small blind) showed [5d 4d] and won ($29.50) with a pair of Fours
Seat 6: manly70 (big blind) showed [5s 9d] and lost with high card Jack


PokerStars Hand #155049331913:  Hold'em Limit ($3/$6 USD) - 2016/06/22 3:23:52 ET
Table 'Chort' 6-max Seat #6 is the button
Seat 1: Ag3r0n ($101.53 in chips)
Seat 6: manly70 ($53.09 in chips)
manly70: posts small blind $1
Ag3r0n: posts big blind $3
*** HOLE CARDS ***
manly70: calls $2
Ag3r0n: checks
*** FLOP *** [Jd Ts 6h]
Ag3r0n: bets $3
manly70: calls $3
*** TURN *** [Jd Ts 6h] [9c]
Ag3r0n: bets $6
manly70: raises $6 to $12
Ag3r0n: calls $6
*** RIVER *** [Jd Ts 6h 9c] [Td]
Ag3r0n: checks
manly70: bets $6
Ag3r0n: calls $6
*** SHOW DOWN ***
manly70: shows [8h Qc] (a straight, Eight to Queen)
Ag3r0n: mucks hand
manly70 collected $47.50 from pot
*** SUMMARY ***
Total pot $48 | Rake $0.50
Board [Jd Ts 6h 9c Td]
Seat 1: Ag3r0n (big blind) mucked
Seat 6: manly70 (button) (small blind) showed [8h Qc] and won ($47.50) with a straight, Eight to Queen


PokerStars Hand #155049322908:  Hold'em Limit ($3/$6 USD) - 2016/06/22 3:23:16 ET
Table 'Chort' 6-max Seat #1 is the button
Seat 1: Ag3r0n ($87.03 in chips)
Seat 6: manly70 ($68.09 in chips)
Ag3r0n: posts small blind $1
manly70: posts big blind $3
*** HOLE CARDS ***
Ag3r0n: raises $3 to $6
manly70: calls $3
*** FLOP *** [Qs Ad 8s]
manly70: checks
Ag3r0n: bets $3
manly70: calls $3
*** TURN *** [Qs Ad 8s] [4h]
manly70: checks
Ag3r0n: bets $6
manly70: calls $6
*** RIVER *** [Qs Ad 8s 4h] [5c]
manly70: checks
Ag3r0n: checks
*** SHOW DOWN ***
manly70: shows [8c 7d] (a pair of Eights)
Ag3r0n: shows [Qh 2s] (a pair of Queens)
Ag3r0n collected $29.50 from pot
*** SUMMARY ***
Total pot $30 | Rake $0.50
Board [Qs Ad 8s 4h 5c]
Seat 1: Ag3r0n (button) (small blind) showed [Qh 2s] and won ($29.50) with a pair of Queens
Seat 6: manly70 (big blind) showed [8c 7d] and lost with a pair of Eights


PokerStars Hand #155049330399:  Hold'em Limit ($3/$6 USD) - 2016/06/22 3:23:45 ET
Table 'Chort' 6-max Seat #1 is the button
Seat 1: Ag3r0n ($98.53 in chips)
Seat 6: manly70 ($56.09 in chips)
Ag3r0n: posts small blind $1
manly70: posts big blind $3
*** HOLE CARDS ***
Ag3r0n: raises $3 to $6
manly70: folds
Uncalled bet ($3) returned to Ag3r0n
Ag3r0n collected $6 from pot
*** SUMMARY ***
Total pot $6 | Rake $0
Seat 1: Ag3r0n (button) (small blind) collected ($6)
Seat 6: manly70 (big blind) folded before Flop


PokerStars Hand #155049321445:  Hold'em Limit ($3/$6 USD) - 2016/06/22 3:23:11 ET
Table 'Chort' 6-max Seat #6 is the button
Seat 1: Ag3r0n ($86.03 in chips)
Seat 6: manly70 ($69.09 in chips)
manly70: posts small blind $1
Ag3r0n: posts big blind $3
*** HOLE CARDS ***
manly70: folds
Uncalled bet ($2) returned to Ag3r0n
Ag3r0n collected $2 from pot
*** SUMMARY ***
Total pot $2 | Rake $0
Seat 1: Ag3r0n (big blind) collected ($2)
Seat 6: manly70 (button) (small blind) folded before Flop


PokerStars Hand #155049320232:  Hold'em Limit ($3/$6 USD) - 2016/06/22 3:23:06 ET
Table 'Chort' 6-max Seat #1 is the button
Seat 1: Ag3r0n ($87.03 in chips)
Seat 6: manly70 ($68.09 in chips)
Ag3r0n: posts small blind $1
manly70: posts big blind $3
*** HOLE CARDS ***
Ag3r0n: folds
Uncalled bet ($2) returned to manly70
manly70 collected $2 from pot
*** SUMMARY ***
Total pot $2 | Rake $0
Seat 1: Ag3r0n (button) (small blind) folded before Flop
Seat 6: manly70 (big blind) collected ($2)


PokerStars Hand #155049328364:  Hold'em Limit ($3/$6 USD) - 2016/06/22 3:23:38 ET
Table 'Chort' 6-max Seat #6 is the button
Seat 1: Ag3r0n ($101.53 in chips)
Seat 6: manly70 ($53.09 in chips)
manly70: posts small blind $1
Ag3r0n: posts big blind $3
*** HOLE CARDS ***
manly70: raises $3 to $6
Ag3r0n: folds
Uncalled bet ($3) returned to manly70
manly70 collected $6 from pot
*** SUMMARY ***
Total pot $6 | Rake $0
Seat 1: Ag3r0n (big blind) folded before Flop
Seat 6: manly70 (button) (small blind) collected ($6)


PokerStars Hand #155049345855:  Hold'em Limit ($3/$6 USD) - 2016/06/22 3:24:46 ET
Table 'Chort' 6-max Seat #1 is the button
Seat 1: Ag3r0n ($92.50 in chips)
Seat 6: manly70 ($79.09 in chips)
Ag3r0n: posts small blind $1
manly70: posts big blind $3
*** HOLE CARDS ***
Ag3r0n: raises $3 to $6
manly70: calls $3
*** FLOP *** [Jd Th Kd]
manly70: checks
Ag3r0n: bets $3
manly70: calls $3
*** TURN *** [Jd Th Kd] [3d]
manly70: checks
Ag3r0n: checks
*** RIVER *** [Jd Th Kd 3d] [2s]
manly70: checks
Ag3r0n: checks
*** SHOW DOWN ***
manly70: shows [3c As] (a pair of Threes)
Ag3r0n: mucks hand
manly70 collected $17.64 from pot
*** SUMMARY ***
Total pot $18 | Rake $0.36
Board [Jd Th Kd 3d 2s]
Seat 1: Ag3r0n (button) (small blind) mucked
Seat 6: manly70 (big blind) showed [3c As] and won ($17.64) with a pair of Threes


PokerStars Hand #155049340480:  Hold'em Limit ($3/$6 USD) - 2016/06/22 3:24:25 ET
Table 'Chort' 6-max Seat #6 is the button
Seat 1: Ag3r0n ($72 in chips)
Seat 6: manly70 ($100.09 in chips)
manly70: posts small blind $1
Ag3r0n: posts big blind $3
*** HOLE CARDS ***
manly70: raises $3 to $6
Ag3r0n: calls $3
*** FLOP *** [Ks 8h Kh]
Ag3r0n: checks
manly70: bets $3
Ag3r0n: calls $3
*** TURN *** [Ks 8h Kh] [7h]
Ag3r0n: bets $6
manly70: calls $6
*** RIVER *** [Ks 8h Kh 7h] [9c]
Ag3r0n: bets $6
manly70: calls $6
*** SHOW DOWN ***
Ag3r0n: shows [4h 3h] (a flush, King high)
manly70: mucks hand
Ag3r0n collected $41.50 from pot
*** SUMMARY ***
Total pot $42 | Rake $0.50
Board [Ks 8h Kh 7h 9c]
Seat 1: Ag3r0n (big blind) showed [4h 3h] and won ($41.50) with a flush, King high
Seat 6: manly70 (button) (small blind) mucked


PokerStars Hand #155049336235:  Hold'em Limit ($3/$6 USD) - 2016/06/22 3:24:08 ET
Table 'Chort' 6-max Seat #1 is the button
Seat 1: Ag3r0n ($77.53 in chips)
Seat 6: manly70 ($76.59 in chips)
Ag3r0n: posts small blind $1
manly70: posts big blind $3
*** HOLE CARDS ***
Ag3r0n: raises $3 to $6
manly70: calls $3
*** FLOP *** [4h 2s 9c]
manly70: checks
Ag3r0n: bets $3
manly70: raises $3 to $6
Ag3r0n: calls $3
*** TURN *** [4h 2s 9c] [Kh]
manly70: bets $6
Ag3r0n: calls $6
*** RIVER *** [4h 2s 9c Kh] [9s]
manly70: bets $6
Ag3r0n: calls $6
*** SHOW DOWN ***
manly70: shows [6d 6c] (two pair, Nines and Sixes)
Ag3r0n: mucks hand
manly70 collected $47.50 from pot
*** SUMMARY ***
Total pot $48 | Rake $0.50
Board [4h 2s 9c Kh 9s]
Seat 1: Ag3r0n (button) (small blind) mucked
Seat 6: manly70 (big blind) showed [6d 6c] and won ($47.50) with two pair, Nines and Sixes


PokerStars Hand #155049357565:  Hold'em Limit ($3/$6 USD) - 2016/06/22 3:25:33 ET
Table 'Chort' 6-max Seat #6 is the button
Seat 1: Ag3r0n ($92.02 in chips)
Seat 6: manly70 ($78.61 in chips)
manly70: posts small blind $1
Ag3r0n: posts big blind $3
*** HOLE CARDS ***
manly70: calls $2
Ag3r0n: checks
*** FLOP *** [2s 5d 9c]
Ag3r0n: checks
manly70: bets $3
Ag3r0n: folds
Uncalled bet ($3) returned to manly70
manly70 collected $5.88 from pot
*** SUMMARY ***
Total pot $6 | Rake $0.12
Board [2s 5d 9c]
Seat 1: Ag3r0n (big blind) folded on the Flop
Seat 6: manly70 (button) (small blind) collected ($5.88)


PokerStars Hand #155049353035:  Hold'em Limit ($3/$6 USD) - 2016/06/22 3:25:15 ET
Table 'Chort' 6-max Seat #1 is the button
Seat 1: Ag3r0n ($80.50 in chips)
Seat 6: manly70 ($90.61 in chips)
Ag3r0n: posts small blind $1
manly70: posts big blind $3
*** HOLE CARDS ***
Ag3r0n: raises $3 to $6
manly70: calls $3
*** FLOP *** [8s 9d 3d]
manly70: checks
Ag3r0n: checks
*** TURN *** [8s 9d 3d] [9h]
manly70: checks
Ag3r0n: bets $6
manly70: calls $6
*** RIVER *** [8s 9d 3d 9h] [Jc]
manly70: checks
Ag3r0n: bets $6
manly70: folds
Uncalled bet ($6) returned to Ag3r0n
Ag3r0n collected $23.52 from pot
*** SUMMARY ***
Total pot $24 | Rake $0.48
Board [8s 9d 3d 9h Jc]
Seat 1: Ag3r0n (button) (small blind) collected ($23.52)
Seat 6: manly70 (big blind) folded on the River


PokerStars Hand #155049360143:  Hold'em Limit ($3/$6 USD) - 2016/06/22 3:25:43 ET
Table 'Chort' 6-max Seat #1 is the button
Seat 1: Ag3r0n ($89.02 in chips)
Seat 6: manly70 ($81.49 in chips)
Ag3r0n: posts small blind $1
manly70: posts big blind $3
*** HOLE CARDS ***
Ag3r0n: raises $3 to $6
manly70: calls $3
*** FLOP *** [Td 2h 9c]
manly70: checks
Ag3r0n: bets $3
manly70: calls $3
*** TURN *** [Td 2h 9c] [Tc]
manly70: checks
Ag3r0n: bets $6
manly70: calls $6
*** RIVER *** [Td 2h 9c Tc] [6s]
manly70: checks
Ag3r0n: bets $6
manly70: folds
Uncalled bet ($6) returned to Ag3r0n
Ag3r0n collected $29.50 from pot
*** SUMMARY ***
Total pot $30 | Rake $0.50
Board [Td 2h 9c Tc 6s]
Seat 1: Ag3r0n (button) (small blind) collected ($29.50)
Seat 6: manly70 (big blind) folded on the River


PokerStars Hand #155049350308:  Hold'em Limit ($3/$6 USD) - 2016/06/22 3:25:04 ET
Table 'Chort' 6-max Seat #6 is the button
Seat 1: Ag3r0n ($83.50 in chips)
Seat 6: manly70 ($87.73 in chips)
manly70: posts small blind $1
Ag3r0n: posts big blind $3
*** HOLE CARDS ***
manly70: calls $2
Ag3r0n: checks
*** FLOP *** [5d Kc 6d]
Ag3r0n: checks
manly70: bets $3
Ag3r0n: folds
Uncalled bet ($3) returned to manly70
manly70 collected $5.88 from pot
*** SUMMARY ***
Total pot $6 | Rake $0.12
Board [5d Kc 6d]
Seat 1: Ag3r0n (big blind) folded on the Flop
Seat 6: manly70 (button) (small blind) collected ($5.88)


PokerStars Hand #155049379533:  Hold'em Limit ($3/$6 USD) - 2016/06/22 3:27:00 ET
Table 'Chort' 6-max Seat #6 is the button
Seat 1: Ag3r0n ($133.52 in chips)
Seat 6: manly70 ($35.25 in chips)
manly70: posts small blind $1
Ag3r0n: posts big blind $3
*** HOLE CARDS ***
manly70: raises $3 to $6
Ag3r0n: folds
Uncalled bet ($3) returned to manly70
manly70 collected $6 from pot
*** SUMMARY ***
Total pot $6 | Rake $0
Seat 1: Ag3r0n (big blind) folded before Flop
Seat 6: manly70 (button) (small blind) collected ($6)


PokerStars Hand #155049375276:  Hold'em Limit ($3/$6 USD) - 2016/06/22 3:26:43 ET
Table 'Chort' 6-max Seat #1 is the button
Seat 1: Ag3r0n ($119.02 in chips)
Seat 6: manly70 ($50.25 in chips)
Ag3r0n: posts small blind $1
manly70: posts big blind $3
*** HOLE CARDS ***
Ag3r0n: raises $3 to $6
manly70: calls $3
*** FLOP *** [Kh Kc 6s]
manly70: checks
Ag3r0n: bets $3
manly70: calls $3
*** TURN *** [Kh Kc 6s] [2s]
manly70: checks
Ag3r0n: bets $6
manly70: calls $6
*** RIVER *** [Kh Kc 6s 2s] [Jc]
manly70: checks
Ag3r0n: bets $6
manly70: folds
Uncalled bet ($6) returned to Ag3r0n
Ag3r0n collected $29.50 from pot
*** SUMMARY ***
Total pot $30 | Rake $0.50
Board [Kh Kc 6s 2s Jc]
Seat 1: Ag3r0n (button) (small blind) collected ($29.50)
Seat 6: manly70 (big blind) folded on the River


PokerStars Hand #155049367215:  Hold'em Limit ($3/$6 USD) - 2016/06/22 3:26:11 ET
Table 'Chort' 6-max Seat #1 is the button
Seat 1: Ag3r0n ($104.52 in chips)
Seat 6: manly70 ($65.49 in chips)
Ag3r0n: posts small blind $1
manly70: posts big blind $3
*** HOLE CARDS ***
Ag3r0n: raises $3 to $6
manly70: calls $3
*** FLOP *** [7h Td Ah]
manly70: checks
Ag3r0n: bets $3
manly70: calls $3
*** TURN *** [7h Td Ah] [8s]
manly70: checks
Ag3r0n: bets $6
manly70: calls $6
*** RIVER *** [7h Td Ah 8s] [Kd]
manly70: checks
Ag3r0n: bets $6
manly70: calls $6
*** SHOW DOWN ***
Ag3r0n: shows [Ts Ks] (two pair, Kings and Tens)
manly70: mucks hand
Ag3r0n collected $41.50 from pot
*** SUMMARY ***
Total pot $42 | Rake $0.50
Board [7h Td Ah 8s Kd]
Seat 1: Ag3r0n (button) (small blind) showed [Ts Ks] and won ($41.50) with two pair, Kings and Tens
Seat 6: manly70 (big blind) mucked


PokerStars Hand #155049365768:  Hold'em Limit ($3/$6 USD) - 2016/06/22 3:26:05 ET
Table 'Chort' 6-max Seat #6 is the button
Seat 1: Ag3r0n ($103.52 in chips)
Seat 6: manly70 ($66.49 in chips)
manly70: posts small blind $1
Ag3r0n: posts big blind $3
*** HOLE CARDS ***
manly70: folds
Uncalled bet ($2) returned to Ag3r0n
Ag3r0n collected $2 from pot
*** SUMMARY ***
Total pot $2 | Rake $0
Seat 1: Ag3r0n (big blind) collected ($2)
Seat 6: manly70 (button) (small blind) folded before Flop


PokerStars Hand #155049372300:  Hold'em Limit ($3/$6 USD) - 2016/06/22 3:26:31 ET
Table 'Chort' 6-max Seat #6 is the button
Seat 1: Ag3r0n ($125.02 in chips)
Seat 6: manly70 ($44.49 in chips)
manly70: posts small blind $1
Ag3r0n: posts big blind $3
*** HOLE CARDS ***
manly70: raises $3 to $6
Ag3r0n: calls $3
*** FLOP *** [2d Tc Jc]
Ag3r0n: checks
manly70: bets $3
Ag3r0n: folds
Uncalled bet ($3) returned to manly70
manly70 collected $11.76 from pot
*** SUMMARY ***
Total pot $12 | Rake $0.24
Board [2d Tc Jc]
Seat 1: Ag3r0n (big blind) folded on the Flop
Seat 6: manly70 (button) (small blind) collected ($11.76)


PokerStars Hand #155049394005:  Hold'em Limit ($3/$6 USD) - 2016/06/22 3:27:57 ET
Table 'Chort' 6-max Seat #1 is the button
Seat 1: Ag3r0n ($133.77 in chips)
Seat 6: manly70 ($34 in chips)
Ag3r0n: posts small blind $1
manly70: posts big blind $3
*** HOLE CARDS ***
Ag3r0n: raises $3 to $6
manly70: folds
Uncalled bet ($3) returned to Ag3r0n
Ag3r0n collected $6 from pot
*** SUMMARY ***
Total pot $6 | Rake $0
Seat 1: Ag3r0n (button) (small blind) collected ($6)
Seat 6: manly70 (big blind) folded before Flop


PokerStars Hand #155049382381:  Hold'em Limit ($3/$6 USD) - 2016/06/22 3:27:11 ET
Table 'Chort' 6-max Seat #6 is the button
Seat 1: Ag3r0n ($129.52 in chips)
Seat 6: manly70 ($39.25 in chips)
manly70: posts small blind $1
Ag3r0n: posts big blind $3
*** HOLE CARDS ***
manly70: folds
Uncalled bet ($2) returned to Ag3r0n
Ag3r0n collected $2 from pot
*** SUMMARY ***
Total pot $2 | Rake $0
Seat 1: Ag3r0n (big blind) collected ($2)
Seat 6: manly70 (button) (small blind) folded before Flop


PokerStars Hand #155049381118:  Hold'em Limit ($3/$6 USD) - 2016/06/22 3:27:06 ET
Table 'Chort' 6-max Seat #1 is the button
Seat 1: Ag3r0n ($130.52 in chips)
Seat 6: manly70 ($38.25 in chips)
Ag3r0n: posts small blind $1
manly70: posts big blind $3
*** HOLE CARDS ***
Ag3r0n: folds
Uncalled bet ($2) returned to manly70
manly70 collected $2 from pot
*** SUMMARY ***
Total pot $2 | Rake $0
Seat 1: Ag3r0n (button) (small blind) folded before Flop
Seat 6: manly70 (big blind) collected ($2)


PokerStars Hand #155049389489:  Hold'em Limit ($3/$6 USD) - 2016/06/22 3:27:39 ET
Table 'Chort' 6-max Seat #6 is the button
Seat 1: Ag3r0n ($151.02 in chips)
Seat 6: manly70 ($17.25 in chips)
manly70: posts small blind $1
Ag3r0n: posts big blind $3
*** HOLE CARDS ***
manly70: raises $3 to $6
Ag3r0n: calls $3
*** FLOP *** [9s 7d Tc]
Ag3r0n: checks
manly70: bets $3
Ag3r0n: calls $3
*** TURN *** [9s 7d Tc] [8h]
Ag3r0n: checks
manly70: bets $6
Ag3r0n: raises $6 to $12
manly70: calls $2.25 and is all-in
Uncalled bet ($3.75) returned to Ag3r0n
*** RIVER *** [9s 7d Tc 8h] [6h]
*** SHOW DOWN ***
Ag3r0n: shows [Qc 8d] (a straight, Six to Ten)
manly70: shows [Jc 5h] (a straight, Seven to Jack)
manly70 collected $34 from pot
*** SUMMARY ***
Total pot $34.50 | Rake $0.50
Board [9s 7d Tc 8h 6h]
Seat 1: Ag3r0n (big blind) showed [Qc 8d] and lost with a straight, Six to Ten
Seat 6: manly70 (button) (small blind) showed [Jc 5h] and won ($34) with a straight, Seven to Jack


PokerStars Hand #155049383963:  Hold'em Limit ($3/$6 USD) - 2016/06/22 3:27:17 ET
Table 'Chort' 6-max Seat #1 is the button
Seat 1: Ag3r0n ($130.52 in chips)
Seat 6: manly70 ($38.25 in chips)
Ag3r0n: posts small blind $1
manly70: posts big blind $3
*** HOLE CARDS ***
Ag3r0n: raises $3 to $6
manly70: calls $3
*** FLOP *** [Ad Kc 6s]
manly70: checks
Ag3r0n: bets $3
manly70: calls $3
*** TURN *** [Ad Kc 6s] [5c]
manly70: checks
Ag3r0n: bets $6
manly70: calls $6
*** RIVER *** [Ad Kc 6s 5c] [3s]
manly70: checks
Ag3r0n: bets $6
manly70: calls $6
*** SHOW DOWN ***
Ag3r0n: shows [6h 6c] (three of a kind, Sixes)
manly70: mucks hand
Ag3r0n collected $41.50 from pot
*** SUMMARY ***
Total pot $42 | Rake $0.50
Board [Ad Kc 6s 5c 3s]
Seat 1: Ag3r0n (button) (small blind) showed [6h 6c] and won ($41.50) with three of a kind, Sixes
Seat 6: manly70 (big blind) mucked


PokerStars Hand #155049406515:  Hold'em Limit ($3/$6 USD) - 2016/06/22 3:28:45 ET
Table 'Chort' 6-max Seat #6 is the button
Seat 1: Ag3r0n ($115.59 in chips)
Seat 6: manly70 ($51.32 in chips)
manly70: posts small blind $1
Ag3r0n: posts big blind $3
*** HOLE CARDS ***
manly70: calls $2
Ag3r0n: checks
*** FLOP *** [3c Kc 8s]
Ag3r0n: checks
manly70: checks
*** TURN *** [3c Kc 8s] [Jc]
Ag3r0n: checks
manly70: bets $6
Ag3r0n: folds
Uncalled bet ($6) returned to manly70
manly70 collected $5.88 from pot
*** SUMMARY ***
Total pot $6 | Rake $0.12
Board [3c Kc 8s Jc]
Seat 1: Ag3r0n (big blind) folded on the Turn
Seat 6: manly70 (button) (small blind) collected ($5.88)


PokerStars Hand #155049397324:  Hold'em Limit ($3/$6 USD) - 2016/06/22 3:28:09 ET
Table 'Chort' 6-max Seat #6 is the button
Seat 1: Ag3r0n ($136.77 in chips)
Seat 6: manly70 ($31 in chips)
manly70: posts small blind $1
Ag3r0n: posts big blind $3
*** HOLE CARDS ***
manly70: raises $3 to $6
Ag3r0n: calls $3
*** FLOP *** [8c 7h 4c]
Ag3r0n: checks
manly70: bets $3
Ag3r0n: calls $3
*** TURN *** [8c 7h 4c] [3c]
Ag3r0n: checks
manly70: bets $6
Ag3r0n: calls $6
*** RIVER *** [8c 7h 4c 3c] [6c]
Ag3r0n: bets $6
manly70: calls $6
*** SHOW DOWN ***
Ag3r0n: shows [Ad 5h] (a straight, Four to Eight)
manly70: shows [9s 9c] (a flush, Nine high)
manly70 collected $41.50 from pot
*** SUMMARY ***
Total pot $42 | Rake $0.50
Board [8c 7h 4c 3c 6c]
Seat 1: Ag3r0n (big blind) showed [Ad 5h] and lost with a straight, Four to Eight
Seat 6: manly70 (button) (small blind) showed [9s 9c] and won ($41.50) with a flush, Nine high


PokerStars Hand #155049402057:  Hold'em Limit ($3/$6 USD) - 2016/06/22 3:28:28 ET
Table 'Chort' 6-max Seat #1 is the button
Seat 1: Ag3r0n ($115.77 in chips)
Seat 6: manly70 ($51.50 in chips)
Ag3r0n: posts small blind $1
manly70: posts big blind $3
*** HOLE CARDS ***
Ag3r0n: raises $3 to $6
manly70: calls $3
*** FLOP *** [Ah Th Kc]
manly70: checks
Ag3r0n: bets $3
manly70: calls $3
*** TURN *** [Ah Th Kc] [5h]
manly70: checks
Ag3r0n: checks
*** RIVER *** [Ah Th Kc 5h] [Qh]
manly70: checks
Ag3r0n: checks
*** SHOW DOWN ***
manly70: shows [4s Qd] (a pair of Queens)
Ag3r0n: shows [Qs 3d] (a pair of Queens)
manly70 collected $8.82 from pot
Ag3r0n collected $8.82 from pot
*** SUMMARY ***
Total pot $18 | Rake $0.36
Board [Ah Th Kc 5h Qh]
Seat 1: Ag3r0n (button) (small blind) showed [Qs 3d] and won ($8.82) with a pair of Queens
Seat 6: manly70 (big blind) showed [4s Qd] and won ($8.82) with a pair of Queens


PokerStars Hand #155049417430:  Hold'em Limit ($3/$6 USD) - 2016/06/22 3:29:28 ET
Table 'Chort' 6-max Seat #1 is the button
Seat 1: Ag3r0n ($124.09 in chips)
Seat 6: manly70 ($42.20 in chips)
Ag3r0n: posts small blind $1
manly70: posts big blind $3
*** HOLE CARDS ***
Ag3r0n: raises $3 to $6
manly70: calls $3
*** FLOP *** [7s 8h 9s]
manly70: checks
Ag3r0n: bets $3
manly70: raises $3 to $6
Ag3r0n: calls $3
*** TURN *** [7s 8h 9s] [2d]
manly70: bets $6
Ag3r0n: calls $6
*** RIVER *** [7s 8h 9s 2d] [Td]
manly70: bets $6
Ag3r0n: raises $6 to $12
manly70: calls $6
*** SHOW DOWN ***
Ag3r0n: shows [6h Ah] (a straight, Six to Ten)
manly70: shows [Js 9d] (a straight, Seven to Jack)
manly70 collected $59.50 from pot
*** SUMMARY ***
Total pot $60 | Rake $0.50
Board [7s 8h 9s 2d Td]
Seat 1: Ag3r0n (button) (small blind) showed [6h Ah] and lost with a straight, Six to Ten
Seat 6: manly70 (big blind) showed [Js 9d] and won ($59.50) with a straight, Seven to Jack


PokerStars Hand #155049409860:  Hold'em Limit ($3/$6 USD) - 2016/06/22 3:28:58 ET
Table 'Chort' 6-max Seat #1 is the button
Seat 1: Ag3r0n ($112.59 in chips)
Seat 6: manly70 ($54.20 in chips)
Ag3r0n: posts small blind $1
manly70: posts big blind $3
*** HOLE CARDS ***
Ag3r0n: raises $3 to $6
manly70: calls $3
*** FLOP *** [3h 7h Td]
manly70: checks
Ag3r0n: bets $3
manly70: calls $3
*** TURN *** [3h 7h Td] [2h]
manly70: checks
Ag3r0n: bets $6
manly70: calls $6
*** RIVER *** [3h 7h Td 2h] [3c]
manly70: checks
Ag3r0n: bets $6
manly70: folds
Uncalled bet ($6) returned to Ag3r0n
Ag3r0n collected $29.50 from pot
*** SUMMARY ***
Total pot $30 | Rake $0.50
Board [3h 7h Td 2h 3c]
Seat 1: Ag3r0n (button) (small blind) collected ($29.50)
Seat 6: manly70 (big blind) folded on the River


PokerStars Hand #155049415094:  Hold'em Limit ($3/$6 USD) - 2016/06/22 3:29:18 ET
Table 'Chort' 6-max Seat #6 is the button
Seat 1: Ag3r0n ($127.09 in chips)
Seat 6: manly70 ($39.20 in chips)
manly70: posts small blind $1
Ag3r0n: posts big blind $3
*** HOLE CARDS ***
manly70: raises $3 to $6
Ag3r0n: folds
Uncalled bet ($3) returned to manly70
manly70 collected $6 from pot
*** SUMMARY ***
Total pot $6 | Rake $0
Seat 1: Ag3r0n (big blind) folded before Flop
Seat 6: manly70 (button) (small blind) collected ($6)


PokerStars Hand #155049434109:  Hold'em Limit ($3/$6 USD) - 2016/06/22 3:30:33 ET
Table 'Chort' 6-max Seat #6 is the button
Seat 1: Ag3r0n ($72 in chips)
Seat 6: manly70 ($95.20 in chips)
manly70: posts small blind $1
Ag3r0n: posts big blind $3
*** HOLE CARDS ***
manly70: calls $2
Ag3r0n: checks
*** FLOP *** [5h Kd 2d]
Ag3r0n: bets $3
manly70: raises $3 to $6
Ag3r0n: calls $3
*** TURN *** [5h Kd 2d] [7c]
Ag3r0n: checks
manly70: checks
*** RIVER *** [5h Kd 2d 7c] [4s]
Ag3r0n: checks
manly70: checks
*** SHOW DOWN ***
Ag3r0n: shows [5c 3h] (a pair of Fives)
manly70: shows [8d 5s] (a pair of Fives - King+Eight kicker)
manly70 collected $17.64 from pot
*** SUMMARY ***
Total pot $18 | Rake $0.36
Board [5h Kd 2d 7c 4s]
Seat 1: Ag3r0n (big blind) showed [5c 3h] and lost with a pair of Fives
Seat 6: manly70 (button) (small blind) showed [8d 5s] and won ($17.64) with a pair of Fives


PokerStars Hand #155049428687:  Hold'em Limit ($3/$6 USD) - 2016/06/22 3:30:11 ET
Table 'Chort' 6-max Seat #1 is the button
Seat 1: Ag3r0n ($99.85 in chips)
Seat 6: manly70 ($65.70 in chips)
Ag3r0n: posts small blind $1
manly70: posts big blind $3
*** HOLE CARDS ***
Ag3r0n: raises $3 to $6
manly70: raises $3 to $9
Ag3r0n: calls $3
*** FLOP *** [9h 4d 7h]
manly70: bets $3
Ag3r0n: calls $3
*** TURN *** [9h 4d 7h] [3s]
manly70: bets $6
Ag3r0n: calls $6
*** RIVER *** [9h 4d 7h 3s] [Js]
manly70: bets $6
Ag3r0n: raises $6 to $12
manly70: calls $6
*** SHOW DOWN ***
Ag3r0n: shows [6s 8s] (high card Jack)
manly70: shows [Qh Qs] (a pair of Queens)
manly70 collected $59.50 from pot
*** SUMMARY ***
Total pot $60 | Rake $0.50
Board [9h 4d 7h 3s Js]
Seat 1: Ag3r0n (button) (small blind) showed [6s 8s] and lost with high card Jack
Seat 6: manly70 (big blind) showed [Qh Qs] and won ($59.50) with a pair of Queens


PokerStars Hand #155049423265:  Hold'em Limit ($3/$6 USD) - 2016/06/22 3:29:50 ET
Table 'Chort' 6-max Seat #6 is the button
Seat 1: Ag3r0n ($94.09 in chips)
Seat 6: manly70 ($71.70 in chips)
manly70: posts small blind $1
Ag3r0n: posts big blind $3
*** HOLE CARDS ***
manly70: calls $2
Ag3r0n: checks
*** FLOP *** [Qh 2s Jd]
Ag3r0n: bets $3
manly70: calls $3
*** TURN *** [Qh 2s Jd] [7c]
Ag3r0n: bets $6
manly70: folds
Uncalled bet ($6) returned to Ag3r0n
Ag3r0n collected $11.76 from pot
*** SUMMARY ***
Total pot $12 | Rake $0.24
Board [Qh 2s Jd 7c]
Seat 1: Ag3r0n (big blind) collected ($11.76)
Seat 6: manly70 (button) (small blind) folded on the Turn


PokerStars Hand #155049443841:  Hold'em Limit ($3/$6 USD) - 2016/06/22 3:31:11 ET
Table 'Chort' 6-max Seat #6 is the button
Seat 1: Ag3r0n ($80.64 in chips)
Seat 6: manly70 ($94.84 in chips)
manly70: posts small blind $1
Ag3r0n: posts big blind $3
*** HOLE CARDS ***
manly70: calls $2
Ag3r0n: checks
*** FLOP *** [Ac As Th]
Ag3r0n: checks
manly70: checks
*** TURN *** [Ac As Th] [Tc]
Ag3r0n: checks
manly70: checks
*** RIVER *** [Ac As Th Tc] [6c]
Ag3r0n: checks
manly70: checks
*** SHOW DOWN ***
Ag3r0n: shows [4h 6d] (two pair, Aces and Tens)
manly70: shows [9h 5h] (two pair, Aces and Tens - Nine kicker)
manly70 collected $5.88 from pot
*** SUMMARY ***
Total pot $6 | Rake $0.12
Board [Ac As Th Tc 6c]
Seat 1: Ag3r0n (big blind) showed [4h 6d] and lost with two pair, Aces and Tens
Seat 6: manly70 (button) (small blind) showed [9h 5h] and won ($5.88) with two pair, Aces and Tens


PokerStars Hand #155049455640:  Hold'em Limit ($3/$6 USD) - 2016/06/22 3:31:57 ET
Table 'Chort' 6-max Seat #1 is the button
Seat 1: Ag3r0n ($73 in chips)
Seat 6: manly70 ($105.36 in chips)
Ag3r0n: posts small blind $1
manly70: posts big blind $3
*** HOLE CARDS ***
Ag3r0n: raises $3 to $6
manly70: folds
Uncalled bet ($3) returned to Ag3r0n
Ag3r0n collected $6 from pot
*** SUMMARY ***
Total pot $6 | Rake $0
Seat 1: Ag3r0n (button) (small blind) collected ($6)
Seat 6: manly70 (big blind) folded before Flop


PokerStars Hand #155049439425:  Hold'em Limit ($3/$6 USD) - 2016/06/22 3:30:54 ET
Table 'Chort' 6-max Seat #1 is the button
Seat 1: Ag3r0n ($72 in chips)
Seat 6: manly70 ($103.84 in chips)
Ag3r0n: posts small blind $1
manly70: posts big blind $3
*** HOLE CARDS ***
Ag3r0n: raises $3 to $6
manly70: calls $3
*** FLOP *** [8s 5s Td]
manly70: checks
Ag3r0n: bets $3
manly70: calls $3
*** TURN *** [8s 5s Td] [4h]
manly70: checks
Ag3r0n: bets $6
manly70: folds
Uncalled bet ($6) returned to Ag3r0n
Ag3r0n collected $17.64 from pot
*** SUMMARY ***
Total pot $18 | Rake $0.36
Board [8s 5s Td 4h]
Seat 1: Ag3r0n (button) (small blind) collected ($17.64)
Seat 6: manly70 (big blind) folded on the Turn


PokerStars Hand #155049453921:  Hold'em Limit ($3/$6 USD) - 2016/06/22 3:31:50 ET
Table 'Chort' 6-max Seat #6 is the button
Seat 1: Ag3r0n ($72 in chips)
Seat 6: manly70 ($106.36 in chips)
manly70: posts small blind $1
Ag3r0n: posts big blind $3
*** HOLE CARDS ***
manly70: folds
Uncalled bet ($2) returned to Ag3r0n
Ag3r0n collected $2 from pot
*** SUMMARY ***
Total pot $2 | Rake $0
Seat 1: Ag3r0n (big blind) collected ($2)
Seat 6: manly70 (button) (small blind) folded before Flop


PokerStars Hand #155049448399:  Hold'em Limit ($3/$6 USD) - 2016/06/22 3:31:29 ET
Table 'Chort' 6-max Seat #1 is the button
Seat 1: Ag3r0n ($77.64 in chips)
Seat 6: manly70 ($97.72 in chips)
Ag3r0n: posts small blind $1
manly70: posts big blind $3
*** HOLE CARDS ***
Ag3r0n: raises $3 to $6
manly70: calls $3
*** FLOP *** [Kd 7c Kc]
manly70: checks
Ag3r0n: bets $3
manly70: calls $3
*** TURN *** [Kd 7c Kc] [Th]
manly70: checks
Ag3r0n: checks
*** RIVER *** [Kd 7c Kc Th] [2c]
manly70: bets $6
Ag3r0n: folds
Uncalled bet ($6) returned to manly70
manly70 collected $17.64 from pot
*** SUMMARY ***
Total pot $18 | Rake $0.36
Board [Kd 7c Kc Th 2c]
Seat 1: Ag3r0n (button) (small blind) folded on the River
Seat 6: manly70 (big blind) collected ($17.64)


PokerStars Hand #155049470848:  Hold'em Limit ($3/$6 USD) - 2016/06/22 3:32:56 ET
Table 'Chort' 6-max Seat #1 is the button
Seat 1: Ag3r0n ($102.14 in chips)
Seat 6: manly70 ($75.12 in chips)
Ag3r0n: posts small blind $1
manly70: posts big blind $3
*** HOLE CARDS ***
Ag3r0n: folds
Uncalled bet ($2) returned to manly70
manly70 collected $2 from pot
*** SUMMARY ***
Total pot $2 | Rake $0
Seat 1: Ag3r0n (button) (small blind) folded before Flop
Seat 6: manly70 (big blind) collected ($2)


PokerStars Hand #155049465921:  Hold'em Limit ($3/$6 USD) - 2016/06/22 3:32:36 ET
Table 'Chort' 6-max Seat #6 is the button
Seat 1: Ag3r0n ($78.64 in chips)
Seat 6: manly70 ($99.12 in chips)
manly70: posts small blind $1
Ag3r0n: posts big blind $3
*** HOLE CARDS ***
manly70: raises $3 to $6
Ag3r0n: raises $3 to $9
manly70: calls $3
*** FLOP *** [Jd 3h 5d]
Ag3r0n: bets $3
manly70: calls $3
*** TURN *** [Jd 3h 5d] [Kc]
Ag3r0n: bets $6
manly70: calls $6
*** RIVER *** [Jd 3h 5d Kc] [4h]
Ag3r0n: bets $6
manly70: calls $6
*** SHOW DOWN ***
Ag3r0n: shows [Ac Ks] (a pair of Kings)
manly70: mucks hand
Ag3r0n collected $47.50 from pot
*** SUMMARY ***
Total pot $48 | Rake $0.50
Board [Jd 3h 5d Kc 4h]
Seat 1: Ag3r0n (big blind) showed [Ac Ks] and won ($47.50) with a pair of Kings
Seat 6: manly70 (button) (small blind) mucked


PokerStars Hand #155049462144:  Hold'em Limit ($3/$6 USD) - 2016/06/22 3:32:22 ET
Table 'Chort' 6-max Seat #1 is the button
Seat 1: Ag3r0n ($84.64 in chips)
Seat 6: manly70 ($93.36 in chips)
Ag3r0n: posts small blind $1
manly70: posts big blind $3
*** HOLE CARDS ***
Ag3r0n: raises $3 to $6
manly70: calls $3
*** FLOP *** [9s 5s Kh]
manly70: checks
Ag3r0n: checks
*** TURN *** [9s 5s Kh] [Qs]
manly70: bets $6
Ag3r0n: folds
Uncalled bet ($6) returned to manly70
manly70 collected $11.76 from pot
*** SUMMARY ***
Total pot $12 | Rake $0.24
Board [9s 5s Kh Qs]
Seat 1: Ag3r0n (button) (small blind) folded on the Turn
Seat 6: manly70 (big blind) collected ($11.76)


PokerStars Hand #155049457406:  Hold'em Limit ($3/$6 USD) - 2016/06/22 3:32:03 ET
Table 'Chort' 6-max Seat #6 is the button
Seat 1: Ag3r0n ($76 in chips)
Seat 6: manly70 ($102.36 in chips)
manly70: posts small blind $1
Ag3r0n: posts big blind $3
*** HOLE CARDS ***
manly70: raises $3 to $6
Ag3r0n: calls $3
*** FLOP *** [6c 8s 9s]
Ag3r0n: checks
manly70: bets $3
Ag3r0n: calls $3
*** TURN *** [6c 8s 9s] [Ac]
Ag3r0n: checks
manly70: checks
*** RIVER *** [6c 8s 9s Ac] [4h]
Ag3r0n: checks
manly70: checks
*** SHOW DOWN ***
Ag3r0n: shows [6h 7d] (a pair of Sixes)
manly70: mucks hand
Ag3r0n collected $17.64 from pot
*** SUMMARY ***
Total pot $18 | Rake $0.36
Board [6c 8s 9s Ac 4h]
Seat 1: Ag3r0n (big blind) showed [6h 7d] and won ($17.64) with a pair of Sixes
Seat 6: manly70 (button) (small blind) mucked


PokerStars Hand #155049472065:  Hold'em Limit ($3/$6 USD) - 2016/06/22 3:33:01 ET
Table 'Chort' 6-max Seat #6 is the button
Seat 1: Ag3r0n ($101.14 in chips)
Seat 6: manly70 ($76.12 in chips)
manly70: posts small blind $1
Ag3r0n: posts big blind $3
*** HOLE CARDS ***
manly70: calls $2
Ag3r0n: checks
*** FLOP *** [7s 5c Qs]
Ag3r0n: checks
manly70: bets $3
Ag3r0n: folds
Uncalled bet ($3) returned to manly70
manly70 collected $5.88 from pot
*** SUMMARY ***
Total pot $6 | Rake $0.12
Board [7s 5c Qs]
Seat 1: Ag3r0n (big blind) folded on the Flop
Seat 6: manly70 (button) (small blind) collected ($5.88)


PokerStars Hand #155049484658:  Hold'em Limit ($3/$6 USD) - 2016/06/22 3:33:49 ET
Table 'Chort' 6-max Seat #6 is the button
Seat 1: Ag3r0n ($119.40 in chips)
Seat 6: manly70 ($57 in chips)
manly70: posts small blind $1
Ag3r0n: posts big blind $3
*** HOLE CARDS ***
manly70: folds
Uncalled bet ($2) returned to Ag3r0n
Ag3r0n collected $2 from pot
*** SUMMARY ***
Total pot $2 | Rake $0
Seat 1: Ag3r0n (big blind) collected ($2)
Seat 6: manly70 (button) (small blind) folded before Flop


PokerStars Hand #155049479534:  Hold'em Limit ($3/$6 USD) - 2016/06/22 3:33:29 ET
Table 'Chort' 6-max Seat #1 is the button
Seat 1: Ag3r0n ($104.90 in chips)
Seat 6: manly70 ($72 in chips)
Ag3r0n: posts small blind $1
manly70: posts big blind $3
*** HOLE CARDS ***
Ag3r0n: raises $3 to $6
manly70: calls $3
*** FLOP *** [Kc 6s 7c]
manly70: checks
Ag3r0n: bets $3
manly70: calls $3
*** TURN *** [Kc 6s 7c] [2h]
manly70: checks
Ag3r0n: bets $6
manly70: calls $6
*** RIVER *** [Kc 6s 7c 2h] [Ks]
manly70: checks
Ag3r0n: bets $6
manly70: folds
Uncalled bet ($6) returned to Ag3r0n
Ag3r0n collected $29.50 from pot
*** SUMMARY ***
Total pot $30 | Rake $0.50
Board [Kc 6s 7c 2h Ks]
Seat 1: Ag3r0n (button) (small blind) collected ($29.50)
Seat 6: manly70 (big blind) folded on the River


PokerStars Hand #155049477810:  Hold'em Limit ($3/$6 USD) - 2016/06/22 3:33:23 ET
Table 'Chort' 6-max Seat #6 is the button
Seat 1: Ag3r0n ($103.90 in chips)
Seat 6: manly70 ($73 in chips)
manly70: posts small blind $1
Ag3r0n: posts big blind $3
*** HOLE CARDS ***
manly70: folds
Uncalled bet ($2) returned to Ag3r0n
Ag3r0n collected $2 from pot
*** SUMMARY ***
Total pot $2 | Rake $0
Seat 1: Ag3r0n (big blind) collected ($2)
Seat 6: manly70 (button) (small blind) folded before Flop


PokerStars Hand #155049474917:  Hold'em Limit ($3/$6 USD) - 2016/06/22 3:33:11 ET
Table 'Chort' 6-max Seat #1 is the button
Seat 1: Ag3r0n ($98.14 in chips)
Seat 6: manly70 ($79 in chips)
Ag3r0n: posts small blind $1
manly70: posts big blind $3
*** HOLE CARDS ***
Ag3r0n: raises $3 to $6
manly70: calls $3
*** FLOP *** [As Ad 8d]
manly70: checks
Ag3r0n: bets $3
manly70: folds
Uncalled bet ($3) returned to Ag3r0n
Ag3r0n collected $11.76 from pot
*** SUMMARY ***
Total pot $12 | Rake $0.24
Board [As Ad 8d]
Seat 1: Ag3r0n (button) (small blind) collected ($11.76)
Seat 6: manly70 (big blind) folded on the Flop


PokerStars Hand #155049492088:  Hold'em Limit ($3/$6 USD) - 2016/06/22 3:34:18 ET
Table 'Chort' 6-max Seat #1 is the button
Seat 1: Ag3r0n ($131.90 in chips)
Seat 6: manly70 ($44 in chips)
Ag3r0n: posts small blind $1
manly70: posts big blind $3
*** HOLE CARDS ***
Ag3r0n: folds
Uncalled bet ($2) returned to manly70
manly70 collected $2 from pot
*** SUMMARY ***
Total pot $2 | Rake $0
Seat 1: Ag3r0n (button) (small blind) folded before Flop
Seat 6: manly70 (big blind) collected ($2)


PokerStars Hand #155049490343:  Hold'em Limit ($3/$6 USD) - 2016/06/22 3:34:11 ET
Table 'Chort' 6-max Seat #6 is the button
Seat 1: Ag3r0n ($134.90 in chips)
Seat 6: manly70 ($41 in chips)
manly70: posts small blind $1
Ag3r0n: posts big blind $3
*** HOLE CARDS ***
manly70: raises $3 to $6
Ag3r0n: folds
Uncalled bet ($3) returned to manly70
manly70 collected $6 from pot
*** SUMMARY ***
Total pot $6 | Rake $0
Seat 1: Ag3r0n (big blind) folded before Flop
Seat 6: manly70 (button) (small blind) collected ($6)


PokerStars Hand #155049486223:  Hold'em Limit ($3/$6 USD) - 2016/06/22 3:33:55 ET
Table 'Chort' 6-max Seat #1 is the button
Seat 1: Ag3r0n ($120.40 in chips)
Seat 6: manly70 ($56 in chips)
Ag3r0n: posts small blind $1
manly70: posts big blind $3
*** HOLE CARDS ***
Ag3r0n: raises $3 to $6
manly70: calls $3
*** FLOP *** [Jh Qs Td]
manly70: checks
Ag3r0n: bets $3
manly70: calls $3
*** TURN *** [Jh Qs Td] [Ks]
manly70: checks
Ag3r0n: bets $6
manly70: calls $6
*** RIVER *** [Jh Qs Td Ks] [Jd]
manly70: checks
Ag3r0n: checks
*** SHOW DOWN ***
manly70: shows [4s Kh] (two pair, Kings and Jacks)
Ag3r0n: shows [9c Th] (a straight, Nine to King)
Ag3r0n collected $29.50 from pot
*** SUMMARY ***
Total pot $30 | Rake $0.50
Board [Jh Qs Td Ks Jd]
Seat 1: Ag3r0n (button) (small blind) showed [9c Th] and won ($29.50) with a straight, Nine to King
Seat 6: manly70 (big blind) showed [4s Kh] and lost with two pair, Kings and Jacks


PokerStars Hand #155049493456:  Hold'em Limit ($3/$6 USD) - 2016/06/22 3:34:23 ET
Table 'Chort' 6-max Seat #6 is the button
Seat 1: Ag3r0n ($130.90 in chips)
Seat 6: manly70 ($45 in chips)
manly70: posts small blind $1
Ag3r0n: posts big blind $3
*** HOLE CARDS ***
manly70: calls $2
Ag3r0n: checks
*** FLOP *** [4h 7c 3d]
Ag3r0n: checks
manly70: checks
*** TURN *** [4h 7c 3d] [Jh]
Ag3r0n: checks
manly70: checks
*** RIVER *** [4h 7c 3d Jh] [4d]
Ag3r0n: checks
manly70: checks
*** SHOW DOWN ***
Ag3r0n: shows [Qd 2h] (a pair of Fours)
manly70: shows [8s Qc] (a pair of Fours - Queen+Jack+Eight kicker)
manly70 collected $5.88 from pot
*** SUMMARY ***
Total pot $6 | Rake $0.12
Board [4h 7c 3d Jh 4d]
Seat 1: Ag3r0n (big blind) showed [Qd 2h] and lost with a pair of Fours
Seat 6: manly70 (button) (small blind) showed [8s Qc] and won ($5.88) with a pair of Fours


PokerStars Hand #155049507731:  Hold'em Limit ($3/$6 USD) - 2016/06/22 3:35:18 ET
Table 'Chort' 6-max Seat #1 is the button
Seat 1: Ag3r0n ($130.42 in chips)
Seat 6: manly70 ($44.52 in chips)
Ag3r0n: posts small blind $1
manly70: posts big blind $3
*** HOLE CARDS ***
Ag3r0n: raises $3 to $6
manly70: calls $3
*** FLOP *** [Ac Kh 9c]
manly70: checks
Ag3r0n: bets $3
manly70: folds
Uncalled bet ($3) returned to Ag3r0n
Ag3r0n collected $11.76 from pot
*** SUMMARY ***
Total pot $12 | Rake $0.24
Board [Ac Kh 9c]
Seat 1: Ag3r0n (button) (small blind) collected ($11.76)
Seat 6: manly70 (big blind) folded on the Flop


PokerStars Hand #155049510780:  Hold'em Limit ($3/$6 USD) - 2016/06/22 3:35:30 ET
Table 'Chort' 6-max Seat #6 is the button
Seat 1: Ag3r0n ($136.18 in chips)
Seat 6: manly70 ($38.52 in chips)
manly70: posts small blind $1
Ag3r0n: posts big blind $3
*** HOLE CARDS ***
manly70: raises $3 to $6
Ag3r0n: raises $3 to $9
manly70: calls $3
*** FLOP *** [8c 8d 5s]
Ag3r0n: bets $3
manly70: calls $3
*** TURN *** [8c 8d 5s] [4d]
Ag3r0n: bets $6
manly70: calls $6
*** RIVER *** [8c 8d 5s 4d] [9s]
Ag3r0n: bets $6
manly70: folds
Uncalled bet ($6) returned to Ag3r0n
Ag3r0n collected $35.50 from pot
*** SUMMARY ***
Total pot $36 | Rake $0.50
Board [8c 8d 5s 4d 9s]
Seat 1: Ag3r0n (big blind) collected ($35.50)
Seat 6: manly70 (button) (small blind) folded on the River


PokerStars Hand #155049516353:  Hold'em Limit ($3/$6 USD) - 2016/06/22 3:35:51 ET
Table 'Chort' 6-max Seat #6 is the button
Seat 1: Ag3r0n ($152.68 in chips)
Seat 6: manly70 ($21.52 in chips)
manly70: posts small blind $1
Ag3r0n: posts big blind $3
*** HOLE CARDS ***
manly70: folds
Uncalled bet ($2) returned to Ag3r0n
Ag3r0n collected $2 from pot
*** SUMMARY ***
Total pot $2 | Rake $0
Seat 1: Ag3r0n (big blind) collected ($2)
Seat 6: manly70 (button) (small blind) folded before Flop


PokerStars Hand #155049515133:  Hold'em Limit ($3/$6 USD) - 2016/06/22 3:35:46 ET
Table 'Chort' 6-max Seat #1 is the button
Seat 1: Ag3r0n ($153.68 in chips)
Seat 6: manly70 ($20.52 in chips)
Ag3r0n: posts small blind $1
manly70: posts big blind $3
*** HOLE CARDS ***
Ag3r0n: folds
Uncalled bet ($2) returned to manly70
manly70 collected $2 from pot
*** SUMMARY ***
Total pot $2 | Rake $0
Seat 1: Ag3r0n (button) (small blind) folded before Flop
Seat 6: manly70 (big blind) collected ($2)


PokerStars Hand #155049502511:  Hold'em Limit ($3/$6 USD) - 2016/06/22 3:34:58 ET
Table 'Chort' 6-max Seat #6 is the button
Seat 1: Ag3r0n ($118.90 in chips)
Seat 6: manly70 ($56.52 in chips)
manly70: posts small blind $1
Ag3r0n: posts big blind $3
*** HOLE CARDS ***
manly70: calls $2
Ag3r0n: checks
*** FLOP *** [9h Jc As]
Ag3r0n: checks
manly70: bets $3
Ag3r0n: calls $3
*** TURN *** [9h Jc As] [4d]
Ag3r0n: checks
manly70: checks
*** RIVER *** [9h Jc As 4d] [Tc]
Ag3r0n: bets $6
manly70: calls $6
*** SHOW DOWN ***
Ag3r0n: shows [Ad 7h] (a pair of Aces)
manly70: mucks hand
Ag3r0n collected $23.52 from pot
*** SUMMARY ***
Total pot $24 | Rake $0.48
Board [9h Jc As 4d Tc]
Seat 1: Ag3r0n (big blind) showed [Ad 7h] and won ($23.52) with a pair of Aces
Seat 6: manly70 (button) (small blind) mucked


PokerStars Hand #155049525070:  Hold'em Limit ($3/$6 USD) - 2016/06/22 3:36:24 ET
Table 'Chort' 6-max Seat #1 is the button
Seat 1: Ag3r0n ($169.18 in chips)
Seat 6: manly70 ($4.52 in chips)
Ag3r0n: posts small blind $1
manly70: posts big blind $3
*** HOLE CARDS ***
Ag3r0n: raises $3 to $6
manly70: calls $1.52 and is all-in
Uncalled bet ($1.48) returned to Ag3r0n
*** FLOP *** [4s 5s 3d]
*** TURN *** [4s 5s 3d] [7s]
*** RIVER *** [4s 5s 3d 7s] [Qd]
*** SHOW DOWN ***
manly70: shows [Qs 9s] (a flush, Queen high)
Ag3r0n: shows [8c 7c] (a pair of Sevens)
manly70 collected $8.86 from pot
*** SUMMARY ***
Total pot $9.04 | Rake $0.18
Board [4s 5s 3d 7s Qd]
Seat 1: Ag3r0n (button) (small blind) showed [8c 7c] and lost with a pair of Sevens
Seat 6: manly70 (big blind) showed [Qs 9s] and won ($8.86) with a flush, Queen high


PokerStars Hand #155049518031:  Hold'em Limit ($3/$6 USD) - 2016/06/22 3:35:57 ET
Table 'Chort' 6-max Seat #1 is the button
Seat 1: Ag3r0n ($153.68 in chips)
Seat 6: manly70 ($20.52 in chips)
Ag3r0n: posts small blind $1
manly70: posts big blind $3
*** HOLE CARDS ***
Ag3r0n: raises $3 to $6
manly70: calls $3
*** FLOP *** [9s Th 5s]
manly70: checks
Ag3r0n: bets $3
manly70: calls $3
*** TURN *** [9s Th 5s] [2h]
manly70: checks
Ag3r0n: bets $6
manly70: calls $6
*** RIVER *** [9s Th 5s 2h] [6s]
manly70: checks
Ag3r0n: checks
*** SHOW DOWN ***
manly70: shows [8d Qc] (high card Queen)
Ag3r0n: shows [Jd Qh] (high card Queen - Jack kicker)
Ag3r0n collected $29.50 from pot
*** SUMMARY ***
Total pot $30 | Rake $0.50
Board [9s Th 5s 2h 6s]
Seat 1: Ag3r0n (button) (small blind) showed [Jd Qh] and won ($29.50) with high card Queen
Seat 6: manly70 (big blind) showed [8d Qc] and lost with high card Queen


PokerStars Hand #155049528358:  Hold'em Limit ($3/$6 USD) - 2016/06/22 3:36:37 ET
Table 'Chort' 6-max Seat #6 is the button
Seat 1: Ag3r0n ($164.66 in chips)
Seat 6: manly70 ($8.86 in chips)
manly70: posts small blind $1
Ag3r0n: posts big blind $3
*** HOLE CARDS ***
manly70: raises $3 to $6
Ag3r0n: raises $3 to $9
manly70: calls $2.86 and is all-in
Uncalled bet ($0.14) returned to Ag3r0n
*** FLOP *** [Kh 8c 3s]
*** TURN *** [Kh 8c 3s] [Jc]
*** RIVER *** [Kh 8c 3s Jc] [Qc]
*** SHOW DOWN ***
Ag3r0n: shows [Ad Ks] (a pair of Kings)
manly70: shows [Qd As] (a pair of Queens)
Ag3r0n collected $17.37 from pot
*** SUMMARY ***
Total pot $17.72 | Rake $0.35
Board [Kh 8c 3s Jc Qc]
Seat 1: Ag3r0n (big blind) showed [Ad Ks] and won ($17.37) with a pair of Kings
Seat 6: manly70 (button) (small blind) showed [Qd As] and lost with a pair of Queens


PokerStars Hand #155049523682:  Hold'em Limit ($3/$6 USD) - 2016/06/22 3:36:19 ET
Table 'Chort' 6-max Seat #6 is the button
Seat 1: Ag3r0n ($168.18 in chips)
Seat 6: manly70 ($5.52 in chips)
manly70: posts small blind $1
Ag3r0n: posts big blind $3
*** HOLE CARDS ***
manly70: folds
Uncalled bet ($2) returned to Ag3r0n
Ag3r0n collected $2 from pot
*** SUMMARY ***
Total pot $2 | Rake $0
Seat 1: Ag3r0n (big blind) collected ($2)
Seat 6: manly70 (button) (small blind) folded before Flop


