PokerStars Hand #167818245483:  Hold'em Limit ($3/$6 USD) - 2017/03/19 15:12:59 ET
Table 'Chort III' 6-max Seat #5 is the button
Seat 4: MTails ($66.26 in chips)
Seat 5: luxsheriff ($121.66 in chips)
luxsheriff: posts small blind $1
MTails: posts big blind $3
*** HOLE CARDS ***
luxsheriff: raises $3 to $6
MTails: calls $3
*** FLOP *** [6s As 5d]
MTails: checks
luxsheriff: bets $3
MTails: raises $3 to $6
luxsheriff: calls $3
*** TURN *** [6s As 5d] [7s]
BLITZKRIIEG5 joins the table at seat #3
MTails: bets $6
luxsheriff: calls $6
*** RIVER *** [6s As 5d 7s] [6h]
MTails: bets $6
luxsheriff: calls $6
*** SHOW DOWN ***
MTails: shows [Ad Qd] (two pair, Aces and Sixes)
luxsheriff: mucks hand
MTails collected $47.50 from pot
*** SUMMARY ***
Total pot $48 | Rake $0.50
Board [6s As 5d 7s 6h]
Seat 4: MTails (big blind) showed [Ad Qd] and won ($47.50) with two pair, Aces and Sixes
Seat 5: luxsheriff (button) (small blind) mucked


PokerStars Hand #167818225074:  Hold'em Limit ($3/$6 USD) - 2017/03/19 15:12:41 ET
Table 'Chort III' 6-max Seat #4 is the button
Seat 4: MTails ($90.26 in chips)
Seat 5: luxsheriff ($98.16 in chips)
MTails: posts small blind $1
luxsheriff: posts big blind $3
*** HOLE CARDS ***
MTails: raises $3 to $6
luxsheriff: raises $3 to $9
MTails: calls $3
*** FLOP *** [Qc As 9c]
luxsheriff: bets $3
MTails: calls $3
*** TURN *** [Qc As 9c] [Js]
luxsheriff: bets $6
MTails: calls $6
*** RIVER *** [Qc As 9c Js] [5d]
luxsheriff: bets $6
MTails: calls $6
*** SHOW DOWN ***
luxsheriff: shows [Qh Jd] (two pair, Queens and Jacks)
MTails: mucks hand
luxsheriff collected $47.50 from pot
*** SUMMARY ***
Total pot $48 | Rake $0.50
Board [Qc As 9c Js 5d]
Seat 4: MTails (button) (small blind) mucked
Seat 5: luxsheriff (big blind) showed [Qh Jd] and won ($47.50) with two pair, Queens and Jacks


PokerStars Hand #167818195572:  Hold'em Limit ($3/$6 USD) - 2017/03/19 15:12:12 ET
Table 'Chort III' 6-max Seat #5 is the button
Seat 4: MTails ($111.26 in chips)
Seat 5: luxsheriff ($77.66 in chips)
luxsheriff: posts small blind $1
MTails: posts big blind $3
*** HOLE CARDS ***
luxsheriff: raises $3 to $6
MTails: calls $3
*** FLOP *** [3c Jh 6c]
MTails: checks
luxsheriff: bets $3
MTails: calls $3
*** TURN *** [3c Jh 6c] [7h]
MTails: checks
luxsheriff: bets $6
MTails: raises $6 to $12
luxsheriff: calls $6
*** RIVER *** [3c Jh 6c 7h] [Ah]
MTails: checks
luxsheriff: checks
*** SHOW DOWN ***
MTails: shows [8d 7c] (a pair of Sevens)
luxsheriff: shows [9c 9s] (a pair of Nines)
luxsheriff collected $41.50 from pot
*** SUMMARY ***
Total pot $42 | Rake $0.50
Board [3c Jh 6c 7h Ah]
Seat 4: MTails (big blind) showed [8d 7c] and lost with a pair of Sevens
Seat 5: luxsheriff (button) (small blind) showed [9c 9s] and won ($41.50) with a pair of Nines


PokerStars Hand #167818268871:  Hold'em Limit ($3/$6 USD) - 2017/03/19 15:13:20 ET
Table 'Chort III' 6-max Seat #4 is the button
Seat 4: MTails ($149.76 in chips)
Seat 5: luxsheriff ($97.66 in chips)
MTails: posts small blind $1
luxsheriff: posts big blind $3
*** HOLE CARDS ***
MTails: raises $3 to $6
luxsheriff: calls $3
*** FLOP *** [Ad 8h 4s]
luxsheriff: checks
MTails: bets $3
luxsheriff: calls $3
*** TURN *** [Ad 8h 4s] [Ah]
luxsheriff: checks
MTails: bets $6
luxsheriff: folds
Uncalled bet ($6) returned to MTails
MTails collected $17.64 from pot
*** SUMMARY ***
Total pot $18 | Rake $0.36
Board [Ad 8h 4s Ah]
Seat 4: MTails (button) (small blind) collected ($17.64)
Seat 5: luxsheriff (big blind) folded on the Turn


