PokerStars Hand #162540135774:  Hold'em Limit ($3/$6 USD) - 2016/12/06 23:01:51 ET
Table 'Chort' 6-max Seat #2 is the button
Seat 2: AIZXYQ88 ($151.09 in chips)
Seat 4: B_loJkl ($122.56 in chips)
AIZXYQ88: posts small blind $1
B_loJkl: posts big blind $3
*** HOLE CARDS ***
AIZXYQ88: folds
Uncalled bet ($2) returned to B_loJkl
B_loJkl collected $2 from pot
B_loJkl: doesn't show hand
*** SUMMARY ***
Total pot $2 | Rake $0
Seat 2: AIZXYQ88 (button) (small blind) folded before Flop
Seat 4: B_loJkl (big blind) collected ($2)


PokerStars Hand #162540148947:  Hold'em Limit ($3/$6 USD) - 2016/12/06 23:02:30 ET
Table 'Chort' 6-max Seat #2 is the button
Seat 2: AIZXYQ88 ($164.59 in chips)
Seat 4: B_loJkl ($108.56 in chips)
AIZXYQ88: posts small blind $1
B_loJkl: posts big blind $3
*** HOLE CARDS ***
AIZXYQ88: folds
Uncalled bet ($2) returned to B_loJkl
B_loJkl collected $2 from pot
B_loJkl: doesn't show hand
*** SUMMARY ***
Total pot $2 | Rake $0
Seat 2: AIZXYQ88 (button) (small blind) folded before Flop
Seat 4: B_loJkl (big blind) collected ($2)


PokerStars Hand #162540137765:  Hold'em Limit ($3/$6 USD) - 2016/12/06 23:01:57 ET
Table 'Chort' 6-max Seat #4 is the button
Seat 2: AIZXYQ88 ($150.09 in chips)
Seat 4: B_loJkl ($123.56 in chips)
B_loJkl: posts small blind $1
AIZXYQ88: posts big blind $3
*** HOLE CARDS ***
B_loJkl: raises $3 to $6
AIZXYQ88: calls $3
*** FLOP *** [4h Ad Ah]
AIZXYQ88: checks
B_loJkl: bets $3
AIZXYQ88: calls $3
*** TURN *** [4h Ad Ah] [8c]
AIZXYQ88: checks
B_loJkl: bets $6
AIZXYQ88: raises $6 to $12
B_loJkl: folds
Uncalled bet ($6) returned to AIZXYQ88
AIZXYQ88 collected $29.50 from pot
*** SUMMARY ***
Total pot $30 | Rake $0.50
Board [4h Ad Ah 8c]
Seat 2: AIZXYQ88 (big blind) collected ($29.50)
Seat 4: B_loJkl (button) (small blind) folded on the Turn


PokerStars Hand #162540164742:  Hold'em Limit ($3/$6 USD) - 2016/12/06 23:03:17 ET
Table 'Chort' 6-max Seat #2 is the button
Seat 2: AIZXYQ88 ($136.59 in chips)
Seat 4: B_loJkl ($136.06 in chips)
AIZXYQ88: posts small blind $1
B_loJkl: posts big blind $3
*** HOLE CARDS ***
AIZXYQ88: folds
Uncalled bet ($2) returned to B_loJkl
B_loJkl collected $2 from pot
B_loJkl: doesn't show hand
*** SUMMARY ***
Total pot $2 | Rake $0
Seat 2: AIZXYQ88 (button) (small blind) folded before Flop
Seat 4: B_loJkl (big blind) collected ($2)


PokerStars Hand #162540152665:  Hold'em Limit ($3/$6 USD) - 2016/12/06 23:02:41 ET
Table 'Chort' 6-max Seat #4 is the button
Seat 2: AIZXYQ88 ($163.59 in chips)
Seat 4: B_loJkl ($109.56 in chips)
B_loJkl: posts small blind $1
AIZXYQ88: posts big blind $3
*** HOLE CARDS ***
B_loJkl: raises $3 to $6
AIZXYQ88: raises $3 to $9
B_loJkl: calls $3
*** FLOP *** [3c Ah 2c]
AIZXYQ88: bets $3
B_loJkl: raises $3 to $6
AIZXYQ88: calls $3
*** TURN *** [3c Ah 2c] [9d]
AIZXYQ88: checks
B_loJkl: bets $6
AIZXYQ88: calls $6
*** RIVER *** [3c Ah 2c 9d] [Qs]
AIZXYQ88: checks
B_loJkl: bets $6
AIZXYQ88: calls $6
*** SHOW DOWN ***
B_loJkl: shows [9s 3d] (two pair, Nines and Threes)
AIZXYQ88: mucks hand
B_loJkl collected $53.50 from pot
*** SUMMARY ***
Total pot $54 | Rake $0.50
Board [3c Ah 2c 9d Qs]
Seat 2: AIZXYQ88 (big blind) mucked
Seat 4: B_loJkl (button) (small blind) showed [9s 3d] and won ($53.50) with two pair, Nines and Threes


PokerStars Hand #162540167000:  Hold'em Limit ($3/$6 USD) - 2016/12/06 23:03:24 ET
Table 'Chort' 6-max Seat #4 is the button
Seat 2: AIZXYQ88 ($135.59 in chips)
Seat 4: B_loJkl ($137.06 in chips)
B_loJkl: posts small blind $1
AIZXYQ88: posts big blind $3
*** HOLE CARDS ***
B_loJkl: raises $3 to $6
AIZXYQ88: calls $3
*** FLOP *** [3c Kh 6s]
AIZXYQ88: checks
B_loJkl: bets $3
AIZXYQ88: raises $3 to $6
B_loJkl: calls $3
*** TURN *** [3c Kh 6s] [9c]
AIZXYQ88: bets $6
B_loJkl: calls $6
*** RIVER *** [3c Kh 6s 9c] [5d]
AIZXYQ88: bets $6
B_loJkl: calls $6
*** SHOW DOWN ***
AIZXYQ88: shows [3d Qs] (a pair of Threes)
B_loJkl: shows [8d Ks] (a pair of Kings)
B_loJkl collected $47.50 from pot
*** SUMMARY ***
Total pot $48 | Rake $0.50
Board [3c Kh 6s 9c 5d]
Seat 2: AIZXYQ88 (big blind) showed [3d Qs] and lost with a pair of Threes
Seat 4: B_loJkl (button) (small blind) showed [8d Ks] and won ($47.50) with a pair of Kings


PokerStars Hand #162540178727:  Hold'em Limit ($3/$6 USD) - 2016/12/06 23:03:59 ET
Table 'Chort' 6-max Seat #2 is the button
Seat 2: AIZXYQ88 ($111.59 in chips)
Seat 4: B_loJkl ($160.56 in chips)
AIZXYQ88: posts small blind $1
B_loJkl: posts big blind $3
*** HOLE CARDS ***
AIZXYQ88: raises $3 to $6
B_loJkl: calls $3
*** FLOP *** [7c 5h 3c]
B_loJkl: checks
AIZXYQ88: bets $3
B_loJkl: calls $3
*** TURN *** [7c 5h 3c] [4d]
B_loJkl: checks
AIZXYQ88: bets $6
B_loJkl: calls $6
*** RIVER *** [7c 5h 3c 4d] [Jd]
B_loJkl: checks
AIZXYQ88: checks
*** SHOW DOWN ***
B_loJkl: shows [Kd Qh] (high card King)
AIZXYQ88: shows [Ts 3s] (a pair of Threes)
AIZXYQ88 collected $29.50 from pot
*** SUMMARY ***
Total pot $30 | Rake $0.50
Board [7c 5h 3c 4d Jd]
Seat 2: AIZXYQ88 (button) (small blind) showed [Ts 3s] and won ($29.50) with a pair of Threes
Seat 4: B_loJkl (big blind) showed [Kd Qh] and lost with high card King


PokerStars Hand #162540191718:  Hold'em Limit ($3/$6 USD) - 2016/12/06 23:04:38 ET
Table 'Chort' 6-max Seat #4 is the button
Seat 2: AIZXYQ88 ($126.09 in chips)
Seat 4: B_loJkl ($145.56 in chips)
B_loJkl: posts small blind $1
AIZXYQ88: posts big blind $3
*** HOLE CARDS ***
B_loJkl: raises $3 to $6
AIZXYQ88: calls $3
*** FLOP *** [6d 8c Qh]
AIZXYQ88: checks
B_loJkl: checks
*** TURN *** [6d 8c Qh] [Jc]
AIZXYQ88: bets $6
B_loJkl: calls $6
*** RIVER *** [6d 8c Qh Jc] [Ad]
AIZXYQ88: bets $6
B_loJkl: folds
Uncalled bet ($6) returned to AIZXYQ88
AIZXYQ88 collected $23.52 from pot
AIZXYQ88: doesn't show hand
*** SUMMARY ***
Total pot $24 | Rake $0.48
Board [6d 8c Qh Jc Ad]
Seat 2: AIZXYQ88 (big blind) collected ($23.52)
Seat 4: B_loJkl (button) (small blind) folded on the River


PokerStars Hand #162540225399:  Hold'em Limit ($3/$6 USD) - 2016/12/06 23:06:19 ET
Table 'Chort' 6-max Seat #4 is the button
Seat 2: AIZXYQ88 ($158.11 in chips)
Seat 4: B_loJkl ($112.56 in chips)
B_loJkl: posts small blind $1
AIZXYQ88: posts big blind $3
*** HOLE CARDS ***
B_loJkl: raises $3 to $6
AIZXYQ88: raises $3 to $9
B_loJkl: calls $3
*** FLOP *** [6d 8d As]
AIZXYQ88: bets $3
B_loJkl: calls $3
*** TURN *** [6d 8d As] [Ts]
AIZXYQ88: bets $6
B_loJkl: folds
Uncalled bet ($6) returned to AIZXYQ88
AIZXYQ88 collected $23.52 from pot
*** SUMMARY ***
Total pot $24 | Rake $0.48
Board [6d 8d As Ts]
Seat 2: AIZXYQ88 (big blind) collected ($23.52)
Seat 4: B_loJkl (button) (small blind) folded on the Turn


PokerStars Hand #162540206504:  Hold'em Limit ($3/$6 USD) - 2016/12/06 23:05:22 ET
Table 'Chort' 6-max Seat #2 is the button
Seat 2: AIZXYQ88 ($137.61 in chips)
Seat 4: B_loJkl ($133.56 in chips)
AIZXYQ88: posts small blind $1
B_loJkl: posts big blind $3
*** HOLE CARDS ***
AIZXYQ88: raises $3 to $6
B_loJkl: calls $3
*** FLOP *** [As 2s 3c]
B_loJkl: checks
AIZXYQ88: bets $3
B_loJkl: calls $3
*** TURN *** [As 2s 3c] [2h]
B_loJkl: checks
AIZXYQ88: bets $6
B_loJkl: calls $6
*** RIVER *** [As 2s 3c 2h] [8s]
B_loJkl: checks
AIZXYQ88: bets $6
B_loJkl: calls $6
*** SHOW DOWN ***
AIZXYQ88: shows [Ad 7d] (two pair, Aces and Deuces)
B_loJkl: mucks hand
AIZXYQ88 collected $41.50 from pot
*** SUMMARY ***
Total pot $42 | Rake $0.50
Board [As 2s 3c 2h 8s]
Seat 2: AIZXYQ88 (button) (small blind) showed [Ad 7d] and won ($41.50) with two pair, Aces and Deuces
Seat 4: B_loJkl (big blind) mucked


PokerStars Hand #162540236180:  Hold'em Limit ($3/$6 USD) - 2016/12/06 23:06:52 ET
Table 'Chort' 6-max Seat #2 is the button
Seat 2: AIZXYQ88 ($169.63 in chips)
Seat 4: B_loJkl ($100.56 in chips)
AIZXYQ88: posts small blind $1
B_loJkl: posts big blind $3
*** HOLE CARDS ***
AIZXYQ88: raises $3 to $6
B_loJkl: folds
Uncalled bet ($3) returned to AIZXYQ88
AIZXYQ88 collected $6 from pot
AIZXYQ88: doesn't show hand
*** SUMMARY ***
Total pot $6 | Rake $0
Seat 2: AIZXYQ88 (button) (small blind) collected ($6)
Seat 4: B_loJkl (big blind) folded before Flop


PokerStars Hand #162540255392:  Hold'em Limit ($3/$6 USD) - 2016/12/06 23:07:51 ET
Table 'Chort' 6-max Seat #4 is the button
Seat 2: AIZXYQ88 ($195.13 in chips)
Seat 4: B_loJkl ($74.56 in chips)
B_loJkl: posts small blind $1
AIZXYQ88: posts big blind $3
*** HOLE CARDS ***
B_loJkl: raises $3 to $6
AIZXYQ88: folds
Uncalled bet ($3) returned to B_loJkl
B_loJkl collected $6 from pot
B_loJkl: doesn't show hand
*** SUMMARY ***
Total pot $6 | Rake $0
Seat 2: AIZXYQ88 (big blind) folded before Flop
Seat 4: B_loJkl (button) (small blind) collected ($6)


PokerStars Hand #162540252369:  Hold'em Limit ($3/$6 USD) - 2016/12/06 23:07:41 ET
Table 'Chort' 6-max Seat #2 is the button
Seat 2: AIZXYQ88 ($196.13 in chips)
Seat 4: B_loJkl ($73.56 in chips)
AIZXYQ88: posts small blind $1
B_loJkl: posts big blind $3
*** HOLE CARDS ***
AIZXYQ88: folds
Uncalled bet ($2) returned to B_loJkl
B_loJkl collected $2 from pot
B_loJkl: doesn't show hand
*** SUMMARY ***
Total pot $2 | Rake $0
Seat 2: AIZXYQ88 (button) (small blind) folded before Flop
Seat 4: B_loJkl (big blind) collected ($2)


PokerStars Hand #162540239294:  Hold'em Limit ($3/$6 USD) - 2016/12/06 23:07:01 ET
Table 'Chort' 6-max Seat #4 is the button
Seat 2: AIZXYQ88 ($172.63 in chips)
Seat 4: B_loJkl ($97.56 in chips)
B_loJkl: posts small blind $1
AIZXYQ88: posts big blind $3
*** HOLE CARDS ***
B_loJkl: raises $3 to $6
AIZXYQ88: calls $3
*** FLOP *** [Qh 3s 9c]
AIZXYQ88: checks
B_loJkl: bets $3
AIZXYQ88: raises $3 to $6
B_loJkl: calls $3
*** TURN *** [Qh 3s 9c] [Jd]
AIZXYQ88: bets $6
B_loJkl: calls $6
*** RIVER *** [Qh 3s 9c Jd] [6c]
AIZXYQ88: bets $6
B_loJkl: calls $6
*** SHOW DOWN ***
AIZXYQ88: shows [Qs 2c] (a pair of Queens)
B_loJkl: mucks hand
AIZXYQ88 collected $47.50 from pot
*** SUMMARY ***
Total pot $48 | Rake $0.50
Board [Qh 3s 9c Jd 6c]
Seat 2: AIZXYQ88 (big blind) showed [Qs 2c] and won ($47.50) with a pair of Queens
Seat 4: B_loJkl (button) (small blind) mucked


PokerStars Hand #162540258735:  Hold'em Limit ($3/$6 USD) - 2016/12/06 23:08:01 ET
Table 'Chort' 6-max Seat #2 is the button
Seat 2: AIZXYQ88 ($192.13 in chips)
Seat 4: B_loJkl ($77.56 in chips)
AIZXYQ88: posts small blind $1
B_loJkl: posts big blind $3
*** HOLE CARDS ***
AIZXYQ88: raises $3 to $6
B_loJkl: folds
Uncalled bet ($3) returned to AIZXYQ88
AIZXYQ88 collected $6 from pot
*** SUMMARY ***
Total pot $6 | Rake $0
Seat 2: AIZXYQ88 (button) (small blind) collected ($6)
Seat 4: B_loJkl (big blind) folded before Flop


PokerStars Hand #162540269355:  Hold'em Limit ($3/$6 USD) - 2016/12/06 23:08:34 ET
Table 'Chort' 6-max Seat #4 is the button
Seat 2: AIZXYQ88 ($195.13 in chips)
Seat 4: B_loJkl ($74.56 in chips)
B_loJkl: posts small blind $1
AIZXYQ88: posts big blind $3
*** HOLE CARDS ***
B_loJkl: raises $3 to $6
AIZXYQ88: raises $3 to $9
B_loJkl: calls $3
*** FLOP *** [Jc 7s 7d]
AIZXYQ88: bets $3
B_loJkl: calls $3
*** TURN *** [Jc 7s 7d] [Ad]
AIZXYQ88: bets $6
B_loJkl: calls $6
*** RIVER *** [Jc 7s 7d Ad] [Th]
AIZXYQ88: bets $6
B_loJkl: folds
Uncalled bet ($6) returned to AIZXYQ88
AIZXYQ88 collected $35.50 from pot
*** SUMMARY ***
Total pot $36 | Rake $0.50
Board [Jc 7s 7d Ad Th]
Seat 2: AIZXYQ88 (big blind) collected ($35.50)
Seat 4: B_loJkl (button) (small blind) folded on the River


PokerStars Hand #162540311411:  Hold'em Limit ($3/$6 USD) - 2016/12/06 23:10:43 ET
Table 'Chort' 6-max Seat #3 is the button
Seat 2: AIZXYQ88 ($211.63 in chips)
Seat 3: B_loJkl ($150 in chips)
B_loJkl: posts small blind $1
AIZXYQ88: posts big blind $3
*** HOLE CARDS ***
B_loJkl: raises $3 to $6
AIZXYQ88: calls $3
*** FLOP *** [6h Qs 7c]
AIZXYQ88: checks
B_loJkl: bets $3
AIZXYQ88: raises $3 to $6
B_loJkl: calls $3
*** TURN *** [6h Qs 7c] [Td]
AIZXYQ88: bets $6
B_loJkl: calls $6
*** RIVER *** [6h Qs 7c Td] [7d]
AIZXYQ88: checks
B_loJkl: bets $6
AIZXYQ88: calls $6
*** SHOW DOWN ***
B_loJkl: shows [4h 8h] (a pair of Sevens)
AIZXYQ88: shows [Jc Kd] (a pair of Sevens - King kicker)
AIZXYQ88 collected $47.50 from pot
*** SUMMARY ***
Total pot $48 | Rake $0.50
Board [6h Qs 7c Td 7d]
Seat 2: AIZXYQ88 (big blind) showed [Jc Kd] and won ($47.50) with a pair of Sevens
Seat 3: B_loJkl (button) (small blind) showed [4h 8h] and lost with a pair of Sevens


PokerStars Hand #162540289436:  Hold'em Limit ($3/$6 USD) - 2016/12/06 23:09:35 ET
Table 'Chort' 6-max Seat #2 is the button
Seat 2: AIZXYQ88 ($212.63 in chips)
Seat 4: B_loJkl ($56.56 in chips)
AIZXYQ88: posts small blind $1
B_loJkl: posts big blind $3
*** HOLE CARDS ***
AIZXYQ88 has timed out while being disconnected
AIZXYQ88: folds
Uncalled bet ($2) returned to B_loJkl
AIZXYQ88 is disconnected
B_loJkl collected $2 from pot
B_loJkl: doesn't show hand
*** SUMMARY ***
Total pot $2 | Rake $0
Seat 2: AIZXYQ88 (button) (small blind) folded before Flop
Seat 4: B_loJkl (big blind) collected ($2)


PokerStars Hand #162540319548:  Hold'em Limit ($3/$6 USD) - 2016/12/06 23:11:08 ET
Table 'Chort' 6-max Seat #2 is the button
Seat 2: AIZXYQ88 ($235.13 in chips)
Seat 3: B_loJkl ($126 in chips)
AIZXYQ88: posts small blind $1
B_loJkl: posts big blind $3
*** HOLE CARDS ***
AIZXYQ88: folds
Uncalled bet ($2) returned to B_loJkl
B_loJkl collected $2 from pot
B_loJkl: doesn't show hand
*** SUMMARY ***
Total pot $2 | Rake $0
Seat 2: AIZXYQ88 (button) (small blind) folded before Flop
Seat 3: B_loJkl (big blind) collected ($2)


PokerStars Hand #162540321504:  Hold'em Limit ($3/$6 USD) - 2016/12/06 23:11:14 ET
Table 'Chort' 6-max Seat #3 is the button
Seat 2: AIZXYQ88 ($234.13 in chips)
Seat 3: B_loJkl ($127 in chips)
B_loJkl: posts small blind $1
AIZXYQ88: posts big blind $3
*** HOLE CARDS ***
B_loJkl: raises $3 to $6
AIZXYQ88: raises $3 to $9
B_loJkl: calls $3
*** FLOP *** [2c 8h Th]
AIZXYQ88: bets $3
B_loJkl: calls $3
*** TURN *** [2c 8h Th] [4d]
AIZXYQ88 is disconnected
AIZXYQ88 has timed out while disconnected
AIZXYQ88: checks
B_loJkl: checks
*** RIVER *** [2c 8h Th 4d] [3s]
AIZXYQ88 is connected
AIZXYQ88: bets $6
B_loJkl: folds
Uncalled bet ($6) returned to AIZXYQ88
AIZXYQ88 collected $23.52 from pot
*** SUMMARY ***
Total pot $24 | Rake $0.48
Board [2c 8h Th 4d 3s]
Seat 2: AIZXYQ88 (big blind) collected ($23.52)
Seat 3: B_loJkl (button) (small blind) folded on the River


PokerStars Hand #162540353509:  Hold'em Limit ($3/$6 USD) - 2016/12/06 23:12:54 ET
Table 'Chort' 6-max Seat #2 is the button
Seat 2: AIZXYQ88 ($245.65 in chips)
Seat 3: B_loJkl ($115 in chips)
AIZXYQ88: posts small blind $1
B_loJkl: posts big blind $3
*** HOLE CARDS ***
AIZXYQ88: calls $2
B_loJkl: raises $3 to $6
AIZXYQ88: calls $3
*** FLOP *** [5c 5s 4s]
B_loJkl: bets $3
AIZXYQ88: raises $3 to $6
B_loJkl: calls $3
*** TURN *** [5c 5s 4s] [Ah]
B_loJkl: checks
AIZXYQ88: bets $6
B_loJkl: folds
Uncalled bet ($6) returned to AIZXYQ88
AIZXYQ88 collected $23.52 from pot
AIZXYQ88: doesn't show hand
*** SUMMARY ***
Total pot $24 | Rake $0.48
Board [5c 5s 4s Ah]
Seat 2: AIZXYQ88 (button) (small blind) collected ($23.52)
Seat 3: B_loJkl (big blind) folded on the Turn


PokerStars Hand #162540365041:  Hold'em Limit ($3/$6 USD) - 2016/12/06 23:13:30 ET
Table 'Chort' 6-max Seat #3 is the button
Seat 2: AIZXYQ88 ($257.17 in chips)
Seat 3: B_loJkl ($103 in chips)
B_loJkl: posts small blind $1
AIZXYQ88: posts big blind $3
*** HOLE CARDS ***
B_loJkl: raises $3 to $6
AIZXYQ88: calls $3
*** FLOP *** [Ks 9h As]
AIZXYQ88: checks
B_loJkl: bets $3
AIZXYQ88: folds
Uncalled bet ($3) returned to B_loJkl
B_loJkl collected $11.76 from pot
B_loJkl: doesn't show hand
*** SUMMARY ***
Total pot $12 | Rake $0.24
Board [Ks 9h As]
Seat 2: AIZXYQ88 (big blind) folded on the Flop
Seat 3: B_loJkl (button) (small blind) collected ($11.76)


PokerStars Hand #162540374051:  Hold'em Limit ($3/$6 USD) - 2016/12/06 23:13:58 ET
Table 'Chort' 6-max Seat #2 is the button
Seat 2: AIZXYQ88 ($251.17 in chips)
Seat 3: B_loJkl ($108.76 in chips)
AIZXYQ88: posts small blind $1
B_loJkl: posts big blind $3
*** HOLE CARDS ***
AIZXYQ88: folds
Uncalled bet ($2) returned to B_loJkl
B_loJkl collected $2 from pot
B_loJkl: doesn't show hand
*** SUMMARY ***
Total pot $2 | Rake $0
Seat 2: AIZXYQ88 (button) (small blind) folded before Flop
Seat 3: B_loJkl (big blind) collected ($2)


PokerStars Hand #162540378430:  Hold'em Limit ($3/$6 USD) - 2016/12/06 23:14:12 ET
Table 'Chort' 6-max Seat #2 is the button
Seat 2: AIZXYQ88 ($247.17 in chips)
Seat 3: B_loJkl ($112.76 in chips)
AIZXYQ88: posts small blind $1
B_loJkl: posts big blind $3
*** HOLE CARDS ***
AIZXYQ88: folds
Uncalled bet ($2) returned to B_loJkl
B_loJkl collected $2 from pot
B_loJkl: doesn't show hand
*** SUMMARY ***
Total pot $2 | Rake $0
Seat 2: AIZXYQ88 (button) (small blind) folded before Flop
Seat 3: B_loJkl (big blind) collected ($2)


PokerStars Hand #162540382377:  Hold'em Limit ($3/$6 USD) - 2016/12/06 23:14:24 ET
Table 'Chort' 6-max Seat #3 is the button
Seat 2: AIZXYQ88 ($246.17 in chips)
Seat 3: B_loJkl ($113.76 in chips)
B_loJkl: posts small blind $1
AIZXYQ88: posts big blind $3
*** HOLE CARDS ***
B_loJkl: raises $3 to $6
AIZXYQ88: calls $3
*** FLOP *** [Tc 9c 5s]
AIZXYQ88: checks
B_loJkl: bets $3
AIZXYQ88: calls $3
*** TURN *** [Tc 9c 5s] [7d]
AIZXYQ88: checks
B_loJkl: bets $6
AIZXYQ88: raises $6 to $12
B_loJkl: folds
Uncalled bet ($6) returned to AIZXYQ88
AIZXYQ88 collected $29.50 from pot
AIZXYQ88: doesn't show hand
*** SUMMARY ***
Total pot $30 | Rake $0.50
Board [Tc 9c 5s 7d]
Seat 2: AIZXYQ88 (big blind) collected ($29.50)
Seat 3: B_loJkl (button) (small blind) folded on the Turn


PokerStars Hand #162540392217:  Hold'em Limit ($3/$6 USD) - 2016/12/06 23:14:55 ET
Table 'Chort' 6-max Seat #2 is the button
Seat 2: AIZXYQ88 ($260.67 in chips)
Seat 3: B_loJkl ($98.76 in chips)
AIZXYQ88: posts small blind $1
B_loJkl: posts big blind $3
*** HOLE CARDS ***
AIZXYQ88: folds
Uncalled bet ($2) returned to B_loJkl
B_loJkl collected $2 from pot
B_loJkl: doesn't show hand
*** SUMMARY ***
Total pot $2 | Rake $0
Seat 2: AIZXYQ88 (button) (small blind) folded before Flop
Seat 3: B_loJkl (big blind) collected ($2)


PokerStars Hand #162540376126:  Hold'em Limit ($3/$6 USD) - 2016/12/06 23:14:05 ET
Table 'Chort' 6-max Seat #3 is the button
Seat 2: AIZXYQ88 ($250.17 in chips)
Seat 3: B_loJkl ($109.76 in chips)
B_loJkl: posts small blind $1
AIZXYQ88: posts big blind $3
*** HOLE CARDS ***
B_loJkl: raises $3 to $6
AIZXYQ88: folds
Uncalled bet ($3) returned to B_loJkl
B_loJkl collected $6 from pot
B_loJkl: doesn't show hand
*** SUMMARY ***
Total pot $6 | Rake $0
Seat 2: AIZXYQ88 (big blind) folded before Flop
Seat 3: B_loJkl (button) (small blind) collected ($6)


PokerStars Hand #162540394206:  Hold'em Limit ($3/$6 USD) - 2016/12/06 23:15:01 ET
Table 'Chort' 6-max Seat #3 is the button
Seat 2: AIZXYQ88 ($259.67 in chips)
Seat 3: B_loJkl ($99.76 in chips)
B_loJkl: posts small blind $1
AIZXYQ88: posts big blind $3
*** HOLE CARDS ***
B_loJkl: raises $3 to $6
AIZXYQ88: calls $3
*** FLOP *** [5s Kd 8d]
AIZXYQ88: checks
B_loJkl: bets $3
AIZXYQ88: raises $3 to $6
B_loJkl: calls $3
*** TURN *** [5s Kd 8d] [5h]
AIZXYQ88: checks
B_loJkl: checks
*** RIVER *** [5s Kd 8d 5h] [7h]
AIZXYQ88: checks
B_loJkl: checks
*** SHOW DOWN ***
AIZXYQ88: shows [Jd 3d] (a pair of Fives)
B_loJkl: shows [Tc Qh] (a pair of Fives - King+Queen kicker)
B_loJkl collected $23.52 from pot
*** SUMMARY ***
Total pot $24 | Rake $0.48
Board [5s Kd 8d 5h 7h]
Seat 2: AIZXYQ88 (big blind) showed [Jd 3d] and lost with a pair of Fives
Seat 3: B_loJkl (button) (small blind) showed [Tc Qh] and won ($23.52) with a pair of Fives


PokerStars Hand #162540416801:  Hold'em Limit ($3/$6 USD) - 2016/12/06 23:16:13 ET
Table 'Chort' 6-max Seat #3 is the button
Seat 2: AIZXYQ88 ($232.67 in chips)
Seat 3: B_loJkl ($125.78 in chips)
B_loJkl: posts small blind $1
AIZXYQ88: posts big blind $3
*** HOLE CARDS ***
B_loJkl: raises $3 to $6
AIZXYQ88: calls $3
*** FLOP *** [Tc 5h 3c]
AIZXYQ88: checks
B_loJkl: checks
*** TURN *** [Tc 5h 3c] [Qc]
AIZXYQ88: bets $6
B_loJkl: calls $6
*** RIVER *** [Tc 5h 3c Qc] [Jd]
AIZXYQ88: bets $6
B_loJkl: calls $6
*** SHOW DOWN ***
AIZXYQ88: shows [6s Qs] (a pair of Queens)
B_loJkl: mucks hand
AIZXYQ88 collected $35.50 from pot
*** SUMMARY ***
Total pot $36 | Rake $0.50
Board [Tc 5h 3c Qc Jd]
Seat 2: AIZXYQ88 (big blind) showed [6s Qs] and won ($35.50) with a pair of Queens
Seat 3: B_loJkl (button) (small blind) mucked


PokerStars Hand #162540402633:  Hold'em Limit ($3/$6 USD) - 2016/12/06 23:15:28 ET
Table 'Chort' 6-max Seat #2 is the button
Seat 2: AIZXYQ88 ($247.67 in chips)
Seat 3: B_loJkl ($111.28 in chips)
AIZXYQ88: posts small blind $1
B_loJkl: posts big blind $3
*** HOLE CARDS ***
AIZXYQ88: calls $2
B_loJkl: checks
*** FLOP *** [Js Ts 4s]
B_loJkl: checks
AIZXYQ88: checks
*** TURN *** [Js Ts 4s] [Td]
B_loJkl: bets $6
AIZXYQ88: calls $6
*** RIVER *** [Js Ts 4s Td] [4d]
B_loJkl: checks
AIZXYQ88: bets $6
B_loJkl: calls $6
*** SHOW DOWN ***
AIZXYQ88: shows [8c 9d] (two pair, Tens and Fours)
B_loJkl: shows [Jd 2h] (two pair, Jacks and Tens)
B_loJkl collected $29.50 from pot
*** SUMMARY ***
Total pot $30 | Rake $0.50
Board [Js Ts 4s Td 4d]
Seat 2: AIZXYQ88 (button) (small blind) showed [8c 9d] and lost with two pair, Tens and Fours
Seat 3: B_loJkl (big blind) showed [Jd 2h] and won ($29.50) with two pair, Jacks and Tens


PokerStars Hand #162540425839:  Hold'em Limit ($3/$6 USD) - 2016/12/06 23:16:41 ET
Table 'Chort' 6-max Seat #2 is the button
Seat 2: AIZXYQ88 ($250.17 in chips)
Seat 3: B_loJkl ($107.78 in chips)
AIZXYQ88: posts small blind $1
B_loJkl: posts big blind $3
*** HOLE CARDS ***
AIZXYQ88: raises $3 to $6
B_loJkl: calls $3
*** FLOP *** [Kh 6d 9c]
B_loJkl: checks
AIZXYQ88: bets $3
B_loJkl: calls $3
*** TURN *** [Kh 6d 9c] [Th]
B_loJkl: checks
AIZXYQ88: bets $6
B_loJkl: folds
Uncalled bet ($6) returned to AIZXYQ88
AIZXYQ88 collected $17.64 from pot
*** SUMMARY ***
Total pot $18 | Rake $0.36
Board [Kh 6d 9c Th]
Seat 2: AIZXYQ88 (button) (small blind) collected ($17.64)
Seat 3: B_loJkl (big blind) folded on the Turn


PokerStars Hand #162540437190:  Hold'em Limit ($3/$6 USD) - 2016/12/06 23:17:16 ET
Table 'Chort' 6-max Seat #3 is the button
Seat 2: AIZXYQ88 ($258.81 in chips)
Seat 3: B_loJkl ($98.78 in chips)
B_loJkl: posts small blind $1
AIZXYQ88: posts big blind $3
*** HOLE CARDS ***
B_loJkl: raises $3 to $6
AIZXYQ88: calls $3
*** FLOP *** [2s Qc Qh]
AIZXYQ88: checks
B_loJkl: checks
*** TURN *** [2s Qc Qh] [4d]
AIZXYQ88: bets $6
B_loJkl: folds
Uncalled bet ($6) returned to AIZXYQ88
AIZXYQ88 collected $11.76 from pot
*** SUMMARY ***
Total pot $12 | Rake $0.24
Board [2s Qc Qh 4d]
Seat 2: AIZXYQ88 (big blind) collected ($11.76)
Seat 3: B_loJkl (button) (small blind) folded on the Turn


PokerStars Hand #162540447169:  Hold'em Limit ($3/$6 USD) - 2016/12/06 23:17:47 ET
Table 'Chort' 6-max Seat #2 is the button
Seat 2: AIZXYQ88 ($264.57 in chips)
Seat 3: B_loJkl ($92.78 in chips)
AIZXYQ88: posts small blind $1
B_loJkl: posts big blind $3
*** HOLE CARDS ***
AIZXYQ88: raises $3 to $6
B_loJkl: calls $3
*** FLOP *** [Kh Ks 3s]
B_loJkl: checks
AIZXYQ88: bets $3
B_loJkl: folds
Uncalled bet ($3) returned to AIZXYQ88
AIZXYQ88 collected $11.76 from pot
*** SUMMARY ***
Total pot $12 | Rake $0.24
Board [Kh Ks 3s]
Seat 2: AIZXYQ88 (button) (small blind) collected ($11.76)
Seat 3: B_loJkl (big blind) folded on the Flop


PokerStars Hand #162540451317:  Hold'em Limit ($3/$6 USD) - 2016/12/06 23:18:00 ET
Table 'Chort' 6-max Seat #3 is the button
Seat 2: AIZXYQ88 ($270.33 in chips)
Seat 3: B_loJkl ($86.78 in chips)
B_loJkl: posts small blind $1
AIZXYQ88: posts big blind $3
*** HOLE CARDS ***
B_loJkl: raises $3 to $6
AIZXYQ88: calls $3
*** FLOP *** [Js 5c 7h]
AIZXYQ88: checks
B_loJkl: bets $3
AIZXYQ88: calls $3
*** TURN *** [Js 5c 7h] [2c]
AIZXYQ88: checks
B_loJkl: bets $6
AIZXYQ88: raises $6 to $12
B_loJkl: folds
Uncalled bet ($6) returned to AIZXYQ88
AIZXYQ88 collected $29.50 from pot
AIZXYQ88: doesn't show hand
*** SUMMARY ***
Total pot $30 | Rake $0.50
Board [Js 5c 7h 2c]
Seat 2: AIZXYQ88 (big blind) collected ($29.50)
Seat 3: B_loJkl (button) (small blind) folded on the Turn


PokerStars Hand #162540459015:  Hold'em Limit ($3/$6 USD) - 2016/12/06 23:18:24 ET
Table 'Chort' 6-max Seat #2 is the button
Seat 2: AIZXYQ88 ($284.83 in chips)
Seat 3: B_loJkl ($71.78 in chips)
AIZXYQ88: posts small blind $1
B_loJkl: posts big blind $3
*** HOLE CARDS ***
AIZXYQ88: folds
Uncalled bet ($2) returned to B_loJkl
B_loJkl collected $2 from pot
B_loJkl: doesn't show hand
*** SUMMARY ***
Total pot $2 | Rake $0
Seat 2: AIZXYQ88 (button) (small blind) folded before Flop
Seat 3: B_loJkl (big blind) collected ($2)


PokerStars Hand #162540461102:  Hold'em Limit ($3/$6 USD) - 2016/12/06 23:18:31 ET
Table 'Chort' 6-max Seat #3 is the button
Seat 2: AIZXYQ88 ($283.83 in chips)
Seat 3: B_loJkl ($72.78 in chips)
B_loJkl: posts small blind $1
AIZXYQ88: posts big blind $3
*** HOLE CARDS ***
B_loJkl: raises $3 to $6
AIZXYQ88: raises $3 to $9
B_loJkl: calls $3
*** FLOP *** [Qd 8c 5h]
AIZXYQ88: bets $3
B_loJkl: raises $3 to $6
AIZXYQ88: calls $3
*** TURN *** [Qd 8c 5h] [Kc]
AIZXYQ88: checks
B_loJkl: checks
*** RIVER *** [Qd 8c 5h Kc] [As]
AIZXYQ88: bets $6
B_loJkl: folds
Uncalled bet ($6) returned to AIZXYQ88
AIZXYQ88 collected $29.50 from pot
*** SUMMARY ***
Total pot $30 | Rake $0.50
Board [Qd 8c 5h Kc As]
Seat 2: AIZXYQ88 (big blind) collected ($29.50)
Seat 3: B_loJkl (button) (small blind) folded on the River


PokerStars Hand #162540482541:  Hold'em Limit ($3/$6 USD) - 2016/12/06 23:19:38 ET
Table 'Chort' 6-max Seat #2 is the button
Seat 2: AIZXYQ88 ($298.33 in chips)
Seat 3: B_loJkl ($57.78 in chips)
AIZXYQ88: posts small blind $1
B_loJkl: posts big blind $3
*** HOLE CARDS ***
AIZXYQ88: raises $3 to $6
B_loJkl: calls $3
*** FLOP *** [5h 5d Qh]
B_loJkl: checks
AIZXYQ88: bets $3
B_loJkl: calls $3
*** TURN *** [5h 5d Qh] [4s]
B_loJkl: checks
AIZXYQ88: bets $6
B_loJkl: calls $6
*** RIVER *** [5h 5d Qh 4s] [Kd]
B_loJkl: checks
AIZXYQ88: bets $6
B_loJkl: calls $6
*** SHOW DOWN ***
AIZXYQ88: shows [2h Kh] (two pair, Kings and Fives)
B_loJkl: mucks hand
AIZXYQ88 collected $41.50 from pot
*** SUMMARY ***
Total pot $42 | Rake $0.50
Board [5h 5d Qh 4s Kd]
Seat 2: AIZXYQ88 (button) (small blind) showed [2h Kh] and won ($41.50) with two pair, Kings and Fives
Seat 3: B_loJkl (big blind) mucked


PokerStars Hand #162540491712:  Hold'em Limit ($3/$6 USD) - 2016/12/06 23:20:07 ET
Table 'Chort' 6-max Seat #3 is the button
Seat 2: AIZXYQ88 ($318.83 in chips)
Seat 3: B_loJkl ($96.78 in chips)
B_loJkl: posts small blind $1
AIZXYQ88: posts big blind $3
*** HOLE CARDS ***
B_loJkl: folds
Uncalled bet ($2) returned to AIZXYQ88
AIZXYQ88 collected $2 from pot
AIZXYQ88: doesn't show hand
*** SUMMARY ***
Total pot $2 | Rake $0
Seat 2: AIZXYQ88 (big blind) collected ($2)
Seat 3: B_loJkl (button) (small blind) folded before Flop


PokerStars Hand #162540493453:  Hold'em Limit ($3/$6 USD) - 2016/12/06 23:20:12 ET
Table 'Chort' 6-max Seat #2 is the button
Seat 2: AIZXYQ88 ($319.83 in chips)
Seat 3: B_loJkl ($95.78 in chips)
REZOLUTION84 joins the table at seat #4
AIZXYQ88: posts small blind $1
B_loJkl: posts big blind $3
*** HOLE CARDS ***
AIZXYQ88: raises $3 to $6
B_loJkl: raises $3 to $9
AIZXYQ88: raises $3 to $12
Betting is capped
B_loJkl: calls $3
*** FLOP *** [8s 4h 9s]
B_loJkl: bets $3
AIZXYQ88: calls $3
*** TURN *** [8s 4h 9s] [4s]
B_loJkl: bets $6
AIZXYQ88: calls $6
*** RIVER *** [8s 4h 9s 4s] [Kh]
B_loJkl: bets $6
AIZXYQ88: calls $6
*** SHOW DOWN ***
B_loJkl: shows [6d 6c] (two pair, Sixes and Fours)
AIZXYQ88: mucks hand
B_loJkl collected $53.50 from pot
*** SUMMARY ***
Total pot $54 | Rake $0.50
Board [8s 4h 9s 4s Kh]
Seat 2: AIZXYQ88 (button) (small blind) mucked
Seat 3: B_loJkl (big blind) showed [6d 6c] and won ($53.50) with two pair, Sixes and Fours


PokerStars Hand #162540519093:  Hold'em Limit ($3/$6 USD) - 2016/12/06 23:21:33 ET
Table 'Chort' 6-max Seat #4 is the button
Seat 3: B_loJkl ($130.74 in chips)
Seat 4: REZOLUTION84 ($60 in chips)
REZOLUTION84: posts small blind $1
B_loJkl: posts big blind $3
*** HOLE CARDS ***
REZOLUTION84: raises $3 to $6
B_loJkl: calls $3
*** FLOP *** [Qs 4h Jh]
B_loJkl: checks
REZOLUTION84: bets $3
B_loJkl: raises $3 to $6
REZOLUTION84: calls $3
*** TURN *** [Qs 4h Jh] [8h]
B_loJkl: bets $6
REZOLUTION84: calls $6
*** RIVER *** [Qs 4h Jh 8h] [Th]
B_loJkl: checks
REZOLUTION84: bets $6
B_loJkl: calls $6
*** SHOW DOWN ***
REZOLUTION84: shows [Ah 9c] (a flush, Ace high)
B_loJkl: mucks hand
REZOLUTION84 collected $47.50 from pot
*** SUMMARY ***
Total pot $48 | Rake $0.50
Board [Qs 4h Jh 8h Th]
Seat 3: B_loJkl (big blind) mucked
Seat 4: REZOLUTION84 (button) (small blind) showed [Ah 9c] and won ($47.50) with a flush, Ace high


PokerStars Hand #162540529086:  Hold'em Limit ($3/$6 USD) - 2016/12/06 23:22:05 ET
Table 'Chort' 6-max Seat #3 is the button
Seat 3: B_loJkl ($106.74 in chips)
Seat 4: REZOLUTION84 ($83.50 in chips)
B_loJkl: posts small blind $1
REZOLUTION84: posts big blind $3
*** HOLE CARDS ***
B_loJkl: raises $3 to $6
REZOLUTION84: calls $3
*** FLOP *** [3c Jc 4c]
REZOLUTION84: checks
B_loJkl: bets $3
REZOLUTION84: raises $3 to $6
B_loJkl: calls $3
*** TURN *** [3c Jc 4c] [6h]
REZOLUTION84: bets $6
B_loJkl: calls $6
*** RIVER *** [3c Jc 4c 6h] [8d]
REZOLUTION84: bets $6
B_loJkl: calls $6
*** SHOW DOWN ***
REZOLUTION84: shows [6c Tc] (a flush, Jack high)
B_loJkl: mucks hand
REZOLUTION84 collected $47.50 from pot
*** SUMMARY ***
Total pot $48 | Rake $0.50
Board [3c Jc 4c 6h 8d]
Seat 3: B_loJkl (button) (small blind) mucked
Seat 4: REZOLUTION84 (big blind) showed [6c Tc] and won ($47.50) with a flush, Jack high


PokerStars Hand #162540585719:  Hold'em Limit ($3/$6 USD) - 2016/12/06 23:25:05 ET
Table 'Chort' 6-max Seat #4 is the button
Seat 3: B_loJkl ($66.35 in chips)
Seat 4: REZOLUTION84 ($142.24 in chips)
REZOLUTION84: posts small blind $1
AIZXYQ88: is sitting out
B_loJkl: posts big blind $3
*** HOLE CARDS ***
REZOLUTION84: raises $3 to $6
B_loJkl: calls $3
*** FLOP *** [5h Jh 3h]
AIZXYQ88 leaves the table
B_loJkl: checks
REZOLUTION84: bets $3
B_loJkl: calls $3
*** TURN *** [5h Jh 3h] [5s]
B_loJkl: checks
REZOLUTION84: bets $6
B_loJkl: calls $6
*** RIVER *** [5h Jh 3h 5s] [2h]
B_loJkl: checks
REZOLUTION84: checks
*** SHOW DOWN ***
B_loJkl: shows [4d Ah] (a flush, Ace high)
REZOLUTION84: mucks hand
B_loJkl collected $29.50 from pot
*** SUMMARY ***
Total pot $30 | Rake $0.50
Board [5h Jh 3h 5s 2h]
Seat 3: B_loJkl (big blind) showed [4d Ah] and won ($29.50) with a flush, Ace high
Seat 4: REZOLUTION84 (button) (small blind) mucked


