PokerStars Hand #145185521562:  Hold'em Limit ($3/$6 USD) - 2015/12/11 14:04:37 ET
Table 'Chow IV' 2-max Seat #2 is the button
Seat 1: yirkape ($56.92 in chips)
Seat 2: PelonCabelao ($72 in chips)
PelonCabelao: posts small blind $1
yirkape: posts big blind $3
*** HOLE CARDS ***
PelonCabelao: raises $3 to $6
yirkape: raises $3 to $9
PelonCabelao: calls $3
*** FLOP *** [Ks Jh Qh]
yirkape: bets $3
PelonCabelao: folds
Uncalled bet ($3) returned to yirkape
yirkape collected $17.64 from pot
yirkape: doesn't show hand
*** SUMMARY ***
Total pot $18 | Rake $0.36
Board [Ks Jh Qh]
Seat 1: yirkape (big blind) collected ($17.64)
Seat 2: PelonCabelao (button) (small blind) folded on the Flop


PokerStars Hand #145185538755:  Hold'em Limit ($3/$6 USD) - 2015/12/11 14:04:56 ET
Table 'Chow IV' 2-max Seat #1 is the button
Seat 1: yirkape ($65.56 in chips)
Seat 2: PelonCabelao ($72 in chips)
yirkape: posts small blind $1
PelonCabelao: posts big blind $3
*** HOLE CARDS ***
yirkape: raises $3 to $6
PelonCabelao: raises $3 to $9
yirkape: calls $3
*** FLOP *** [5h 8d 7s]
PelonCabelao: bets $3
yirkape: calls $3
*** TURN *** [5h 8d 7s] [6d]
PelonCabelao: bets $6
yirkape: calls $6
*** RIVER *** [5h 8d 7s 6d] [Ks]
PelonCabelao: checks
yirkape: checks
*** SHOW DOWN ***
PelonCabelao: shows [8s Qs] (a pair of Eights)
yirkape: shows [Kd Ts] (a pair of Kings)
yirkape collected $35.50 from pot
*** SUMMARY ***
Total pot $36 | Rake $0.50
Board [5h 8d 7s 6d Ks]
Seat 1: yirkape (button) (small blind) showed [Kd Ts] and won ($35.50) with a pair of Kings
Seat 2: PelonCabelao (big blind) showed [8s Qs] and lost with a pair of Eights


PokerStars Hand #145185565255:  Hold'em Limit ($3/$6 USD) - 2015/12/11 14:05:25 ET
Table 'Chow IV' 2-max Seat #2 is the button
Seat 1: yirkape ($83.06 in chips)
Seat 2: PelonCabelao ($72 in chips)
PelonCabelao: posts small blind $1
yirkape: posts big blind $3
*** HOLE CARDS ***
PelonCabelao: raises $3 to $6
yirkape: calls $3
*** FLOP *** [Qh 9s As]
yirkape: checks
PelonCabelao: bets $3
yirkape: folds
Uncalled bet ($3) returned to PelonCabelao
PelonCabelao collected $11.76 from pot
PelonCabelao: doesn't show hand
*** SUMMARY ***
Total pot $12 | Rake $0.24
Board [Qh 9s As]
Seat 1: yirkape (big blind) folded on the Flop
Seat 2: PelonCabelao (button) (small blind) collected ($11.76)


PokerStars Hand #145185595734:  Hold'em Limit ($3/$6 USD) - 2015/12/11 14:05:59 ET
Table 'Chow IV' 2-max Seat #2 is the button
Seat 1: yirkape ($82.82 in chips)
Seat 2: PelonCabelao ($72 in chips)
PelonCabelao: posts small blind $1
yirkape: posts big blind $3
*** HOLE CARDS ***
PelonCabelao: raises $3 to $6
yirkape: calls $3
*** FLOP *** [5s Jc 7s]
yirkape: checks
PelonCabelao: bets $3
yirkape: raises $3 to $6
PelonCabelao: calls $3
*** TURN *** [5s Jc 7s] [4s]
yirkape: checks
PelonCabelao: checks
*** RIVER *** [5s Jc 7s 4s] [6s]
yirkape: checks
PelonCabelao: checks
*** SHOW DOWN ***
yirkape: shows [7d Th] (a pair of Sevens)
PelonCabelao: shows [5d 6d] (two pair, Sixes and Fives)
PelonCabelao collected $23.52 from pot
*** SUMMARY ***
Total pot $24 | Rake $0.48
Board [5s Jc 7s 4s 6s]
Seat 1: yirkape (big blind) showed [7d Th] and lost with a pair of Sevens
Seat 2: PelonCabelao (button) (small blind) showed [5d 6d] and won ($23.52) with two pair, Sixes and Fives


PokerStars Hand #145185574315:  Hold'em Limit ($3/$6 USD) - 2015/12/11 14:05:35 ET
Table 'Chow IV' 2-max Seat #1 is the button
Seat 1: yirkape ($77.06 in chips)
Seat 2: PelonCabelao ($77.76 in chips)
yirkape: posts small blind $1
PelonCabelao: posts big blind $3
*** HOLE CARDS ***
yirkape: raises $3 to $6
PelonCabelao: calls $3
*** FLOP *** [6s 8h Qh]
PelonCabelao: checks
yirkape: bets $3
PelonCabelao: folds
Uncalled bet ($3) returned to yirkape
yirkape collected $11.76 from pot
yirkape: doesn't show hand
*** SUMMARY ***
Total pot $12 | Rake $0.24
Board [6s 8h Qh]
Seat 1: yirkape (button) (small blind) collected ($11.76)
Seat 2: PelonCabelao (big blind) folded on the Flop


PokerStars Hand #145185682250:  Hold'em Limit ($3/$6 USD) - 2015/12/11 14:07:35 ET
Table 'Chow IV' 2-max Seat #1 is the button
Seat 1: yirkape ($46.82 in chips)
Seat 2: PelonCabelao ($106.56 in chips)
yirkape: posts small blind $1
PelonCabelao: posts big blind $3
*** HOLE CARDS ***
yirkape: folds
Uncalled bet ($2) returned to PelonCabelao
PelonCabelao collected $2 from pot
PelonCabelao: doesn't show hand
*** SUMMARY ***
Total pot $2 | Rake $0
Seat 1: yirkape (button) (small blind) folded before Flop
Seat 2: PelonCabelao (big blind) collected ($2)


PokerStars Hand #145185646380:  Hold'em Limit ($3/$6 USD) - 2015/12/11 14:06:55 ET
Table 'Chow IV' 2-max Seat #2 is the button
Seat 1: yirkape ($58.82 in chips)
Seat 2: PelonCabelao ($95.04 in chips)
PelonCabelao: posts small blind $1
yirkape: posts big blind $3
*** HOLE CARDS ***
PelonCabelao: raises $3 to $6
yirkape: raises $3 to $9
PelonCabelao: calls $3
*** FLOP *** [Js Ac 5h]
yirkape: bets $3
PelonCabelao: calls $3
*** TURN *** [Js Ac 5h] [Kd]
yirkape: checks
PelonCabelao: checks
*** RIVER *** [Js Ac 5h Kd] [8c]
yirkape: checks
PelonCabelao: bets $6
yirkape: folds
Uncalled bet ($6) returned to PelonCabelao
PelonCabelao collected $23.52 from pot
PelonCabelao: doesn't show hand
*** SUMMARY ***
Total pot $24 | Rake $0.48
Board [Js Ac 5h Kd 8c]
Seat 1: yirkape (big blind) folded on the River
Seat 2: PelonCabelao (button) (small blind) collected ($23.52)


PokerStars Hand #145185623713:  Hold'em Limit ($3/$6 USD) - 2015/12/11 14:06:30 ET
Table 'Chow IV' 2-max Seat #1 is the button
Seat 1: yirkape ($70.82 in chips)
Seat 2: PelonCabelao ($83.52 in chips)
yirkape: posts small blind $1
PelonCabelao: posts big blind $3
*** HOLE CARDS ***
yirkape: raises $3 to $6
PelonCabelao: raises $3 to $9
yirkape: calls $3
*** FLOP *** [Jc 7d Tc]
PelonCabelao: bets $3
yirkape: calls $3
*** TURN *** [Jc 7d Tc] [3c]
PelonCabelao: bets $6
yirkape: folds
Uncalled bet ($6) returned to PelonCabelao
PelonCabelao collected $23.52 from pot
PelonCabelao: doesn't show hand
*** SUMMARY ***
Total pot $24 | Rake $0.48
Board [Jc 7d Tc 3c]
Seat 1: yirkape (button) (small blind) folded on the Turn
Seat 2: PelonCabelao (big blind) collected ($23.52)


PokerStars Hand #145185745793:  Hold'em Limit ($3/$6 USD) - 2015/12/11 14:08:46 ET
Table 'Chow IV' 2-max Seat #1 is the button
Seat 1: yirkape ($63.08 in chips)
Seat 2: PelonCabelao ($89.20 in chips)
yirkape: posts small blind $1
PelonCabelao: posts big blind $3
*** HOLE CARDS ***
yirkape: folds
Uncalled bet ($2) returned to PelonCabelao
PelonCabelao collected $2 from pot
PelonCabelao: doesn't show hand
*** SUMMARY ***
Total pot $2 | Rake $0
Seat 1: yirkape (button) (small blind) folded before Flop
Seat 2: PelonCabelao (big blind) collected ($2)


PokerStars Hand #145185720796:  Hold'em Limit ($3/$6 USD) - 2015/12/11 14:08:18 ET
Table 'Chow IV' 2-max Seat #2 is the button
Seat 1: yirkape ($42.58 in chips)
Seat 2: PelonCabelao ($110.20 in chips)
PelonCabelao: posts small blind $1
yirkape: posts big blind $3
*** HOLE CARDS ***
PelonCabelao: raises $3 to $6
yirkape: calls $3
*** FLOP *** [7s 2c Ad]
yirkape: checks
PelonCabelao: bets $3
yirkape: raises $3 to $6
PelonCabelao: raises $3 to $9
yirkape: calls $3
*** TURN *** [7s 2c Ad] [Js]
yirkape: checks
PelonCabelao: bets $6
yirkape: calls $6
*** RIVER *** [7s 2c Ad Js] [6d]
yirkape: checks
PelonCabelao: checks
*** SHOW DOWN ***
yirkape: shows [3d 2d] (a pair of Deuces)
PelonCabelao: mucks hand
yirkape collected $41.50 from pot
*** SUMMARY ***
Total pot $42 | Rake $0.50
Board [7s 2c Ad Js 6d]
Seat 1: yirkape (big blind) showed [3d 2d] and won ($41.50) with a pair of Deuces
Seat 2: PelonCabelao (button) (small blind) mucked


PokerStars Hand #145185705285:  Hold'em Limit ($3/$6 USD) - 2015/12/11 14:08:01 ET
Table 'Chow IV' 2-max Seat #1 is the button
Seat 1: yirkape ($36.82 in chips)
Seat 2: PelonCabelao ($116.20 in chips)
yirkape: posts small blind $1
PelonCabelao: posts big blind $3
*** HOLE CARDS ***
yirkape: raises $3 to $6
PelonCabelao: calls $3
*** FLOP *** [9h Jd Jc]
PelonCabelao: checks
yirkape: bets $3
PelonCabelao: folds
Uncalled bet ($3) returned to yirkape
yirkape collected $11.76 from pot
yirkape: doesn't show hand
*** SUMMARY ***
Total pot $12 | Rake $0.24
Board [9h Jd Jc]
Seat 1: yirkape (button) (small blind) collected ($11.76)
Seat 2: PelonCabelao (big blind) folded on the Flop


PokerStars Hand #145185686472:  Hold'em Limit ($3/$6 USD) - 2015/12/11 14:07:40 ET
Table 'Chow IV' 2-max Seat #2 is the button
Seat 1: yirkape ($45.82 in chips)
Seat 2: PelonCabelao ($107.56 in chips)
PelonCabelao: posts small blind $1
yirkape: posts big blind $3
*** HOLE CARDS ***
PelonCabelao: raises $3 to $6
yirkape: calls $3
*** FLOP *** [Tc 3d Jh]
yirkape: bets $3
PelonCabelao: calls $3
*** TURN *** [Tc 3d Jh] [2d]
yirkape: checks
PelonCabelao: bets $6
yirkape: folds
Uncalled bet ($6) returned to PelonCabelao
PelonCabelao collected $17.64 from pot
PelonCabelao: doesn't show hand
*** SUMMARY ***
Total pot $18 | Rake $0.36
Board [Tc 3d Jh 2d]
Seat 1: yirkape (big blind) folded on the Turn
Seat 2: PelonCabelao (button) (small blind) collected ($17.64)


PokerStars Hand #145185793315:  Hold'em Limit ($3/$6 USD) - 2015/12/11 14:09:40 ET
Table 'Chow IV' 2-max Seat #2 is the button
Seat 1: yirkape ($54.72 in chips)
Seat 2: PelonCabelao ($96.72 in chips)
PelonCabelao: posts small blind $1
yirkape: posts big blind $3
*** HOLE CARDS ***
PelonCabelao: raises $3 to $6
yirkape: folds
Uncalled bet ($3) returned to PelonCabelao
PelonCabelao collected $6 from pot
yirkape leaves the table
PelonCabelao: doesn't show hand
*** SUMMARY ***
Total pot $6 | Rake $0
Seat 1: yirkape (big blind) folded before Flop
Seat 2: PelonCabelao (button) (small blind) collected ($6)


PokerStars Hand #145185789060:  Hold'em Limit ($3/$6 USD) - 2015/12/11 14:09:35 ET
Table 'Chow IV' 2-max Seat #1 is the button
Seat 1: yirkape ($55.72 in chips)
Seat 2: PelonCabelao ($95.72 in chips)
yirkape: posts small blind $1
PelonCabelao: posts big blind $3
*** HOLE CARDS ***
yirkape: folds
Uncalled bet ($2) returned to PelonCabelao
PelonCabelao collected $2 from pot
PelonCabelao: doesn't show hand
*** SUMMARY ***
Total pot $2 | Rake $0
Seat 1: yirkape (button) (small blind) folded before Flop
Seat 2: PelonCabelao (big blind) collected ($2)


PokerStars Hand #145185783489:  Hold'em Limit ($3/$6 USD) - 2015/12/11 14:09:29 ET
Table 'Chow IV' 2-max Seat #2 is the button
Seat 1: yirkape ($58.72 in chips)
Seat 2: PelonCabelao ($92.72 in chips)
PelonCabelao: posts small blind $1
yirkape: posts big blind $3
*** HOLE CARDS ***
PelonCabelao: raises $3 to $6
yirkape: folds
Uncalled bet ($3) returned to PelonCabelao
PelonCabelao collected $6 from pot
PelonCabelao: doesn't show hand
*** SUMMARY ***
Total pot $6 | Rake $0
Seat 1: yirkape (big blind) folded before Flop
Seat 2: PelonCabelao (button) (small blind) collected ($6)


PokerStars Hand #145185769878:  Hold'em Limit ($3/$6 USD) - 2015/12/11 14:09:13 ET
Table 'Chow IV' 2-max Seat #1 is the button
Seat 1: yirkape ($70.72 in chips)
Seat 2: PelonCabelao ($81.20 in chips)
yirkape: posts small blind $1
PelonCabelao: posts big blind $3
*** HOLE CARDS ***
yirkape: raises $3 to $6
PelonCabelao: raises $3 to $9
yirkape: calls $3
*** FLOP *** [9s Jc 9d]
PelonCabelao: bets $3
yirkape: calls $3
*** TURN *** [9s Jc 9d] [3d]
PelonCabelao: bets $6
yirkape: folds
Uncalled bet ($6) returned to PelonCabelao
PelonCabelao collected $23.52 from pot
PelonCabelao: doesn't show hand
*** SUMMARY ***
Total pot $24 | Rake $0.48
Board [9s Jc 9d 3d]
Seat 1: yirkape (button) (small blind) folded on the Turn
Seat 2: PelonCabelao (big blind) collected ($23.52)


PokerStars Hand #145185749681:  Hold'em Limit ($3/$6 USD) - 2015/12/11 14:08:51 ET
Table 'Chow IV' 2-max Seat #2 is the button
Seat 1: yirkape ($62.08 in chips)
Seat 2: PelonCabelao ($90.20 in chips)
PelonCabelao: posts small blind $1
yirkape: posts big blind $3
*** HOLE CARDS ***
PelonCabelao: raises $3 to $6
yirkape: calls $3
*** FLOP *** [4h 9s As]
yirkape: checks
PelonCabelao: bets $3
yirkape: raises $3 to $6
PelonCabelao: folds
Uncalled bet ($3) returned to yirkape
yirkape collected $17.64 from pot
yirkape: doesn't show hand
*** SUMMARY ***
Total pot $18 | Rake $0.36
Board [4h 9s As]
Seat 1: yirkape (big blind) collected ($17.64)
Seat 2: PelonCabelao (button) (small blind) folded on the Flop


PokerStars Hand #145185877772:  Hold'em Limit ($3/$6 USD) - 2015/12/11 14:11:16 ET
Table 'Chow IV' 2-max Seat #2 is the button
Seat 1: yirkape ($54.48 in chips)
Seat 2: PelonCabelao ($96.72 in chips)
PelonCabelao: posts small blind $1
yirkape: posts big blind $3
*** HOLE CARDS ***
PelonCabelao: raises $3 to $6
yirkape: calls $3
*** FLOP *** [Qs Tc 6c]
yirkape: checks
PelonCabelao: bets $3
yirkape: raises $3 to $6
PelonCabelao: folds
Uncalled bet ($3) returned to yirkape
yirkape collected $17.64 from pot
yirkape: doesn't show hand
*** SUMMARY ***
Total pot $18 | Rake $0.36
Board [Qs Tc 6c]
Seat 1: yirkape (big blind) collected ($17.64)
Seat 2: PelonCabelao (button) (small blind) folded on the Flop


PokerStars Hand #145185864504:  Hold'em Limit ($3/$6 USD) - 2015/12/11 14:11:01 ET
Table 'Chow IV' 2-max Seat #1 is the button
Seat 1: yirkape ($51.48 in chips)
Seat 2: PelonCabelao ($99.72 in chips)
yirkape: posts small blind $1
PelonCabelao: posts big blind $3
*** HOLE CARDS ***
yirkape: raises $3 to $6
PelonCabelao: folds
Uncalled bet ($3) returned to yirkape
yirkape collected $6 from pot
yirkape: doesn't show hand
*** SUMMARY ***
Total pot $6 | Rake $0
Seat 1: yirkape (button) (small blind) collected ($6)
Seat 2: PelonCabelao (big blind) folded before Flop


PokerStars Hand #145185949011:  Hold'em Limit ($3/$6 USD) - 2015/12/11 14:12:37 ET
Table 'Chow IV' 2-max Seat #1 is the button
Seat 1: yirkape ($29.12 in chips)
Seat 2: PelonCabelao ($120.98 in chips)
yirkape: posts small blind $1
PelonCabelao: posts big blind $3
*** HOLE CARDS ***
yirkape: folds
Uncalled bet ($2) returned to PelonCabelao
PelonCabelao collected $2 from pot
PelonCabelao: doesn't show hand
*** SUMMARY ***
Total pot $2 | Rake $0
Seat 1: yirkape (button) (small blind) folded before Flop
Seat 2: PelonCabelao (big blind) collected ($2)


PokerStars Hand #145185943441:  Hold'em Limit ($3/$6 USD) - 2015/12/11 14:12:30 ET
Table 'Chow IV' 2-max Seat #2 is the button
Seat 1: yirkape ($32.12 in chips)
Seat 2: PelonCabelao ($117.98 in chips)
PelonCabelao: posts small blind $1
yirkape: posts big blind $3
*** HOLE CARDS ***
PelonCabelao: raises $3 to $6
yirkape: folds
Uncalled bet ($3) returned to PelonCabelao
PelonCabelao collected $6 from pot
PelonCabelao: doesn't show hand
*** SUMMARY ***
Total pot $6 | Rake $0
Seat 1: yirkape (big blind) folded before Flop
Seat 2: PelonCabelao (button) (small blind) collected ($6)


PokerStars Hand #145185938574:  Hold'em Limit ($3/$6 USD) - 2015/12/11 14:12:25 ET
Table 'Chow IV' 2-max Seat #1 is the button
Seat 1: yirkape ($33.12 in chips)
Seat 2: PelonCabelao ($116.98 in chips)
yirkape: posts small blind $1
PelonCabelao: posts big blind $3
*** HOLE CARDS ***
yirkape: folds
Uncalled bet ($2) returned to PelonCabelao
PelonCabelao collected $2 from pot
PelonCabelao: doesn't show hand
*** SUMMARY ***
Total pot $2 | Rake $0
Seat 1: yirkape (button) (small blind) folded before Flop
Seat 2: PelonCabelao (big blind) collected ($2)


PokerStars Hand #145185916683:  Hold'em Limit ($3/$6 USD) - 2015/12/11 14:12:00 ET
Table 'Chow IV' 2-max Seat #2 is the button
Seat 1: yirkape ($57.12 in chips)
Seat 2: PelonCabelao ($93.48 in chips)
PelonCabelao: posts small blind $1
yirkape: posts big blind $3
*** HOLE CARDS ***
PelonCabelao: raises $3 to $6
yirkape: raises $3 to $9
PelonCabelao: calls $3
*** FLOP *** [4c Jc 9c]
yirkape: bets $3
PelonCabelao: calls $3
*** TURN *** [4c Jc 9c] [9s]
yirkape: bets $6
PelonCabelao: raises $6 to $12
yirkape: calls $6
*** RIVER *** [4c Jc 9c 9s] [2s]
yirkape: checks
PelonCabelao: bets $6
yirkape: folds
Uncalled bet ($6) returned to PelonCabelao
PelonCabelao collected $47.50 from pot
PelonCabelao: doesn't show hand
*** SUMMARY ***
Total pot $48 | Rake $0.50
Board [4c Jc 9c 9s 2s]
Seat 1: yirkape (big blind) folded on the River
Seat 2: PelonCabelao (button) (small blind) collected ($47.50)


PokerStars Hand #145185892522:  Hold'em Limit ($3/$6 USD) - 2015/12/11 14:11:32 ET
Table 'Chow IV' 2-max Seat #1 is the button
Seat 1: yirkape ($63.12 in chips)
Seat 2: PelonCabelao ($87.72 in chips)
yirkape: posts small blind $1
PelonCabelao: posts big blind $3
*** HOLE CARDS ***
yirkape: calls $2
PelonCabelao: checks
*** FLOP *** [Ad 4d Ac]
PelonCabelao: checks
yirkape: bets $3
PelonCabelao: calls $3
*** TURN *** [Ad 4d Ac] [2d]
PelonCabelao: checks
yirkape: checks
*** RIVER *** [Ad 4d Ac 2d] [6d]
PelonCabelao: checks
yirkape: checks
*** SHOW DOWN ***
PelonCabelao: shows [7d Ks] (a flush, Ace high)
yirkape: mucks hand
PelonCabelao collected $11.76 from pot
*** SUMMARY ***
Total pot $12 | Rake $0.24
Board [Ad 4d Ac 2d 6d]
Seat 1: yirkape (button) (small blind) mucked
Seat 2: PelonCabelao (big blind) showed [7d Ks] and won ($11.76) with a flush, Ace high


PokerStars Hand #145185953747:  Hold'em Limit ($3/$6 USD) - 2015/12/11 14:12:42 ET
Table 'Chow IV' 2-max Seat #2 is the button
Seat 1: yirkape ($28.12 in chips)
Seat 2: PelonCabelao ($121.98 in chips)
PelonCabelao: posts small blind $1
yirkape: posts big blind $3
*** HOLE CARDS ***
PelonCabelao: raises $3 to $6
yirkape: raises $3 to $9
PelonCabelao: raises $3 to $12
Betting is capped
yirkape: calls $3
*** FLOP *** [7h 7s 8s]
yirkape: bets $3
PelonCabelao: calls $3
*** TURN *** [7h 7s 8s] [4d]
yirkape: bets $6
PelonCabelao: calls $6
*** RIVER *** [7h 7s 8s 4d] [9d]
yirkape: bets $6
PelonCabelao: calls $6
*** SHOW DOWN ***
yirkape: shows [6d Kc] (a pair of Sevens)
PelonCabelao: shows [Ks Ad] (a pair of Sevens - Ace kicker)
PelonCabelao collected $53.50 from pot
*** SUMMARY ***
Total pot $54 | Rake $0.50
Board [7h 7s 8s 4d 9d]
Seat 1: yirkape (big blind) showed [6d Kc] and lost with a pair of Sevens
Seat 2: PelonCabelao (button) (small blind) showed [Ks Ad] and won ($53.50) with a pair of Sevens


