PokerStars Hand #175885404121:  Hold'em Limit ($3/$6 USD) - 2017/09/20 7:52:59 ET
Table 'Chow' 6-max Seat #6 is the button
Seat 3: Ag3r0n ($72 in chips)
Seat 6: Artachok ($64 in chips)
Artachok: posts small blind $1
Ag3r0n: posts big blind $3
*** HOLE CARDS ***
Artachok: folds
Uncalled bet ($2) returned to Ag3r0n
Ag3r0n collected $2 from pot
Ag3r0n: doesn't show hand
*** SUMMARY ***
Total pot $2 | Rake $0
Seat 3: Ag3r0n (big blind) collected ($2)
Seat 6: Artachok (button) (small blind) folded before Flop


PokerStars Hand #175885402212:  Hold'em Limit ($3/$6 USD) - 2017/09/20 7:52:54 ET
Table 'Chow' 6-max Seat #3 is the button
Seat 3: Ag3r0n ($72 in chips)
Seat 6: Artachok ($63 in chips)
Ag3r0n: posts small blind $1
Artachok: posts big blind $3
*** HOLE CARDS ***
Ag3r0n: folds
Uncalled bet ($2) returned to Artachok
Artachok collected $2 from pot
Artachok: doesn't show hand
*** SUMMARY ***
Total pot $2 | Rake $0
Seat 3: Ag3r0n (button) (small blind) folded before Flop
Seat 6: Artachok (big blind) collected ($2)


PokerStars Hand #175885398778:  Hold'em Limit ($3/$6 USD) - 2017/09/20 7:52:46 ET
Table 'Chow' 6-max Seat #6 is the button
Seat 3: Ag3r0n ($72 in chips)
Seat 6: Artachok ($60 in chips)
Artachok: posts small blind $1
Ag3r0n: posts big blind $3
*** HOLE CARDS ***
Artachok: raises $3 to $6
Ag3r0n: folds
Uncalled bet ($3) returned to Artachok
Artachok collected $6 from pot
Artachok: doesn't show hand
*** SUMMARY ***
Total pot $6 | Rake $0
Seat 3: Ag3r0n (big blind) folded before Flop
Seat 6: Artachok (button) (small blind) collected ($6)


PokerStars Hand #175885406295:  Hold'em Limit ($3/$6 USD) - 2017/09/20 7:53:04 ET
Table 'Chow' 6-max Seat #3 is the button
Seat 3: Ag3r0n ($73 in chips)
Seat 6: Artachok ($63 in chips)
Ag3r0n: posts small blind $1
Artachok: posts big blind $3
*** HOLE CARDS ***
Ag3r0n: folds
Uncalled bet ($2) returned to Artachok
Artachok collected $2 from pot
Artachok: doesn't show hand
*** SUMMARY ***
Total pot $2 | Rake $0
Seat 3: Ag3r0n (button) (small blind) folded before Flop
Seat 6: Artachok (big blind) collected ($2)


PokerStars Hand #175885408289:  Hold'em Limit ($3/$6 USD) - 2017/09/20 7:53:09 ET
Table 'Chow' 6-max Seat #6 is the button
Seat 3: Ag3r0n ($72 in chips)
Seat 6: Artachok ($64 in chips)
Artachok: posts small blind $1
Ag3r0n: posts big blind $3
*** HOLE CARDS ***
Artachok: raises $3 to $6
Ag3r0n: calls $3
*** FLOP *** [9s 9d 2d]
Ag3r0n: checks
Psynto joins the table at seat #1
Artachok: bets $3
Ag3r0n: raises $3 to $6
Artachok: calls $3
*** TURN *** [9s 9d 2d] [6d]
Jigorek1989 joins the table at seat #4
Ag3r0n: bets $6
Artachok: calls $6
*** RIVER *** [9s 9d 2d 6d] [Ks]
Ag3r0n: checks
Artachok: bets $6
Ag3r0n: calls $6
*** SHOW DOWN ***
Artachok: shows [7h Ac] (a pair of Nines)
Ag3r0n: shows [As 8h] (a pair of Nines - Ace+King+Eight kicker)
Ag3r0n collected $47.50 from pot
*** SUMMARY ***
Total pot $48 | Rake $0.50
Board [9s 9d 2d 6d Ks]
Seat 3: Ag3r0n (big blind) showed [As 8h] and won ($47.50) with a pair of Nines
Seat 6: Artachok (button) (small blind) showed [7h Ac] and lost with a pair of Nines


