PokerStars Hand #161190631570:  Hold'em Limit ($3/$6 USD) - 2016/11/10 11:04:09 ET
Table 'Chromios' 6-max Seat #2 is the button
Seat 1: cornetc ($60 in chips)
Seat 2: B_loJkl ($150 in chips)
B_loJkl: posts small blind $1
assitoni: is sitting out
cornetc: posts big blind $3
*** HOLE CARDS ***
B_loJkl: raises $3 to $6
cornetc: folds
Uncalled bet ($3) returned to B_loJkl
B_loJkl collected $6 from pot
B_loJkl: doesn't show hand
*** SUMMARY ***
Total pot $6 | Rake $0
Seat 1: cornetc (big blind) folded before Flop
Seat 2: B_loJkl (button) (small blind) collected ($6)


PokerStars Hand #161190661447:  Hold'em Limit ($3/$6 USD) - 2016/11/10 11:04:52 ET
Table 'Chromios' 6-max Seat #2 is the button
Seat 1: cornetc ($65.64 in chips)
Seat 2: B_loJkl ($144 in chips)
B_loJkl: posts small blind $1
cornetc: posts big blind $3
*** HOLE CARDS ***
B_loJkl: raises $3 to $6
cornetc: calls $3
*** FLOP *** [Ts 7c Tc]
cornetc: checks
B_loJkl: bets $3
cornetc: calls $3
*** TURN *** [Ts 7c Tc] [6s]
cornetc: checks
B_loJkl: checks
*** RIVER *** [Ts 7c Tc 6s] [4h]
cornetc: checks
B_loJkl: bets $6
cornetc: folds
Uncalled bet ($6) returned to B_loJkl
B_loJkl collected $17.64 from pot
B_loJkl: doesn't show hand
*** SUMMARY ***
Total pot $18 | Rake $0.36
Board [Ts 7c Tc 6s 4h]
Seat 1: cornetc (big blind) folded on the River
Seat 2: B_loJkl (button) (small blind) collected ($17.64)


PokerStars Hand #161190648565:  Hold'em Limit ($3/$6 USD) - 2016/11/10 11:04:33 ET
Table 'Chromios' 6-max Seat #1 is the button
Seat 1: cornetc ($57 in chips)
Seat 2: B_loJkl ($153 in chips)
cornetc: posts small blind $1
B_loJkl: posts big blind $3
*** HOLE CARDS ***
cornetc: raises $3 to $6
B_loJkl: calls $3
*** FLOP *** [Ks 8d 6s]
B_loJkl: checks
cornetc: bets $3
B_loJkl: calls $3
*** TURN *** [Ks 8d 6s] [Kh]
B_loJkl: checks
cornetc: bets $6
B_loJkl: folds
Uncalled bet ($6) returned to cornetc
cornetc collected $17.64 from pot
cornetc: doesn't show hand
*** SUMMARY ***
Total pot $18 | Rake $0.36
Board [Ks 8d 6s Kh]
Seat 1: cornetc (button) (small blind) collected ($17.64)
Seat 2: B_loJkl (big blind) folded on the Turn


PokerStars Hand #161190644968:  Hold'em Limit ($3/$6 USD) - 2016/11/10 11:04:28 ET
Table 'Chromios' 6-max Seat #2 is the button
Seat 1: cornetc ($56 in chips)
Seat 2: B_loJkl ($154 in chips)
B_loJkl: posts small blind $1
cornetc: posts big blind $3
*** HOLE CARDS ***
B_loJkl: folds
Uncalled bet ($2) returned to cornetc
cornetc collected $2 from pot
cornetc: doesn't show hand
*** SUMMARY ***
Total pot $2 | Rake $0
Seat 1: cornetc (big blind) collected ($2)
Seat 2: B_loJkl (button) (small blind) folded before Flop


PokerStars Hand #161190641756:  Hold'em Limit ($3/$6 USD) - 2016/11/10 11:04:24 ET
Table 'Chromios' 6-max Seat #1 is the button
Seat 1: cornetc ($57 in chips)
Seat 2: B_loJkl ($153 in chips)
cornetc: posts small blind $1
B_loJkl: posts big blind $3
*** HOLE CARDS ***
cornetc: folds
Uncalled bet ($2) returned to B_loJkl
B_loJkl collected $2 from pot
B_loJkl: doesn't show hand
*** SUMMARY ***
Total pot $2 | Rake $0
Seat 1: cornetc (button) (small blind) folded before Flop
Seat 2: B_loJkl (big blind) collected ($2)


PokerStars Hand #161190678037:  Hold'em Limit ($3/$6 USD) - 2016/11/10 11:05:15 ET
Table 'Chromios' 6-max Seat #1 is the button
Seat 1: cornetc ($56.64 in chips)
Seat 2: B_loJkl ($152.64 in chips)
cornetc: posts small blind $1
B_loJkl: posts big blind $3
*** HOLE CARDS ***
cornetc: folds
Uncalled bet ($2) returned to B_loJkl
B_loJkl collected $2 from pot
B_loJkl: doesn't show hand
*** SUMMARY ***
Total pot $2 | Rake $0
Seat 1: cornetc (button) (small blind) folded before Flop
Seat 2: B_loJkl (big blind) collected ($2)


PokerStars Hand #161190681125:  Hold'em Limit ($3/$6 USD) - 2016/11/10 11:05:20 ET
Table 'Chromios' 6-max Seat #2 is the button
Seat 1: cornetc ($55.64 in chips)
Seat 2: B_loJkl ($153.64 in chips)
B_loJkl: posts small blind $1
HAL9QQQ joins the table at seat #3
cornetc: posts big blind $3
*** HOLE CARDS ***
B_loJkl: raises $3 to $6
cornetc: calls $3
*** FLOP *** [Jc 6c 6s]
cornetc: checks
B_loJkl: bets $3
cornetc: folds
Uncalled bet ($3) returned to B_loJkl
B_loJkl collected $11.76 from pot
B_loJkl: doesn't show hand
*** SUMMARY ***
Total pot $12 | Rake $0.24
Board [Jc 6c 6s]
Seat 1: cornetc (big blind) folded on the Flop
Seat 2: B_loJkl (button) (small blind) collected ($11.76)


PokerStars Hand #161190690590:  Hold'em Limit ($3/$6 USD) - 2016/11/10 11:05:33 ET
Table 'Chromios' 6-max Seat #1 is the button
Seat 1: cornetc ($49.64 in chips)
Seat 2: B_loJkl ($159.40 in chips)
cornetc: posts small blind $1
B_loJkl: posts big blind $3
*** HOLE CARDS ***
cornetc: folds
Uncalled bet ($2) returned to B_loJkl
B_loJkl collected $2 from pot
B_loJkl: doesn't show hand
*** SUMMARY ***
Total pot $2 | Rake $0
Seat 1: cornetc (button) (small blind) folded before Flop
Seat 2: B_loJkl (big blind) collected ($2)


PokerStars Hand #161194997728:  Hold'em Limit ($3/$6 USD) - 2016/11/10 12:42:03 ET
Table 'Chromios' 6-max Seat #4 is the button
Seat 4: esaool ($119.63 in chips)
Seat 6: jackRizzar ($247.10 in chips)
esaool: posts small blind $1
Ale4o: is sitting out
jackRizzar: posts big blind $3
*** HOLE CARDS ***
esaool: folds
Uncalled bet ($2) returned to jackRizzar
Ale4o leaves the table
jackRizzar collected $2 from pot
jackRizzar: doesn't show hand
*** SUMMARY ***
Total pot $2 | Rake $0
Seat 4: esaool (button) (small blind) folded before Flop
Seat 6: jackRizzar (big blind) collected ($2)


PokerStars Hand #161195004300:  Hold'em Limit ($3/$6 USD) - 2016/11/10 12:42:11 ET
Table 'Chromios' 6-max Seat #6 is the button
Seat 4: esaool ($118.63 in chips)
Seat 6: jackRizzar ($248.10 in chips)
jackRizzar: posts small blind $1
esaool: posts big blind $3
*** HOLE CARDS ***
jackRizzar: raises $3 to $6
esaool: calls $3
*** FLOP *** [9s 3d 5c]
esaool: checks
jackRizzar: bets $3
esaool: calls $3
*** TURN *** [9s 3d 5c] [8d]
esaool: checks
jackRizzar: bets $6
esaool: folds
Uncalled bet ($6) returned to jackRizzar
jackRizzar collected $17.64 from pot
jackRizzar: doesn't show hand
*** SUMMARY ***
Total pot $18 | Rake $0.36
Board [9s 3d 5c 8d]
Seat 4: esaool (big blind) folded on the Turn
Seat 6: jackRizzar (button) (small blind) collected ($17.64)


