PokerStars Hand #169940697983:  Hold'em Limit ($3/$6 USD) - 2017/05/04 10:49:01 ET
Table 'Chromios II' 6-max Seat #2 is the button
Seat 2: TinaTurner72 ($170.76 in chips)
Seat 6: Krazy90 ($126.64 in chips)
TinaTurner72: posts small blind $1
farnemo: is sitting out
Krazy90: posts big blind $3
*** HOLE CARDS ***
TinaTurner72: raises $3 to $6
Krazy90: calls $3
*** FLOP *** [3c 7d 8h]
Krazy90: checks
TinaTurner72: bets $3
Krazy90: raises $3 to $6
TinaTurner72: calls $3
*** TURN *** [3c 7d 8h] [9s]
Krazy90: bets $6
TinaTurner72: calls $6
*** RIVER *** [3c 7d 8h 9s] [Th]
Krazy90: checks
TinaTurner72: bets $6
Krazy90: calls $6
*** SHOW DOWN ***
TinaTurner72: shows [7c Td] (two pair, Tens and Sevens)
Krazy90: mucks hand
TinaTurner72 collected $47.50 from pot
*** SUMMARY ***
Total pot $48 | Rake $0.50
Board [3c 7d 8h 9s Th]
Seat 2: TinaTurner72 (button) (small blind) showed [7c Td] and won ($47.50) with two pair, Tens and Sevens
Seat 6: Krazy90 (big blind) mucked


PokerStars Hand #169940793493:  Hold'em Limit ($3/$6 USD) - 2017/05/04 10:51:28 ET
Table 'Chromios II' 6-max Seat #3 is the button
Seat 3: igorkabmw ($30 in chips)
Seat 5: TinaTurner72 ($120 in chips)
igorkabmw: posts small blind $1
TinaTurner72: posts big blind $3
*** HOLE CARDS ***
igorkabmw: folds
Uncalled bet ($2) returned to TinaTurner72
TinaTurner72 collected $2 from pot
TinaTurner72: doesn't show hand
*** SUMMARY ***
Total pot $2 | Rake $0
Seat 3: igorkabmw (button) (small blind) folded before Flop
Seat 5: TinaTurner72 (big blind) collected ($2)


PokerStars Hand #169940796700:  Hold'em Limit ($3/$6 USD) - 2017/05/04 10:51:33 ET
Table 'Chromios II' 6-max Seat #5 is the button
Seat 3: igorkabmw ($29 in chips)
Seat 5: TinaTurner72 ($121 in chips)
TinaTurner72: posts small blind $1
igorkabmw: posts big blind $3
*** HOLE CARDS ***
TinaTurner72: raises $3 to $6
igorkabmw: calls $3
*** FLOP *** [8c 9c 5c]
igorkabmw: checks
TinaTurner72: bets $3
igorkabmw: calls $3
*** TURN *** [8c 9c 5c] [7d]
igorkabmw: bets $6
TinaTurner72: calls $6
*** RIVER *** [8c 9c 5c 7d] [3s]
igorkabmw: bets $6
TinaTurner72: calls $6
*** SHOW DOWN ***
igorkabmw: shows [8s Js] (a pair of Eights)
TinaTurner72: shows [5h 5s] (three of a kind, Fives)
TinaTurner72 collected $41.50 from pot
*** SUMMARY ***
Total pot $42 | Rake $0.50
Board [8c 9c 5c 7d 3s]
Seat 3: igorkabmw (big blind) showed [8s Js] and lost with a pair of Eights
Seat 5: TinaTurner72 (button) (small blind) showed [5h 5s] and won ($41.50) with three of a kind, Fives


PokerStars Hand #169940816805:  Hold'em Limit ($3/$6 USD) - 2017/05/04 10:52:05 ET
Table 'Chromios II' 6-max Seat #5 is the button
Seat 3: igorkabmw ($15.68 in chips)
Seat 5: TinaTurner72 ($133.50 in chips)
TinaTurner72: posts small blind $1
igorkabmw: posts big blind $3
*** HOLE CARDS ***
TinaTurner72: raises $3 to $6
igorkabmw: folds
Uncalled bet ($3) returned to TinaTurner72
TinaTurner72 collected $6 from pot
TinaTurner72: doesn't show hand
*** SUMMARY ***
Total pot $6 | Rake $0
Seat 3: igorkabmw (big blind) folded before Flop
Seat 5: TinaTurner72 (button) (small blind) collected ($6)


PokerStars Hand #169940807915:  Hold'em Limit ($3/$6 USD) - 2017/05/04 10:51:51 ET
Table 'Chromios II' 6-max Seat #3 is the button
Seat 3: igorkabmw ($8 in chips)
Seat 5: TinaTurner72 ($141.50 in chips)
igorkabmw: posts small blind $1
TinaTurner72: posts big blind $3
*** HOLE CARDS ***
igorkabmw: raises $3 to $6
TinaTurner72: raises $3 to $9
igorkabmw: calls $2 and is all-in
Uncalled bet ($1) returned to TinaTurner72
*** FLOP *** [Tc 3h 5h]
*** TURN *** [Tc 3h 5h] [5d]
*** RIVER *** [Tc 3h 5h 5d] [Js]
*** SHOW DOWN ***
TinaTurner72: shows [Ks 8s] (a pair of Fives)
igorkabmw: shows [8c Th] (two pair, Tens and Fives)
igorkabmw collected $15.68 from pot
*** SUMMARY ***
Total pot $16 | Rake $0.32
Board [Tc 3h 5h 5d Js]
Seat 3: igorkabmw (button) (small blind) showed [8c Th] and won ($15.68) with two pair, Tens and Fives
Seat 5: TinaTurner72 (big blind) showed [Ks 8s] and lost with a pair of Fives


PokerStars Hand #169940820306:  Hold'em Limit ($3/$6 USD) - 2017/05/04 10:52:10 ET
Table 'Chromios II' 6-max Seat #3 is the button
Seat 3: igorkabmw ($12.68 in chips)
Seat 5: TinaTurner72 ($136.50 in chips)
igorkabmw: posts small blind $1
TinaTurner72: posts big blind $3
*** HOLE CARDS ***
igorkabmw: calls $2
TinaTurner72: raises $3 to $6
igorkabmw: calls $3
*** FLOP *** [Ts 7h 4d]
TinaTurner72: bets $3
igorkabmw: raises $3 to $6
TinaTurner72: raises $3 to $9
igorkabmw: calls $0.68 and is all-in
Uncalled bet ($2.32) returned to TinaTurner72
*** TURN *** [Ts 7h 4d] [Kd]
*** RIVER *** [Ts 7h 4d Kd] [6h]
*** SHOW DOWN ***
TinaTurner72: shows [Kc 7c] (two pair, Kings and Sevens)
igorkabmw: shows [Jd 5d] (high card King)
TinaTurner72 collected $24.86 from pot
*** SUMMARY ***
Total pot $25.36 | Rake $0.50
Board [Ts 7h 4d Kd 6h]
Seat 3: igorkabmw (button) (small blind) showed [Jd 5d] and lost with high card King
Seat 5: TinaTurner72 (big blind) showed [Kc 7c] and won ($24.86) with two pair, Kings and Sevens


