PokerStars Hand #158905252600:  Hold'em Limit ($3/$6 USD) - 2016/09/21 13:20:18 ET
Table 'Chromios II' 6-max Seat #2 is the button
Seat 2: llmaiconll ($50 in chips)
Seat 3: Ag3r0n ($72 in chips)
llmaiconll: posts small blind $1
Ag3r0n: posts big blind $3
*** HOLE CARDS ***
llmaiconll: raises $3 to $6
Ag3r0n: raises $3 to $9
llmaiconll: raises $3 to $12
Betting is capped
Ag3r0n: calls $3
*** FLOP *** [Td Kc 5d]
Ag3r0n: bets $3
llmaiconll: raises $3 to $6
Ag3r0n: calls $3
*** TURN *** [Td Kc 5d] [6h]
Ag3r0n: checks
llmaiconll: bets $6
Ag3r0n: calls $6
*** RIVER *** [Td Kc 5d 6h] [7c]
Ag3r0n: checks
llmaiconll: bets $6
Ag3r0n: calls $6
*** SHOW DOWN ***
llmaiconll: shows [Ks Qs] (a pair of Kings)
Ag3r0n: mucks hand
llmaiconll collected $59.50 from pot
*** SUMMARY ***
Total pot $60 | Rake $0.50
Board [Td Kc 5d 6h 7c]
Seat 2: llmaiconll (button) (small blind) showed [Ks Qs] and won ($59.50) with a pair of Kings
Seat 3: Ag3r0n (big blind) mucked


PokerStars Hand #158905282582:  Hold'em Limit ($3/$6 USD) - 2016/09/21 13:20:57 ET
Table 'Chromios II' 6-max Seat #2 is the button
Seat 2: llmaiconll ($76.50 in chips)
Seat 3: Ag3r0n ($75 in chips)
llmaiconll: posts small blind $1
Ag3r0n: posts big blind $3
*** HOLE CARDS ***
llmaiconll: folds
Uncalled bet ($2) returned to Ag3r0n
Ag3r0n collected $2 from pot
*** SUMMARY ***
Total pot $2 | Rake $0
Seat 2: llmaiconll (button) (small blind) folded before Flop
Seat 3: Ag3r0n (big blind) collected ($2)


PokerStars Hand #158905275090:  Hold'em Limit ($3/$6 USD) - 2016/09/21 13:20:48 ET
Table 'Chromios II' 6-max Seat #3 is the button
Seat 2: llmaiconll ($79.50 in chips)
Seat 3: Ag3r0n ($72 in chips)
Ag3r0n: posts small blind $1
llmaiconll: posts big blind $3
*** HOLE CARDS ***
Ag3r0n: raises $3 to $6
llmaiconll: folds
Uncalled bet ($3) returned to Ag3r0n
Ag3r0n collected $6 from pot
*** SUMMARY ***
Total pot $6 | Rake $0
Seat 2: llmaiconll (big blind) folded before Flop
Seat 3: Ag3r0n (button) (small blind) collected ($6)


PokerStars Hand #158905302115:  Hold'em Limit ($3/$6 USD) - 2016/09/21 13:21:24 ET
Table 'Chromios II' 6-max Seat #2 is the button
Seat 2: llmaiconll ($102 in chips)
Seat 3: Ag3r0n ($72 in chips)
llmaiconll: posts small blind $1
Ag3r0n: posts big blind $3
*** HOLE CARDS ***
llmaiconll: folds
Uncalled bet ($2) returned to Ag3r0n
Ag3r0n collected $2 from pot
*** SUMMARY ***
Total pot $2 | Rake $0
Seat 2: llmaiconll (button) (small blind) folded before Flop
Seat 3: Ag3r0n (big blind) collected ($2)


PokerStars Hand #158905286447:  Hold'em Limit ($3/$6 USD) - 2016/09/21 13:21:03 ET
Table 'Chromios II' 6-max Seat #3 is the button
Seat 2: llmaiconll ($75.50 in chips)
Seat 3: Ag3r0n ($76 in chips)
Ag3r0n: posts small blind $1
llmaiconll: posts big blind $3
*** HOLE CARDS ***
Ag3r0n: raises $3 to $6
llmaiconll: calls $3
*** FLOP *** [Qs Ks 8d]
llmaiconll: checks
Ag3r0n: bets $3
llmaiconll: calls $3
*** TURN *** [Qs Ks 8d] [8c]
llmaiconll: checks
Ag3r0n: bets $6
llmaiconll: calls $6
*** RIVER *** [Qs Ks 8d 8c] [6d]
llmaiconll: checks
Ag3r0n: bets $6
llmaiconll: raises $6 to $12
Ag3r0n: calls $6
*** SHOW DOWN ***
llmaiconll: shows [9s 8s] (three of a kind, Eights)
Ag3r0n: mucks hand
llmaiconll collected $53.50 from pot
*** SUMMARY ***
Total pot $54 | Rake $0.50
Board [Qs Ks 8d 8c 6d]
Seat 2: llmaiconll (big blind) showed [9s 8s] and won ($53.50) with three of a kind, Eights
Seat 3: Ag3r0n (button) (small blind) mucked


PokerStars Hand #158905325217:  Hold'em Limit ($3/$6 USD) - 2016/09/21 13:21:55 ET
Table 'Chromios II' 6-max Seat #3 is the button
Seat 2: llmaiconll ($97 in chips)
Seat 3: Ag3r0n ($77 in chips)
Ag3r0n: posts small blind $1
llmaiconll: posts big blind $3
*** HOLE CARDS ***
Ag3r0n: folds
Uncalled bet ($2) returned to llmaiconll
llmaiconll collected $2 from pot
llmaiconll: doesn't show hand
*** SUMMARY ***
Total pot $2 | Rake $0
Seat 2: llmaiconll (big blind) collected ($2)
Seat 3: Ag3r0n (button) (small blind) folded before Flop


PokerStars Hand #158905321363:  Hold'em Limit ($3/$6 USD) - 2016/09/21 13:21:49 ET
Table 'Chromios II' 6-max Seat #2 is the button
Seat 2: llmaiconll ($98 in chips)
Seat 3: Ag3r0n ($76 in chips)
llmaiconll: posts small blind $1
Ag3r0n: posts big blind $3
*** HOLE CARDS ***
llmaiconll: folds
Uncalled bet ($2) returned to Ag3r0n
Ag3r0n collected $2 from pot
*** SUMMARY ***
Total pot $2 | Rake $0
Seat 2: llmaiconll (button) (small blind) folded before Flop
Seat 3: Ag3r0n (big blind) collected ($2)


PokerStars Hand #158905333014:  Hold'em Limit ($3/$6 USD) - 2016/09/21 13:22:05 ET
Table 'Chromios II' 6-max Seat #3 is the button
Seat 2: llmaiconll ($97 in chips)
Seat 3: Ag3r0n ($77 in chips)
Ag3r0n: posts small blind $1
llmaiconll: posts big blind $3
*** HOLE CARDS ***
Ag3r0n: raises $3 to $6
llmaiconll: folds
Uncalled bet ($3) returned to Ag3r0n
Ag3r0n collected $6 from pot
*** SUMMARY ***
Total pot $6 | Rake $0
Seat 2: llmaiconll (big blind) folded before Flop
Seat 3: Ag3r0n (button) (small blind) collected ($6)


PokerStars Hand #158905328744:  Hold'em Limit ($3/$6 USD) - 2016/09/21 13:21:59 ET
Table 'Chromios II' 6-max Seat #2 is the button
Seat 2: llmaiconll ($98 in chips)
Seat 3: Ag3r0n ($76 in chips)
llmaiconll: posts small blind $1
Ag3r0n: posts big blind $3
*** HOLE CARDS ***
llmaiconll: folds
Uncalled bet ($2) returned to Ag3r0n
Ag3r0n collected $2 from pot
*** SUMMARY ***
Total pot $2 | Rake $0
Seat 2: llmaiconll (button) (small blind) folded before Flop
Seat 3: Ag3r0n (big blind) collected ($2)


PokerStars Hand #158905312216:  Hold'em Limit ($3/$6 USD) - 2016/09/21 13:21:37 ET
Table 'Chromios II' 6-max Seat #2 is the button
Seat 2: llmaiconll ($102 in chips)
Seat 3: Ag3r0n ($72 in chips)
llmaiconll: posts small blind $1
Ag3r0n: posts big blind $3
*** HOLE CARDS ***
llmaiconll: folds
Uncalled bet ($2) returned to Ag3r0n
Ag3r0n collected $2 from pot
*** SUMMARY ***
Total pot $2 | Rake $0
Seat 2: llmaiconll (button) (small blind) folded before Flop
Seat 3: Ag3r0n (big blind) collected ($2)


PokerStars Hand #158905308485:  Hold'em Limit ($3/$6 USD) - 2016/09/21 13:21:32 ET
Table 'Chromios II' 6-max Seat #3 is the button
Seat 2: llmaiconll ($101 in chips)
Seat 3: Ag3r0n ($73 in chips)
Ag3r0n: posts small blind $1
llmaiconll: posts big blind $3
*** HOLE CARDS ***
Ag3r0n: folds
Uncalled bet ($2) returned to llmaiconll
llmaiconll collected $2 from pot
llmaiconll: doesn't show hand
*** SUMMARY ***
Total pot $2 | Rake $0
Seat 2: llmaiconll (big blind) collected ($2)
Seat 3: Ag3r0n (button) (small blind) folded before Flop


PokerStars Hand #158905316234:  Hold'em Limit ($3/$6 USD) - 2016/09/21 13:21:43 ET
Table 'Chromios II' 6-max Seat #3 is the button
Seat 2: llmaiconll ($101 in chips)
Seat 3: Ag3r0n ($73 in chips)
Ag3r0n: posts small blind $1
llmaiconll: posts big blind $3
*** HOLE CARDS ***
Ag3r0n: raises $3 to $6
llmaiconll: folds
Uncalled bet ($3) returned to Ag3r0n
Ag3r0n collected $6 from pot
*** SUMMARY ***
Total pot $6 | Rake $0
Seat 2: llmaiconll (big blind) folded before Flop
Seat 3: Ag3r0n (button) (small blind) collected ($6)


PokerStars Hand #158905344820:  Hold'em Limit ($3/$6 USD) - 2016/09/21 13:22:21 ET
Table 'Chromios II' 6-max Seat #3 is the button
Seat 2: llmaiconll ($97 in chips)
Seat 3: Ag3r0n ($77 in chips)
Ag3r0n: posts small blind $1
llmaiconll: posts big blind $3
*** HOLE CARDS ***
Ag3r0n: raises $3 to $6
llmaiconll: calls $3
*** FLOP *** [6h 5h Jh]
llmaiconll: checks
Ag3r0n: bets $3
llmaiconll: calls $3
*** TURN *** [6h 5h Jh] [7d]
llmaiconll: checks
Ag3r0n: bets $6
llmaiconll: raises $6 to $12
Ag3r0n: folds
Uncalled bet ($6) returned to llmaiconll
llmaiconll collected $29.50 from pot
llmaiconll: doesn't show hand
*** SUMMARY ***
Total pot $30 | Rake $0.50
Board [6h 5h Jh 7d]
Seat 2: llmaiconll (big blind) collected ($29.50)
Seat 3: Ag3r0n (button) (small blind) folded on the Turn


PokerStars Hand #158905380289:  Hold'em Limit ($3/$6 USD) - 2016/09/21 13:23:08 ET
Table 'Chromios II' 6-max Seat #3 is the button
Seat 2: llmaiconll ($110.50 in chips)
Seat 3: Ag3r0n ($73 in chips)
Ag3r0n: posts small blind $1
llmaiconll: posts big blind $3
*** HOLE CARDS ***
Ag3r0n: folds
Uncalled bet ($2) returned to llmaiconll
llmaiconll collected $2 from pot
llmaiconll: doesn't show hand
*** SUMMARY ***
Total pot $2 | Rake $0
Seat 2: llmaiconll (big blind) collected ($2)
Seat 3: Ag3r0n (button) (small blind) folded before Flop


PokerStars Hand #158905375616:  Hold'em Limit ($3/$6 USD) - 2016/09/21 13:23:02 ET
Table 'Chromios II' 6-max Seat #2 is the button
Seat 2: llmaiconll ($111.50 in chips)
Seat 3: Ag3r0n ($72 in chips)
llmaiconll: posts small blind $1
Ag3r0n: posts big blind $3
*** HOLE CARDS ***
llmaiconll: folds
Uncalled bet ($2) returned to Ag3r0n
Ag3r0n collected $2 from pot
*** SUMMARY ***
Total pot $2 | Rake $0
Seat 2: llmaiconll (button) (small blind) folded before Flop
Seat 3: Ag3r0n (big blind) collected ($2)


PokerStars Hand #158905424888:  Hold'em Limit ($3/$6 USD) - 2016/09/21 13:24:08 ET
Table 'Chromios II' 6-max Seat #3 is the button
Seat 2: llmaiconll ($96.50 in chips)
Seat 3: Ag3r0n ($86.28 in chips)
Ag3r0n: posts small blind $1
llmaiconll: posts big blind $3
*** HOLE CARDS ***
Ag3r0n: folds
Uncalled bet ($2) returned to llmaiconll
llmaiconll collected $2 from pot
llmaiconll: doesn't show hand
*** SUMMARY ***
Total pot $2 | Rake $0
Seat 2: llmaiconll (big blind) collected ($2)
Seat 3: Ag3r0n (button) (small blind) folded before Flop


PokerStars Hand #158905400939:  Hold'em Limit ($3/$6 USD) - 2016/09/21 13:23:36 ET
Table 'Chromios II' 6-max Seat #3 is the button
Seat 2: llmaiconll ($99.50 in chips)
Seat 3: Ag3r0n ($83.52 in chips)
Ag3r0n: posts small blind $1
llmaiconll: posts big blind $3
*** HOLE CARDS ***
Ag3r0n: raises $3 to $6
llmaiconll: calls $3
*** FLOP *** [Jc Ah 4c]
llmaiconll: checks
Ag3r0n: bets $3
llmaiconll: folds
Uncalled bet ($3) returned to Ag3r0n
Ag3r0n collected $11.76 from pot
*** SUMMARY ***
Total pot $12 | Rake $0.24
Board [Jc Ah 4c]
Seat 2: llmaiconll (big blind) folded on the Flop
Seat 3: Ag3r0n (button) (small blind) collected ($11.76)


PokerStars Hand #158905415471:  Hold'em Limit ($3/$6 USD) - 2016/09/21 13:23:55 ET
Table 'Chromios II' 6-max Seat #3 is the button
Seat 2: llmaiconll ($96.50 in chips)
Seat 3: Ag3r0n ($86.28 in chips)
Ag3r0n: posts small blind $1
llmaiconll: posts big blind $3
*** HOLE CARDS ***
Ag3r0n: folds
Uncalled bet ($2) returned to llmaiconll
llmaiconll collected $2 from pot
llmaiconll: doesn't show hand
*** SUMMARY ***
Total pot $2 | Rake $0
Seat 2: llmaiconll (big blind) collected ($2)
Seat 3: Ag3r0n (button) (small blind) folded before Flop


PokerStars Hand #158905410167:  Hold'em Limit ($3/$6 USD) - 2016/09/21 13:23:48 ET
Table 'Chromios II' 6-max Seat #2 is the button
Seat 2: llmaiconll ($93.50 in chips)
Seat 3: Ag3r0n ($89.28 in chips)
llmaiconll: posts small blind $1
Ag3r0n: posts big blind $3
*** HOLE CARDS ***
llmaiconll: raises $3 to $6
Ag3r0n: folds
Uncalled bet ($3) returned to llmaiconll
llmaiconll collected $6 from pot
*** SUMMARY ***
Total pot $6 | Rake $0
Seat 2: llmaiconll (button) (small blind) collected ($6)
Seat 3: Ag3r0n (big blind) folded before Flop


PokerStars Hand #158905384451:  Hold'em Limit ($3/$6 USD) - 2016/09/21 13:23:14 ET
Table 'Chromios II' 6-max Seat #2 is the button
Seat 2: llmaiconll ($111.50 in chips)
Seat 3: Ag3r0n ($72 in chips)
llmaiconll: posts small blind $1
Ag3r0n: posts big blind $3
*** HOLE CARDS ***
llmaiconll: raises $3 to $6
Ag3r0n: raises $3 to $9
llmaiconll: calls $3
*** FLOP *** [7h 4c Ks]
Ag3r0n: bets $3
llmaiconll: calls $3
*** TURN *** [7h 4c Ks] [9c]
Ag3r0n: checks
llmaiconll: checks
*** RIVER *** [7h 4c Ks 9c] [2d]
Ag3r0n: checks
llmaiconll: checks
*** SHOW DOWN ***
Ag3r0n: shows [Qc Ah] (high card Ace)
llmaiconll: mucks hand
Ag3r0n collected $23.52 from pot
*** SUMMARY ***
Total pot $24 | Rake $0.48
Board [7h 4c Ks 9c 2d]
Seat 2: llmaiconll (button) (small blind) mucked
Seat 3: Ag3r0n (big blind) showed [Qc Ah] and won ($23.52) with high card Ace


PokerStars Hand #158905428893:  Hold'em Limit ($3/$6 USD) - 2016/09/21 13:24:13 ET
Table 'Chromios II' 6-max Seat #2 is the button
Seat 2: llmaiconll ($97.50 in chips)
Seat 3: Ag3r0n ($85.28 in chips)
llmaiconll: posts small blind $1
Ag3r0n: posts big blind $3
*** HOLE CARDS ***
llmaiconll: calls $2
Ag3r0n: checks
*** FLOP *** [2d 4c Tc]
Ag3r0n: checks
llmaiconll: checks
*** TURN *** [2d 4c Tc] [6h]
Ag3r0n: checks
Chessnok joins the table at seat #4
llmaiconll: bets $6
Ag3r0n: folds
Uncalled bet ($6) returned to llmaiconll
llmaiconll collected $5.88 from pot
llmaiconll: doesn't show hand
*** SUMMARY ***
Total pot $6 | Rake $0.12
Board [2d 4c Tc 6h]
Seat 2: llmaiconll (button) (small blind) collected ($5.88)
Seat 3: Ag3r0n (big blind) folded on the Turn


PokerStars Hand #158911362531:  Hold'em Limit ($3/$6 USD) - 2016/09/21 15:32:30 ET
Table 'Chromios II' 6-max Seat #6 is the button
Seat 3: Hannibal2211 ($85.78 in chips)
Seat 6: liroibom ($372.33 in chips)
liroibom: posts small blind $1
Hannibal2211: posts big blind $3
*** HOLE CARDS ***
liroibom: calls $2
eldanis leaves the table
Hannibal2211: checks
*** FLOP *** [8h 5c 3c]
Hannibal2211: checks
HKH77 joins the table at seat #5
liroibom: checks
*** TURN *** [8h 5c 3c] [8c]
Hannibal2211: checks
liroibom: bets $6
Hannibal2211: calls $6
*** RIVER *** [8h 5c 3c 8c] [Jd]
Hannibal2211: checks
liroibom: bets $6
Hannibal2211: folds
Uncalled bet ($6) returned to liroibom
liroibom collected $17.64 from pot
*** SUMMARY ***
Total pot $18 | Rake $0.36
Board [8h 5c 3c 8c Jd]
Seat 3: Hannibal2211 (big blind) folded on the River
Seat 6: liroibom (button) (small blind) collected ($17.64)


PokerStars Hand #158911414193:  Hold'em Limit ($3/$6 USD) - 2016/09/21 15:33:33 ET
Table 'Chromios II' 6-max Seat #6 is the button
Seat 3: Hannibal2211 ($72 in chips)
Seat 6: liroibom ($390.40 in chips)
vovan4y4ok joins the table at seat #5
liroibom: posts small blind $1
Hannibal2211: posts big blind $3
*** HOLE CARDS ***
liroibom: folds
Uncalled bet ($2) returned to Hannibal2211
Hannibal2211 collected $2 from pot
*** SUMMARY ***
Total pot $2 | Rake $0
Seat 3: Hannibal2211 (big blind) collected ($2)
Seat 6: liroibom (button) (small blind) folded before Flop


PokerStars Hand #158912682811:  Hold'em Limit ($3/$6 USD) - 2016/09/21 16:00:06 ET
Table 'Chromios II' 6-max Seat #3 is the button
Seat 3: Hannibal2211 ($158.33 in chips)
Seat 4: _fayzulllo_ ($72 in chips)
Hannibal2211: posts small blind $1
_fayzulllo_: posts big blind $3
*** HOLE CARDS ***
Hannibal2211: raises $3 to $6
_fayzulllo_: calls $3
*** FLOP *** [Tc Th Ts]
_fayzulllo_: checks
Hannibal2211: bets $3
_fayzulllo_: calls $3
*** TURN *** [Tc Th Ts] [Kd]
_fayzulllo_: checks
Hannibal2211: bets $6
_fayzulllo_: raises $6 to $12
Hannibal2211: folds
Uncalled bet ($6) returned to _fayzulllo_
_fayzulllo_ collected $29.50 from pot
_fayzulllo_: doesn't show hand
*** SUMMARY ***
Total pot $30 | Rake $0.50
Board [Tc Th Ts Kd]
Seat 3: Hannibal2211 (button) (small blind) folded on the Turn
Seat 4: _fayzulllo_ (big blind) collected ($29.50)


PokerStars Hand #158912694967:  Hold'em Limit ($3/$6 USD) - 2016/09/21 16:00:23 ET
Table 'Chromios II' 6-max Seat #4 is the button
Seat 3: Hannibal2211 ($143.33 in chips)
Seat 4: _fayzulllo_ ($86.50 in chips)
_fayzulllo_: posts small blind $1
Hannibal2211: posts big blind $3
*** HOLE CARDS ***
_fayzulllo_: calls $2
vestimokrec joins the table at seat #6
Hannibal2211: checks
*** FLOP *** [6d Ah 9h]
Hannibal2211: bets $3
_fayzulllo_: calls $3
*** TURN *** [6d Ah 9h] [4h]
Hannibal2211: checks
_fayzulllo_: bets $6
Hannibal2211: calls $6
*** RIVER *** [6d Ah 9h 4h] [Tc]
Hannibal2211: checks
_fayzulllo_: bets $6
Hannibal2211: calls $6
*** SHOW DOWN ***
_fayzulllo_: shows [6h 4s] (two pair, Sixes and Fours)
Hannibal2211: mucks hand
_fayzulllo_ collected $35.50 from pot
*** SUMMARY ***
Total pot $36 | Rake $0.50
Board [6d Ah 9h 4h Tc]
Seat 3: Hannibal2211 (big blind) mucked
Seat 4: _fayzulllo_ (button) (small blind) showed [6h 4s] and won ($35.50) with two pair, Sixes and Fours


PokerStars Hand #158912714804:  Hold'em Limit ($3/$6 USD) - 2016/09/21 16:00:52 ET
Table 'Chromios II' 6-max Seat #3 is the button
Seat 3: Hannibal2211 ($125.33 in chips)
Seat 4: _fayzulllo_ ($104 in chips)
Hannibal2211: posts small blind $1
_fayzulllo_: posts big blind $3
*** HOLE CARDS ***
Hannibal2211: folds
Uncalled bet ($2) returned to _fayzulllo_
_fayzulllo_ collected $2 from pot
_fayzulllo_: doesn't show hand
*** SUMMARY ***
Total pot $2 | Rake $0
Seat 3: Hannibal2211 (button) (small blind) folded before Flop
Seat 4: _fayzulllo_ (big blind) collected ($2)


PokerStars Hand #158918235781:  Hold'em Limit ($3/$6 USD) - 2016/09/21 17:57:02 ET
Table 'Chromios II' 6-max Seat #3 is the button
Seat 2: RaisemyNut$ ($141.98 in chips)
Seat 3: Hannibal2211 ($75.05 in chips)
Hannibal2211: posts small blind $1
kiwi/mike: is sitting out
vestimokrec: is sitting out
RaisemyNut$: posts big blind $3
*** HOLE CARDS ***
vestimokrec leaves the table
kiwi/mike leaves the table
Hannibal2211: folds
Uncalled bet ($2) returned to RaisemyNut$
RaisemyNut$ collected $2 from pot
RaisemyNut$: doesn't show hand
*** SUMMARY ***
Total pot $2 | Rake $0
Seat 2: RaisemyNut$ (big blind) collected ($2)
Seat 3: Hannibal2211 (button) (small blind) folded before Flop


PokerStars Hand #158918242073:  Hold'em Limit ($3/$6 USD) - 2016/09/21 17:57:13 ET
Table 'Chromios II' 6-max Seat #2 is the button
Seat 2: RaisemyNut$ ($142.98 in chips)
Seat 3: Hannibal2211 ($74.05 in chips)
RaisemyNut$: posts small blind $1
Hannibal2211: posts big blind $3
*** HOLE CARDS ***
RaisemyNut$: raises $3 to $6
Hannibal2211: calls $3
*** FLOP *** [9d 7s Ts]
Hannibal2211: checks
RaisemyNut$: bets $3
Hannibal2211: calls $3
*** TURN *** [9d 7s Ts] [Ad]
Hannibal2211: checks
RaisemyNut$: bets $6
Hannibal2211: folds
Uncalled bet ($6) returned to RaisemyNut$
RaisemyNut$ collected $17.64 from pot
RaisemyNut$: doesn't show hand
*** SUMMARY ***
Total pot $18 | Rake $0.36
Board [9d 7s Ts Ad]
Seat 2: RaisemyNut$ (button) (small blind) collected ($17.64)
Seat 3: Hannibal2211 (big blind) folded on the Turn


PokerStars Hand #158918257947:  Hold'em Limit ($3/$6 USD) - 2016/09/21 17:57:41 ET
Table 'Chromios II' 6-max Seat #3 is the button
Seat 2: RaisemyNut$ ($151.62 in chips)
Seat 3: Hannibal2211 ($72 in chips)
Hannibal2211: posts small blind $1
RaisemyNut$: posts big blind $3
*** HOLE CARDS ***
Hannibal2211: raises $3 to $6
RaisemyNut$: folds
Uncalled bet ($3) returned to Hannibal2211
Hannibal2211 collected $6 from pot
*** SUMMARY ***
Total pot $6 | Rake $0
Seat 2: RaisemyNut$ (big blind) folded before Flop
Seat 3: Hannibal2211 (button) (small blind) collected ($6)


