PokerStars Hand #154163127045:  Hold'em Limit ($3/$6 USD) - 2016/06/01 19:17:29 ET
Table 'Chryseis' 6-max Seat #4 is the button
Seat 4: BuzovaPro ($74.88 in chips)
Seat 6: TineJ2650 ($108.57 in chips)
BuzovaPro: posts small blind $1
TineJ2650: posts big blind $3
*** HOLE CARDS ***
BuzovaPro: raises $3 to $6
TineJ2650: calls $3
*** FLOP *** [Td Jh 3d]
TineJ2650: checks
BuzovaPro: checks
*** TURN *** [Td Jh 3d] [6c]
TineJ2650: checks
vestimokrec joins the table at seat #1
BuzovaPro: bets $6
TineJ2650: calls $6
*** RIVER *** [Td Jh 3d 6c] [5d]
TineJ2650: checks
BuzovaPro: checks
*** SHOW DOWN ***
TineJ2650: shows [7d As] (high card Ace)
BuzovaPro: shows [3h Kh] (a pair of Threes)
BuzovaPro collected $23.52 from pot
ToDaFelt joins the table at seat #2
*** SUMMARY ***
Total pot $24 | Rake $0.48
Board [Td Jh 3d 6c 5d]
Seat 4: BuzovaPro (button) (small blind) showed [3h Kh] and won ($23.52) with a pair of Threes
Seat 6: TineJ2650 (big blind) showed [7d As] and lost with high card Ace


PokerStars Hand #154163109230:  Hold'em Limit ($3/$6 USD) - 2016/06/01 19:16:59 ET
Table 'Chryseis' 6-max Seat #6 is the button
Seat 4: BuzovaPro ($72 in chips)
Seat 6: TineJ2650 ($111.57 in chips)
TineJ2650: posts small blind $1
BuzovaPro: posts big blind $3
*** HOLE CARDS ***
TineJ2650: calls $2
BuzovaPro: checks
*** FLOP *** [9c 2c 9d]
BuzovaPro: bets $3
TineJ2650: folds
Uncalled bet ($3) returned to BuzovaPro
BuzovaPro collected $5.88 from pot
BuzovaPro: doesn't show hand
*** SUMMARY ***
Total pot $6 | Rake $0.12
Board [9c 2c 9d]
Seat 4: BuzovaPro (big blind) collected ($5.88)
Seat 6: TineJ2650 (button) (small blind) folded on the Flop


PokerStars Hand #154163210062:  Hold'em Limit ($3/$6 USD) - 2016/06/01 19:19:48 ET
Table 'Chryseis' 6-max Seat #2 is the button
Seat 2: ToDaFelt ($198.89 in chips)
Seat 6: TineJ2650 ($82.57 in chips)
ToDaFelt: posts small blind $1
TineJ2650: posts big blind $3
*** HOLE CARDS ***
ToDaFelt: raises $3 to $6
TineJ2650: folds
Uncalled bet ($3) returned to ToDaFelt
ToDaFelt collected $6 from pot
ToDaFelt: doesn't show hand
*** SUMMARY ***
Total pot $6 | Rake $0
Seat 2: ToDaFelt (button) (small blind) collected ($6)
Seat 6: TineJ2650 (big blind) folded before Flop


PokerStars Hand #154163206443:  Hold'em Limit ($3/$6 USD) - 2016/06/01 19:19:42 ET
Table 'Chryseis' 6-max Seat #6 is the button
Seat 2: ToDaFelt ($197.89 in chips)
Seat 6: TineJ2650 ($83.57 in chips)
TineJ2650: posts small blind $1
vestimokrec: is sitting out
ToDaFelt: posts big blind $3
*** HOLE CARDS ***
vestimokrec leaves the table
TineJ2650: folds
Uncalled bet ($2) returned to ToDaFelt
ToDaFelt collected $2 from pot
ToDaFelt: doesn't show hand
*** SUMMARY ***
Total pot $2 | Rake $0
Seat 2: ToDaFelt (big blind) collected ($2)
Seat 6: TineJ2650 (button) (small blind) folded before Flop


PokerStars Hand #154163213983:  Hold'em Limit ($3/$6 USD) - 2016/06/01 19:19:55 ET
Table 'Chryseis' 6-max Seat #6 is the button
Seat 2: ToDaFelt ($201.89 in chips)
Seat 6: TineJ2650 ($79.57 in chips)
TineJ2650: posts small blind $1
ToDaFelt: posts big blind $3
*** HOLE CARDS ***
TineJ2650: raises $3 to $6
ToDaFelt: calls $3
*** FLOP *** [2c 7c 2h]
ToDaFelt: checks
TineJ2650: bets $3
ToDaFelt: calls $3
*** TURN *** [2c 7c 2h] [2d]
ToDaFelt: checks
TineJ2650: bets $6
ToDaFelt: folds
Uncalled bet ($6) returned to TineJ2650
Luanto 14 joins the table at seat #1
TineJ2650 collected $17.64 from pot
TineJ2650: doesn't show hand
*** SUMMARY ***
Total pot $18 | Rake $0.36
Board [2c 7c 2h 2d]
Seat 2: ToDaFelt (big blind) folded on the Turn
Seat 6: TineJ2650 (button) (small blind) collected ($17.64)


PokerStars Hand #154163234750:  Hold'em Limit ($3/$6 USD) - 2016/06/01 19:20:29 ET
Table 'Chryseis' 6-max Seat #2 is the button
Seat 2: ToDaFelt ($192.89 in chips)
Seat 6: TineJ2650 ($88.21 in chips)
ToDaFelt: posts small blind $1
TineJ2650: posts big blind $3
*** HOLE CARDS ***
ToDaFelt: raises $3 to $6
TineJ2650: calls $3
*** FLOP *** [5c 7c Js]
TineJ2650: checks
ToDaFelt: bets $3
TineJ2650: calls $3
*** TURN *** [5c 7c Js] [3h]
TineJ2650: checks
ToDaFelt: bets $6
TineJ2650: calls $6
*** RIVER *** [5c 7c Js 3h] [6c]
TineJ2650: checks
ToDaFelt: checks
*** SHOW DOWN ***
TineJ2650: shows [Tc 4c] (a flush, Ten high)
ToDaFelt: mucks hand
TineJ2650 collected $29.50 from pot
*** SUMMARY ***
Total pot $30 | Rake $0.50
Board [5c 7c Js 3h 6c]
Seat 2: ToDaFelt (button) (small blind) mucked
Seat 6: TineJ2650 (big blind) showed [Tc 4c] and won ($29.50) with a flush, Ten high


