PokerStars Hand #168040351786:  Hold'em Limit ($3/$6 USD) - 2017/03/24 11:11:32 ET
Table 'Chrysothemis' 6-max Seat #4 is the button
Seat 4: Actionni13 ($150 in chips)
Seat 5: perten ($57.37 in chips)
Actionni13: posts small blind $1
perten: posts big blind $3
*** HOLE CARDS ***
Actionni13: raises $3 to $6
perten: calls $3
*** FLOP *** [3s 6s 9c]
perten: checks
Actionni13: bets $3
perten: calls $3
*** TURN *** [3s 6s 9c] [2h]
perten: checks
Actionni13: bets $6
perten: calls $6
*** RIVER *** [3s 6s 9c 2h] [8c]
perten: checks
Actionni13: bets $6
ChaseMeIfUC joins the table at seat #6
perten: raises $6 to $12
Actionni13: calls $6
*** SHOW DOWN ***
perten: shows [Ts 7h] (a straight, Six to Ten)
Actionni13: mucks hand
perten collected $53.50 from pot
*** SUMMARY ***
Total pot $54 | Rake $0.50
Board [3s 6s 9c 2h 8c]
Seat 4: Actionni13 (button) (small blind) mucked
Seat 5: perten (big blind) showed [Ts 7h] and won ($53.50) with a straight, Six to Ten


PokerStars Hand #168040636451:  Hold'em Limit ($3/$6 USD) - 2017/03/24 11:19:04 ET
Table 'Chrysothemis' 6-max Seat #4 is the button
Seat 3: jreilly ($33.50 in chips)
Seat 4: Actionni13 ($259.38 in chips)
Actionni13: posts small blind $1
jreilly: posts big blind $3
*** HOLE CARDS ***
Actionni13: raises $3 to $6
jreilly: calls $3
*** FLOP *** [9h Qc 4h]
jreilly: checks
Actionni13: bets $3
jreilly: folds
Uncalled bet ($3) returned to Actionni13
Actionni13 collected $11.76 from pot
Actionni13: doesn't show hand
*** SUMMARY ***
Total pot $12 | Rake $0.24
Board [9h Qc 4h]
Seat 3: jreilly (big blind) folded on the Flop
Seat 4: Actionni13 (button) (small blind) collected ($11.76)


PokerStars Hand #168040622921:  Hold'em Limit ($3/$6 USD) - 2017/03/24 11:18:42 ET
Table 'Chrysothemis' 6-max Seat #3 is the button
Seat 3: jreilly ($17 in chips)
Seat 4: Actionni13 ($276.38 in chips)
jreilly: posts small blind $1
Actionni13: posts big blind $3
*** HOLE CARDS ***
jreilly: calls $2
Actionni13: raises $3 to $6
jreilly: calls $3
*** FLOP *** [5s 6s 5h]
Actionni13: bets $3
jreilly: calls $3
*** TURN *** [5s 6s 5h] [Th]
Actionni13: bets $6
jreilly: calls $6
*** RIVER *** [5s 6s 5h Th] [8d]
Actionni13: checks
jreilly: bets $2 and is all-in
Actionni13: calls $2
*** SHOW DOWN ***
jreilly: shows [As 9h] (a pair of Fives)
Actionni13: shows [3d Ad] (a pair of Fives - lower kicker)
jreilly collected $33.50 from pot
*** SUMMARY ***
Total pot $34 | Rake $0.50
Board [5s 6s 5h Th 8d]
Seat 3: jreilly (button) (small blind) showed [As 9h] and won ($33.50) with a pair of Fives
Seat 4: Actionni13 (big blind) showed [3d Ad] and lost with a pair of Fives


PokerStars Hand #168040611575:  Hold'em Limit ($3/$6 USD) - 2017/03/24 11:18:24 ET
Table 'Chrysothemis' 6-max Seat #4 is the button
Seat 3: jreilly ($26 in chips)
Seat 4: Actionni13 ($267.74 in chips)
Actionni13: posts small blind $1
jreilly: posts big blind $3
*** HOLE CARDS ***
Actionni13: raises $3 to $6
jreilly: calls $3
*** FLOP *** [4c 2h 8d]
perten leaves the table
jreilly: checks
Actionni13: bets $3
jreilly: calls $3
*** TURN *** [4c 2h 8d] [7d]
jreilly: checks
Actionni13: bets $6
jreilly: folds
Uncalled bet ($6) returned to Actionni13
Actionni13 collected $17.64 from pot
Actionni13: doesn't show hand
*** SUMMARY ***
Total pot $18 | Rake $0.36
Board [4c 2h 8d 7d]
Seat 3: jreilly (big blind) folded on the Turn
Seat 4: Actionni13 (button) (small blind) collected ($17.64)


PokerStars Hand #168040644161:  Hold'em Limit ($3/$6 USD) - 2017/03/24 11:19:16 ET
Table 'Chrysothemis' 6-max Seat #3 is the button
Seat 3: jreilly ($27.50 in chips)
Seat 4: Actionni13 ($265.14 in chips)
jreilly: posts small blind $1
Actionni13: posts big blind $3
*** HOLE CARDS ***
jreilly: raises $3 to $6
Actionni13: raises $3 to $9
jreilly: raises $3 to $12
Betting is capped
Actionni13: calls $3
*** FLOP *** [8s 5c Js]
Actionni13: checks
jreilly: bets $3
Actionni13: raises $3 to $6
jreilly: raises $3 to $9
Actionni13: raises $3 to $12
Betting is capped
jreilly: calls $3
*** TURN *** [8s 5c Js] [2s]
Actionni13: bets $6
jreilly: calls $3.50 and is all-in
Uncalled bet ($2.50) returned to Actionni13
*** RIVER *** [8s 5c Js 2s] [6c]
*** SHOW DOWN ***
Actionni13: shows [Jd Qh] (a pair of Jacks)
jreilly: shows [Kd As] (high card Ace)
Actionni13 collected $54.50 from pot
*** SUMMARY ***
Total pot $55 | Rake $0.50
Board [8s 5c Js 2s 6c]
Seat 3: jreilly (button) (small blind) showed [Kd As] and lost with high card Ace
Seat 4: Actionni13 (big blind) showed [Jd Qh] and won ($54.50) with a pair of Jacks


