PokerStars Hand #147360711459:  Hold'em Limit ($3/$6 USD) - 2016/01/20 8:02:20 ET
Table 'Chryseis' 2-max Seat #1 is the button
Seat 1: Kurganski ($73 in chips)
Seat 2: ChicagoBull4 ($119 in chips)
Kurganski: posts small blind $1
ChicagoBull4: posts big blind $3
*** HOLE CARDS ***
Kurganski: raises $3 to $6
ChicagoBull4: raises $3 to $9
Kurganski: calls $3
*** FLOP *** [2s 6s Jh]
ChicagoBull4: bets $3
Kurganski: folds
Uncalled bet ($3) returned to ChicagoBull4
ChicagoBull4 collected $17.64 from pot
ChicagoBull4: doesn't show hand
*** SUMMARY ***
Total pot $18 | Rake $0.36
Board [2s 6s Jh]
Seat 1: Kurganski (button) (small blind) folded on the Flop
Seat 2: ChicagoBull4 (big blind) collected ($17.64)


PokerStars Hand #147360706941:  Hold'em Limit ($3/$6 USD) - 2016/01/20 8:02:12 ET
Table 'Chryseis' 2-max Seat #2 is the button
Seat 1: Kurganski ($72 in chips)
Seat 2: ChicagoBull4 ($120 in chips)
ChicagoBull4: posts small blind $1
Kurganski: posts big blind $3
*** HOLE CARDS ***
ChicagoBull4: folds
Uncalled bet ($2) returned to Kurganski
Kurganski collected $2 from pot
*** SUMMARY ***
Total pot $2 | Rake $0
Seat 1: Kurganski (big blind) collected ($2)
Seat 2: ChicagoBull4 (button) (small blind) folded before Flop


PokerStars Hand #147360734305:  Hold'em Limit ($3/$6 USD) - 2016/01/20 8:02:57 ET
Table 'Chryseis' 2-max Seat #1 is the button
Seat 1: Kurganski ($83.52 in chips)
Seat 2: ChicagoBull4 ($115.64 in chips)
Kurganski: posts small blind $1
ChicagoBull4: posts big blind $3
*** HOLE CARDS ***
Kurganski: folds
Uncalled bet ($2) returned to ChicagoBull4
ChicagoBull4 collected $2 from pot
ChicagoBull4: doesn't show hand
*** SUMMARY ***
Total pot $2 | Rake $0
Seat 1: Kurganski (button) (small blind) folded before Flop
Seat 2: ChicagoBull4 (big blind) collected ($2)


PokerStars Hand #147360720578:  Hold'em Limit ($3/$6 USD) - 2016/01/20 8:02:34 ET
Table 'Chryseis' 2-max Seat #2 is the button
Seat 1: Kurganski ($72 in chips)
Seat 2: ChicagoBull4 ($127.64 in chips)
ChicagoBull4: posts small blind $1
Kurganski: posts big blind $3
*** HOLE CARDS ***
ChicagoBull4: raises $3 to $6
Kurganski: calls $3
*** FLOP *** [2s 6c Kh]
Kurganski: checks
ChicagoBull4: bets $3
Kurganski: raises $3 to $6
ChicagoBull4: calls $3
*** TURN *** [2s 6c Kh] [7d]
Kurganski: bets $6
ChicagoBull4: folds
Uncalled bet ($6) returned to Kurganski
Kurganski collected $23.52 from pot
*** SUMMARY ***
Total pot $24 | Rake $0.48
Board [2s 6c Kh 7d]
Seat 1: Kurganski (big blind) collected ($23.52)
Seat 2: ChicagoBull4 (button) (small blind) folded on the Turn


PokerStars Hand #147360776657:  Hold'em Limit ($3/$6 USD) - 2016/01/20 8:04:03 ET
Table 'Chryseis' 2-max Seat #2 is the button
Seat 1: Kurganski ($72 in chips)
Seat 2: ChicagoBull4 ($147.14 in chips)
ChicagoBull4: posts small blind $1
Kurganski: posts big blind $3
*** HOLE CARDS ***
ChicagoBull4: folds
Uncalled bet ($2) returned to Kurganski
Kurganski collected $2 from pot
*** SUMMARY ***
Total pot $2 | Rake $0
Seat 1: Kurganski (big blind) collected ($2)
Seat 2: ChicagoBull4 (button) (small blind) folded before Flop


PokerStars Hand #147360773947:  Hold'em Limit ($3/$6 USD) - 2016/01/20 8:03:59 ET
Table 'Chryseis' 2-max Seat #1 is the button
Seat 1: Kurganski ($72 in chips)
Seat 2: ChicagoBull4 ($146.14 in chips)
Kurganski: posts small blind $1
ChicagoBull4: posts big blind $3
*** HOLE CARDS ***
Kurganski: folds
Uncalled bet ($2) returned to ChicagoBull4
ChicagoBull4 collected $2 from pot
ChicagoBull4: doesn't show hand
*** SUMMARY ***
Total pot $2 | Rake $0
Seat 1: Kurganski (button) (small blind) folded before Flop
Seat 2: ChicagoBull4 (big blind) collected ($2)


PokerStars Hand #147360737309:  Hold'em Limit ($3/$6 USD) - 2016/01/20 8:03:01 ET
Table 'Chryseis' 2-max Seat #2 is the button
Seat 1: Kurganski ($82.52 in chips)
Seat 2: ChicagoBull4 ($116.64 in chips)
ChicagoBull4: posts small blind $1
Kurganski: posts big blind $3
*** HOLE CARDS ***
ChicagoBull4: raises $3 to $6
Kurganski: calls $3
*** FLOP *** [Tc 3c 8d]
Kurganski: checks
ChicagoBull4: bets $3
Kurganski: raises $3 to $6
ChicagoBull4: calls $3
*** TURN *** [Tc 3c 8d] [Ac]
Kurganski: bets $6
ChicagoBull4: raises $6 to $12
Kurganski: calls $6
*** RIVER *** [Tc 3c 8d Ac] [9d]
Kurganski: checks
ChicagoBull4: bets $6
Kurganski: calls $6
*** SHOW DOWN ***
ChicagoBull4: shows [2c As] (a pair of Aces)
Kurganski: mucks hand
ChicagoBull4 collected $59.50 from pot
*** SUMMARY ***
Total pot $60 | Rake $0.50
Board [Tc 3c 8d Ac 9d]
Seat 1: Kurganski (big blind) mucked
Seat 2: ChicagoBull4 (button) (small blind) showed [2c As] and won ($59.50) with a pair of Aces


PokerStars Hand #147360824021:  Hold'em Limit ($3/$6 USD) - 2016/01/20 8:05:18 ET
Table 'Chryseis' 2-max Seat #2 is the button
Seat 1: Kurganski ($78.76 in chips)
Seat 2: ChicagoBull4 ($162.64 in chips)
ChicagoBull4: posts small blind $1
Kurganski: posts big blind $3
*** HOLE CARDS ***
ChicagoBull4: folds
Uncalled bet ($2) returned to Kurganski
Kurganski collected $2 from pot
*** SUMMARY ***
Total pot $2 | Rake $0
Seat 1: Kurganski (big blind) collected ($2)
Seat 2: ChicagoBull4 (button) (small blind) folded before Flop


PokerStars Hand #147360812545:  Hold'em Limit ($3/$6 USD) - 2016/01/20 8:05:00 ET
Table 'Chryseis' 2-max Seat #1 is the button
Seat 1: Kurganski ($73 in chips)
Seat 2: ChicagoBull4 ($168.64 in chips)
Kurganski: posts small blind $1
ChicagoBull4: posts big blind $3
*** HOLE CARDS ***
Kurganski: raises $3 to $6
ChicagoBull4: calls $3
*** FLOP *** [Qc Js 4c]
ChicagoBull4: checks
Kurganski: bets $3
ChicagoBull4: folds
Uncalled bet ($3) returned to Kurganski
Kurganski collected $11.76 from pot
*** SUMMARY ***
Total pot $12 | Rake $0.24
Board [Qc Js 4c]
Seat 1: Kurganski (button) (small blind) collected ($11.76)
Seat 2: ChicagoBull4 (big blind) folded on the Flop


PokerStars Hand #147360804409:  Hold'em Limit ($3/$6 USD) - 2016/01/20 8:04:47 ET
Table 'Chryseis' 2-max Seat #2 is the button
Seat 1: Kurganski ($72 in chips)
Seat 2: ChicagoBull4 ($169.64 in chips)
ChicagoBull4: posts small blind $1
Kurganski: posts big blind $3
*** HOLE CARDS ***
ChicagoBull4: folds
Uncalled bet ($2) returned to Kurganski
Kurganski collected $2 from pot
*** SUMMARY ***
Total pot $2 | Rake $0
Seat 1: Kurganski (big blind) collected ($2)
Seat 2: ChicagoBull4 (button) (small blind) folded before Flop


PokerStars Hand #147360779894:  Hold'em Limit ($3/$6 USD) - 2016/01/20 8:04:09 ET
Table 'Chryseis' 2-max Seat #1 is the button
Seat 1: Kurganski ($73 in chips)
Seat 2: ChicagoBull4 ($146.14 in chips)
Kurganski: posts small blind $1
ChicagoBull4: posts big blind $3
*** HOLE CARDS ***
Kurganski: raises $3 to $6
ChicagoBull4: calls $3
*** FLOP *** [9s Js 7h]
ChicagoBull4: checks
Kurganski: bets $3
ChicagoBull4: raises $3 to $6
Kurganski: calls $3
*** TURN *** [9s Js 7h] [Qd]
ChicagoBull4: bets $6
Kurganski: raises $6 to $12
ChicagoBull4: calls $6
*** RIVER *** [9s Js 7h Qd] [Ts]
ChicagoBull4: checks
Kurganski: checks
*** SHOW DOWN ***
ChicagoBull4: shows [7s 9c] (two pair, Nines and Sevens)
Kurganski: mucks hand
ChicagoBull4 collected $47.50 from pot
*** SUMMARY ***
Total pot $48 | Rake $0.50
Board [9s Js 7h Qd Ts]
Seat 1: Kurganski (button) (small blind) mucked
Seat 2: ChicagoBull4 (big blind) showed [7s 9c] and won ($47.50) with two pair, Nines and Sevens


PokerStars Hand #147360865593:  Hold'em Limit ($3/$6 USD) - 2016/01/20 8:06:23 ET
Table 'Chryseis' 2-max Seat #1 is the button
Seat 1: Kurganski ($111.90 in chips)
Seat 2: ChicagoBull4 ($128.64 in chips)
Kurganski: posts small blind $1
ChicagoBull4: posts big blind $3
*** HOLE CARDS ***
Kurganski: folds
Uncalled bet ($2) returned to ChicagoBull4
ChicagoBull4 collected $2 from pot
ChicagoBull4: doesn't show hand
*** SUMMARY ***
Total pot $2 | Rake $0
Seat 1: Kurganski (button) (small blind) folded before Flop
Seat 2: ChicagoBull4 (big blind) collected ($2)


PokerStars Hand #147360851637:  Hold'em Limit ($3/$6 USD) - 2016/01/20 8:06:01 ET
Table 'Chryseis' 2-max Seat #2 is the button
Seat 1: Kurganski ($103.26 in chips)
Seat 2: ChicagoBull4 ($137.64 in chips)
ChicagoBull4: posts small blind $1
Kurganski: posts big blind $3
*** HOLE CARDS ***
ChicagoBull4: raises $3 to $6
Kurganski: calls $3
*** FLOP *** [7h Ah 3c]
Kurganski: checks
ChicagoBull4: bets $3
Kurganski: raises $3 to $6
ChicagoBull4: folds
Uncalled bet ($3) returned to Kurganski
Kurganski collected $17.64 from pot
*** SUMMARY ***
Total pot $18 | Rake $0.36
Board [7h Ah 3c]
Seat 1: Kurganski (big blind) collected ($17.64)
Seat 2: ChicagoBull4 (button) (small blind) folded on the Flop


PokerStars Hand #147360828566:  Hold'em Limit ($3/$6 USD) - 2016/01/20 8:05:25 ET
Table 'Chryseis' 2-max Seat #1 is the button
Seat 1: Kurganski ($79.76 in chips)
Seat 2: ChicagoBull4 ($161.64 in chips)
Kurganski: posts small blind $1
ChicagoBull4: posts big blind $3
*** HOLE CARDS ***
Kurganski: raises $3 to $6
ChicagoBull4: raises $3 to $9
Kurganski: calls $3
*** FLOP *** [9c 7s 4h]
ChicagoBull4: bets $3
Kurganski: calls $3
*** TURN *** [9c 7s 4h] [7d]
ChicagoBull4: checks
Kurganski: bets $6
ChicagoBull4: calls $6
*** RIVER *** [9c 7s 4h 7d] [3c]
ChicagoBull4: checks
Kurganski: bets $6
ChicagoBull4: calls $6
*** SHOW DOWN ***
Kurganski: shows [9s 8s] (two pair, Nines and Sevens)
ChicagoBull4: mucks hand
Kurganski collected $47.50 from pot
*** SUMMARY ***
Total pot $48 | Rake $0.50
Board [9c 7s 4h 7d 3c]
Seat 1: Kurganski (button) (small blind) showed [9s 8s] and won ($47.50) with two pair, Nines and Sevens
Seat 2: ChicagoBull4 (big blind) mucked


PokerStars Hand #147360901056:  Hold'em Limit ($3/$6 USD) - 2016/01/20 8:07:19 ET
Table 'Chryseis' 2-max Seat #1 is the button
Seat 1: Kurganski ($119.42 in chips)
Seat 2: ChicagoBull4 ($120.40 in chips)
Kurganski: posts small blind $1
ChicagoBull4: posts big blind $3
*** HOLE CARDS ***
Kurganski: raises $3 to $6
ChicagoBull4: folds
Uncalled bet ($3) returned to Kurganski
Kurganski collected $6 from pot
*** SUMMARY ***
Total pot $6 | Rake $0
Seat 1: Kurganski (button) (small blind) collected ($6)
Seat 2: ChicagoBull4 (big blind) folded before Flop


PokerStars Hand #147360893424:  Hold'em Limit ($3/$6 USD) - 2016/01/20 8:07:07 ET
Table 'Chryseis' 2-max Seat #2 is the button
Seat 1: Kurganski ($125.42 in chips)
Seat 2: ChicagoBull4 ($114.64 in chips)
ChicagoBull4: posts small blind $1
Kurganski: posts big blind $3
*** HOLE CARDS ***
ChicagoBull4: raises $3 to $6
Kurganski: calls $3
*** FLOP *** [4c Qh Jc]
Kurganski: checks
ChicagoBull4: bets $3
Kurganski: folds
Uncalled bet ($3) returned to ChicagoBull4
ChicagoBull4 collected $11.76 from pot
ChicagoBull4: doesn't show hand
*** SUMMARY ***
Total pot $12 | Rake $0.24
Board [4c Qh Jc]
Seat 1: Kurganski (big blind) folded on the Flop
Seat 2: ChicagoBull4 (button) (small blind) collected ($11.76)


PokerStars Hand #147360889595:  Hold'em Limit ($3/$6 USD) - 2016/01/20 8:07:01 ET
Table 'Chryseis' 2-max Seat #1 is the button
Seat 1: Kurganski ($122.42 in chips)
Seat 2: ChicagoBull4 ($117.64 in chips)
Kurganski: posts small blind $1
ChicagoBull4: posts big blind $3
*** HOLE CARDS ***
Kurganski: raises $3 to $6
ChicagoBull4: folds
Uncalled bet ($3) returned to Kurganski
Kurganski collected $6 from pot
*** SUMMARY ***
Total pot $6 | Rake $0
Seat 1: Kurganski (button) (small blind) collected ($6)
Seat 2: ChicagoBull4 (big blind) folded before Flop


PokerStars Hand #147360868549:  Hold'em Limit ($3/$6 USD) - 2016/01/20 8:06:28 ET
Table 'Chryseis' 2-max Seat #2 is the button
Seat 1: Kurganski ($110.90 in chips)
Seat 2: ChicagoBull4 ($129.64 in chips)
ChicagoBull4: posts small blind $1
Kurganski: posts big blind $3
*** HOLE CARDS ***
ChicagoBull4: calls $2
Kurganski: checks
*** FLOP *** [2h Ac 5s]
Kurganski: bets $3
ChicagoBull4: calls $3
*** TURN *** [2h Ac 5s] [3s]
Kurganski: checks
ChicagoBull4: bets $6
Kurganski: calls $6
*** RIVER *** [2h Ac 5s 3s] [Qs]
Kurganski: checks
ChicagoBull4: checks
*** SHOW DOWN ***
Kurganski: shows [7d 3c] (a pair of Threes)
ChicagoBull4: mucks hand
Kurganski collected $23.52 from pot
*** SUMMARY ***
Total pot $24 | Rake $0.48
Board [2h Ac 5s 3s Qs]
Seat 1: Kurganski (big blind) showed [7d 3c] and won ($23.52) with a pair of Threes
Seat 2: ChicagoBull4 (button) (small blind) mucked


PokerStars Hand #147360943660:  Hold'em Limit ($3/$6 USD) - 2016/01/20 8:08:26 ET
Table 'Chryseis' 2-max Seat #2 is the button
Seat 1: Kurganski ($115.92 in chips)
Seat 2: ChicagoBull4 ($122.90 in chips)
ChicagoBull4: posts small blind $1
Kurganski: posts big blind $3
*** HOLE CARDS ***
ChicagoBull4: raises $3 to $6
Kurganski: folds
Uncalled bet ($3) returned to ChicagoBull4
ChicagoBull4 collected $6 from pot
ChicagoBull4: doesn't show hand
*** SUMMARY ***
Total pot $6 | Rake $0
Seat 1: Kurganski (big blind) folded before Flop
Seat 2: ChicagoBull4 (button) (small blind) collected ($6)


PokerStars Hand #147360922552:  Hold'em Limit ($3/$6 USD) - 2016/01/20 8:07:53 ET
Table 'Chryseis' 2-max Seat #1 is the button
Seat 1: Kurganski ($139.92 in chips)
Seat 2: ChicagoBull4 ($99.40 in chips)
Kurganski: posts small blind $1
ChicagoBull4: posts big blind $3
*** HOLE CARDS ***
Kurganski: raises $3 to $6
ChicagoBull4: calls $3
*** FLOP *** [As 8c 7h]
ChicagoBull4: checks
Kurganski: bets $3
ChicagoBull4: raises $3 to $6
Kurganski: calls $3
*** TURN *** [As 8c 7h] [2d]
ChicagoBull4: bets $6
Kurganski: calls $6
*** RIVER *** [As 8c 7h 2d] [Qh]
ChicagoBull4: bets $6
Kurganski: calls $6
*** SHOW DOWN ***
ChicagoBull4: shows [8h Qd] (two pair, Queens and Eights)
Kurganski: mucks hand
ChicagoBull4 collected $47.50 from pot
*** SUMMARY ***
Total pot $48 | Rake $0.50
Board [As 8c 7h 2d Qh]
Seat 1: Kurganski (button) (small blind) mucked
Seat 2: ChicagoBull4 (big blind) showed [8h Qd] and won ($47.50) with two pair, Queens and Eights


PokerStars Hand #147360904445:  Hold'em Limit ($3/$6 USD) - 2016/01/20 8:07:24 ET
Table 'Chryseis' 2-max Seat #2 is the button
Seat 1: Kurganski ($122.42 in chips)
Seat 2: ChicagoBull4 ($117.40 in chips)
ChicagoBull4: posts small blind $1
Kurganski: posts big blind $3
*** HOLE CARDS ***
ChicagoBull4: raises $3 to $6
Kurganski: raises $3 to $9
ChicagoBull4: calls $3
*** FLOP *** [Ks 9c 8c]
Kurganski: bets $3
ChicagoBull4: calls $3
*** TURN *** [Ks 9c 8c] [Ac]
Kurganski: bets $6
ChicagoBull4: calls $6
*** RIVER *** [Ks 9c 8c Ac] [3c]
Kurganski: bets $6
ChicagoBull4: folds
Uncalled bet ($6) returned to Kurganski
Kurganski collected $35.50 from pot
*** SUMMARY ***
Total pot $36 | Rake $0.50
Board [Ks 9c 8c Ac 3c]
Seat 1: Kurganski (big blind) collected ($35.50)
Seat 2: ChicagoBull4 (button) (small blind) folded on the River


PokerStars Hand #147360964510:  Hold'em Limit ($3/$6 USD) - 2016/01/20 8:08:58 ET
Table 'Chryseis' 2-max Seat #2 is the button
Seat 1: Kurganski ($103.92 in chips)
Seat 2: ChicagoBull4 ($134.54 in chips)
ChicagoBull4: posts small blind $1
Kurganski: posts big blind $3
*** HOLE CARDS ***
ChicagoBull4: raises $3 to $6
Kurganski: calls $3
*** FLOP *** [2d Qc 4h]
Kurganski: checks
ChicagoBull4: bets $3
Kurganski: raises $3 to $6
ChicagoBull4: calls $3
*** TURN *** [2d Qc 4h] [2s]
Kurganski: bets $6
ChicagoBull4: calls $6
*** RIVER *** [2d Qc 4h 2s] [Js]
Kurganski: bets $6
ChicagoBull4: calls $6
*** SHOW DOWN ***
Kurganski: shows [6s 4d] (two pair, Fours and Deuces)
ChicagoBull4: mucks hand
Kurganski collected $47.50 from pot
*** SUMMARY ***
Total pot $48 | Rake $0.50
Board [2d Qc 4h 2s Js]
Seat 1: Kurganski (big blind) showed [6s 4d] and won ($47.50) with two pair, Fours and Deuces
Seat 2: ChicagoBull4 (button) (small blind) mucked


PokerStars Hand #147360949850:  Hold'em Limit ($3/$6 USD) - 2016/01/20 8:08:35 ET
Table 'Chryseis' 2-max Seat #1 is the button
Seat 1: Kurganski ($112.92 in chips)
Seat 2: ChicagoBull4 ($125.90 in chips)
Kurganski: posts small blind $1
ChicagoBull4: posts big blind $3
*** HOLE CARDS ***
Kurganski: raises $3 to $6
ChicagoBull4: calls $3
*** FLOP *** [2d 3c Qd]
ChicagoBull4: checks
Kurganski: bets $3
ChicagoBull4: calls $3
*** TURN *** [2d 3c Qd] [Jc]
ChicagoBull4: checks
Kurganski: checks
*** RIVER *** [2d 3c Qd Jc] [3h]
ChicagoBull4: bets $6
Kurganski: folds
Uncalled bet ($6) returned to ChicagoBull4
ChicagoBull4 collected $17.64 from pot
ChicagoBull4: doesn't show hand
*** SUMMARY ***
Total pot $18 | Rake $0.36
Board [2d 3c Qd Jc 3h]
Seat 1: Kurganski (button) (small blind) folded on the River
Seat 2: ChicagoBull4 (big blind) collected ($17.64)


PokerStars Hand #147361008358:  Hold'em Limit ($3/$6 USD) - 2016/01/20 8:10:07 ET
Table 'Chryseis' 2-max Seat #1 is the button
Seat 1: Kurganski ($129.92 in chips)
Seat 2: ChicagoBull4 ($107.04 in chips)
Kurganski: posts small blind $1
ChicagoBull4: posts big blind $3
*** HOLE CARDS ***
Kurganski: raises $3 to $6
ChicagoBull4: raises $3 to $9
Kurganski: calls $3
*** FLOP *** [Jh 5d 3h]
ChicagoBull4: bets $3
Kurganski: calls $3
*** TURN *** [Jh 5d 3h] [8d]
ChicagoBull4: bets $6
Kurganski: calls $6
*** RIVER *** [Jh 5d 3h 8d] [7h]
ChicagoBull4: checks
Kurganski: bets $6
ChicagoBull4: calls $6
*** SHOW DOWN ***
Kurganski: shows [Ac 8c] (a pair of Eights)
ChicagoBull4: mucks hand
Kurganski collected $47.50 from pot
*** SUMMARY ***
Total pot $48 | Rake $0.50
Board [Jh 5d 3h 8d 7h]
Seat 1: Kurganski (button) (small blind) showed [Ac 8c] and won ($47.50) with a pair of Eights
Seat 2: ChicagoBull4 (big blind) mucked


PokerStars Hand #147360994143:  Hold'em Limit ($3/$6 USD) - 2016/01/20 8:09:45 ET
Table 'Chryseis' 2-max Seat #2 is the button
Seat 1: Kurganski ($103.42 in chips)
Seat 2: ChicagoBull4 ($134.04 in chips)
ChicagoBull4: posts small blind $1
Kurganski: posts big blind $3
*** HOLE CARDS ***
ChicagoBull4: raises $3 to $6
Kurganski: calls $3
*** FLOP *** [2h As 5c]
Kurganski: checks
ChicagoBull4: bets $3
Kurganski: calls $3
*** TURN *** [2h As 5c] [8h]
Kurganski: checks
ChicagoBull4: bets $6
Kurganski: raises $6 to $12
ChicagoBull4: calls $6
*** RIVER *** [2h As 5c 8h] [6h]
Kurganski: bets $6
ChicagoBull4: calls $6
*** SHOW DOWN ***
Kurganski: shows [7c 4s] (a straight, Four to Eight)
ChicagoBull4: mucks hand
Kurganski collected $53.50 from pot
*** SUMMARY ***
Total pot $54 | Rake $0.50
Board [2h As 5c 8h 6h]
Seat 1: Kurganski (big blind) showed [7c 4s] and won ($53.50) with a straight, Four to Eight
Seat 2: ChicagoBull4 (button) (small blind) mucked


PokerStars Hand #147360978342:  Hold'em Limit ($3/$6 USD) - 2016/01/20 8:09:20 ET
Table 'Chryseis' 2-max Seat #1 is the button
Seat 1: Kurganski ($127.42 in chips)
Seat 2: ChicagoBull4 ($110.54 in chips)
Kurganski: posts small blind $1
ChicagoBull4: posts big blind $3
*** HOLE CARDS ***
Kurganski: raises $3 to $6
ChicagoBull4: calls $3
*** FLOP *** [2d 3h 9c]
ChicagoBull4: checks
Kurganski: checks
*** TURN *** [2d 3h 9c] [4d]
ChicagoBull4: bets $6
Kurganski: calls $6
*** RIVER *** [2d 3h 9c 4d] [9d]
ChicagoBull4: bets $6
Kurganski: raises $6 to $12
ChicagoBull4: calls $6
*** SHOW DOWN ***
Kurganski: shows [5s 7s] (a pair of Nines)
ChicagoBull4: shows [2h Ad] (two pair, Nines and Deuces)
ChicagoBull4 collected $47.50 from pot
*** SUMMARY ***
Total pot $48 | Rake $0.50
Board [2d 3h 9c 4d 9d]
Seat 1: Kurganski (button) (small blind) showed [5s 7s] and lost with a pair of Nines
Seat 2: ChicagoBull4 (big blind) showed [2h Ad] and won ($47.50) with two pair, Nines and Deuces


PokerStars Hand #147361061701:  Hold'em Limit ($3/$6 USD) - 2016/01/20 8:11:31 ET
Table 'Chryseis' 2-max Seat #2 is the button
Seat 1: Kurganski ($144.94 in chips)
Seat 2: ChicagoBull4 ($90.54 in chips)
ChicagoBull4: posts small blind $1
Kurganski: posts big blind $3
*** HOLE CARDS ***
ChicagoBull4: folds
Uncalled bet ($2) returned to Kurganski
Kurganski collected $2 from pot
*** SUMMARY ***
Total pot $2 | Rake $0
Seat 1: Kurganski (big blind) collected ($2)
Seat 2: ChicagoBull4 (button) (small blind) folded before Flop


PokerStars Hand #147361052016:  Hold'em Limit ($3/$6 USD) - 2016/01/20 8:11:16 ET
Table 'Chryseis' 2-max Seat #1 is the button
Seat 1: Kurganski ($133.42 in chips)
Seat 2: ChicagoBull4 ($102.54 in chips)
Kurganski: posts small blind $1
ChicagoBull4: posts big blind $3
*** HOLE CARDS ***
Kurganski: raises $3 to $6
ChicagoBull4: calls $3
*** FLOP *** [2h 8c Kd]
ChicagoBull4: checks
Kurganski: checks
*** TURN *** [2h 8c Kd] [6d]
ChicagoBull4: bets $6
Kurganski: raises $6 to $12
ChicagoBull4: folds
Uncalled bet ($6) returned to Kurganski
Kurganski collected $23.52 from pot
*** SUMMARY ***
Total pot $24 | Rake $0.48
Board [2h 8c Kd 6d]
Seat 1: Kurganski (button) (small blind) collected ($23.52)
Seat 2: ChicagoBull4 (big blind) folded on the Turn


PokerStars Hand #147361049131:  Hold'em Limit ($3/$6 USD) - 2016/01/20 8:11:11 ET
Table 'Chryseis' 2-max Seat #2 is the button
Seat 1: Kurganski ($132.42 in chips)
Seat 2: ChicagoBull4 ($103.54 in chips)
ChicagoBull4: posts small blind $1
Kurganski: posts big blind $3
*** HOLE CARDS ***
ChicagoBull4: folds
Uncalled bet ($2) returned to Kurganski
Kurganski collected $2 from pot
*** SUMMARY ***
Total pot $2 | Rake $0
Seat 1: Kurganski (big blind) collected ($2)
Seat 2: ChicagoBull4 (button) (small blind) folded before Flop


PokerStars Hand #147361045526:  Hold'em Limit ($3/$6 USD) - 2016/01/20 8:11:05 ET
Table 'Chryseis' 2-max Seat #1 is the button
Seat 1: Kurganski ($129.42 in chips)
Seat 2: ChicagoBull4 ($106.54 in chips)
Kurganski: posts small blind $1
ChicagoBull4: posts big blind $3
*** HOLE CARDS ***
Kurganski: raises $3 to $6
ChicagoBull4: folds
Uncalled bet ($3) returned to Kurganski
Kurganski collected $6 from pot
*** SUMMARY ***
Total pot $6 | Rake $0
Seat 1: Kurganski (button) (small blind) collected ($6)
Seat 2: ChicagoBull4 (big blind) folded before Flop


PokerStars Hand #147361019637:  Hold'em Limit ($3/$6 USD) - 2016/01/20 8:10:25 ET
Table 'Chryseis' 2-max Seat #2 is the button
Seat 1: Kurganski ($153.42 in chips)
Seat 2: ChicagoBull4 ($83.04 in chips)
ChicagoBull4: posts small blind $1
Kurganski: posts big blind $3
*** HOLE CARDS ***
ChicagoBull4: raises $3 to $6
Kurganski: raises $3 to $9
ChicagoBull4: calls $3
*** FLOP *** [Ks 6d Ts]
Kurganski: bets $3
ChicagoBull4: calls $3
*** TURN *** [Ks 6d Ts] [Kh]
Kurganski: bets $6
ChicagoBull4: raises $6 to $12
Kurganski: calls $6
*** RIVER *** [Ks 6d Ts Kh] [5s]
Kurganski: checks
ChicagoBull4: bets $6
Kurganski: folds
Uncalled bet ($6) returned to ChicagoBull4
ChicagoBull4 collected $47.50 from pot
ChicagoBull4: doesn't show hand
*** SUMMARY ***
Total pot $48 | Rake $0.50
Board [Ks 6d Ts Kh 5s]
Seat 1: Kurganski (big blind) folded on the River
Seat 2: ChicagoBull4 (button) (small blind) collected ($47.50)


PokerStars Hand #147361065000:  Hold'em Limit ($3/$6 USD) - 2016/01/20 8:11:36 ET
Table 'Chryseis' 2-max Seat #1 is the button
Seat 1: Kurganski ($145.94 in chips)
Seat 2: ChicagoBull4 ($89.54 in chips)
Kurganski: posts small blind $1
ChicagoBull4: posts big blind $3
*** HOLE CARDS ***
Kurganski: raises $3 to $6
ChicagoBull4: calls $3
*** FLOP *** [3h 6d Ac]
ChicagoBull4: checks
Kurganski: bets $3
ChicagoBull4: folds
Uncalled bet ($3) returned to Kurganski
ChicagoBull4 leaves the table
Kurganski collected $11.76 from pot
*** SUMMARY ***
Total pot $12 | Rake $0.24
Board [3h 6d Ac]
Seat 1: Kurganski (button) (small blind) collected ($11.76)
Seat 2: ChicagoBull4 (big blind) folded on the Flop


PokerStars Hand #147365351552:  Hold'em Limit ($3/$6 USD) - 2016/01/20 9:53:02 ET
Table 'Chryseis' 6-max Seat #3 is the button
Seat 3: _fayzulllo_ ($57.12 in chips)
Seat 4: Agrotait ($72 in chips)
_fayzulllo_: posts small blind $1
scorpio04 joins the table at seat #5
Agrotait: posts big blind $3
*** HOLE CARDS ***
_fayzulllo_: raises $3 to $6
Agrotait: calls $3
*** FLOP *** [2h Kd Ks]
Agrotait: checks
_fayzulllo_: bets $3
Agrotait: raises $3 to $6
_fayzulllo_: calls $3
*** TURN *** [2h Kd Ks] [Jd]
Agrotait: bets $6
_fayzulllo_: calls $6
*** RIVER *** [2h Kd Ks Jd] [8h]
rapptor_one joins the table at seat #2
Agrotait: bets $6
_fayzulllo_: calls $6
*** SHOW DOWN ***
Agrotait: shows [Kc 4d] (three of a kind, Kings)
_fayzulllo_: mucks hand
Agrotait collected $47.50 from pot
*** SUMMARY ***
Total pot $48 | Rake $0.50
Board [2h Kd Ks Jd 8h]
Seat 3: _fayzulllo_ (button) (small blind) mucked
Seat 4: Agrotait (big blind) showed [Kc 4d] and won ($47.50) with three of a kind, Kings


