PokerStars Hand #168463021329:  Hold'em Limit ($3/$6 USD) - 2017/04/02 8:42:35 ET
Table 'Cimbria II' 6-max Seat #3 is the button
Seat 3: sandi57 ($120 in chips)
Seat 4: Agrotait ($72 in chips)
sandi57: posts small blind $1
Agrotait: posts big blind $3
*** HOLE CARDS ***
sandi57: raises $3 to $6
Agrotait: raises $3 to $9
sandi57: calls $3
*** FLOP *** [2h 4d 5h]
Agrotait: checks
sandi57: bets $3
Agrotait: calls $3
*** TURN *** [2h 4d 5h] [9c]
Krazy90 joins the table at seat #5
Agrotait: checks
sandi57: bets $6
Agrotait: calls $6
*** RIVER *** [2h 4d 5h 9c] [6c]
Agrotait: checks
sandi57: checks
*** SHOW DOWN ***
Agrotait: shows [Qs Kh] (high card King)
sandi57: mucks hand
Agrotait collected $35.50 from pot
*** SUMMARY ***
Total pot $36 | Rake $0.50
Board [2h 4d 5h 9c 6c]
Seat 3: sandi57 (button) (small blind) mucked
Seat 4: Agrotait (big blind) showed [Qs Kh] and won ($35.50) with high card King


PokerStars Hand #168464038520:  Hold'em Limit ($3/$6 USD) - 2017/04/02 9:10:56 ET
Table 'Cimbria II' 6-max Seat #5 is the button
Seat 1: Doctor Snake ($99.26 in chips)
Seat 5: Krazy90 ($121 in chips)
Krazy90: posts small blind $1
HAL9QQQ: is sitting out
Doctor Snake: posts big blind $3
*** HOLE CARDS ***
Krazy90: raises $3 to $6
Doctor Snake said, "and runs lol"
Doctor Snake said, "even worse"
Doctor Snake: raises $3 to $9
Krazy90: calls $3
*** FLOP *** [4h 7s 8s]
Doctor Snake: bets $3
Krazy90: calls $3
*** TURN *** [4h 7s 8s] [Qs]
Doctor Snake: checks
Krazy90: checks
*** RIVER *** [4h 7s 8s Qs] [Qd]
Doctor Snake: checks
Krazy90: checks
*** SHOW DOWN ***
Doctor Snake: shows [Ad Kh] (a pair of Queens)
Krazy90: mucks hand
Doctor Snake collected $23.52 from pot
*** SUMMARY ***
Total pot $24 | Rake $0.48
Board [4h 7s 8s Qs Qd]
Seat 1: Doctor Snake (big blind) showed [Ad Kh] and won ($23.52) with a pair of Queens
Seat 5: Krazy90 (button) (small blind) mucked


PokerStars Hand #168464063961:  Hold'em Limit ($3/$6 USD) - 2017/04/02 9:11:36 ET
Table 'Cimbria II' 6-max Seat #1 is the button
Seat 1: Doctor Snake ($110.78 in chips)
Seat 5: Krazy90 ($120 in chips)
Doctor Snake: posts small blind $1
Krazy90: posts big blind $3
*** HOLE CARDS ***
Doctor Snake: raises $3 to $6
Krazy90: calls $3
*** FLOP *** [Ks 9h Kd]
Krazy90: checks
Doctor Snake: bets $3
Krazy90: calls $3
*** TURN *** [Ks 9h Kd] [4s]
Krazy90: checks
Doctor Snake: bets $6
Krazy90: raises $6 to $12
Doctor Snake: calls $6
*** RIVER *** [Ks 9h Kd 4s] [Jh]
Krazy90: bets $6
Doctor Snake: calls $6
*** SHOW DOWN ***
Krazy90: shows [9c Kh] (a full house, Kings full of Nines)
Doctor Snake: mucks hand
Krazy90 collected $53.50 from pot
*** SUMMARY ***
Total pot $54 | Rake $0.50
Board [Ks 9h Kd 4s Jh]
Seat 1: Doctor Snake (button) (small blind) mucked
Seat 5: Krazy90 (big blind) showed [9c Kh] and won ($53.50) with a full house, Kings full of Nines


PokerStars Hand #168464078588:  Hold'em Limit ($3/$6 USD) - 2017/04/02 9:11:59 ET
Table 'Cimbria II' 6-max Seat #5 is the button
Seat 1: Doctor Snake ($83.78 in chips)
Seat 5: Krazy90 ($146.50 in chips)
Krazy90: posts small blind $1
Doctor Snake: posts big blind $3
*** HOLE CARDS ***
Krazy90: raises $3 to $6
Doctor Snake: calls $3
*** FLOP *** [4d Tc Ts]
Doctor Snake: checks
Krazy90: bets $3
Doctor Snake: folds
Uncalled bet ($3) returned to Krazy90
Krazy90 collected $11.76 from pot
Krazy90: doesn't show hand
*** SUMMARY ***
Total pot $12 | Rake $0.24
Board [4d Tc Ts]
Seat 1: Doctor Snake (big blind) folded on the Flop
Seat 5: Krazy90 (button) (small blind) collected ($11.76)


