PokerStars Hand #160375334929:  Hold'em Limit ($3/$6 USD) - 2016/10/24 11:59:00 ET
Table 'Cimbria' 6-max Seat #2 is the button
Seat 1: Brama Br ($121.46 in chips)
Seat 2: kolaz03 ($75.82 in chips)
kolaz03: posts small blind $1
Brama Br: posts big blind $3
*** HOLE CARDS ***
kolaz03: raises $3 to $6
Brama Br: folds
Uncalled bet ($3) returned to kolaz03
kolaz03 collected $6 from pot
kolaz03: doesn't show hand
*** SUMMARY ***
Total pot $6 | Rake $0
Seat 1: Brama Br (big blind) folded before Flop
Seat 2: kolaz03 (button) (small blind) collected ($6)


PokerStars Hand #160375307145:  Hold'em Limit ($3/$6 USD) - 2016/10/24 11:58:12 ET
Table 'Cimbria' 6-max Seat #2 is the button
Seat 1: Brama Br ($117 in chips)
Seat 2: kolaz03 ($74.76 in chips)
kolaz03: posts small blind $1
Brama Br: posts big blind $3
*** HOLE CARDS ***
kolaz03: raises $3 to $6
Brama Br: raises $3 to $9
kolaz03: calls $3
*** FLOP *** [7d 4s Qc]
Brama Br: bets $3
kolaz03: folds
Uncalled bet ($3) returned to Brama Br
Brama Br collected $17.64 from pot
Brama Br: doesn't show hand
*** SUMMARY ***
Total pot $18 | Rake $0.36
Board [7d 4s Qc]
Seat 1: Brama Br (big blind) collected ($17.64)
Seat 2: kolaz03 (button) (small blind) folded on the Flop


PokerStars Hand #160375322104:  Hold'em Limit ($3/$6 USD) - 2016/10/24 11:58:38 ET
Table 'Cimbria' 6-max Seat #1 is the button
Seat 1: Brama Br ($121.64 in chips)
Seat 2: kolaz03 ($76 in chips)
Brama Br: posts small blind $1
kolaz03: posts big blind $3
*** HOLE CARDS ***
Brama Br: raises $3 to $6
kolaz03: calls $3
*** FLOP *** [7h Qh Ah]
kolaz03: checks
Brama Br: bets $3
kolaz03: calls $3
*** TURN *** [7h Qh Ah] [Jc]
kolaz03: checks
Brama Br: checks
*** RIVER *** [7h Qh Ah Jc] [2c]
kolaz03: checks
Brama Br: checks
*** SHOW DOWN ***
kolaz03: shows [9d 7s] (a pair of Sevens)
Brama Br: shows [9s 7d] (a pair of Sevens)
kolaz03 collected $8.82 from pot
Brama Br collected $8.82 from pot
*** SUMMARY ***
Total pot $18 | Rake $0.36
Board [7h Qh Ah Jc 2c]
Seat 1: Brama Br (button) (small blind) showed [9s 7d] and won ($8.82) with a pair of Sevens
Seat 2: kolaz03 (big blind) showed [9d 7s] and won ($8.82) with a pair of Sevens


PokerStars Hand #160375318499:  Hold'em Limit ($3/$6 USD) - 2016/10/24 11:58:32 ET
Table 'Cimbria' 6-max Seat #2 is the button
Seat 1: Brama Br ($124.64 in chips)
Seat 2: kolaz03 ($73 in chips)
kolaz03: posts small blind $1
Brama Br: posts big blind $3
*** HOLE CARDS ***
kolaz03: raises $3 to $6
Brama Br: folds
Uncalled bet ($3) returned to kolaz03
kolaz03 collected $6 from pot
kolaz03: doesn't show hand
*** SUMMARY ***
Total pot $6 | Rake $0
Seat 1: Brama Br (big blind) folded before Flop
Seat 2: kolaz03 (button) (small blind) collected ($6)


PokerStars Hand #160375314554:  Hold'em Limit ($3/$6 USD) - 2016/10/24 11:58:25 ET
Table 'Cimbria' 6-max Seat #1 is the button
Seat 1: Brama Br ($125.64 in chips)
Seat 2: kolaz03 ($72 in chips)
Brama Br: posts small blind $1
kolaz03: posts big blind $3
*** HOLE CARDS ***
Brama Br: folds
Uncalled bet ($2) returned to kolaz03
kolaz03 collected $2 from pot
kolaz03: doesn't show hand
*** SUMMARY ***
Total pot $2 | Rake $0
Seat 1: Brama Br (button) (small blind) folded before Flop
Seat 2: kolaz03 (big blind) collected ($2)


PokerStars Hand #160375356518:  Hold'em Limit ($3/$6 USD) - 2016/10/24 11:59:37 ET
Table 'Cimbria' 6-max Seat #1 is the button
Seat 1: Brama Br ($126.98 in chips)
Seat 2: kolaz03 ($75 in chips)
Brama Br: posts small blind $1
kolaz03: posts big blind $3
*** HOLE CARDS ***
Brama Br: folds
Uncalled bet ($2) returned to kolaz03
kolaz03 collected $2 from pot
kolaz03: doesn't show hand
*** SUMMARY ***
Total pot $2 | Rake $0
Seat 1: Brama Br (button) (small blind) folded before Flop
Seat 2: kolaz03 (big blind) collected ($2)


PokerStars Hand #160375352399:  Hold'em Limit ($3/$6 USD) - 2016/10/24 11:59:30 ET
Table 'Cimbria' 6-max Seat #2 is the button
Seat 1: Brama Br ($129.98 in chips)
Seat 2: kolaz03 ($72 in chips)
kolaz03: posts small blind $1
Brama Br: posts big blind $3
*** HOLE CARDS ***
kolaz03: raises $3 to $6
Brama Br: folds
Uncalled bet ($3) returned to kolaz03
kolaz03 collected $6 from pot
kolaz03: doesn't show hand
*** SUMMARY ***
Total pot $6 | Rake $0
Seat 1: Brama Br (big blind) folded before Flop
Seat 2: kolaz03 (button) (small blind) collected ($6)


PokerStars Hand #160375339335:  Hold'em Limit ($3/$6 USD) - 2016/10/24 11:59:07 ET
Table 'Cimbria' 6-max Seat #1 is the button
Seat 1: Brama Br ($118.46 in chips)
Seat 2: kolaz03 ($78.82 in chips)
Brama Br: posts small blind $1
kolaz03: posts big blind $3
*** HOLE CARDS ***
Brama Br: raises $3 to $6
kolaz03: raises $3 to $9
Brama Br: calls $3
*** FLOP *** [Td Qs 8s]
kolaz03: bets $3
Brama Br: calls $3
*** TURN *** [Td Qs 8s] [7h]
kolaz03: checks
Brama Br: checks
*** RIVER *** [Td Qs 8s 7h] [9s]
kolaz03: checks
Brama Br: checks
*** SHOW DOWN ***
kolaz03: shows [9d 7d] (two pair, Nines and Sevens)
Brama Br: shows [6c Ah] (a straight, Six to Ten)
Brama Br collected $23.52 from pot
*** SUMMARY ***
Total pot $24 | Rake $0.48
Board [Td Qs 8s 7h 9s]
Seat 1: Brama Br (button) (small blind) showed [6c Ah] and won ($23.52) with a straight, Six to Ten
Seat 2: kolaz03 (big blind) showed [9d 7d] and lost with two pair, Nines and Sevens


PokerStars Hand #160375381729:  Hold'em Limit ($3/$6 USD) - 2016/10/24 12:00:19 ET
Table 'Cimbria' 6-max Seat #1 is the button
Seat 1: Brama Br ($149.48 in chips)
Seat 2: kolaz03 ($72 in chips)
Brama Br: posts small blind $1
kolaz03: posts big blind $3
*** HOLE CARDS ***
Brama Br: raises $3 to $6
kolaz03: calls $3
*** FLOP *** [7c Jd 5c]
kolaz03: checks
Brama Br: bets $3
kolaz03: folds
Uncalled bet ($3) returned to Brama Br
Brama Br collected $11.76 from pot
Brama Br: doesn't show hand
*** SUMMARY ***
Total pot $12 | Rake $0.24
Board [7c Jd 5c]
Seat 1: Brama Br (button) (small blind) collected ($11.76)
Seat 2: kolaz03 (big blind) folded on the Flop


PokerStars Hand #160375394332:  Hold'em Limit ($3/$6 USD) - 2016/10/24 12:00:39 ET
Table 'Cimbria' 6-max Seat #2 is the button
Seat 1: Brama Br ($155.24 in chips)
Seat 2: kolaz03 ($72 in chips)
kolaz03: posts small blind $1
Brama Br: posts big blind $3
*** HOLE CARDS ***
kolaz03: raises $3 to $6
Brama Br: raises $3 to $9
kolaz03: calls $3
*** FLOP *** [Td 9h Kc]
Brama Br: bets $3
kolaz03: calls $3
*** TURN *** [Td 9h Kc] [Qd]
Brama Br: checks
kolaz03: checks
*** RIVER *** [Td 9h Kc Qd] [2c]
Brama Br: checks
kolaz03: checks
*** SHOW DOWN ***
Brama Br: shows [8h 8d] (a pair of Eights)
kolaz03: shows [Ad 9s] (a pair of Nines)
kolaz03 collected $23.52 from pot
*** SUMMARY ***
Total pot $24 | Rake $0.48
Board [Td 9h Kc Qd 2c]
Seat 1: Brama Br (big blind) showed [8h 8d] and lost with a pair of Eights
Seat 2: kolaz03 (button) (small blind) showed [Ad 9s] and won ($23.52) with a pair of Nines


PokerStars Hand #160375360095:  Hold'em Limit ($3/$6 USD) - 2016/10/24 11:59:43 ET
Table 'Cimbria' 6-max Seat #2 is the button
Seat 1: Brama Br ($125.98 in chips)
Seat 2: kolaz03 ($76 in chips)
kolaz03: posts small blind $1
Brama Br: posts big blind $3
*** HOLE CARDS ***
kolaz03: raises $3 to $6
Brama Br: calls $3
*** FLOP *** [5h 4c 6d]
Brama Br: checks
kolaz03: bets $3
Brama Br: raises $3 to $6
kolaz03: calls $3
*** TURN *** [5h 4c 6d] [2h]
Brama Br: bets $6
kolaz03: calls $6
*** RIVER *** [5h 4c 6d 2h] [4s]
Brama Br: bets $6
kolaz03: calls $6
*** SHOW DOWN ***
Brama Br: shows [8d 6s] (two pair, Sixes and Fours)
kolaz03: mucks hand
Brama Br collected $47.50 from pot
*** SUMMARY ***
Total pot $48 | Rake $0.50
Board [5h 4c 6d 2h 4s]
Seat 1: Brama Br (big blind) showed [8d 6s] and won ($47.50) with two pair, Sixes and Fours
Seat 2: kolaz03 (button) (small blind) mucked


PokerStars Hand #160375440398:  Hold'em Limit ($3/$6 USD) - 2016/10/24 12:01:45 ET
Table 'Cimbria' 6-max Seat #1 is the button
Seat 1: Brama Br ($157.64 in chips)
Seat 2: kolaz03 ($72 in chips)
Brama Br: posts small blind $1
kolaz03: posts big blind $3
*** HOLE CARDS ***
Brama Br: raises $3 to $6
kolaz03: calls $3
*** FLOP *** [Kd 4h 8h]
kolaz03: checks
Brama Br: bets $3
kolaz03: raises $3 to $6
Brama Br: calls $3
*** TURN *** [Kd 4h 8h] [8d]
kolaz03: bets $6
Brama Br: calls $6
*** RIVER *** [Kd 4h 8h 8d] [6d]
kolaz03: bets $6
Brama Br: calls $6
*** SHOW DOWN ***
kolaz03: shows [Kc 5d] (two pair, Kings and Eights)
Brama Br: shows [9c Kh] (two pair, Kings and Eights - Nine kicker)
Brama Br collected $47.50 from pot
*** SUMMARY ***
Total pot $48 | Rake $0.50
Board [Kd 4h 8h 8d 6d]
Seat 1: Brama Br (button) (small blind) showed [9c Kh] and won ($47.50) with two pair, Kings and Eights
Seat 2: kolaz03 (big blind) showed [Kc 5d] and lost with two pair, Kings and Eights


PokerStars Hand #160375421963:  Hold'em Limit ($3/$6 USD) - 2016/10/24 12:01:17 ET
Table 'Cimbria' 6-max Seat #2 is the button
Seat 1: Brama Br ($149 in chips)
Seat 2: kolaz03 ($77.52 in chips)
kolaz03: posts small blind $1
Brama Br: posts big blind $3
*** HOLE CARDS ***
kolaz03: raises $3 to $6
Brama Br: raises $3 to $9
kolaz03: calls $3
*** FLOP *** [As 3c 4h]
Brama Br: bets $3
kolaz03: folds
Uncalled bet ($3) returned to Brama Br
Brama Br collected $17.64 from pot
Brama Br: doesn't show hand
*** SUMMARY ***
Total pot $18 | Rake $0.36
Board [As 3c 4h]
Seat 1: Brama Br (big blind) collected ($17.64)
Seat 2: kolaz03 (button) (small blind) folded on the Flop


PokerStars Hand #160375412891:  Hold'em Limit ($3/$6 USD) - 2016/10/24 12:01:04 ET
Table 'Cimbria' 6-max Seat #1 is the button
Seat 1: Brama Br ($143.24 in chips)
Seat 2: kolaz03 ($83.52 in chips)
Brama Br: posts small blind $1
kolaz03: posts big blind $3
*** HOLE CARDS ***
Brama Br: raises $3 to $6
kolaz03: calls $3
*** FLOP *** [Td 2h Jh]
kolaz03: checks
Brama Br: bets $3
kolaz03: folds
Uncalled bet ($3) returned to Brama Br
Brama Br collected $11.76 from pot
Brama Br: doesn't show hand
*** SUMMARY ***
Total pot $12 | Rake $0.24
Board [Td 2h Jh]
Seat 1: Brama Br (button) (small blind) collected ($11.76)
Seat 2: kolaz03 (big blind) folded on the Flop


PokerStars Hand #160375464733:  Hold'em Limit ($3/$6 USD) - 2016/10/24 12:02:21 ET
Table 'Cimbria' 6-max Seat #2 is the button
Seat 1: Brama Br ($181.14 in chips)
Seat 2: kolaz03 ($73 in chips)
kolaz03: posts small blind $1
Brama Br: posts big blind $3
*** HOLE CARDS ***
kolaz03: raises $3 to $6
Brama Br: calls $3
*** FLOP *** [Jc 5s 9c]
Brama Br: checks
kolaz03: bets $3
Brama Br: calls $3
*** TURN *** [Jc 5s 9c] [7h]
Brama Br: checks
kolaz03: bets $6
Brama Br: raises $6 to $12
kolaz03: folds
Uncalled bet ($6) returned to Brama Br
Brama Br collected $29.50 from pot
Brama Br: doesn't show hand
*** SUMMARY ***
Total pot $30 | Rake $0.50
Board [Jc 5s 9c 7h]
Seat 1: Brama Br (big blind) collected ($29.50)
Seat 2: kolaz03 (button) (small blind) folded on the Turn


PokerStars Hand #160375460611:  Hold'em Limit ($3/$6 USD) - 2016/10/24 12:02:15 ET
Table 'Cimbria' 6-max Seat #1 is the button
Seat 1: Brama Br ($182.14 in chips)
Seat 2: kolaz03 ($72 in chips)
Brama Br: posts small blind $1
kolaz03: posts big blind $3
*** HOLE CARDS ***
Brama Br: folds
Uncalled bet ($2) returned to kolaz03
kolaz03 collected $2 from pot
kolaz03: doesn't show hand
*** SUMMARY ***
Total pot $2 | Rake $0
Seat 1: Brama Br (button) (small blind) folded before Flop
Seat 2: kolaz03 (big blind) collected ($2)


PokerStars Hand #160375457656:  Hold'em Limit ($3/$6 USD) - 2016/10/24 12:02:10 ET
Table 'Cimbria' 6-max Seat #2 is the button
Seat 1: Brama Br ($181.14 in chips)
Seat 2: kolaz03 ($72 in chips)
kolaz03: posts small blind $1
Brama Br: posts big blind $3
*** HOLE CARDS ***
kolaz03: folds
Uncalled bet ($2) returned to Brama Br
Brama Br collected $2 from pot
Brama Br: doesn't show hand
*** SUMMARY ***
Total pot $2 | Rake $0
Seat 1: Brama Br (big blind) collected ($2)
Seat 2: kolaz03 (button) (small blind) folded before Flop


PokerStars Hand #160375502681:  Hold'em Limit ($3/$6 USD) - 2016/10/24 12:03:16 ET
Table 'Cimbria' 6-max Seat #1 is the button
Seat 1: Brama Br ($205.28 in chips)
Seat 2: kolaz03 ($72 in chips)
Brama Br: posts small blind $1
kolaz03: posts big blind $3
*** HOLE CARDS ***
Brama Br: raises $3 to $6
kolaz03: calls $3
*** FLOP *** [Ks 9s 5d]
kolaz03: checks
Brama Br: bets $3
kolaz03: raises $3 to $6
Brama Br: calls $3
*** TURN *** [Ks 9s 5d] [Js]
kolaz03: bets $6
Brama Br: folds
Uncalled bet ($6) returned to kolaz03
kolaz03 collected $23.52 from pot
kolaz03: doesn't show hand
*** SUMMARY ***
Total pot $24 | Rake $0.48
Board [Ks 9s 5d Js]
Seat 1: Brama Br (button) (small blind) folded on the Turn
Seat 2: kolaz03 (big blind) collected ($23.52)


PokerStars Hand #160375493839:  Hold'em Limit ($3/$6 USD) - 2016/10/24 12:03:03 ET
Table 'Cimbria' 6-max Seat #2 is the button
Seat 1: Brama Br ($204.28 in chips)
Seat 2: kolaz03 ($72 in chips)
kolaz03: posts small blind $1
Brama Br: posts big blind $3
*** HOLE CARDS ***
kolaz03: folds
Uncalled bet ($2) returned to Brama Br
Brama Br collected $2 from pot
Brama Br: doesn't show hand
*** SUMMARY ***
Total pot $2 | Rake $0
Seat 1: Brama Br (big blind) collected ($2)
Seat 2: kolaz03 (button) (small blind) folded before Flop


PokerStars Hand #160375516155:  Hold'em Limit ($3/$6 USD) - 2016/10/24 12:03:35 ET
Table 'Cimbria' 6-max Seat #2 is the button
Seat 1: Brama Br ($193.28 in chips)
Seat 2: kolaz03 ($83.52 in chips)
kolaz03: posts small blind $1
Brama Br: posts big blind $3
*** HOLE CARDS ***
kolaz03: raises $3 to $6
Brama Br: folds
Uncalled bet ($3) returned to kolaz03
kolaz03 collected $6 from pot
kolaz03: doesn't show hand
*** SUMMARY ***
Total pot $6 | Rake $0
Seat 1: Brama Br (big blind) folded before Flop
Seat 2: kolaz03 (button) (small blind) collected ($6)


PokerStars Hand #160375520567:  Hold'em Limit ($3/$6 USD) - 2016/10/24 12:03:41 ET
Table 'Cimbria' 6-max Seat #1 is the button
Seat 1: Brama Br ($190.28 in chips)
Seat 2: kolaz03 ($86.52 in chips)
Brama Br: posts small blind $1
kolaz03: posts big blind $3
*** HOLE CARDS ***
Brama Br: raises $3 to $6
kolaz03: raises $3 to $9
Brama Br: calls $3
*** FLOP *** [8c 9c 3d]
kolaz03: bets $3
Brama Br: calls $3
*** TURN *** [8c 9c 3d] [Jh]
kolaz03: bets $6
Brama Br: raises $6 to $12
kolaz03: calls $6
*** RIVER *** [8c 9c 3d Jh] [Ks]
kolaz03: checks
Brama Br: bets $6
kolaz03: calls $6
*** SHOW DOWN ***
Brama Br: shows [Qh Tc] (a straight, Nine to King)
kolaz03: mucks hand
Brama Br collected $59.50 from pot
*** SUMMARY ***
Total pot $60 | Rake $0.50
Board [8c 9c 3d Jh Ks]
Seat 1: Brama Br (button) (small blind) showed [Qh Tc] and won ($59.50) with a straight, Nine to King
Seat 2: kolaz03 (big blind) mucked


PokerStars Hand #160375537213:  Hold'em Limit ($3/$6 USD) - 2016/10/24 12:04:05 ET
Table 'Cimbria' 6-max Seat #2 is the button
Seat 1: Brama Br ($219.78 in chips)
Seat 2: kolaz03 ($72 in chips)
kolaz03: posts small blind $1
Brama Br: posts big blind $3
*** HOLE CARDS ***
kolaz03: raises $3 to $6
Brama Br: raises $3 to $9
kolaz03: calls $3
*** FLOP *** [3s 5c 5d]
Brama Br: bets $3
kolaz03: calls $3
*** TURN *** [3s 5c 5d] [Td]
Brama Br: bets $6
kolaz03: calls $6
*** RIVER *** [3s 5c 5d Td] [Ad]
Brama Br: checks
kolaz03: bets $6
Brama Br: calls $6
*** SHOW DOWN ***
kolaz03: shows [5s Tc] (a full house, Fives full of Tens)
Brama Br: mucks hand
kolaz03 collected $47.50 from pot
*** SUMMARY ***
Total pot $48 | Rake $0.50
Board [3s 5c 5d Td Ad]
Seat 1: Brama Br (big blind) mucked
Seat 2: kolaz03 (button) (small blind) showed [5s Tc] and won ($47.50) with a full house, Fives full of Tens


PokerStars Hand #160375565289:  Hold'em Limit ($3/$6 USD) - 2016/10/24 12:04:46 ET
Table 'Cimbria' 6-max Seat #2 is the button
Seat 1: Brama Br ($210.28 in chips)
Seat 2: kolaz03 ($80.50 in chips)
kolaz03: posts small blind $1
Brama Br: posts big blind $3
*** HOLE CARDS ***
kolaz03: raises $3 to $6
Brama Br: calls $3
*** FLOP *** [4h 9d 7c]
Brama Br: checks
kolaz03: bets $3
queen880 joins the table at seat #3
Brama Br: folds
Uncalled bet ($3) returned to kolaz03
kolaz03 collected $11.76 from pot
kolaz03: doesn't show hand
*** SUMMARY ***
Total pot $12 | Rake $0.24
Board [4h 9d 7c]
Seat 1: Brama Br (big blind) folded on the Flop
Seat 2: kolaz03 (button) (small blind) collected ($11.76)


PokerStars Hand #160375552073:  Hold'em Limit ($3/$6 USD) - 2016/10/24 12:04:27 ET
Table 'Cimbria' 6-max Seat #1 is the button
Seat 1: Brama Br ($195.78 in chips)
Seat 2: kolaz03 ($95.50 in chips)
Brama Br: posts small blind $1
kolaz03: posts big blind $3
*** HOLE CARDS ***
Brama Br: raises $3 to $6
kolaz03: calls $3
*** FLOP *** [Qs 4h Jd]
kolaz03: checks
Brama Br: bets $3
kolaz03: calls $3
*** TURN *** [Qs 4h Jd] [7d]
kolaz03: checks
Brama Br: bets $6
kolaz03: calls $6
*** RIVER *** [Qs 4h Jd 7d] [Kd]
kolaz03: checks
Brama Br: bets $6
kolaz03: folds
Uncalled bet ($6) returned to Brama Br
Brama Br collected $29.50 from pot
Brama Br: doesn't show hand
*** SUMMARY ***
Total pot $30 | Rake $0.50
Board [Qs 4h Jd 7d Kd]
Seat 1: Brama Br (button) (small blind) collected ($29.50)
Seat 2: kolaz03 (big blind) folded on the River


PokerStars Hand #160375646167:  Hold'em Limit ($3/$6 USD) - 2016/10/24 12:06:43 ET
Table 'Cimbria' 6-max Seat #2 is the button
Seat 1: Brama Br ($217.75 in chips)
Seat 2: kolaz03 ($99.86 in chips)
kolaz03: posts small blind $1
Brama Br: posts big blind $3
*** HOLE CARDS ***
kolaz03: folds
Uncalled bet ($2) returned to Brama Br
Brama Br collected $2 from pot
Brama Br: doesn't show hand
*** SUMMARY ***
Total pot $2 | Rake $0
Seat 1: Brama Br (big blind) collected ($2)
Seat 2: kolaz03 (button) (small blind) folded before Flop


PokerStars Hand #160375629979:  Hold'em Limit ($3/$6 USD) - 2016/10/24 12:06:19 ET
Table 'Cimbria' 6-max Seat #1 is the button
Seat 1: Brama Br ($209.11 in chips)
Seat 2: kolaz03 ($108.86 in chips)
Brama Br: posts small blind $1
kolaz03: posts big blind $3
*** HOLE CARDS ***
Brama Br: raises $3 to $6
queen880 leaves the table
kolaz03: calls $3
*** FLOP *** [3h Td 2h]
kolaz03: checks
Brama Br: bets $3
kolaz03: calls $3
*** TURN *** [3h Td 2h] [9c]
kolaz03: checks
Brama Br: checks
*** RIVER *** [3h Td 2h 9c] [Ts]
kolaz03: checks
Brama Br: checks
*** SHOW DOWN ***
kolaz03: shows [Qd 4s] (a pair of Tens)
Brama Br: shows [Qc 7c] (a pair of Tens - Queen+Nine+Seven kicker)
Brama Br collected $17.64 from pot
*** SUMMARY ***
Total pot $18 | Rake $0.36
Board [3h Td 2h 9c Ts]
Seat 1: Brama Br (button) (small blind) showed [Qc 7c] and won ($17.64) with a pair of Tens
Seat 2: kolaz03 (big blind) showed [Qd 4s] and lost with a pair of Tens


PokerStars Hand #160375649463:  Hold'em Limit ($3/$6 USD) - 2016/10/24 12:06:47 ET
Table 'Cimbria' 6-max Seat #1 is the button
Seat 1: Brama Br ($218.75 in chips)
Seat 2: kolaz03 ($98.86 in chips)
Brama Br: posts small blind $1
kolaz03: posts big blind $3
*** HOLE CARDS ***
Brama Br: raises $3 to $6
kolaz03: calls $3
*** FLOP *** [4h Td 9c]
kolaz03: checks
Brama Br: bets $3
kolaz03: folds
Uncalled bet ($3) returned to Brama Br
Brama Br collected $11.76 from pot
Brama Br: doesn't show hand
*** SUMMARY ***
Total pot $12 | Rake $0.24
Board [4h Td 9c]
Seat 1: Brama Br (button) (small blind) collected ($11.76)
Seat 2: kolaz03 (big blind) folded on the Flop


PokerStars Hand #160375660810:  Hold'em Limit ($3/$6 USD) - 2016/10/24 12:07:04 ET
Table 'Cimbria' 6-max Seat #2 is the button
Seat 1: Brama Br ($224.51 in chips)
Seat 2: kolaz03 ($92.86 in chips)
kolaz03: posts small blind $1
Brama Br: posts big blind $3
*** HOLE CARDS ***
kolaz03: raises $3 to $6
Brama Br: calls $3
*** FLOP *** [7s 9d Qh]
Brama Br: checks
kolaz03: bets $3
Brama Br: calls $3
*** TURN *** [7s 9d Qh] [9h]
Brama Br: checks
kolaz03: bets $6
Brama Br: calls $6
*** RIVER *** [7s 9d Qh 9h] [9s]
Brama Br: checks
kolaz03: bets $6
Brama Br: calls $6
*** SHOW DOWN ***
kolaz03: shows [Qd Ks] (a full house, Nines full of Queens)
Brama Br: mucks hand
kolaz03 collected $41.50 from pot
*** SUMMARY ***
Total pot $42 | Rake $0.50
Board [7s 9d Qh 9h 9s]
Seat 1: Brama Br (big blind) mucked
Seat 2: kolaz03 (button) (small blind) showed [Qd Ks] and won ($41.50) with a full house, Nines full of Queens


PokerStars Hand #160375675290:  Hold'em Limit ($3/$6 USD) - 2016/10/24 12:07:25 ET
Table 'Cimbria' 6-max Seat #1 is the button
Seat 1: Brama Br ($203.51 in chips)
Seat 2: kolaz03 ($113.36 in chips)
Brama Br: posts small blind $1
kolaz03: posts big blind $3
*** HOLE CARDS ***
Brama Br: raises $3 to $6
kolaz03: folds
Uncalled bet ($3) returned to Brama Br
Brama Br collected $6 from pot
Brama Br: doesn't show hand
*** SUMMARY ***
Total pot $6 | Rake $0
Seat 1: Brama Br (button) (small blind) collected ($6)
Seat 2: kolaz03 (big blind) folded before Flop


PokerStars Hand #160375694870:  Hold'em Limit ($3/$6 USD) - 2016/10/24 12:07:53 ET
Table 'Cimbria' 6-max Seat #1 is the button
Seat 1: Brama Br ($215.15 in chips)
Seat 2: kolaz03 ($101.36 in chips)
Brama Br: posts small blind $1
kolaz03: posts big blind $3
*** HOLE CARDS ***
Brama Br: raises $3 to $6
kolaz03: calls $3
*** FLOP *** [Td Ts Js]
kolaz03: checks
Brama Br: bets $3
kolaz03: folds
Uncalled bet ($3) returned to Brama Br
Brama Br collected $11.76 from pot
Brama Br: doesn't show hand
*** SUMMARY ***
Total pot $12 | Rake $0.24
Board [Td Ts Js]
Seat 1: Brama Br (button) (small blind) collected ($11.76)
Seat 2: kolaz03 (big blind) folded on the Flop


PokerStars Hand #160375683032:  Hold'em Limit ($3/$6 USD) - 2016/10/24 12:07:36 ET
Table 'Cimbria' 6-max Seat #2 is the button
Seat 1: Brama Br ($206.51 in chips)
Seat 2: kolaz03 ($110.36 in chips)
kolaz03: posts small blind $1
Brama Br: posts big blind $3
*** HOLE CARDS ***
kolaz03: raises $3 to $6
Brama Br: calls $3
*** FLOP *** [Qs Ad 7h]
Brama Br: checks
kolaz03: bets $3
Brama Br: raises $3 to $6
kolaz03: folds
Uncalled bet ($3) returned to Brama Br
Brama Br collected $17.64 from pot
Brama Br: doesn't show hand
*** SUMMARY ***
Total pot $18 | Rake $0.36
Board [Qs Ad 7h]
Seat 1: Brama Br (big blind) collected ($17.64)
Seat 2: kolaz03 (button) (small blind) folded on the Flop


PokerStars Hand #160375732506:  Hold'em Limit ($3/$6 USD) - 2016/10/24 12:08:47 ET
Table 'Cimbria' 6-max Seat #2 is the button
Seat 1: Brama Br ($253.05 in chips)
Seat 2: kolaz03 ($72 in chips)
kolaz03: posts small blind $1
Brama Br: posts big blind $3
*** HOLE CARDS ***
kolaz03: raises $3 to $6
Brama Br: calls $3
*** FLOP *** [Qh 8d 9s]
Brama Br: checks
kolaz03: bets $3
Brama Br: calls $3
*** TURN *** [Qh 8d 9s] [Ks]
Brama Br: checks
kolaz03: checks
*** RIVER *** [Qh 8d 9s Ks] [2c]
Brama Br: bets $6
kolaz03: folds
Uncalled bet ($6) returned to Brama Br
Brama Br collected $17.64 from pot
Brama Br: doesn't show hand
*** SUMMARY ***
Total pot $18 | Rake $0.36
Board [Qh 8d 9s Ks 2c]
Seat 1: Brama Br (big blind) collected ($17.64)
Seat 2: kolaz03 (button) (small blind) folded on the River


PokerStars Hand #160375720477:  Hold'em Limit ($3/$6 USD) - 2016/10/24 12:08:30 ET
Table 'Cimbria' 6-max Seat #1 is the button
Seat 1: Brama Br ($229.55 in chips)
Seat 2: kolaz03 ($86.36 in chips)
Brama Br: posts small blind $1
kolaz03: posts big blind $3
*** HOLE CARDS ***
Brama Br: raises $3 to $6
kolaz03: raises $3 to $9
Brama Br: calls $3
*** FLOP *** [Kc Th 4h]
kolaz03: bets $3
Brama Br: calls $3
*** TURN *** [Kc Th 4h] [Ad]
kolaz03: bets $6
Brama Br: calls $6
*** RIVER *** [Kc Th 4h Ad] [4c]
kolaz03: bets $6
Brama Br: calls $6
*** SHOW DOWN ***
kolaz03: shows [Qh Ks] (two pair, Kings and Fours)
Brama Br: shows [3d Ac] (two pair, Aces and Fours)
Brama Br collected $47.50 from pot
*** SUMMARY ***
Total pot $48 | Rake $0.50
Board [Kc Th 4h Ad 4c]
Seat 1: Brama Br (button) (small blind) showed [3d Ac] and won ($47.50) with two pair, Aces and Fours
Seat 2: kolaz03 (big blind) showed [Qh Ks] and lost with two pair, Kings and Fours


PokerStars Hand #160375705498:  Hold'em Limit ($3/$6 USD) - 2016/10/24 12:08:08 ET
Table 'Cimbria' 6-max Seat #2 is the button
Seat 1: Brama Br ($220.91 in chips)
Seat 2: kolaz03 ($95.36 in chips)
kolaz03: posts small blind $1
Brama Br: posts big blind $3
*** HOLE CARDS ***
kolaz03: raises $3 to $6
Brama Br: calls $3
*** FLOP *** [6s 3d 7h]
Brama Br: checks
kolaz03: bets $3
Brama Br: calls $3
*** TURN *** [6s 3d 7h] [4h]
Brama Br: checks
kolaz03: checks
*** RIVER *** [6s 3d 7h 4h] [Qs]
Brama Br: checks
kolaz03: checks
*** SHOW DOWN ***
Brama Br: shows [Ts 6h] (a pair of Sixes)
kolaz03: mucks hand
Brama Br collected $17.64 from pot
*** SUMMARY ***
Total pot $18 | Rake $0.36
Board [6s 3d 7h 4h Qs]
Seat 1: Brama Br (big blind) showed [Ts 6h] and won ($17.64) with a pair of Sixes
Seat 2: kolaz03 (button) (small blind) mucked


PokerStars Hand #160375746225:  Hold'em Limit ($3/$6 USD) - 2016/10/24 12:09:06 ET
Table 'Cimbria' 6-max Seat #1 is the button
Seat 1: Brama Br ($261.69 in chips)
Seat 2: kolaz03 ($72 in chips)
Brama Br: posts small blind $1
kolaz03: posts big blind $3
*** HOLE CARDS ***
Brama Br: raises $3 to $6
kolaz03: folds
Uncalled bet ($3) returned to Brama Br
Ag3r0n joins the table at seat #3
Brama Br collected $6 from pot
Brama Br: doesn't show hand
*** SUMMARY ***
Total pot $6 | Rake $0
Seat 1: Brama Br (button) (small blind) collected ($6)
Seat 2: kolaz03 (big blind) folded before Flop


PokerStars Hand #160377011978:  Hold'em Limit ($3/$6 USD) - 2016/10/24 12:38:36 ET
Table 'Cimbria' 6-max Seat #3 is the button
Seat 3: Ag3r0n ($130.90 in chips)
Seat 4: sskpoker ($22.15 in chips)
Ag3r0n: posts small blind $1
sskpoker: posts big blind $3
*** HOLE CARDS ***
Ag3r0n: raises $3 to $6
sskpoker: folds
Uncalled bet ($3) returned to Ag3r0n
Ag3r0n collected $6 from pot
*** SUMMARY ***
Total pot $6 | Rake $0
Seat 3: Ag3r0n (button) (small blind) collected ($6)
Seat 4: sskpoker (big blind) folded before Flop


PokerStars Hand #160377008725:  Hold'em Limit ($3/$6 USD) - 2016/10/24 12:38:32 ET
Table 'Cimbria' 6-max Seat #4 is the button
Seat 3: Ag3r0n ($129.90 in chips)
Seat 4: sskpoker ($23.15 in chips)
sskpoker: posts small blind $1
Ag3r0n: posts big blind $3
*** HOLE CARDS ***
sskpoker: folds
Uncalled bet ($2) returned to Ag3r0n
Ag3r0n collected $2 from pot
*** SUMMARY ***
Total pot $2 | Rake $0
Seat 3: Ag3r0n (big blind) collected ($2)
Seat 4: sskpoker (button) (small blind) folded before Flop


PokerStars Hand #160377005233:  Hold'em Limit ($3/$6 USD) - 2016/10/24 12:38:27 ET
Table 'Cimbria' 6-max Seat #3 is the button
Seat 3: Ag3r0n ($130.90 in chips)
Seat 4: sskpoker ($22.15 in chips)
Ag3r0n: posts small blind $1
sskpoker: posts big blind $3
*** HOLE CARDS ***
Ag3r0n: folds
Uncalled bet ($2) returned to sskpoker
sskpoker collected $2 from pot
sskpoker: doesn't show hand
*** SUMMARY ***
Total pot $2 | Rake $0
Seat 3: Ag3r0n (button) (small blind) folded before Flop
Seat 4: sskpoker (big blind) collected ($2)


PokerStars Hand #160377001847:  Hold'em Limit ($3/$6 USD) - 2016/10/24 12:38:22 ET
Table 'Cimbria' 6-max Seat #4 is the button
Seat 3: Ag3r0n ($129.90 in chips)
Seat 4: sskpoker ($23.15 in chips)
sskpoker: posts small blind $1
HAL9QQQ: is sitting out
Ag3r0n: posts big blind $3
*** HOLE CARDS ***
sskpoker: folds
Uncalled bet ($2) returned to Ag3r0n
Ag3r0n collected $2 from pot
*** SUMMARY ***
Total pot $2 | Rake $0
Seat 3: Ag3r0n (big blind) collected ($2)
Seat 4: sskpoker (button) (small blind) folded before Flop


PokerStars Hand #160377017472:  Hold'em Limit ($3/$6 USD) - 2016/10/24 12:38:44 ET
Table 'Cimbria' 6-max Seat #4 is the button
Seat 3: Ag3r0n ($133.90 in chips)
Seat 4: sskpoker ($19.15 in chips)
sskpoker: posts small blind $1
Ag3r0n: posts big blind $3
*** HOLE CARDS ***
sskpoker: raises $3 to $6
Ag3r0n: raises $3 to $9
sskpoker: calls $3
*** FLOP *** [2d Ah 2s]
Ag3r0n: bets $3
sskpoker: calls $3
*** TURN *** [2d Ah 2s] [Js]
Ag3r0n: checks
sskpoker: bets $6
Ag3r0n: calls $6
*** RIVER *** [2d Ah 2s Js] [8h]
Ag3r0n: checks
sskpoker: bets $1.15 and is all-in
Ag3r0n: calls $1.15
*** SHOW DOWN ***
sskpoker: shows [8c 5d] (two pair, Eights and Deuces)
Ag3r0n: shows [9h 9c] (two pair, Nines and Deuces)
Ag3r0n collected $37.80 from pot
*** SUMMARY ***
Total pot $38.30 | Rake $0.50
Board [2d Ah 2s Js 8h]
Seat 3: Ag3r0n (big blind) showed [9h 9c] and won ($37.80) with two pair, Nines and Deuces
Seat 4: sskpoker (button) (small blind) showed [8c 5d] and lost with two pair, Eights and Deuces


PokerStars Hand #160377061208:  Hold'em Limit ($3/$6 USD) - 2016/10/24 12:39:44 ET
Table 'Cimbria' 6-max Seat #1 is the button
Seat 1: Brama Br ($222.68 in chips)
Seat 3: Ag3r0n ($134.55 in chips)
Brama Br: posts small blind $1
Ag3r0n: posts big blind $3
*** HOLE CARDS ***
Brama Br: raises $3 to $6
Ag3r0n: calls $3
*** FLOP *** [8d 2c 2d]
Ag3r0n: checks
Brama Br: bets $3
Ag3r0n: raises $3 to $6
Hi Im Alexey leaves the table
Brama Br: calls $3
*** TURN *** [8d 2c 2d] [2h]
Ag3r0n: bets $6
Brama Br: calls $6
*** RIVER *** [8d 2c 2d 2h] [6h]
Hi Im Alexey joins the table at seat #2
Ag3r0n: checks
Brama Br: checks
*** SHOW DOWN ***
Ag3r0n: shows [As 7h] (three of a kind, Deuces)
Brama Br: shows [Qs Ah] (three of a kind, Deuces - Ace+Queen kicker)
Brama Br collected $35.50 from pot
*** SUMMARY ***
Total pot $36 | Rake $0.50
Board [8d 2c 2d 2h 6h]
Seat 1: Brama Br (button) (small blind) showed [Qs Ah] and won ($35.50) with three of a kind, Deuces
Seat 3: Ag3r0n (big blind) showed [As 7h] and lost with three of a kind, Deuces


PokerStars Hand #160377044059:  Hold'em Limit ($3/$6 USD) - 2016/10/24 12:39:20 ET
Table 'Cimbria' 6-max Seat #3 is the button
Seat 1: Brama Br ($205.18 in chips)
Seat 3: Ag3r0n ($152.55 in chips)
Ag3r0n: posts small blind $1
Brama Br: posts big blind $3
*** HOLE CARDS ***
Ag3r0n: raises $3 to $6
Brama Br: raises $3 to $9
Ag3r0n: calls $3
*** FLOP *** [As 4s 7s]
Brama Br: bets $3
Ag3r0n: calls $3
*** TURN *** [As 4s 7s] [3s]
Brama Br: checks
Ag3r0n: checks
*** RIVER *** [As 4s 7s 3s] [Ad]
Brama Br: bets $6
Ag3r0n: calls $6
*** SHOW DOWN ***
Brama Br: shows [Ac Qc] (three of a kind, Aces)
Ag3r0n: mucks hand
Brama Br collected $35.50 from pot
*** SUMMARY ***
Total pot $36 | Rake $0.50
Board [As 4s 7s 3s Ad]
Seat 1: Brama Br (big blind) showed [Ac Qc] and won ($35.50) with three of a kind, Aces
Seat 3: Ag3r0n (button) (small blind) mucked


PokerStars Hand #160377081589:  Hold'em Limit ($3/$6 USD) - 2016/10/24 12:40:12 ET
Table 'Cimbria' 6-max Seat #3 is the button
Seat 1: Brama Br ($240.18 in chips)
Seat 3: Ag3r0n ($116.55 in chips)
Ag3r0n: posts small blind $1
Brama Br: posts big blind $3
*** HOLE CARDS ***
Ag3r0n: raises $3 to $6
Brama Br: calls $3
*** FLOP *** [Kh Th 6h]
Brama Br: checks
Ag3r0n: bets $3
Brama Br: calls $3
*** TURN *** [Kh Th 6h] [Qd]
Brama Br: checks
Ag3r0n: bets $6
Brama Br: calls $6
*** RIVER *** [Kh Th 6h Qd] [3c]
Brama Br: checks
Ag3r0n: bets $6
Brama Br: calls $6
*** SHOW DOWN ***
Ag3r0n: shows [Kc Ks] (three of a kind, Kings)
Brama Br: mucks hand
Ag3r0n collected $41.50 from pot
*** SUMMARY ***
Total pot $42 | Rake $0.50
Board [Kh Th 6h Qd 3c]
Seat 1: Brama Br (big blind) mucked
Seat 3: Ag3r0n (button) (small blind) showed [Kc Ks] and won ($41.50) with three of a kind, Kings


