PokerStars Hand #148553661367:  Hold'em Limit ($3/$6 USD) - 2016/02/10 7:40:59 ET
Table 'Cimmeria II' 6-max Seat #5 is the button
Seat 2: AzureCaper ($92.47 in chips)
Seat 5: PayMyAudiR8 ($160.57 in chips)
PayMyAudiR8: posts small blind $1
AzureCaper: posts big blind $3
*** HOLE CARDS ***
PayMyAudiR8: folds
Uncalled bet ($2) returned to AzureCaper
AzureCaper collected $2 from pot
AzureCaper: doesn't show hand
*** SUMMARY ***
Total pot $2 | Rake $0
Seat 2: AzureCaper (big blind) collected ($2)
Seat 5: PayMyAudiR8 (button) (small blind) folded before Flop


PokerStars Hand #148553640273:  Hold'em Limit ($3/$6 USD) - 2016/02/10 7:40:24 ET
Table 'Cimmeria II' 6-max Seat #2 is the button
Seat 2: AzureCaper ($86.71 in chips)
Seat 5: PayMyAudiR8 ($166.57 in chips)
AzureCaper: posts small blind $1
PayMyAudiR8: posts big blind $3
*** HOLE CARDS ***
AzureCaper: raises $3 to $6
Psychic_90 leaves the table
PayMyAudiR8: calls $3
*** FLOP *** [6d Qc 9h]
PayMyAudiR8: checks
AzureCaper: bets $3
PayMyAudiR8: folds
Uncalled bet ($3) returned to AzureCaper
AzureCaper collected $11.76 from pot
AzureCaper: doesn't show hand
*** SUMMARY ***
Total pot $12 | Rake $0.24
Board [6d Qc 9h]
Seat 2: AzureCaper (button) (small blind) collected ($11.76)
Seat 5: PayMyAudiR8 (big blind) folded on the Flop


PokerStars Hand #148553667947:  Hold'em Limit ($3/$6 USD) - 2016/02/10 7:41:09 ET
Table 'Cimmeria II' 6-max Seat #2 is the button
Seat 2: AzureCaper ($93.47 in chips)
Seat 5: PayMyAudiR8 ($159.57 in chips)
AzureCaper: posts small blind $1
PayMyAudiR8: posts big blind $3
*** HOLE CARDS ***
AzureCaper: raises $3 to $6
BuzovaPro joins the table at seat #6
PayMyAudiR8: calls $3
*** FLOP *** [5s Jh 4c]
PayMyAudiR8: checks
BuzovaPro leaves the table
AzureCaper: bets $3
PayMyAudiR8: raises $3 to $6
AzureCaper: calls $3
*** TURN *** [5s Jh 4c] [Kd]
PayMyAudiR8: bets $6
AzureCaper: calls $6
*** RIVER *** [5s Jh 4c Kd] [As]
PayMyAudiR8: checks
AzureCaper: bets $6
PayMyAudiR8: folds
Uncalled bet ($6) returned to AzureCaper
AzureCaper collected $35.50 from pot
AzureCaper: doesn't show hand
*** SUMMARY ***
Total pot $36 | Rake $0.50
Board [5s Jh 4c Kd As]
Seat 2: AzureCaper (button) (small blind) collected ($35.50)
Seat 5: PayMyAudiR8 (big blind) folded on the River


