PokerStars Hand #175407139112:  Hold'em Limit ($3/$6 USD) - 2017/09/09 7:38:26 ET
Table 'Circinus II' 6-max Seat #1 is the button
Seat 1: ANIN1337 ($48 in chips)
Seat 4: VolkovDmitri ($120 in chips)
ANIN1337: posts small blind $1
Psynto joins the table at seat #2
VolkovDmitri: posts big blind $3
*** HOLE CARDS ***
ANIN1337: raises $3 to $6
igorkabmw joins the table at seat #5
VolkovDmitri: raises $3 to $9
ANIN1337: raises $3 to $12
Betting is capped
VolkovDmitri: calls $3
*** FLOP *** [5s 4c 6c]
VolkovDmitri: bets $3
ANIN1337: raises $3 to $6
VolkovDmitri: raises $3 to $9
ANIN1337: calls $3
*** TURN *** [5s 4c 6c] [Tc]
VolkovDmitri: bets $6
ANIN1337: calls $6
*** RIVER *** [5s 4c 6c Tc] [Qs]
VolkovDmitri: bets $6
ANIN1337: calls $6
*** SHOW DOWN ***
VolkovDmitri: shows [5d 5h] (three of a kind, Fives)
ANIN1337: mucks hand
VolkovDmitri collected $65.50 from pot
*** SUMMARY ***
Total pot $66 | Rake $0.50
Board [5s 4c 6c Tc Qs]
Seat 1: ANIN1337 (button) (small blind) mucked
Seat 4: VolkovDmitri (big blind) showed [5d 5h] and won ($65.50) with three of a kind, Fives


PokerStars Hand #175407273528:  Hold'em Limit ($3/$6 USD) - 2017/09/09 7:43:17 ET
Table 'Circinus II' 6-max Seat #1 is the button
Seat 1: ANIN1337 ($88.08 in chips)
Seat 2: Psynto ($90.09 in chips)
ANIN1337: posts small blind $1
Psynto: posts big blind $3
*** HOLE CARDS ***
ANIN1337: folds
Uncalled bet ($2) returned to Psynto
Psynto collected $2 from pot
Psynto: doesn't show hand
*** SUMMARY ***
Total pot $2 | Rake $0
Seat 1: ANIN1337 (button) (small blind) folded before Flop
Seat 2: Psynto (big blind) collected ($2)


PokerStars Hand #175407259167:  Hold'em Limit ($3/$6 USD) - 2017/09/09 7:42:46 ET
Table 'Circinus II' 6-max Seat #2 is the button
Seat 1: ANIN1337 ($7.98 in chips)
Seat 2: Psynto ($82.43 in chips)
Psynto: posts small blind $1
TbIP-TbIP 88: is sitting out
ANIN1337: posts big blind $3
*** HOLE CARDS ***
Psynto: raises $3 to $6
ANIN1337: calls $3
*** FLOP *** [3d 3s Jd]
ANIN1337: bets $1.98 and is all-in
Psynto: calls $1.98
*** TURN *** [3d 3s Jd] [3h]
TbIP-TbIP 88 leaves the table
*** RIVER *** [3d 3s Jd 3h] [8h]
*** SHOW DOWN ***
ANIN1337: shows [2h 6h] (three of a kind, Threes)
Psynto: shows [Ts Ah] (three of a kind, Threes - Ace kicker)
Psynto collected $15.64 from pot
*** SUMMARY ***
Total pot $15.96 | Rake $0.32
Board [3d 3s Jd 3h 8h]
Seat 1: ANIN1337 (big blind) showed [2h 6h] and lost with three of a kind, Threes
Seat 2: Psynto (button) (small blind) showed [Ts Ah] and won ($15.64) with three of a kind, Threes


PokerStars Hand #175407303695:  Hold'em Limit ($3/$6 USD) - 2017/09/09 7:44:21 ET
Table 'Circinus II' 6-max Seat #1 is the button
Seat 1: ANIN1337 ($57.08 in chips)
Seat 2: Psynto ($120.59 in chips)
ANIN1337: posts small blind $1
Psynto: posts big blind $3
*** HOLE CARDS ***
ANIN1337: folds
Uncalled bet ($2) returned to Psynto
Psynto collected $2 from pot
Psynto: doesn't show hand
*** SUMMARY ***
Total pot $2 | Rake $0
Seat 1: ANIN1337 (button) (small blind) folded before Flop
Seat 2: Psynto (big blind) collected ($2)


PokerStars Hand #175407283263:  Hold'em Limit ($3/$6 USD) - 2017/09/09 7:43:37 ET
Table 'Circinus II' 6-max Seat #2 is the button
Seat 1: ANIN1337 ($87.08 in chips)
Seat 2: Psynto ($91.09 in chips)
Psynto: posts small blind $1
ANIN1337: posts big blind $3
*** HOLE CARDS ***
Psynto: raises $3 to $6
ANIN1337: raises $3 to $9
Psynto: calls $3
*** FLOP *** [5c 3h Js]
ANIN1337: bets $3
Psynto: calls $3
*** TURN *** [5c 3h Js] [Qs]
ANIN1337: bets $6
Psynto: raises $6 to $12
ANIN1337: calls $6
*** RIVER *** [5c 3h Js Qs] [Kh]
EMALAYS leaves the table
ANIN1337: bets $6
Psynto: raises $6 to $12
ANIN1337: folds
Uncalled bet ($6) returned to Psynto
Psynto collected $59.50 from pot
Psynto: doesn't show hand
*** SUMMARY ***
Total pot $60 | Rake $0.50
Board [5c 3h Js Qs Kh]
Seat 1: ANIN1337 (big blind) folded on the River
Seat 2: Psynto (button) (small blind) collected ($59.50)


PokerStars Hand #175407305654:  Hold'em Limit ($3/$6 USD) - 2017/09/09 7:44:25 ET
Table 'Circinus II' 6-max Seat #2 is the button
Seat 1: ANIN1337 ($56.08 in chips)
Seat 2: Psynto ($121.59 in chips)
Psynto: posts small blind $1
ANIN1337: posts big blind $3
*** HOLE CARDS ***
Psynto: raises $3 to $6
ANIN1337: raises $3 to $9
Psynto: calls $3
*** FLOP *** [Th 7h Ts]
ANIN1337: bets $3
Psynto: calls $3
*** TURN *** [Th 7h Ts] [Qh]
ANIN1337: checks
Psynto: bets $6
ANIN1337: folds
Uncalled bet ($6) returned to Psynto
Psynto collected $23.52 from pot
Psynto: doesn't show hand
*** SUMMARY ***
Total pot $24 | Rake $0.48
Board [Th 7h Ts Qh]
Seat 1: ANIN1337 (big blind) folded on the Turn
Seat 2: Psynto (button) (small blind) collected ($23.52)


PokerStars Hand #175407327082:  Hold'em Limit ($3/$6 USD) - 2017/09/09 7:45:12 ET
Table 'Circinus II' 6-max Seat #2 is the button
Seat 1: ANIN1337 ($64.58 in chips)
Seat 2: Psynto ($112.11 in chips)
Psynto: posts small blind $1
ANIN1337: posts big blind $3
*** HOLE CARDS ***
Psynto: raises $3 to $6
ANIN1337: raises $3 to $9
Psynto: calls $3
*** FLOP *** [6s 3d As]
ANIN1337: bets $3
Psynto: calls $3
*** TURN *** [6s 3d As] [6d]
ANIN1337: bets $6
Psynto: calls $6
*** RIVER *** [6s 3d As 6d] [2h]
ANIN1337: bets $6
Psynto: calls $6
*** SHOW DOWN ***
ANIN1337: shows [Ts Jc] (a pair of Sixes)
Psynto: shows [Kh 9d] (a pair of Sixes - Ace+King kicker)
Psynto collected $47.50 from pot
*** SUMMARY ***
Total pot $48 | Rake $0.50
Board [6s 3d As 6d 2h]
Seat 1: ANIN1337 (big blind) showed [Ts Jc] and lost with a pair of Sixes
Seat 2: Psynto (button) (small blind) showed [Kh 9d] and won ($47.50) with a pair of Sixes


PokerStars Hand #175407318073:  Hold'em Limit ($3/$6 USD) - 2017/09/09 7:44:53 ET
Table 'Circinus II' 6-max Seat #1 is the button
Seat 1: ANIN1337 ($44.08 in chips)
Seat 2: Psynto ($133.11 in chips)
ANIN1337: posts small blind $1
Psynto: posts big blind $3
*** HOLE CARDS ***
ANIN1337: raises $3 to $6
Psynto: calls $3
*** FLOP *** [Js 6c 7d]
Psynto: checks
ANIN1337: bets $3
Psynto: calls $3
*** TURN *** [Js 6c 7d] [7h]
Psynto: checks
ANIN1337: bets $6
Psynto: calls $6
*** RIVER *** [Js 6c 7d 7h] [Td]
Psynto: checks
ANIN1337: bets $6
Psynto: calls $6
*** SHOW DOWN ***
ANIN1337: shows [6h Ks] (two pair, Sevens and Sixes)
Psynto: mucks hand
ANIN1337 collected $41.50 from pot
*** SUMMARY ***
Total pot $42 | Rake $0.50
Board [Js 6c 7d 7h Td]
Seat 1: ANIN1337 (button) (small blind) showed [6h Ks] and won ($41.50) with two pair, Sevens and Sixes
Seat 2: Psynto (big blind) mucked


PokerStars Hand #175407341964:  Hold'em Limit ($3/$6 USD) - 2017/09/09 7:45:44 ET
Table 'Circinus II' 6-max Seat #1 is the button
Seat 1: ANIN1337 ($40.58 in chips)
Seat 2: Psynto ($135.61 in chips)
ANIN1337: posts small blind $1
Psynto: posts big blind $3
*** HOLE CARDS ***
ANIN1337: raises $3 to $6
Psynto: calls $3
*** FLOP *** [2d Td 6s]
Psynto: checks
ANIN1337: checks
*** TURN *** [2d Td 6s] [6d]
Psynto: checks
ANIN1337: checks
*** RIVER *** [2d Td 6s 6d] [Qd]
Psynto: checks
ANIN1337: checks
*** SHOW DOWN ***
Psynto: shows [9s 4h] (a pair of Sixes)
ANIN1337: shows [Kh 4s] (a pair of Sixes - King kicker)
ANIN1337 collected $11.76 from pot
*** SUMMARY ***
Total pot $12 | Rake $0.24
Board [2d Td 6s 6d Qd]
Seat 1: ANIN1337 (button) (small blind) showed [Kh 4s] and won ($11.76) with a pair of Sixes
Seat 2: Psynto (big blind) showed [9s 4h] and lost with a pair of Sixes


PokerStars Hand #175407380740:  Hold'em Limit ($3/$6 USD) - 2017/09/09 7:47:08 ET
Table 'Circinus II' 6-max Seat #1 is the button
Seat 1: ANIN1337 ($22.34 in chips)
Seat 2: Psynto ($153.11 in chips)
ANIN1337: posts small blind $1
Psynto: posts big blind $3
*** HOLE CARDS ***
ANIN1337: raises $3 to $6
Psynto: calls $3
*** FLOP *** [As 3d 8c]
Psynto: checks
ANIN1337: bets $3
Psynto: calls $3
*** TURN *** [As 3d 8c] [5d]
Psynto: checks
ANIN1337: bets $6
Psynto: calls $6
*** RIVER *** [As 3d 8c 5d] [2s]
Psynto: checks
ANIN1337: bets $6
Psynto: calls $6
*** SHOW DOWN ***
ANIN1337: shows [Jh Ac] (a pair of Aces)
Psynto: mucks hand
ANIN1337 collected $41.50 from pot
*** SUMMARY ***
Total pot $42 | Rake $0.50
Board [As 3d 8c 5d 2s]
Seat 1: ANIN1337 (button) (small blind) showed [Jh Ac] and won ($41.50) with a pair of Aces
Seat 2: Psynto (big blind) mucked


PokerStars Hand #175407351931:  Hold'em Limit ($3/$6 USD) - 2017/09/09 7:46:06 ET
Table 'Circinus II' 6-max Seat #2 is the button
Seat 1: ANIN1337 ($46.34 in chips)
Seat 2: Psynto ($129.61 in chips)
Psynto: posts small blind $1
ANIN1337: posts big blind $3
*** HOLE CARDS ***
Psynto: raises $3 to $6
ANIN1337: raises $3 to $9
Psynto: calls $3
*** FLOP *** [8s 8d Jh]
ANIN1337: bets $3
Psynto: calls $3
*** TURN *** [8s 8d Jh] [2d]
ANIN1337: bets $6
Psynto: raises $6 to $12
ANIN1337: calls $6
*** RIVER *** [8s 8d Jh 2d] [9c]
ANIN1337: checks
Psynto: bets $6
ANIN1337: folds
Uncalled bet ($6) returned to Psynto
Psynto collected $47.50 from pot
Psynto: doesn't show hand
*** SUMMARY ***
Total pot $48 | Rake $0.50
Board [8s 8d Jh 2d 9c]
Seat 1: ANIN1337 (big blind) folded on the River
Seat 2: Psynto (button) (small blind) collected ($47.50)


PokerStars Hand #175407408377:  Hold'em Limit ($3/$6 USD) - 2017/09/09 7:48:08 ET
Table 'Circinus II' 6-max Seat #1 is the button
Seat 1: ANIN1337 ($27.84 in chips)
Seat 2: Psynto ($146.61 in chips)
ANIN1337: posts small blind $1
Psynto: posts big blind $3
*** HOLE CARDS ***
ANIN1337: raises $3 to $6
Psynto: raises $3 to $9
ANIN1337: raises $3 to $12
Betting is capped
Psynto: calls $3
*** FLOP *** [Jc 4s 8h]
Psynto: checks
ANIN1337: bets $3
Psynto: raises $3 to $6
ANIN1337: calls $3
*** TURN *** [Jc 4s 8h] [9s]
Psynto: bets $6
ANIN1337: calls $6
*** RIVER *** [Jc 4s 8h 9s] [7d]
Psynto: bets $6
ANIN1337: calls $3.84 and is all-in
Uncalled bet ($2.16) returned to Psynto
*** SHOW DOWN ***
Psynto: shows [Qc Ah] (high card Ace)
ANIN1337: shows [7h Kh] (a pair of Sevens)
ANIN1337 collected $55.18 from pot
*** SUMMARY ***
Total pot $55.68 | Rake $0.50
Board [Jc 4s 8h 9s 7d]
Seat 1: ANIN1337 (button) (small blind) showed [7h Kh] and won ($55.18) with a pair of Sevens
Seat 2: Psynto (big blind) showed [Qc Ah] and lost with high card Ace


PokerStars Hand #175407398862:  Hold'em Limit ($3/$6 USD) - 2017/09/09 7:47:47 ET
Table 'Circinus II' 6-max Seat #2 is the button
Seat 1: ANIN1337 ($42.84 in chips)
Seat 2: Psynto ($132.11 in chips)
Psynto: posts small blind $1
ANIN1337: posts big blind $3
*** HOLE CARDS ***
Psynto: raises $3 to $6
ANIN1337: calls $3
*** FLOP *** [3s 4h 6d]
ANIN1337: checks
Psynto: bets $3
ANIN1337: calls $3
*** TURN *** [3s 4h 6d] [Ad]
ANIN1337: checks
Psynto: bets $6
ANIN1337: calls $6
*** RIVER *** [3s 4h 6d Ad] [Kc]
ANIN1337: checks
Psynto: bets $6
ANIN1337: folds
Uncalled bet ($6) returned to Psynto
Psynto collected $29.50 from pot
Psynto: doesn't show hand
*** SUMMARY ***
Total pot $30 | Rake $0.50
Board [3s 4h 6d Ad Kc]
Seat 1: ANIN1337 (big blind) folded on the River
Seat 2: Psynto (button) (small blind) collected ($29.50)


PokerStars Hand #175407448106:  Hold'em Limit ($3/$6 USD) - 2017/09/09 7:49:32 ET
Table 'Circinus II' 6-max Seat #1 is the button
Seat 1: ANIN1337 ($49.18 in chips)
Seat 2: Psynto ($124.53 in chips)
ANIN1337: posts small blind $1
Psynto: posts big blind $3
*** HOLE CARDS ***
ANIN1337: raises $3 to $6
Psynto: calls $3
*** FLOP *** [8c Ah Ac]
Psynto: checks
ANIN1337: bets $3
Psynto: folds
Uncalled bet ($3) returned to ANIN1337
ANIN1337 collected $11.76 from pot
ANIN1337: doesn't show hand
*** SUMMARY ***
Total pot $12 | Rake $0.24
Board [8c Ah Ac]
Seat 1: ANIN1337 (button) (small blind) collected ($11.76)
Seat 2: Psynto (big blind) folded on the Flop


PokerStars Hand #175407426419:  Hold'em Limit ($3/$6 USD) - 2017/09/09 7:48:47 ET
Table 'Circinus II' 6-max Seat #2 is the button
Seat 1: ANIN1337 ($55.18 in chips)
Seat 2: Psynto ($118.77 in chips)
Psynto: posts small blind $1
ANIN1337: posts big blind $3
*** HOLE CARDS ***
Psynto: raises $3 to $6
ANIN1337: calls $3
*** FLOP *** [Ac 9s Jc]
ANIN1337: checks
Psynto: bets $3
ANIN1337: folds
Uncalled bet ($3) returned to Psynto
Psynto collected $11.76 from pot
Psynto: doesn't show hand
*** SUMMARY ***
Total pot $12 | Rake $0.24
Board [Ac 9s Jc]
Seat 1: ANIN1337 (big blind) folded on the Flop
Seat 2: Psynto (button) (small blind) collected ($11.76)


PokerStars Hand #175407464370:  Hold'em Limit ($3/$6 USD) - 2017/09/09 7:50:07 ET
Table 'Circinus II' 6-max Seat #1 is the button
Seat 1: ANIN1337 ($39.94 in chips)
Seat 2: Psynto ($133.03 in chips)
ANIN1337: posts small blind $1
Psynto: posts big blind $3
*** HOLE CARDS ***
ANIN1337: raises $3 to $6
Psynto: calls $3
*** FLOP *** [Jh 7c 3h]
Psynto: checks
ANIN1337: bets $3
Psynto: raises $3 to $6
ANIN1337: raises $3 to $9
Psynto: calls $3
*** TURN *** [Jh 7c 3h] [6s]
Psynto: checks
ANIN1337: checks
*** RIVER *** [Jh 7c 3h 6s] [3d]
Psynto: bets $6
ANIN1337: folds
Uncalled bet ($6) returned to Psynto
Psynto collected $29.50 from pot
Psynto: doesn't show hand
*** SUMMARY ***
Total pot $30 | Rake $0.50
Board [Jh 7c 3h 6s 3d]
Seat 1: ANIN1337 (button) (small blind) folded on the River
Seat 2: Psynto (big blind) collected ($29.50)


PokerStars Hand #175407453102:  Hold'em Limit ($3/$6 USD) - 2017/09/09 7:49:43 ET
Table 'Circinus II' 6-max Seat #2 is the button
Seat 1: ANIN1337 ($54.94 in chips)
Seat 2: Psynto ($118.53 in chips)
Psynto: posts small blind $1
ANIN1337: posts big blind $3
*** HOLE CARDS ***
Psynto: raises $3 to $6
ANIN1337: raises $3 to $9
Psynto: raises $3 to $12
Betting is capped
ANIN1337: calls $3
*** FLOP *** [6c Kd 8h]
ANIN1337: checks
Psynto: bets $3
ANIN1337: calls $3
*** TURN *** [6c Kd 8h] [Jd]
ANIN1337: checks
Psynto: bets $6
ANIN1337: folds
Uncalled bet ($6) returned to Psynto
Psynto collected $29.50 from pot
Psynto: doesn't show hand
*** SUMMARY ***
Total pot $30 | Rake $0.50
Board [6c Kd 8h Jd]
Seat 1: ANIN1337 (big blind) folded on the Turn
Seat 2: Psynto (button) (small blind) collected ($29.50)


PokerStars Hand #175407506082:  Hold'em Limit ($3/$6 USD) - 2017/09/09 7:51:35 ET
Table 'Circinus II' 6-max Seat #2 is the button
Seat 1: ANIN1337 ($21.58 in chips)
Seat 2: Psynto ($150.05 in chips)
Psynto: posts small blind $1
ANIN1337: posts big blind $3
*** HOLE CARDS ***
Psynto: raises $3 to $6
ANIN1337: calls $3
*** FLOP *** [3s Th Tc]
ANIN1337: checks
Psynto: bets $3
ANIN1337: calls $3
*** TURN *** [3s Th Tc] [3c]
ANIN1337: checks
Psynto: bets $6
ANIN1337: folds
Uncalled bet ($6) returned to Psynto
Psynto collected $17.64 from pot
Psynto: doesn't show hand
*** SUMMARY ***
Total pot $18 | Rake $0.36
Board [3s Th Tc 3c]
Seat 1: ANIN1337 (big blind) folded on the Turn
Seat 2: Psynto (button) (small blind) collected ($17.64)


PokerStars Hand #175407493051:  Hold'em Limit ($3/$6 USD) - 2017/09/09 7:51:08 ET
Table 'Circinus II' 6-max Seat #1 is the button
Seat 1: ANIN1337 ($33.58 in chips)
Seat 2: Psynto ($138.53 in chips)
ANIN1337: posts small blind $1
Psynto: posts big blind $3
*** HOLE CARDS ***
ANIN1337: raises $3 to $6
Psynto: raises $3 to $9
ANIN1337: calls $3
*** FLOP *** [Qd 5c Jd]
Psynto: bets $3
ANIN1337: calls $3
*** TURN *** [Qd 5c Jd] [6h]
Psynto: bets $6
ANIN1337: folds
Uncalled bet ($6) returned to Psynto
Psynto collected $23.52 from pot
Psynto: doesn't show hand
*** SUMMARY ***
Total pot $24 | Rake $0.48
Board [Qd 5c Jd 6h]
Seat 1: ANIN1337 (button) (small blind) folded on the Turn
Seat 2: Psynto (big blind) collected ($23.52)


PokerStars Hand #175407485923:  Hold'em Limit ($3/$6 USD) - 2017/09/09 7:50:53 ET
Table 'Circinus II' 6-max Seat #2 is the button
Seat 1: ANIN1337 ($24.94 in chips)
Seat 2: Psynto ($147.53 in chips)
Psynto: posts small blind $1
ANIN1337: posts big blind $3
*** HOLE CARDS ***
Psynto: raises $3 to $6
ANIN1337: calls $3
*** FLOP *** [Qd 8s 8h]
ANIN1337: checks
Psynto: bets $3
ANIN1337: calls $3
*** TURN *** [Qd 8s 8h] [Td]
ANIN1337: checks
Psynto: checks
*** RIVER *** [Qd 8s 8h Td] [6d]
ANIN1337: bets $6
Psynto: folds
Uncalled bet ($6) returned to ANIN1337
ANIN1337 collected $17.64 from pot
ANIN1337: doesn't show hand
*** SUMMARY ***
Total pot $18 | Rake $0.36
Board [Qd 8s 8h Td 6d]
Seat 1: ANIN1337 (big blind) collected ($17.64)
Seat 2: Psynto (button) (small blind) folded on the River


PokerStars Hand #175407520269:  Hold'em Limit ($3/$6 USD) - 2017/09/09 7:52:05 ET
Table 'Circinus II' 6-max Seat #2 is the button
Seat 1: ANIN1337 ($11.58 in chips)
Seat 2: Psynto ($159.69 in chips)
Psynto: posts small blind $1
ANIN1337: posts big blind $3
*** HOLE CARDS ***
Psynto: raises $3 to $6
ANIN1337: raises $3 to $9
Psynto: calls $3
*** FLOP *** [As 4s Ah]
ANIN1337: bets $2.58 and is all-in
Psynto: calls $2.58
*** TURN *** [As 4s Ah] [6s]
*** RIVER *** [As 4s Ah 6s] [6c]
*** SHOW DOWN ***
ANIN1337: shows [Ac Tc] (a full house, Aces full of Sixes)
Psynto: shows [8s 2s] (a flush, Ace high)
ANIN1337 collected $22.70 from pot
*** SUMMARY ***
Total pot $23.16 | Rake $0.46
Board [As 4s Ah 6s 6c]
Seat 1: ANIN1337 (big blind) showed [Ac Tc] and won ($22.70) with a full house, Aces full of Sixes
Seat 2: Psynto (button) (small blind) showed [8s 2s] and lost with a flush, Ace high


PokerStars Hand #175407513191:  Hold'em Limit ($3/$6 USD) - 2017/09/09 7:51:50 ET
Table 'Circinus II' 6-max Seat #1 is the button
Seat 1: ANIN1337 ($12.58 in chips)
Seat 2: Psynto ($158.69 in chips)
ANIN1337: posts small blind $1
Psynto: posts big blind $3
*** HOLE CARDS ***
ANIN1337: folds
Uncalled bet ($2) returned to Psynto
Psynto collected $2 from pot
Psynto: doesn't show hand
*** SUMMARY ***
Total pot $2 | Rake $0
Seat 1: ANIN1337 (button) (small blind) folded before Flop
Seat 2: Psynto (big blind) collected ($2)


PokerStars Hand #175407565781:  Hold'em Limit ($3/$6 USD) - 2017/09/09 7:53:41 ET
Table 'Circinus II' 6-max Seat #2 is the button
Seat 1: ANIN1337 ($19.46 in chips)
Seat 2: Psynto ($150.63 in chips)
Psynto: posts small blind $1
ANIN1337: posts big blind $3
*** HOLE CARDS ***
Psynto: folds
Uncalled bet ($2) returned to ANIN1337
ANIN1337 collected $2 from pot
ANIN1337: doesn't show hand
*** SUMMARY ***
Total pot $2 | Rake $0
Seat 1: ANIN1337 (big blind) collected ($2)
Seat 2: Psynto (button) (small blind) folded before Flop


PokerStars Hand #175407561728:  Hold'em Limit ($3/$6 USD) - 2017/09/09 7:53:33 ET
Table 'Circinus II' 6-max Seat #1 is the button
Seat 1: ANIN1337 ($16.46 in chips)
Seat 2: Psynto ($153.63 in chips)
ANIN1337: posts small blind $1
Psynto: posts big blind $3
*** HOLE CARDS ***
ANIN1337: raises $3 to $6
Psynto: folds
Uncalled bet ($3) returned to ANIN1337
ANIN1337 collected $6 from pot
ANIN1337: doesn't show hand
*** SUMMARY ***
Total pot $6 | Rake $0
Seat 1: ANIN1337 (button) (small blind) collected ($6)
Seat 2: Psynto (big blind) folded before Flop


PokerStars Hand #175407551717:  Hold'em Limit ($3/$6 USD) - 2017/09/09 7:53:12 ET
Table 'Circinus II' 6-max Seat #2 is the button
Seat 1: ANIN1337 ($10.70 in chips)
Seat 2: Psynto ($159.63 in chips)
Psynto: posts small blind $1
ANIN1337: posts big blind $3
*** HOLE CARDS ***
Psynto: raises $3 to $6
ANIN1337: calls $3
*** FLOP *** [Qs 3d Qc]
ANIN1337: bets $3
Psynto: folds
Uncalled bet ($3) returned to ANIN1337
ANIN1337 collected $11.76 from pot
ANIN1337: doesn't show hand
*** SUMMARY ***
Total pot $12 | Rake $0.24
Board [Qs 3d Qc]
Seat 1: ANIN1337 (big blind) collected ($11.76)
Seat 2: Psynto (button) (small blind) folded on the Flop


PokerStars Hand #175407533224:  Hold'em Limit ($3/$6 USD) - 2017/09/09 7:52:33 ET
Table 'Circinus II' 6-max Seat #1 is the button
Seat 1: ANIN1337 ($22.70 in chips)
Seat 2: Psynto ($148.11 in chips)
ANIN1337: posts small blind $1
Psynto: posts big blind $3
*** HOLE CARDS ***
ANIN1337: raises $3 to $6
Psynto: calls $3
*** FLOP *** [Td 2s Jc]
Psynto: checks
ANIN1337: checks
*** TURN *** [Td 2s Jc] [Ah]
Psynto: checks
ANIN1337: checks
*** RIVER *** [Td 2s Jc Ah] [6d]
Psynto: checks
ANIN1337: bets $6
Psynto: calls $6
*** SHOW DOWN ***
ANIN1337: shows [9c 7c] (high card Ace)
Psynto: shows [Kh 3s] (high card Ace - King kicker)
Psynto collected $23.52 from pot
*** SUMMARY ***
Total pot $24 | Rake $0.48
Board [Td 2s Jc Ah 6d]
Seat 1: ANIN1337 (button) (small blind) showed [9c 7c] and lost with high card Ace
Seat 2: Psynto (big blind) showed [Kh 3s] and won ($23.52) with high card Ace


PokerStars Hand #175407597548:  Hold'em Limit ($3/$6 USD) - 2017/09/09 7:54:49 ET
Table 'Circinus II' 6-max Seat #2 is the button
Seat 1: ANIN1337 ($7.46 in chips)
Seat 2: Psynto ($162.15 in chips)
Psynto: posts small blind $1
ANIN1337: posts big blind $3
*** HOLE CARDS ***
Psynto: folds
Uncalled bet ($2) returned to ANIN1337
ANIN1337 collected $2 from pot
ANIN1337: doesn't show hand
*** SUMMARY ***
Total pot $2 | Rake $0
Seat 1: ANIN1337 (big blind) collected ($2)
Seat 2: Psynto (button) (small blind) folded before Flop


PokerStars Hand #175407589939:  Hold'em Limit ($3/$6 USD) - 2017/09/09 7:54:32 ET
Table 'Circinus II' 6-max Seat #1 is the button
Seat 1: ANIN1337 ($13.46 in chips)
Seat 2: Psynto ($156.39 in chips)
ANIN1337: posts small blind $1
Psynto: posts big blind $3
*** HOLE CARDS ***
ANIN1337: calls $2
Psynto: raises $3 to $6
ANIN1337: calls $3
*** FLOP *** [4h Kh Qc]
Psynto: bets $3
ANIN1337: folds
Uncalled bet ($3) returned to Psynto
Psynto collected $11.76 from pot
Psynto: doesn't show hand
*** SUMMARY ***
Total pot $12 | Rake $0.24
Board [4h Kh Qc]
Seat 1: ANIN1337 (button) (small blind) folded on the Flop
Seat 2: Psynto (big blind) collected ($11.76)


PokerStars Hand #175407576937:  Hold'em Limit ($3/$6 USD) - 2017/09/09 7:54:05 ET
Table 'Circinus II' 6-max Seat #2 is the button
Seat 1: ANIN1337 ($19.46 in chips)
Seat 2: Psynto ($150.63 in chips)
Psynto: posts small blind $1
ANIN1337: posts big blind $3
*** HOLE CARDS ***
Psynto: raises $3 to $6
ANIN1337: calls $3
*** FLOP *** [7c Ts 6c]
ANIN1337: checks
Psynto: bets $3
ANIN1337: folds
Uncalled bet ($3) returned to Psynto
Psynto collected $11.76 from pot
Psynto: doesn't show hand
*** SUMMARY ***
Total pot $12 | Rake $0.24
Board [7c Ts 6c]
Seat 1: ANIN1337 (big blind) folded on the Flop
Seat 2: Psynto (button) (small blind) collected ($11.76)


PokerStars Hand #175407567816:  Hold'em Limit ($3/$6 USD) - 2017/09/09 7:53:45 ET
Table 'Circinus II' 6-max Seat #1 is the button
Seat 1: ANIN1337 ($20.46 in chips)
Seat 2: Psynto ($149.63 in chips)
ANIN1337: posts small blind $1
Psynto: posts big blind $3
*** HOLE CARDS ***
ANIN1337: folds
Uncalled bet ($2) returned to Psynto
Psynto collected $2 from pot
Psynto: doesn't show hand
*** SUMMARY ***
Total pot $2 | Rake $0
Seat 1: ANIN1337 (button) (small blind) folded before Flop
Seat 2: Psynto (big blind) collected ($2)


PokerStars Hand #175407600306:  Hold'em Limit ($3/$6 USD) - 2017/09/09 7:54:55 ET
Table 'Circinus II' 6-max Seat #1 is the button
Seat 1: ANIN1337 ($8.46 in chips)
Seat 2: Psynto ($161.15 in chips)
ANIN1337: posts small blind $1
Psynto: posts big blind $3
*** HOLE CARDS ***
ANIN1337: raises $3 to $6
Psynto: folds
Uncalled bet ($3) returned to ANIN1337
ANIN1337 collected $6 from pot
ANIN1337: doesn't show hand
*** SUMMARY ***
Total pot $6 | Rake $0
Seat 1: ANIN1337 (button) (small blind) collected ($6)
Seat 2: Psynto (big blind) folded before Flop


PokerStars Hand #175407605412:  Hold'em Limit ($3/$6 USD) - 2017/09/09 7:55:05 ET
Table 'Circinus II' 6-max Seat #2 is the button
Seat 1: ANIN1337 ($11.46 in chips)
Seat 2: Psynto ($158.15 in chips)
Psynto: posts small blind $1
ANIN1337: posts big blind $3
*** HOLE CARDS ***
Psynto: raises $3 to $6
ANIN1337: raises $3 to $9
Psynto: raises $3 to $12
Betting is capped
ANIN1337: calls $2.46 and is all-in
Uncalled bet ($0.54) returned to Psynto
*** FLOP *** [2c 8h 5s]
*** TURN *** [2c 8h 5s] [Qh]
*** RIVER *** [2c 8h 5s Qh] [Tc]
*** SHOW DOWN ***
ANIN1337: shows [7h Ac] (high card Ace)
Psynto: shows [Kh 4c] (high card King)
ANIN1337 collected $22.46 from pot
*** SUMMARY ***
Total pot $22.92 | Rake $0.46
Board [2c 8h 5s Qh Tc]
Seat 1: ANIN1337 (big blind) showed [7h Ac] and won ($22.46) with high card Ace
Seat 2: Psynto (button) (small blind) showed [Kh 4c] and lost with high card King


PokerStars Hand #175407620270:  Hold'em Limit ($3/$6 USD) - 2017/09/09 7:55:41 ET
Table 'Circinus II' 6-max Seat #1 is the button
Seat 1: ANIN1337 ($25.22 in chips)
Seat 2: Psynto ($143.69 in chips)
ANIN1337: posts small blind $1
Psynto: posts big blind $3
*** HOLE CARDS ***
ANIN1337: folds
Uncalled bet ($2) returned to Psynto
Psynto collected $2 from pot
Psynto: doesn't show hand
*** SUMMARY ***
Total pot $2 | Rake $0
Seat 1: ANIN1337 (button) (small blind) folded before Flop
Seat 2: Psynto (big blind) collected ($2)


PokerStars Hand #175407618172:  Hold'em Limit ($3/$6 USD) - 2017/09/09 7:55:36 ET
Table 'Circinus II' 6-max Seat #2 is the button
Seat 1: ANIN1337 ($28.22 in chips)
Seat 2: Psynto ($140.69 in chips)
Psynto: posts small blind $1
ANIN1337: posts big blind $3
*** HOLE CARDS ***
Psynto: raises $3 to $6
ANIN1337: folds
Uncalled bet ($3) returned to Psynto
Psynto collected $6 from pot
Psynto: doesn't show hand
*** SUMMARY ***
Total pot $6 | Rake $0
Seat 1: ANIN1337 (big blind) folded before Flop
Seat 2: Psynto (button) (small blind) collected ($6)


PokerStars Hand #175407611900:  Hold'em Limit ($3/$6 USD) - 2017/09/09 7:55:21 ET
Table 'Circinus II' 6-max Seat #1 is the button
Seat 1: ANIN1337 ($22.46 in chips)
Seat 2: Psynto ($146.69 in chips)
ANIN1337: posts small blind $1
Psynto: posts big blind $3
*** HOLE CARDS ***
ANIN1337: raises $3 to $6
Psynto: calls $3
*** FLOP *** [Ts 3s 7h]
Psynto: checks
ANIN1337: bets $3
Psynto: folds
Uncalled bet ($3) returned to ANIN1337
ANIN1337 collected $11.76 from pot
ANIN1337: doesn't show hand
*** SUMMARY ***
Total pot $12 | Rake $0.24
Board [Ts 3s 7h]
Seat 1: ANIN1337 (button) (small blind) collected ($11.76)
Seat 2: Psynto (big blind) folded on the Flop


PokerStars Hand #175407621972:  Hold'em Limit ($3/$6 USD) - 2017/09/09 7:55:45 ET
Table 'Circinus II' 6-max Seat #2 is the button
Seat 1: ANIN1337 ($24.22 in chips)
Seat 2: Psynto ($144.69 in chips)
Psynto: posts small blind $1
ANIN1337: posts big blind $3
*** HOLE CARDS ***
Psynto: raises $3 to $6
ANIN1337: calls $3
*** FLOP *** [9c 8d 4c]
ANIN1337: checks
Psynto: bets $3
ANIN1337: calls $3
*** TURN *** [9c 8d 4c] [7h]
ANIN1337: checks
Psynto: bets $6
ANIN1337: folds
Uncalled bet ($6) returned to Psynto
Psynto collected $17.64 from pot
Psynto: doesn't show hand
*** SUMMARY ***
Total pot $18 | Rake $0.36
Board [9c 8d 4c 7h]
Seat 1: ANIN1337 (big blind) folded on the Turn
Seat 2: Psynto (button) (small blind) collected ($17.64)


PokerStars Hand #175407630670:  Hold'em Limit ($3/$6 USD) - 2017/09/09 7:56:06 ET
Table 'Circinus II' 6-max Seat #1 is the button
Seat 1: ANIN1337 ($15.22 in chips)
Seat 2: Psynto ($153.33 in chips)
ANIN1337: posts small blind $1
Psynto: posts big blind $3
*** HOLE CARDS ***
ANIN1337: raises $3 to $6
Psynto: raises $3 to $9
ANIN1337: calls $3
*** FLOP *** [Jc 8d Jd]
Psynto: bets $3
ANIN1337: calls $3
*** TURN *** [Jc 8d Jd] [9s]
Psynto: bets $6
ANIN1337: calls $3.22 and is all-in
Uncalled bet ($2.78) returned to Psynto
*** RIVER *** [Jc 8d Jd 9s] [Kc]
*** SHOW DOWN ***
Psynto: shows [Ah Js] (three of a kind, Jacks)
ANIN1337: shows [3s 4c] (a pair of Jacks)
Psynto collected $29.94 from pot
*** SUMMARY ***
Total pot $30.44 | Rake $0.50
Board [Jc 8d Jd 9s Kc]
Seat 1: ANIN1337 (button) (small blind) showed [3s 4c] and lost with a pair of Jacks
Seat 2: Psynto (big blind) showed [Ah Js] and won ($29.94) with three of a kind, Jacks


