PokerStars Hand #146133749000:  Hold'em Limit ($3/$6 USD) - 2015/12/29 16:18:29 ET
Table 'Circe II' 6-max Seat #2 is the button
Seat 1: MobyDickDK ($40 in chips)
Seat 2: AzureCaper ($73 in chips)
AzureCaper: posts small blind $1
MobyDickDK: posts big blind $3
*** HOLE CARDS ***
AzureCaper: folds
Uncalled bet ($2) returned to MobyDickDK
MobyDickDK collected $2 from pot
MobyDickDK: doesn't show hand
*** SUMMARY ***
Total pot $2 | Rake $0
Seat 1: MobyDickDK (big blind) collected ($2)
Seat 2: AzureCaper (button) (small blind) folded before Flop


PokerStars Hand #146133744481:  Hold'em Limit ($3/$6 USD) - 2015/12/29 16:18:24 ET
Table 'Circe II' 6-max Seat #1 is the button
Seat 1: MobyDickDK ($41 in chips)
Seat 2: AzureCaper ($72 in chips)
MobyDickDK: posts small blind $1
AzureCaper: posts big blind $3
*** HOLE CARDS ***
MobyDickDK: folds
Uncalled bet ($2) returned to AzureCaper
AzureCaper collected $2 from pot
AzureCaper: doesn't show hand
*** SUMMARY ***
Total pot $2 | Rake $0
Seat 1: MobyDickDK (button) (small blind) folded before Flop
Seat 2: AzureCaper (big blind) collected ($2)


PokerStars Hand #146133739646:  Hold'em Limit ($3/$6 USD) - 2015/12/29 16:18:20 ET
Table 'Circe II' 6-max Seat #2 is the button
Seat 1: MobyDickDK ($40 in chips)
Seat 2: AzureCaper ($73 in chips)
AzureCaper: posts small blind $1
MobyDickDK: posts big blind $3
*** HOLE CARDS ***
AzureCaper: folds
Uncalled bet ($2) returned to MobyDickDK
MobyDickDK collected $2 from pot
MobyDickDK: doesn't show hand
*** SUMMARY ***
Total pot $2 | Rake $0
Seat 1: MobyDickDK (big blind) collected ($2)
Seat 2: AzureCaper (button) (small blind) folded before Flop


PokerStars Hand #146133734661:  Hold'em Limit ($3/$6 USD) - 2015/12/29 16:18:15 ET
Table 'Circe II' 6-max Seat #1 is the button
Seat 1: MobyDickDK ($41 in chips)
Seat 2: AzureCaper ($72 in chips)
MobyDickDK: posts small blind $1
AzureCaper: posts big blind $3
*** HOLE CARDS ***
MobyDickDK: folds
Uncalled bet ($2) returned to AzureCaper
AzureCaper collected $2 from pot
AzureCaper: doesn't show hand
*** SUMMARY ***
Total pot $2 | Rake $0
Seat 1: MobyDickDK (button) (small blind) folded before Flop
Seat 2: AzureCaper (big blind) collected ($2)


PokerStars Hand #146133773433:  Hold'em Limit ($3/$6 USD) - 2015/12/29 16:18:52 ET
Table 'Circe II' 6-max Seat #2 is the button
Seat 1: MobyDickDK ($40 in chips)
Seat 2: AzureCaper ($73 in chips)
AzureCaper: posts small blind $1
MobyDickDK: posts big blind $3
*** HOLE CARDS ***
AzureCaper: raises $3 to $6
MobyDickDK: calls $3
*** FLOP *** [7c 3s 7h]
MobyDickDK: checks
AzureCaper: bets $3
MobyDickDK: calls $3
*** TURN *** [7c 3s 7h] [8s]
MobyDickDK: checks
AzureCaper: bets $6
MobyDickDK: raises $6 to $12
ChrisTuff joins the table at seat #3
AzureCaper: raises $6 to $18
MobyDickDK: raises $6 to $24
Betting is capped
AzureCaper: calls $6
*** RIVER *** [7c 3s 7h 8s] [2h]
MobyDickDK: bets $6
AzureCaper: calls $6
*** SHOW DOWN ***
MobyDickDK: shows [7d Ks] (three of a kind, Sevens)
AzureCaper: mucks hand
MobyDickDK collected $77.50 from pot
*** SUMMARY ***
Total pot $78 | Rake $0.50
Board [7c 3s 7h 8s 2h]
Seat 1: MobyDickDK (big blind) showed [7d Ks] and won ($77.50) with three of a kind, Sevens
Seat 2: AzureCaper (button) (small blind) mucked


PokerStars Hand #146133763395:  Hold'em Limit ($3/$6 USD) - 2015/12/29 16:18:42 ET
Table 'Circe II' 6-max Seat #2 is the button
Seat 1: MobyDickDK ($40 in chips)
Seat 2: AzureCaper ($73 in chips)
AzureCaper: posts small blind $1
MobyDickDK: posts big blind $3
*** HOLE CARDS ***
AzureCaper: folds
Uncalled bet ($2) returned to MobyDickDK
MobyDickDK collected $2 from pot
*** SUMMARY ***
Total pot $2 | Rake $0
Seat 1: MobyDickDK (big blind) collected ($2)
Seat 2: AzureCaper (button) (small blind) folded before Flop


PokerStars Hand #146133758614:  Hold'em Limit ($3/$6 USD) - 2015/12/29 16:18:38 ET
Table 'Circe II' 6-max Seat #1 is the button
Seat 1: MobyDickDK ($41 in chips)
Seat 2: AzureCaper ($72 in chips)
MobyDickDK: posts small blind $1
AzureCaper: posts big blind $3
*** HOLE CARDS ***
MobyDickDK: folds
Uncalled bet ($2) returned to AzureCaper
AzureCaper collected $2 from pot
AzureCaper: doesn't show hand
*** SUMMARY ***
Total pot $2 | Rake $0
Seat 1: MobyDickDK (button) (small blind) folded before Flop
Seat 2: AzureCaper (big blind) collected ($2)


PokerStars Hand #146133768404:  Hold'em Limit ($3/$6 USD) - 2015/12/29 16:18:47 ET
Table 'Circe II' 6-max Seat #1 is the button
Seat 1: MobyDickDK ($41 in chips)
Seat 2: AzureCaper ($72 in chips)
MobyDickDK: posts small blind $1
AzureCaper: posts big blind $3
*** HOLE CARDS ***
MobyDickDK: folds
Uncalled bet ($2) returned to AzureCaper
AzureCaper collected $2 from pot
AzureCaper: doesn't show hand
*** SUMMARY ***
Total pot $2 | Rake $0
Seat 1: MobyDickDK (button) (small blind) folded before Flop
Seat 2: AzureCaper (big blind) collected ($2)


PokerStars Hand #146133807691:  Hold'em Limit ($3/$6 USD) - 2015/12/29 16:19:24 ET
Table 'Circe II' 6-max Seat #1 is the button
Seat 1: MobyDickDK ($78.50 in chips)
Seat 2: AzureCaper ($72 in chips)
MobyDickDK: posts small blind $1
AzureCaper: posts big blind $3
*** HOLE CARDS ***
MobyDickDK: folds
Uncalled bet ($2) returned to AzureCaper
AzureCaper collected $2 from pot
AzureCaper: doesn't show hand
*** SUMMARY ***
Total pot $2 | Rake $0
Seat 1: MobyDickDK (button) (small blind) folded before Flop
Seat 2: AzureCaper (big blind) collected ($2)


PokerStars Hand #146133834539:  Hold'em Limit ($3/$6 USD) - 2015/12/29 16:19:49 ET
Table 'Circe II' 6-max Seat #3 is the button
Seat 2: AzureCaper ($72 in chips)
Seat 3: ChrisTuff ($129.43 in chips)
ChrisTuff: posts small blind $1
AzureCaper: posts big blind $3
*** HOLE CARDS ***
ChrisTuff: raises $3 to $6
AzureCaper: folds
Uncalled bet ($3) returned to ChrisTuff
ChrisTuff collected $6 from pot
*** SUMMARY ***
Total pot $6 | Rake $0
Seat 2: AzureCaper (big blind) folded before Flop
Seat 3: ChrisTuff (button) (small blind) collected ($6)


