PokerStars Hand #150485541541:  Hold'em Limit ($3/$6 USD) - 2016/03/17 8:31:50 ET
Table 'Circe II' 10-max Seat #6 is the button
Seat 2: nashmed99 ($345.21 in chips)
Seat 6: Agrotait ($83.52 in chips)
Agrotait: posts small blind $1
nashmed99: posts big blind $3
*** HOLE CARDS ***
Agrotait: raises $3 to $6
nashmed99: raises $3 to $9
Agrotait: calls $3
*** FLOP *** [4h 9c Kd]
nashmed99: bets $3
Agrotait: calls $3
*** TURN *** [4h 9c Kd] [Tc]
nashmed99: bets $6
Agrotait: calls $6
*** RIVER *** [4h 9c Kd Tc] [5c]
nashmed99: bets $6
Agrotait: calls $6
*** SHOW DOWN ***
nashmed99: shows [6c 9h] (a pair of Nines)
Agrotait: shows [Kc 3d] (a pair of Kings)
Agrotait collected $47.50 from pot
*** SUMMARY ***
Total pot $48 | Rake $0.50
Board [4h 9c Kd Tc 5c]
Seat 2: nashmed99 (big blind) showed [6c 9h] and lost with a pair of Nines
Seat 6: Agrotait (button) (small blind) showed [Kc 3d] and won ($47.50) with a pair of Kings


PokerStars Hand #150485528755:  Hold'em Limit ($3/$6 USD) - 2016/03/17 8:31:26 ET
Table 'Circe II' 10-max Seat #2 is the button
Seat 2: nashmed99 ($357.21 in chips)
Seat 6: Agrotait ($72 in chips)
nashmed99: posts small blind $1
belik555 joins the table at seat #3
Agrotait: posts big blind $3
*** HOLE CARDS ***
nashmed99: raises $3 to $6
Agrotait: calls $3
*** FLOP *** [4d 8h Th]
Agrotait: checks
nashmed99: checks
*** TURN *** [4d 8h Th] [7c]
Agrotait: bets $6
nashmed99: calls $6
*** RIVER *** [4d 8h Th 7c] [2d]
Agrotait: bets $6
nashmed99: folds
Uncalled bet ($6) returned to Agrotait
Agrotait collected $23.52 from pot
Agrotait: doesn't show hand
*** SUMMARY ***
Total pot $24 | Rake $0.48
Board [4d 8h Th 7c 2d]
Seat 2: nashmed99 (button) (small blind) folded on the River
Seat 6: Agrotait (big blind) collected ($23.52)


PokerStars Hand #150485741605:  Hold'em Limit ($3/$6 USD) - 2016/03/17 8:38:11 ET
Table 'Circe II' 10-max Seat #6 is the button
Seat 6: Agrotait ($95.14 in chips)
Seat 8: nashmed99 ($234.17 in chips)
Agrotait: posts small blind $1
nashmed99: posts big blind $3
*** HOLE CARDS ***
Agrotait: raises $3 to $6
nashmed99: raises $3 to $9
Agrotait: calls $3
*** FLOP *** [Ad 4d 8h]
nashmed99: bets $3
Agrotait: calls $3
*** TURN *** [Ad 4d 8h] [Ts]
nashmed99: bets $6
Agrotait: folds
Uncalled bet ($6) returned to nashmed99
nashmed99 collected $23.52 from pot
nashmed99: doesn't show hand
*** SUMMARY ***
Total pot $24 | Rake $0.48
Board [Ad 4d 8h Ts]
Seat 6: Agrotait (button) (small blind) folded on the Turn
Seat 8: nashmed99 (big blind) collected ($23.52)


PokerStars Hand #150485731451:  Hold'em Limit ($3/$6 USD) - 2016/03/17 8:37:51 ET
Table 'Circe II' 10-max Seat #8 is the button
Seat 6: Agrotait ($80.64 in chips)
Seat 8: nashmed99 ($249.17 in chips)
nashmed99: posts small blind $1
Agrotait: posts big blind $3
*** HOLE CARDS ***
nashmed99: raises $3 to $6
Agrotait: calls $3
*** FLOP *** [6h 7s Th]
Agrotait: checks
nashmed99: bets $3
Agrotait: calls $3
*** TURN *** [6h 7s Th] [5s]
Agrotait: checks
nashmed99: bets $6
Agrotait: calls $6
*** RIVER *** [6h 7s Th 5s] [Ts]
Agrotait: checks
nashmed99: checks
*** SHOW DOWN ***
Agrotait: shows [8h 6c] (two pair, Tens and Sixes)
nashmed99: mucks hand
Agrotait collected $29.50 from pot
*** SUMMARY ***
Total pot $30 | Rake $0.50
Board [6h 7s Th 5s Ts]
Seat 6: Agrotait (big blind) showed [8h 6c] and won ($29.50) with two pair, Tens and Sixes
Seat 8: nashmed99 (button) (small blind) mucked


PokerStars Hand #150485722337:  Hold'em Limit ($3/$6 USD) - 2016/03/17 8:37:34 ET
Table 'Circe II' 10-max Seat #6 is the button
Seat 6: Agrotait ($72 in chips)
Seat 8: nashmed99 ($258.17 in chips)
Agrotait: posts small blind $1
nashmed99: posts big blind $3
*** HOLE CARDS ***
Agrotait: raises $3 to $6
nashmed99: calls $3
*** FLOP *** [Ac 3d Qd]
nashmed99: checks
Agrotait: bets $3
nashmed99: calls $3
*** TURN *** [Ac 3d Qd] [5h]
nashmed99: checks
Agrotait: bets $6
nashmed99: folds
Uncalled bet ($6) returned to Agrotait
Agrotait collected $17.64 from pot
Agrotait: doesn't show hand
*** SUMMARY ***
Total pot $18 | Rake $0.36
Board [Ac 3d Qd 5h]
Seat 6: Agrotait (button) (small blind) collected ($17.64)
Seat 8: nashmed99 (big blind) folded on the Turn


PokerStars Hand #150485768583:  Hold'em Limit ($3/$6 USD) - 2016/03/17 8:39:02 ET
Table 'Circe II' 10-max Seat #6 is the button
Seat 6: Agrotait ($100.64 in chips)
Seat 8: nashmed99 ($227.69 in chips)
Agrotait: posts small blind $1
nashmed99: posts big blind $3
*** HOLE CARDS ***
Agrotait: raises $3 to $6
nashmed99: raises $3 to $9
Agrotait: calls $3
*** FLOP *** [5h 7d 7s]
nashmed99: bets $3
Agrotait: calls $3
*** TURN *** [5h 7d 7s] [5c]
nashmed99: bets $6
Agrotait: folds
Uncalled bet ($6) returned to nashmed99
nashmed99 collected $23.52 from pot
nashmed99: doesn't show hand
*** SUMMARY ***
Total pot $24 | Rake $0.48
Board [5h 7d 7s 5c]
Seat 6: Agrotait (button) (small blind) folded on the Turn
Seat 8: nashmed99 (big blind) collected ($23.52)


PokerStars Hand #150485751222:  Hold'em Limit ($3/$6 USD) - 2016/03/17 8:38:29 ET
Table 'Circe II' 10-max Seat #8 is the button
Seat 6: Agrotait ($83.14 in chips)
Seat 8: nashmed99 ($245.69 in chips)
nashmed99: posts small blind $1
Agrotait: posts big blind $3
*** HOLE CARDS ***
nashmed99: raises $3 to $6
Agrotait: calls $3
*** FLOP *** [Tc 4s Kh]
Agrotait: checks
nashmed99: checks
*** TURN *** [Tc 4s Kh] [7s]
Agrotait: checks
nashmed99: bets $6
Agrotait: calls $6
*** RIVER *** [Tc 4s Kh 7s] [3h]
Agrotait: checks
nashmed99: bets $6
SmellyToes4u joins the table at seat #9
Agrotait: calls $6
*** SHOW DOWN ***
nashmed99: shows [2d 8c] (high card King)
Agrotait: shows [6d 4c] (a pair of Fours)
Agrotait collected $35.50 from pot
*** SUMMARY ***
Total pot $36 | Rake $0.50
Board [Tc 4s Kh 7s 3h]
Seat 6: Agrotait (big blind) showed [6d 4c] and won ($35.50) with a pair of Fours
Seat 8: nashmed99 (button) (small blind) showed [2d 8c] and lost with high card King


