PokerStars Hand #167253134705:  Hold'em Limit ($3/$6 USD) - 2017/03/07 13:02:09 ET
Table 'Circe II' 6-max Seat #1 is the button
Seat 1: kscfans ($41.41 in chips)
Seat 4: MTails ($120 in chips)
kscfans: posts small blind $1
MTails: posts big blind $3
*** HOLE CARDS ***
kscfans: calls $2
MTails: raises $3 to $6
kscfans: calls $3
*** FLOP *** [2h Ts 7d]
MTails: bets $3
kscfans: raises $3 to $6
MTails: calls $3
*** TURN *** [2h Ts 7d] [6h]
MTails: checks
kscfans: checks
*** RIVER *** [2h Ts 7d 6h] [4s]
MTails: checks
kscfans: checks
*** SHOW DOWN ***
MTails: shows [9c Kd] (high card King)
kscfans: mucks hand
MTails collected $23.52 from pot
*** SUMMARY ***
Total pot $24 | Rake $0.48
Board [2h Ts 7d 6h 4s]
Seat 1: kscfans (button) (small blind) mucked
Seat 4: MTails (big blind) showed [9c Kd] and won ($23.52) with high card King


PokerStars Hand #167253152901:  Hold'em Limit ($3/$6 USD) - 2017/03/07 13:02:33 ET
Table 'Circe II' 6-max Seat #4 is the button
Seat 1: kscfans ($29.41 in chips)
Seat 4: MTails ($131.52 in chips)
MTails: posts small blind $1
kscfans: posts big blind $3
*** HOLE CARDS ***
MTails: raises $3 to $6
Scheubi88 joins the table at seat #2
kscfans: calls $3
*** FLOP *** [7s 9s Qs]
kscfans: bets $3
MTails: calls $3
*** TURN *** [7s 9s Qs] [Qh]
kscfans: bets $6
MTails: calls $6
*** RIVER *** [7s 9s Qs Qh] [2h]
kscfans: bets $6
tttzzz joins the table at seat #3
MTails: calls $6
*** SHOW DOWN ***
kscfans: shows [Qd 9c] (a full house, Queens full of Nines)
MTails: mucks hand
kscfans collected $41.50 from pot
*** SUMMARY ***
Total pot $42 | Rake $0.50
Board [7s 9s Qs Qh 2h]
Seat 1: kscfans (big blind) showed [Qd 9c] and won ($41.50) with a full house, Queens full of Nines
Seat 4: MTails (button) (small blind) mucked


PokerStars Hand #167253768959:  Hold'em Limit ($3/$6 USD) - 2017/03/07 13:14:47 ET
Table 'Circe II' 6-max Seat #2 is the button
Seat 2: Scheubi88 ($144.53 in chips)
Seat 6: LouisB ($131 in chips)
Scheubi88: posts small blind $1
tttzzz: is sitting out
LouisB: posts big blind $3
*** HOLE CARDS ***
tttzzz leaves the table
Scheubi88: folds
Uncalled bet ($2) returned to LouisB
LouisB collected $2 from pot
LouisB: doesn't show hand
*** SUMMARY ***
Total pot $2 | Rake $0
Seat 2: Scheubi88 (button) (small blind) folded before Flop
Seat 6: LouisB (big blind) collected ($2)


PokerStars Hand #167253776032:  Hold'em Limit ($3/$6 USD) - 2017/03/07 13:14:55 ET
Table 'Circe II' 6-max Seat #6 is the button
Seat 2: Scheubi88 ($143.53 in chips)
Seat 6: LouisB ($132 in chips)
LouisB: posts small blind $1
Scheubi88: posts big blind $3
*** HOLE CARDS ***
LouisB: raises $3 to $6
Scheubi88: calls $3
*** FLOP *** [9h 5s Ts]
Scheubi88: checks
LouisB: bets $3
Scheubi88: raises $3 to $6
Pete81 joins the table at seat #3
italianhero4 joins the table at seat #5
LouisB: calls $3
*** TURN *** [9h 5s Ts] [9c]
Scheubi88: bets $6
LouisB: calls $6
*** RIVER *** [9h 5s Ts 9c] [3h]
Scheubi88: bets $6
LouisB: calls $6
*** SHOW DOWN ***
Scheubi88: shows [Td 7h] (two pair, Tens and Nines)
LouisB: mucks hand
Scheubi88 collected $47.50 from pot
*** SUMMARY ***
Total pot $48 | Rake $0.50
Board [9h 5s Ts 9c 3h]
Seat 2: Scheubi88 (big blind) showed [Td 7h] and won ($47.50) with two pair, Tens and Nines
Seat 6: LouisB (button) (small blind) mucked


PokerStars Hand #167254162745:  Hold'em Limit ($3/$6 USD) - 2017/03/07 13:22:30 ET
Table 'Circe II' 6-max Seat #5 is the button
Seat 2: Scheubi88 ($192.68 in chips)
Seat 5: italianhero4 ($37.53 in chips)
italianhero4: posts small blind $1
LouisB: is sitting out
Scheubi88: posts big blind $3
*** HOLE CARDS ***
italianhero4: raises $3 to $6
Scheubi88: folds
Uncalled bet ($3) returned to italianhero4
italianhero4 collected $6 from pot
*** SUMMARY ***
Total pot $6 | Rake $0
Seat 2: Scheubi88 (big blind) folded before Flop
Seat 5: italianhero4 (button) (small blind) collected ($6)


PokerStars Hand #167254257482:  Hold'em Limit ($3/$6 USD) - 2017/03/07 13:24:17 ET
Table 'Circe II' 6-max Seat #2 is the button
Seat 2: Scheubi88 ($232.19 in chips)
Seat 3: Pete81 ($53.35 in chips)
Scheubi88: posts small blind $1
Pete81: posts big blind $3
*** HOLE CARDS ***
Scheubi88: raises $3 to $6
Pete81: raises $3 to $9
Scheubi88: calls $3
*** FLOP *** [Js 5c 7c]
Pete81: bets $3
Scheubi88: calls $3
*** TURN *** [Js 5c 7c] [6d]
Pete81: checks
Scheubi88: bets $6
Pete81: calls $6
*** RIVER *** [Js 5c 7c 6d] [9s]
Pete81: checks
Scheubi88: bets $6
Pete81: folds
Uncalled bet ($6) returned to Scheubi88
Scheubi88 collected $35.50 from pot
Scheubi88: doesn't show hand
*** SUMMARY ***
Total pot $36 | Rake $0.50
Board [Js 5c 7c 6d 9s]
Seat 2: Scheubi88 (button) (small blind) collected ($35.50)
Seat 3: Pete81 (big blind) folded on the River


PokerStars Hand #167254241633:  Hold'em Limit ($3/$6 USD) - 2017/03/07 13:23:59 ET
Table 'Circe II' 6-max Seat #3 is the button
Seat 2: Scheubi88 ($241.19 in chips)
Seat 3: Pete81 ($44.71 in chips)
Pete81: posts small blind $1
Scheubi88: posts big blind $3
*** HOLE CARDS ***
Pete81: raises $3 to $6
Scheubi88: calls $3
*** FLOP *** [2s 4h Ks]
italianhero4 leaves the table
Scheubi88: checks
Pete81: bets $3
Scheubi88: calls $3
*** TURN *** [2s 4h Ks] [Kc]
Scheubi88: checks
Pete81: bets $6
Scheubi88: folds
Uncalled bet ($6) returned to Pete81
Pete81 collected $17.64 from pot
Pete81: doesn't show hand
*** SUMMARY ***
Total pot $18 | Rake $0.36
Board [2s 4h Ks Kc]
Seat 2: Scheubi88 (big blind) folded on the Turn
Seat 3: Pete81 (button) (small blind) collected ($17.64)


PokerStars Hand #167254321802:  Hold'em Limit ($3/$6 USD) - 2017/03/07 13:25:33 ET
Table 'Circe II' 6-max Seat #3 is the button
Seat 2: Scheubi88 ($222.45 in chips)
Seat 3: Pete81 ($61.25 in chips)
Pete81: posts small blind $1
Scheubi88: posts big blind $3
*** HOLE CARDS ***
Pete81: raises $3 to $6
Scheubi88: calls $3
*** FLOP *** [5s 5c As]
Scheubi88: checks
Pete81: bets $3
Scheubi88: calls $3
*** TURN *** [5s 5c As] [Ah]
Scheubi88: checks
Pete81: checks
*** RIVER *** [5s 5c As Ah] [8s]
Scheubi88: bets $6
Pete81: calls $6
*** SHOW DOWN ***
Scheubi88: shows [6s Ad] (a full house, Aces full of Fives)
Pete81: mucks hand
Scheubi88 collected $29.50 from pot
*** SUMMARY ***
Total pot $30 | Rake $0.50
Board [5s 5c As Ah 8s]
Seat 2: Scheubi88 (big blind) showed [6s Ad] and won ($29.50) with a full house, Aces full of Fives
Seat 3: Pete81 (button) (small blind) mucked


PokerStars Hand #167254305426:  Hold'em Limit ($3/$6 USD) - 2017/03/07 13:25:14 ET
Table 'Circe II' 6-max Seat #2 is the button
Seat 2: Scheubi88 ($222.69 in chips)
Seat 3: Pete81 ($61.49 in chips)
Scheubi88: posts small blind $1
Pete81: posts big blind $3
*** HOLE CARDS ***
Scheubi88: raises $3 to $6
Pete81: calls $3
*** FLOP *** [4c 3d 5c]
Pete81: checks
Scheubi88: checks
*** TURN *** [4c 3d 5c] [As]
Pete81: bets $6
Scheubi88: calls $6
*** RIVER *** [4c 3d 5c As] [2s]
Pete81: checks
Scheubi88: checks
*** SHOW DOWN ***
Pete81: shows [Ts 7s] (a straight, Ace to Five)
Scheubi88: shows [3s Qc] (a straight, Ace to Five)
Pete81 collected $11.76 from pot
Scheubi88 collected $11.76 from pot
*** SUMMARY ***
Total pot $24 | Rake $0.48
Board [4c 3d 5c As 2s]
Seat 2: Scheubi88 (button) (small blind) showed [3s Qc] and won ($11.76) with a straight, Ace to Five
Seat 3: Pete81 (big blind) showed [Ts 7s] and won ($11.76) with a straight, Ace to Five


PokerStars Hand #167254296489:  Hold'em Limit ($3/$6 USD) - 2017/03/07 13:25:03 ET
Table 'Circe II' 6-max Seat #3 is the button
Seat 2: Scheubi88 ($231.69 in chips)
Seat 3: Pete81 ($52.85 in chips)
Pete81: posts small blind $1
Scheubi88: posts big blind $3
*** HOLE CARDS ***
Pete81: raises $3 to $6
Scheubi88: calls $3
*** FLOP *** [Jh Js 3c]
Scheubi88: checks
Pete81: bets $3
Scheubi88: calls $3
*** TURN *** [Jh Js 3c] [2c]
Scheubi88: checks
Pete81: bets $6
Scheubi88: folds
Uncalled bet ($6) returned to Pete81
Pete81 collected $17.64 from pot
Pete81: doesn't show hand
*** SUMMARY ***
Total pot $18 | Rake $0.36
Board [Jh Js 3c 2c]
Seat 2: Scheubi88 (big blind) folded on the Turn
Seat 3: Pete81 (button) (small blind) collected ($17.64)


PokerStars Hand #167254291932:  Hold'em Limit ($3/$6 USD) - 2017/03/07 13:24:58 ET
Table 'Circe II' 6-max Seat #2 is the button
Seat 2: Scheubi88 ($228.69 in chips)
Seat 3: Pete81 ($55.85 in chips)
Scheubi88: posts small blind $1
Pete81: posts big blind $3
*** HOLE CARDS ***
Scheubi88: raises $3 to $6
Pete81: folds
Uncalled bet ($3) returned to Scheubi88
Scheubi88 collected $6 from pot
Scheubi88: doesn't show hand
*** SUMMARY ***
Total pot $6 | Rake $0
Seat 2: Scheubi88 (button) (small blind) collected ($6)
Seat 3: Pete81 (big blind) folded before Flop


PokerStars Hand #167254275901:  Hold'em Limit ($3/$6 USD) - 2017/03/07 13:24:39 ET
Table 'Circe II' 6-max Seat #3 is the button
Seat 2: Scheubi88 ($249.69 in chips)
Seat 3: Pete81 ($35.35 in chips)
Pete81: posts small blind $1
Scheubi88: posts big blind $3
*** HOLE CARDS ***
Pete81: raises $3 to $6
Scheubi88: calls $3
*** FLOP *** [3c 9h 4h]
Scheubi88: checks
Pete81: bets $3
Scheubi88: raises $3 to $6
Pete81: raises $3 to $9
Scheubi88: calls $3
*** TURN *** [3c 9h 4h] [6h]
Scheubi88: checks
Pete81: bets $6
Scheubi88: calls $6
*** RIVER *** [3c 9h 4h 6h] [5h]
Scheubi88: checks
Pete81: checks
*** SHOW DOWN ***
Scheubi88: shows [4s 8c] (a pair of Fours)
Pete81: shows [9s 3s] (two pair, Nines and Threes)
Pete81 collected $41.50 from pot
*** SUMMARY ***
Total pot $42 | Rake $0.50
Board [3c 9h 4h 6h 5h]
Seat 2: Scheubi88 (big blind) showed [4s 8c] and lost with a pair of Fours
Seat 3: Pete81 (button) (small blind) showed [9s 3s] and won ($41.50) with two pair, Nines and Threes


PokerStars Hand #167254332757:  Hold'em Limit ($3/$6 USD) - 2017/03/07 13:25:46 ET
Table 'Circe II' 6-max Seat #2 is the button
Seat 2: Scheubi88 ($236.95 in chips)
Seat 3: Pete81 ($46.25 in chips)
Scheubi88: posts small blind $1
Pete81: posts big blind $3
*** HOLE CARDS ***
Scheubi88: raises $3 to $6
Pete81: raises $3 to $9
Scheubi88: calls $3
*** FLOP *** [3s Qc Jc]
Pete81: bets $3
Scheubi88: calls $3
*** TURN *** [3s Qc Jc] [9h]
Pete81: bets $6
Scheubi88: raises $6 to $12
Pete81: raises $6 to $18
Scheubi88: calls $6
*** RIVER *** [3s Qc Jc 9h] [7s]
Pete81: bets $6
Scheubi88: folds
Uncalled bet ($6) returned to Pete81
Pete81 collected $59.50 from pot
Pete81: doesn't show hand
*** SUMMARY ***
Total pot $60 | Rake $0.50
Board [3s Qc Jc 9h 7s]
Seat 2: Scheubi88 (button) (small blind) folded on the River
Seat 3: Pete81 (big blind) collected ($59.50)


PokerStars Hand #167255517777:  Hold'em Limit ($3/$6 USD) - 2017/03/07 13:48:37 ET
Table 'Circe II' 6-max Seat #3 is the button
Seat 1: Menotti ($93.92 in chips)
Seat 3: pompier40 ($122 in chips)
pompier40: posts small blind $1
TAROT333: is sitting out
Menotti: posts big blind $3
*** HOLE CARDS ***
pompier40: raises $3 to $6
Menotti: calls $3
*** FLOP *** [As 4h Jh]
Menotti: checks
pompier40: bets $3
Menotti: folds
Uncalled bet ($3) returned to pompier40
pompier40 collected $11.76 from pot
*** SUMMARY ***
Total pot $12 | Rake $0.24
Board [As 4h Jh]
Seat 1: Menotti (big blind) folded on the Flop
Seat 3: pompier40 (button) (small blind) collected ($11.76)


PokerStars Hand #167255578971:  Hold'em Limit ($3/$6 USD) - 2017/03/07 13:49:48 ET
Table 'Circe II' 6-max Seat #1 is the button
Seat 1: Menotti ($138.68 in chips)
Seat 3: pompier40 ($75.76 in chips)
Menotti: posts small blind $1
pompier40: posts big blind $3
*** HOLE CARDS ***
Menotti: folds
Uncalled bet ($2) returned to pompier40
pompier40 collected $2 from pot
*** SUMMARY ***
Total pot $2 | Rake $0
Seat 1: Menotti (button) (small blind) folded before Flop
Seat 3: pompier40 (big blind) collected ($2)


PokerStars Hand #167255574836:  Hold'em Limit ($3/$6 USD) - 2017/03/07 13:49:43 ET
Table 'Circe II' 6-max Seat #3 is the button
Seat 1: Menotti ($137.68 in chips)
Seat 3: pompier40 ($76.76 in chips)
pompier40: posts small blind $1
Menotti: posts big blind $3
*** HOLE CARDS ***
pompier40: folds
Uncalled bet ($2) returned to Menotti
Menotti collected $2 from pot
*** SUMMARY ***
Total pot $2 | Rake $0
Seat 1: Menotti (big blind) collected ($2)
Seat 3: pompier40 (button) (small blind) folded before Flop


PokerStars Hand #167255565844:  Hold'em Limit ($3/$6 USD) - 2017/03/07 13:49:33 ET
Table 'Circe II' 6-max Seat #1 is the button
Seat 1: Menotti ($131.92 in chips)
Seat 3: pompier40 ($82.76 in chips)
Menotti: posts small blind $1
pompier40: posts big blind $3
*** HOLE CARDS ***
Menotti: raises $3 to $6
pompier40: calls $3
*** FLOP *** [8d 6c Kc]
pompier40: checks
Menotti: bets $3
pompier40: folds
Uncalled bet ($3) returned to Menotti
Menotti collected $11.76 from pot
*** SUMMARY ***
Total pot $12 | Rake $0.24
Board [8d 6c Kc]
Seat 1: Menotti (button) (small blind) collected ($11.76)
Seat 3: pompier40 (big blind) folded on the Flop


PokerStars Hand #167255548667:  Hold'em Limit ($3/$6 USD) - 2017/03/07 13:49:13 ET
Table 'Circe II' 6-max Seat #3 is the button
Seat 1: Menotti ($108.42 in chips)
Seat 3: pompier40 ($106.76 in chips)
pompier40: posts small blind $1
Menotti: posts big blind $3
*** HOLE CARDS ***
pompier40: raises $3 to $6
Menotti: raises $3 to $9
pompier40: calls $3
*** FLOP *** [5c 4s 8h]
Menotti: bets $3
pompier40: calls $3
*** TURN *** [5c 4s 8h] [Ts]
Menotti: bets $6
pompier40: calls $6
*** RIVER *** [5c 4s 8h Ts] [9h]
Menotti: bets $6
pompier40: calls $6
*** SHOW DOWN ***
Menotti: shows [8d 8c] (three of a kind, Eights)
pompier40: mucks hand
Menotti collected $47.50 from pot
*** SUMMARY ***
Total pot $48 | Rake $0.50
Board [5c 4s 8h Ts 9h]
Seat 1: Menotti (big blind) showed [8d 8c] and won ($47.50) with three of a kind, Eights
Seat 3: pompier40 (button) (small blind) mucked


PokerStars Hand #167255527061:  Hold'em Limit ($3/$6 USD) - 2017/03/07 13:48:48 ET
Table 'Circe II' 6-max Seat #1 is the button
Seat 1: Menotti ($87.92 in chips)
Seat 3: pompier40 ($127.76 in chips)
Menotti: posts small blind $1
pompier40: posts big blind $3
*** HOLE CARDS ***
Menotti: raises $3 to $6
pompier40: calls $3
*** FLOP *** [Kh 3s 7d]
pompier40: checks
Menotti: bets $3
pompier40: calls $3
*** TURN *** [Kh 3s 7d] [Js]
pompier40: checks
Menotti: bets $6
pompier40: calls $6
*** RIVER *** [Kh 3s 7d Js] [9h]
pompier40: checks
Menotti: bets $6
pompier40: calls $6
*** SHOW DOWN ***
Menotti: shows [Kc 8h] (a pair of Kings)
pompier40: mucks hand
Menotti collected $41.50 from pot
*** SUMMARY ***
Total pot $42 | Rake $0.50
Board [Kh 3s 7d Js 9h]
Seat 1: Menotti (button) (small blind) showed [Kc 8h] and won ($41.50) with a pair of Kings
Seat 3: pompier40 (big blind) mucked


PokerStars Hand #167255618835:  Hold'em Limit ($3/$6 USD) - 2017/03/07 13:50:34 ET
Table 'Circe II' 6-max Seat #3 is the button
Seat 1: Menotti ($123.68 in chips)
Seat 3: pompier40 ($90.26 in chips)
pompier40: posts small blind $1
Menotti: posts big blind $3
*** HOLE CARDS ***
pompier40: folds
Uncalled bet ($2) returned to Menotti
Menotti collected $2 from pot
*** SUMMARY ***
Total pot $2 | Rake $0
Seat 1: Menotti (big blind) collected ($2)
Seat 3: pompier40 (button) (small blind) folded before Flop


PokerStars Hand #167255596717:  Hold'em Limit ($3/$6 USD) - 2017/03/07 13:50:08 ET
Table 'Circe II' 6-max Seat #1 is the button
Seat 1: Menotti ($138.68 in chips)
Seat 3: pompier40 ($75.76 in chips)
Menotti: posts small blind $1
pompier40: posts big blind $3
*** HOLE CARDS ***
Menotti: raises $3 to $6
pompier40: calls $3
*** FLOP *** [As Qc 8h]
pompier40: checks
Menotti: bets $3
pompier40: calls $3
*** TURN *** [As Qc 8h] [5s]
pompier40: checks
Menotti: checks
*** RIVER *** [As Qc 8h 5s] [Kh]
pompier40: bets $6
Menotti: calls $6
*** SHOW DOWN ***
pompier40: shows [Js Qh] (a pair of Queens)
Menotti: mucks hand
pompier40 collected $29.50 from pot
*** SUMMARY ***
Total pot $30 | Rake $0.50
Board [As Qc 8h 5s Kh]
Seat 1: Menotti (button) (small blind) mucked
Seat 3: pompier40 (big blind) showed [Js Qh] and won ($29.50) with a pair of Queens


PokerStars Hand #167255591350:  Hold'em Limit ($3/$6 USD) - 2017/03/07 13:50:02 ET
Table 'Circe II' 6-max Seat #3 is the button
Seat 1: Menotti ($137.68 in chips)
Seat 3: pompier40 ($76.76 in chips)
pompier40: posts small blind $1
Menotti: posts big blind $3
*** HOLE CARDS ***
pompier40: folds
Uncalled bet ($2) returned to Menotti
Menotti collected $2 from pot
*** SUMMARY ***
Total pot $2 | Rake $0
Seat 1: Menotti (big blind) collected ($2)
Seat 3: pompier40 (button) (small blind) folded before Flop


PokerStars Hand #167255587441:  Hold'em Limit ($3/$6 USD) - 2017/03/07 13:49:58 ET
Table 'Circe II' 6-max Seat #1 is the button
Seat 1: Menotti ($138.68 in chips)
Seat 3: pompier40 ($75.76 in chips)
Menotti: posts small blind $1
pompier40: posts big blind $3
*** HOLE CARDS ***
Menotti: folds
Uncalled bet ($2) returned to pompier40
pompier40 collected $2 from pot
*** SUMMARY ***
Total pot $2 | Rake $0
Seat 1: Menotti (button) (small blind) folded before Flop
Seat 3: pompier40 (big blind) collected ($2)


PokerStars Hand #167255582800:  Hold'em Limit ($3/$6 USD) - 2017/03/07 13:49:52 ET
Table 'Circe II' 6-max Seat #3 is the button
Seat 1: Menotti ($137.68 in chips)
Seat 3: pompier40 ($76.76 in chips)
pompier40: posts small blind $1
Menotti: posts big blind $3
*** HOLE CARDS ***
pompier40: folds
Uncalled bet ($2) returned to Menotti
Menotti collected $2 from pot
*** SUMMARY ***
Total pot $2 | Rake $0
Seat 1: Menotti (big blind) collected ($2)
Seat 3: pompier40 (button) (small blind) folded before Flop


PokerStars Hand #167255679185:  Hold'em Limit ($3/$6 USD) - 2017/03/07 13:51:43 ET
Table 'Circe II' 6-max Seat #3 is the button
Seat 1: Menotti ($146.18 in chips)
Seat 3: pompier40 ($66.76 in chips)
pompier40: posts small blind $1
Menotti: posts big blind $3
*** HOLE CARDS ***
pompier40: raises $3 to $6
Menotti: folds
Uncalled bet ($3) returned to pompier40
pompier40 collected $6 from pot
*** SUMMARY ***
Total pot $6 | Rake $0
Seat 1: Menotti (big blind) folded before Flop
Seat 3: pompier40 (button) (small blind) collected ($6)


PokerStars Hand #167255674102:  Hold'em Limit ($3/$6 USD) - 2017/03/07 13:51:37 ET
Table 'Circe II' 6-max Seat #1 is the button
Seat 1: Menotti ($143.18 in chips)
Seat 3: pompier40 ($69.76 in chips)
Menotti: posts small blind $1
pompier40: posts big blind $3
*** HOLE CARDS ***
Menotti: raises $3 to $6
pompier40: folds
Uncalled bet ($3) returned to Menotti
Menotti collected $6 from pot
*** SUMMARY ***
Total pot $6 | Rake $0
Seat 1: Menotti (button) (small blind) collected ($6)
Seat 3: pompier40 (big blind) folded before Flop


PokerStars Hand #167255669942:  Hold'em Limit ($3/$6 USD) - 2017/03/07 13:51:33 ET
Table 'Circe II' 6-max Seat #3 is the button
Seat 1: Menotti ($142.18 in chips)
Seat 3: pompier40 ($70.76 in chips)
pompier40: posts small blind $1
Menotti: posts big blind $3
*** HOLE CARDS ***
pompier40: folds
Uncalled bet ($2) returned to Menotti
Menotti collected $2 from pot
*** SUMMARY ***
Total pot $2 | Rake $0
Seat 1: Menotti (big blind) collected ($2)
Seat 3: pompier40 (button) (small blind) folded before Flop


PokerStars Hand #167255663967:  Hold'em Limit ($3/$6 USD) - 2017/03/07 13:51:26 ET
Table 'Circe II' 6-max Seat #1 is the button
Seat 1: Menotti ($139.18 in chips)
Seat 3: pompier40 ($73.76 in chips)
Menotti: posts small blind $1
pompier40: posts big blind $3
*** HOLE CARDS ***
Menotti: raises $3 to $6
pompier40: folds
Uncalled bet ($3) returned to Menotti
Menotti collected $6 from pot
*** SUMMARY ***
Total pot $6 | Rake $0
Seat 1: Menotti (button) (small blind) collected ($6)
Seat 3: pompier40 (big blind) folded before Flop


PokerStars Hand #167255645865:  Hold'em Limit ($3/$6 USD) - 2017/03/07 13:51:05 ET
Table 'Circe II' 6-max Seat #3 is the button
Seat 1: Menotti ($154.18 in chips)
Seat 3: pompier40 ($59.26 in chips)
pompier40: posts small blind $1
Menotti: posts big blind $3
*** HOLE CARDS ***
pompier40: raises $3 to $6
Menotti: calls $3
*** FLOP *** [3h 9c 5d]
Menotti: checks
pompier40: bets $3
Menotti: calls $3
*** TURN *** [3h 9c 5d] [Jc]
Menotti: checks
pompier40: bets $6
Menotti: calls $6
*** RIVER *** [3h 9c 5d Jc] [9d]
Menotti: checks
pompier40: bets $6
Menotti: folds
Uncalled bet ($6) returned to pompier40
pompier40 collected $29.50 from pot
*** SUMMARY ***
Total pot $30 | Rake $0.50
Board [3h 9c 5d Jc 9d]
Seat 1: Menotti (big blind) folded on the River
Seat 3: pompier40 (button) (small blind) collected ($29.50)


PokerStars Hand #167255628478:  Hold'em Limit ($3/$6 USD) - 2017/03/07 13:50:45 ET
Table 'Circe II' 6-max Seat #1 is the button
Seat 1: Menotti ($124.68 in chips)
Seat 3: pompier40 ($89.26 in chips)
Menotti: posts small blind $1
pompier40: posts big blind $3
*** HOLE CARDS ***
Menotti: raises $3 to $6
pompier40: calls $3
*** FLOP *** [As 7s Th]
pompier40: checks
Menotti: bets $3
pompier40: raises $3 to $6
Menotti: calls $3
*** TURN *** [As 7s Th] [8s]
pompier40: bets $6
Menotti: calls $6
*** RIVER *** [As 7s Th 8s] [Kh]
TAROT333 leaves the table
pompier40: bets $6
Menotti: raises $6 to $12
pompier40: calls $6
*** SHOW DOWN ***
Menotti: shows [Kc Kd] (three of a kind, Kings)
pompier40: mucks hand
Menotti collected $59.50 from pot
*** SUMMARY ***
Total pot $60 | Rake $0.50
Board [As 7s Th 8s Kh]
Seat 1: Menotti (button) (small blind) showed [Kc Kd] and won ($59.50) with three of a kind, Kings
Seat 3: pompier40 (big blind) mucked


PokerStars Hand #167255694186:  Hold'em Limit ($3/$6 USD) - 2017/03/07 13:52:01 ET
Table 'Circe II' 6-max Seat #3 is the button
Seat 1: Menotti ($148.94 in chips)
Seat 3: pompier40 ($63.76 in chips)
pompier40: posts small blind $1
Menotti: posts big blind $3
*** HOLE CARDS ***
pompier40: folds
Uncalled bet ($2) returned to Menotti
Menotti collected $2 from pot
*** SUMMARY ***
Total pot $2 | Rake $0
Seat 1: Menotti (big blind) collected ($2)
Seat 3: pompier40 (button) (small blind) folded before Flop


PokerStars Hand #167255684333:  Hold'em Limit ($3/$6 USD) - 2017/03/07 13:51:49 ET
Table 'Circe II' 6-max Seat #1 is the button
Seat 1: Menotti ($143.18 in chips)
Seat 3: pompier40 ($69.76 in chips)
Menotti: posts small blind $1
pompier40: posts big blind $3
*** HOLE CARDS ***
Menotti: raises $3 to $6
pompier40: calls $3
*** FLOP *** [Jh 8s Qs]
pompier40: checks
Menotti: bets $3
pompier40: folds
Uncalled bet ($3) returned to Menotti
Menotti collected $11.76 from pot
*** SUMMARY ***
Total pot $12 | Rake $0.24
Board [Jh 8s Qs]
Seat 1: Menotti (button) (small blind) collected ($11.76)
Seat 3: pompier40 (big blind) folded on the Flop


PokerStars Hand #167255737975:  Hold'em Limit ($3/$6 USD) - 2017/03/07 13:52:52 ET
Table 'Circe II' 6-max Seat #1 is the button
Seat 1: Menotti ($149.94 in chips)
Seat 2: wubooo ($50 in chips)
Menotti: posts small blind $1
wubooo: posts big blind $3
*** HOLE CARDS ***
Menotti: raises $3 to $6
wubooo: calls $3
*** FLOP *** [7s 4s 3h]
wubooo: checks
Menotti: bets $3
vestimokrec joins the table at seat #3
wubooo: calls $3
*** TURN *** [7s 4s 3h] [5c]
wubooo: checks
Menotti: bets $6
wubooo: folds
Uncalled bet ($6) returned to Menotti
Menotti collected $17.64 from pot
*** SUMMARY ***
Total pot $18 | Rake $0.36
Board [7s 4s 3h 5c]
Seat 1: Menotti (button) (small blind) collected ($17.64)
Seat 2: wubooo (big blind) folded on the Turn


PokerStars Hand #167257998344:  Hold'em Limit ($3/$6 USD) - 2017/03/07 14:37:01 ET
Table 'Circe II' 6-max Seat #4 is the button
Seat 3: StoneFace007 ($147.78 in chips)
Seat 4: pompier40 ($172.62 in chips)
pompier40: posts small blind $1
StoneFace007: posts big blind $3
*** HOLE CARDS ***
pompier40: folds
Uncalled bet ($2) returned to StoneFace007
StoneFace007 collected $2 from pot
*** SUMMARY ***
Total pot $2 | Rake $0
Seat 3: StoneFace007 (big blind) collected ($2)
Seat 4: pompier40 (button) (small blind) folded before Flop


PokerStars Hand #167257993111:  Hold'em Limit ($3/$6 USD) - 2017/03/07 14:36:55 ET
Table 'Circe II' 6-max Seat #3 is the button
Seat 3: StoneFace007 ($144.78 in chips)
Seat 4: pompier40 ($175.62 in chips)
StoneFace007: posts small blind $1
pompier40: posts big blind $3
*** HOLE CARDS ***
StoneFace007: raises $3 to $6
pompier40: folds
Uncalled bet ($3) returned to StoneFace007
StoneFace007 collected $6 from pot
*** SUMMARY ***
Total pot $6 | Rake $0
Seat 3: StoneFace007 (button) (small blind) collected ($6)
Seat 4: pompier40 (big blind) folded before Flop


PokerStars Hand #167257988363:  Hold'em Limit ($3/$6 USD) - 2017/03/07 14:36:49 ET
Table 'Circe II' 6-max Seat #4 is the button
Seat 3: StoneFace007 ($143.78 in chips)
Seat 4: pompier40 ($176.62 in chips)
pompier40: posts small blind $1
StoneFace007: posts big blind $3
*** HOLE CARDS ***
pompier40: folds
Uncalled bet ($2) returned to StoneFace007
StoneFace007 collected $2 from pot
*** SUMMARY ***
Total pot $2 | Rake $0
Seat 3: StoneFace007 (big blind) collected ($2)
Seat 4: pompier40 (button) (small blind) folded before Flop


PokerStars Hand #167258263265:  Hold'em Limit ($3/$6 USD) - 2017/03/07 14:41:57 ET
Table 'Circe II' 6-max Seat #3 is the button
Seat 2: hairy1961 ($50 in chips)
Seat 3: StoneFace007 ($148.78 in chips)
StoneFace007: posts small blind $1
hairy1961: posts big blind $3
*** HOLE CARDS ***
StoneFace007: raises $3 to $6
hairy1961: folds
Uncalled bet ($3) returned to StoneFace007
StoneFace007 collected $6 from pot
Apanage joins the table at seat #4
*** SUMMARY ***
Total pot $6 | Rake $0
Seat 2: hairy1961 (big blind) folded before Flop
Seat 3: StoneFace007 (button) (small blind) collected ($6)


PokerStars Hand #167258272109:  Hold'em Limit ($3/$6 USD) - 2017/03/07 14:42:07 ET
Table 'Circe II' 6-max Seat #2 is the button
Seat 2: hairy1961 ($47 in chips)
Seat 3: StoneFace007 ($151.78 in chips)
hairy1961: posts small blind $1
StoneFace007: posts big blind $3
*** HOLE CARDS ***
hairy1961: raises $3 to $6
StoneFace007: calls $3
*** FLOP *** [6c Ac Kc]
StoneFace007: checks
hairy1961: bets $3
StoneFace007: raises $3 to $6
hairy1961: raises $3 to $9
StoneFace007: calls $3
*** TURN *** [6c Ac Kc] [3c]
StoneFace007: bets $6
hairy1961: folds
Uncalled bet ($6) returned to StoneFace007
StoneFace007 collected $29.50 from pot
*** SUMMARY ***
Total pot $30 | Rake $0.50
Board [6c Ac Kc 3c]
Seat 2: hairy1961 (button) (small blind) folded on the Turn
Seat 3: StoneFace007 (big blind) collected ($29.50)


PokerStars Hand #167259434227:  Hold'em Limit ($3/$6 USD) - 2017/03/07 15:06:02 ET
Table 'Circe II' 6-max Seat #3 is the button
Seat 1: reed 2000 ($73.99 in chips)
Seat 3: StoneFace007 ($38.74 in chips)
StoneFace007: posts small blind $1
Apanage: is sitting out
vestimokrec: is sitting out
reed 2000: posts big blind $3
*** HOLE CARDS ***
vestimokrec leaves the table
StoneFace007: folds
Uncalled bet ($2) returned to reed 2000
StoneFace007 leaves the table
reed 2000 collected $2 from pot
reed 2000: doesn't show hand
*** SUMMARY ***
Total pot $2 | Rake $0
Seat 1: reed 2000 (big blind) collected ($2)
Seat 3: StoneFace007 (button) (small blind) folded before Flop


