PokerStars Hand #154794983547:  Hold'em Limit ($3/$6 USD) - 2016/06/16 0:21:52 ET
Table 'Clarissa' 6-max Seat #6 is the button
Seat 4: Agrotait ($72 in chips)
Seat 6: Leko ($106 in chips)
Leko: posts small blind $1
Agrotait: posts big blind $3
*** HOLE CARDS ***
Leko: raises $3 to $6
Agrotait: calls $3
*** FLOP *** [Ks 3d 5s]
Agrotait: checks
Leko: bets $3
Agrotait: calls $3
*** TURN *** [Ks 3d 5s] [Qs]
Agrotait: checks
Leko: checks
*** RIVER *** [Ks 3d 5s Qs] [4s]
Agrotait: checks
Leko: checks
*** SHOW DOWN ***
Agrotait: shows [Tc Qh] (a pair of Queens)
Leko: mucks hand
Agrotait collected $17.64 from pot
*** SUMMARY ***
Total pot $18 | Rake $0.36
Board [Ks 3d 5s Qs 4s]
Seat 4: Agrotait (big blind) showed [Tc Qh] and won ($17.64) with a pair of Queens
Seat 6: Leko (button) (small blind) mucked


PokerStars Hand #154795000365:  Hold'em Limit ($3/$6 USD) - 2016/06/16 0:22:58 ET
Table 'Clarissa' 6-max Seat #4 is the button
Seat 4: Agrotait ($72.64 in chips)
Seat 6: Leko ($104.64 in chips)
Agrotait: posts small blind $1
Leko: posts big blind $3
*** HOLE CARDS ***
Agrotait: folds
Uncalled bet ($2) returned to Leko
Leko collected $2 from pot
Leko: doesn't show hand
*** SUMMARY ***
Total pot $2 | Rake $0
Seat 4: Agrotait (button) (small blind) folded before Flop
Seat 6: Leko (big blind) collected ($2)


PokerStars Hand #154794999178:  Hold'em Limit ($3/$6 USD) - 2016/06/16 0:22:53 ET
Table 'Clarissa' 6-max Seat #6 is the button
Seat 4: Agrotait ($71.64 in chips)
Seat 6: Leko ($105.64 in chips)
Leko: posts small blind $1
Agrotait: posts big blind $3
*** HOLE CARDS ***
Leko: folds
Uncalled bet ($2) returned to Agrotait
Agrotait collected $2 from pot
Agrotait: doesn't show hand
*** SUMMARY ***
Total pot $2 | Rake $0
Seat 4: Agrotait (big blind) collected ($2)
Seat 6: Leko (button) (small blind) folded before Flop


PokerStars Hand #154794997502:  Hold'em Limit ($3/$6 USD) - 2016/06/16 0:22:47 ET
Table 'Clarissa' 6-max Seat #4 is the button
Seat 4: Agrotait ($72.64 in chips)
Seat 6: Leko ($104.64 in chips)
Agrotait: posts small blind $1
Leko: posts big blind $3
*** HOLE CARDS ***
Agrotait: folds
Uncalled bet ($2) returned to Leko
Leko collected $2 from pot
Leko: doesn't show hand
*** SUMMARY ***
Total pot $2 | Rake $0
Seat 4: Agrotait (button) (small blind) folded before Flop
Seat 6: Leko (big blind) collected ($2)


PokerStars Hand #154794996292:  Hold'em Limit ($3/$6 USD) - 2016/06/16 0:22:42 ET
Table 'Clarissa' 6-max Seat #6 is the button
Seat 4: Agrotait ($71.64 in chips)
Seat 6: Leko ($105.64 in chips)
Leko: posts small blind $1
Agrotait: posts big blind $3
*** HOLE CARDS ***
Leko: folds
Uncalled bet ($2) returned to Agrotait
Agrotait collected $2 from pot
Agrotait: doesn't show hand
*** SUMMARY ***
Total pot $2 | Rake $0
Seat 4: Agrotait (big blind) collected ($2)
Seat 6: Leko (button) (small blind) folded before Flop


PokerStars Hand #154794989255:  Hold'em Limit ($3/$6 USD) - 2016/06/16 0:22:14 ET
Table 'Clarissa' 6-max Seat #4 is the button
Seat 4: Agrotait ($80.64 in chips)
Seat 6: Leko ($97 in chips)
Agrotait: posts small blind $1
Leko: posts big blind $3
*** HOLE CARDS ***
Agrotait: raises $3 to $6
Leko: calls $3
*** FLOP *** [9s 5h 5c]
Leko: checks
Agrotait: bets $3
Leko: calls $3
*** TURN *** [9s 5h 5c] [4c]
Leko: checks
Agrotait: checks
*** RIVER *** [9s 5h 5c 4c] [4s]
Leko: bets $6
Agrotait: folds
Uncalled bet ($6) returned to Leko
Leko collected $17.64 from pot
Leko: doesn't show hand
*** SUMMARY ***
Total pot $18 | Rake $0.36
Board [9s 5h 5c 4c 4s]
Seat 4: Agrotait (button) (small blind) folded on the River
Seat 6: Leko (big blind) collected ($17.64)


PokerStars Hand #154795012433:  Hold'em Limit ($3/$6 USD) - 2016/06/16 0:23:46 ET
Table 'Clarissa' 6-max Seat #4 is the button
Seat 4: Agrotait ($72 in chips)
Seat 6: Leko ($129.14 in chips)
Agrotait: posts small blind $1
Leko: posts big blind $3
*** HOLE CARDS ***
Agrotait: raises $3 to $6
Leko: calls $3
*** FLOP *** [Qh 8h 7c]
Leko: checks
Agrotait: bets $3
Leko: folds
Uncalled bet ($3) returned to Agrotait
Agrotait collected $11.76 from pot
Agrotait: doesn't show hand
*** SUMMARY ***
Total pot $12 | Rake $0.24
Board [Qh 8h 7c]
Seat 4: Agrotait (button) (small blind) collected ($11.76)
Seat 6: Leko (big blind) folded on the Flop


PokerStars Hand #154795002090:  Hold'em Limit ($3/$6 USD) - 2016/06/16 0:23:05 ET
Table 'Clarissa' 6-max Seat #6 is the button
Seat 4: Agrotait ($71.64 in chips)
Seat 6: Leko ($105.64 in chips)
Leko: posts small blind $1
Agrotait: posts big blind $3
*** HOLE CARDS ***
Leko: raises $3 to $6
Agrotait: calls $3
*** FLOP *** [9d 6h 2c]
Agrotait: checks
Leko: bets $3
Agrotait: raises $3 to $6
Leko: calls $3
*** TURN *** [9d 6h 2c] [Kc]
Agrotait: bets $6
Leko: calls $6
*** RIVER *** [9d 6h 2c Kc] [6s]
Agrotait: bets $6
Leko: calls $6
*** SHOW DOWN ***
Agrotait: shows [3h 5h] (a pair of Sixes)
Leko: shows [7s 7c] (two pair, Sevens and Sixes)
Leko collected $47.50 from pot
*** SUMMARY ***
Total pot $48 | Rake $0.50
Board [9d 6h 2c Kc 6s]
Seat 4: Agrotait (big blind) showed [3h 5h] and lost with a pair of Sixes
Seat 6: Leko (button) (small blind) showed [7s 7c] and won ($47.50) with two pair, Sevens and Sixes


PokerStars Hand #154795023505:  Hold'em Limit ($3/$6 USD) - 2016/06/16 0:24:30 ET
Table 'Clarissa' 6-max Seat #6 is the button
Seat 4: Agrotait ($89.40 in chips)
Seat 6: Leko ($111.14 in chips)
Leko: posts small blind $1
Agrotait: posts big blind $3
*** HOLE CARDS ***
Leko: raises $3 to $6
Agrotait: calls $3
*** FLOP *** [Qc 7s 6c]
Agrotait: checks
Leko: bets $3
Agrotait: calls $3
*** TURN *** [Qc 7s 6c] [2c]
Agrotait: checks
Leko: bets $6
Agrotait: calls $6
*** RIVER *** [Qc 7s 6c 2c] [Kc]
Agrotait: bets $6
Leko: calls $6
*** SHOW DOWN ***
Agrotait: shows [5c As] (a flush, King high)
Leko: mucks hand
Agrotait collected $41.50 from pot
*** SUMMARY ***
Total pot $42 | Rake $0.50
Board [Qc 7s 6c 2c Kc]
Seat 4: Agrotait (big blind) showed [5c As] and won ($41.50) with a flush, King high
Seat 6: Leko (button) (small blind) mucked


PokerStars Hand #154795021905:  Hold'em Limit ($3/$6 USD) - 2016/06/16 0:24:24 ET
Table 'Clarissa' 6-max Seat #4 is the button
Seat 4: Agrotait ($86.40 in chips)
Seat 6: Leko ($114.14 in chips)
Agrotait: posts small blind $1
Leko: posts big blind $3
*** HOLE CARDS ***
Agrotait: raises $3 to $6
Leko: folds
Uncalled bet ($3) returned to Agrotait
Agrotait collected $6 from pot
Agrotait: doesn't show hand
*** SUMMARY ***
Total pot $6 | Rake $0
Seat 4: Agrotait (button) (small blind) collected ($6)
Seat 6: Leko (big blind) folded before Flop


PokerStars Hand #154795017665:  Hold'em Limit ($3/$6 USD) - 2016/06/16 0:24:07 ET
Table 'Clarissa' 6-max Seat #6 is the button
Seat 4: Agrotait ($77.76 in chips)
Seat 6: Leko ($123.14 in chips)
Leko: posts small blind $1
Agrotait: posts big blind $3
*** HOLE CARDS ***
Leko: raises $3 to $6
Agrotait: calls $3
*** FLOP *** [3s 2h As]
Agrotait: checks
Leko: bets $3
Agrotait: calls $3
*** TURN *** [3s 2h As] [5d]
Agrotait: checks
Leko: checks
*** RIVER *** [3s 2h As 5d] [Ks]
Agrotait: checks
Leko: checks
*** SHOW DOWN ***
Agrotait: shows [Qs Jh] (high card Ace)
Leko: mucks hand
Agrotait collected $17.64 from pot
*** SUMMARY ***
Total pot $18 | Rake $0.36
Board [3s 2h As 5d Ks]
Seat 4: Agrotait (big blind) showed [Qs Jh] and won ($17.64) with high card Ace
Seat 6: Leko (button) (small blind) mucked


PokerStars Hand #154795040070:  Hold'em Limit ($3/$6 USD) - 2016/06/16 0:25:36 ET
Table 'Clarissa' 6-max Seat #4 is the button
Seat 4: Agrotait ($74.90 in chips)
Seat 6: Leko ($124.64 in chips)
Agrotait: posts small blind $1
Leko: posts big blind $3
*** HOLE CARDS ***
Agrotait: raises $3 to $6
Leko: raises $3 to $9
Agrotait: calls $3
*** FLOP *** [7h 2s Ad]
Leko: bets $3
Agrotait: calls $3
*** TURN *** [7h 2s Ad] [5h]
Leko: bets $6
Agrotait: calls $6
*** RIVER *** [7h 2s Ad 5h] [Jc]
Leko: bets $6
Agrotait: calls $6
*** SHOW DOWN ***
Leko: shows [Qs Qh] (a pair of Queens)
Agrotait: shows [6h Ac] (a pair of Aces)
Agrotait collected $47.50 from pot
*** SUMMARY ***
Total pot $48 | Rake $0.50
Board [7h 2s Ad 5h Jc]
Seat 4: Agrotait (button) (small blind) showed [6h Ac] and won ($47.50) with a pair of Aces
Seat 6: Leko (big blind) showed [Qs Qh] and lost with a pair of Queens


PokerStars Hand #154795038851:  Hold'em Limit ($3/$6 USD) - 2016/06/16 0:25:31 ET
Table 'Clarissa' 6-max Seat #6 is the button
Seat 4: Agrotait ($73.90 in chips)
Seat 6: Leko ($125.64 in chips)
Leko: posts small blind $1
Agrotait: posts big blind $3
*** HOLE CARDS ***
Leko: folds
Uncalled bet ($2) returned to Agrotait
Agrotait collected $2 from pot
Agrotait: doesn't show hand
*** SUMMARY ***
Total pot $2 | Rake $0
Seat 4: Agrotait (big blind) collected ($2)
Seat 6: Leko (button) (small blind) folded before Flop


PokerStars Hand #154795037215:  Hold'em Limit ($3/$6 USD) - 2016/06/16 0:25:24 ET
Table 'Clarissa' 6-max Seat #4 is the button
Seat 4: Agrotait ($74.90 in chips)
Seat 6: Leko ($124.64 in chips)
Agrotait: posts small blind $1
Leko: posts big blind $3
*** HOLE CARDS ***
Agrotait: folds
Uncalled bet ($2) returned to Leko
Leko collected $2 from pot
Leko: doesn't show hand
*** SUMMARY ***
Total pot $2 | Rake $0
Seat 4: Agrotait (button) (small blind) folded before Flop
Seat 6: Leko (big blind) collected ($2)


PokerStars Hand #154795035929:  Hold'em Limit ($3/$6 USD) - 2016/06/16 0:25:19 ET
Table 'Clarissa' 6-max Seat #6 is the button
Seat 4: Agrotait ($73.90 in chips)
Seat 6: Leko ($125.64 in chips)
Leko: posts small blind $1
Agrotait: posts big blind $3
*** HOLE CARDS ***
Leko: folds
Uncalled bet ($2) returned to Agrotait
Agrotait collected $2 from pot
Agrotait: doesn't show hand
*** SUMMARY ***
Total pot $2 | Rake $0
Seat 4: Agrotait (big blind) collected ($2)
Seat 6: Leko (button) (small blind) folded before Flop


PokerStars Hand #154795029808:  Hold'em Limit ($3/$6 USD) - 2016/06/16 0:24:55 ET
Table 'Clarissa' 6-max Seat #4 is the button
Seat 4: Agrotait ($109.90 in chips)
Seat 6: Leko ($90.14 in chips)
Agrotait: posts small blind $1
Leko: posts big blind $3
*** HOLE CARDS ***
Agrotait: raises $3 to $6
Leko: calls $3
*** FLOP *** [2s Ks Ac]
Leko: checks
Agrotait: bets $3
Leko: raises $3 to $6
Agrotait: calls $3
*** TURN *** [2s Ks Ac] [5s]
Leko: bets $6
Agrotait: raises $6 to $12
Leko: raises $6 to $18
Agrotait: calls $6
*** RIVER *** [2s Ks Ac 5s] [6c]
Leko: bets $6
Agrotait: calls $6
*** SHOW DOWN ***
Leko: shows [6s Ts] (a flush, King high)
Agrotait: mucks hand
Leko collected $71.50 from pot
*** SUMMARY ***
Total pot $72 | Rake $0.50
Board [2s Ks Ac 5s 6c]
Seat 4: Agrotait (button) (small blind) mucked
Seat 6: Leko (big blind) showed [6s Ts] and won ($71.50) with a flush, King high


PokerStars Hand #154795052833:  Hold'em Limit ($3/$6 USD) - 2016/06/16 0:26:27 ET
Table 'Clarissa' 6-max Seat #6 is the button
Seat 4: Agrotait ($83.16 in chips)
Seat 6: Leko ($115.14 in chips)
Leko: posts small blind $1
Agrotait: posts big blind $3
*** HOLE CARDS ***
Leko: raises $3 to $6
Agrotait: calls $3
*** FLOP *** [Ac 9c Kc]
Agrotait: checks
Leko: bets $3
Agrotait: calls $3
*** TURN *** [Ac 9c Kc] [2h]
Agrotait: checks
Leko: checks
*** RIVER *** [Ac 9c Kc 2h] [4d]
Agrotait: checks
Leko: bets $6
Agrotait: calls $6
*** SHOW DOWN ***
Leko: shows [7d Jd] (high card Ace)
Agrotait: shows [8d 4c] (a pair of Fours)
Agrotait collected $29.50 from pot
*** SUMMARY ***
Total pot $30 | Rake $0.50
Board [Ac 9c Kc 2h 4d]
Seat 4: Agrotait (big blind) showed [8d 4c] and won ($29.50) with a pair of Fours
Seat 6: Leko (button) (small blind) showed [7d Jd] and lost with high card Ace


PokerStars Hand #154795049917:  Hold'em Limit ($3/$6 USD) - 2016/06/16 0:26:15 ET
Table 'Clarissa' 6-max Seat #4 is the button
Seat 4: Agrotait ($77.40 in chips)
Seat 6: Leko ($121.14 in chips)
Agrotait: posts small blind $1
Leko: posts big blind $3
*** HOLE CARDS ***
Agrotait: raises $3 to $6
Leko: calls $3
*** FLOP *** [As Js 8d]
Leko: checks
Agrotait: bets $3
Leko: folds
Uncalled bet ($3) returned to Agrotait
Agrotait collected $11.76 from pot
Agrotait: doesn't show hand
*** SUMMARY ***
Total pot $12 | Rake $0.24
Board [As Js 8d]
Seat 4: Agrotait (button) (small blind) collected ($11.76)
Seat 6: Leko (big blind) folded on the Flop


PokerStars Hand #154795043928:  Hold'em Limit ($3/$6 USD) - 2016/06/16 0:25:51 ET
Table 'Clarissa' 6-max Seat #6 is the button
Seat 4: Agrotait ($98.40 in chips)
Seat 6: Leko ($100.64 in chips)
Leko: posts small blind $1
Agrotait: posts big blind $3
*** HOLE CARDS ***
Leko: raises $3 to $6
Agrotait: calls $3
*** FLOP *** [7d 4c Th]
Agrotait: checks
Leko: bets $3
Agrotait: calls $3
*** TURN *** [7d 4c Th] [6h]
Agrotait: checks
Leko: bets $6
Agrotait: calls $6
*** RIVER *** [7d 4c Th 6h] [Ad]
Agrotait: checks
Leko: bets $6
Agrotait: calls $6
*** SHOW DOWN ***
Leko: shows [Ah As] (three of a kind, Aces)
Agrotait: mucks hand
Leko collected $41.50 from pot
*** SUMMARY ***
Total pot $42 | Rake $0.50
Board [7d 4c Th 6h Ad]
Seat 4: Agrotait (big blind) mucked
Seat 6: Leko (button) (small blind) showed [Ah As] and won ($41.50) with three of a kind, Aces


PokerStars Hand #154795057830:  Hold'em Limit ($3/$6 USD) - 2016/06/16 0:26:47 ET
Table 'Clarissa' 6-max Seat #4 is the button
Seat 4: Agrotait ($97.66 in chips)
Seat 6: Leko ($100.14 in chips)
Agrotait: posts small blind $1
Leko: posts big blind $3
*** HOLE CARDS ***
Agrotait: raises $3 to $6
Leko: raises $3 to $9
Agrotait: calls $3
*** FLOP *** [Qd 3h Jh]
Leko: checks
Agrotait: bets $3
Leko: calls $3
*** TURN *** [Qd 3h Jh] [7d]
Leko: checks
Agrotait: bets $6
Leko: calls $6
*** RIVER *** [Qd 3h Jh 7d] [2s]
Leko: checks
Agrotait: bets $6
Leko: calls $6
*** SHOW DOWN ***
Agrotait: shows [Kc Qc] (a pair of Queens)
Leko: mucks hand
Agrotait collected $47.50 from pot
*** SUMMARY ***
Total pot $48 | Rake $0.50
Board [Qd 3h Jh 7d 2s]
Seat 4: Agrotait (button) (small blind) showed [Kc Qc] and won ($47.50) with a pair of Queens
Seat 6: Leko (big blind) mucked


PokerStars Hand #154795075438:  Hold'em Limit ($3/$6 USD) - 2016/06/16 0:27:59 ET
Table 'Clarissa' 6-max Seat #6 is the button
Seat 4: Agrotait ($118.16 in chips)
Seat 6: Leko ($78.90 in chips)
Leko: posts small blind $1
Agrotait: posts big blind $3
*** HOLE CARDS ***
Leko: folds
Uncalled bet ($2) returned to Agrotait
Agrotait collected $2 from pot
Agrotait: doesn't show hand
*** SUMMARY ***
Total pot $2 | Rake $0
Seat 4: Agrotait (big blind) collected ($2)
Seat 6: Leko (button) (small blind) folded before Flop


PokerStars Hand #154795076703:  Hold'em Limit ($3/$6 USD) - 2016/06/16 0:28:04 ET
Table 'Clarissa' 6-max Seat #4 is the button
Seat 4: Agrotait ($119.16 in chips)
Seat 6: Leko ($77.90 in chips)
Agrotait: posts small blind $1
Leko: posts big blind $3
*** HOLE CARDS ***
Agrotait: raises $3 to $6
Leko: calls $3
*** FLOP *** [2s Jd 8d]
Leko: checks
Agrotait: bets $3
Leko: calls $3
*** TURN *** [2s Jd 8d] [4d]
Leko: checks
Agrotait: checks
*** RIVER *** [2s Jd 8d 4d] [Ac]
Leko: checks
Agrotait: checks
*** SHOW DOWN ***
Leko: shows [Qd 5h] (high card Ace)
Agrotait: shows [Ks 3d] (high card Ace - King kicker)
Agrotait collected $17.64 from pot
*** SUMMARY ***
Total pot $18 | Rake $0.36
Board [2s Jd 8d 4d Ac]
Seat 4: Agrotait (button) (small blind) showed [Ks 3d] and won ($17.64) with high card Ace
Seat 6: Leko (big blind) showed [Qd 5h] and lost with high card Ace


PokerStars Hand #154795084980:  Hold'em Limit ($3/$6 USD) - 2016/06/16 0:28:37 ET
Table 'Clarissa' 6-max Seat #6 is the button
Seat 4: Agrotait ($127.80 in chips)
Seat 6: Leko ($68.90 in chips)
Leko: posts small blind $1
Agrotait: posts big blind $3
*** HOLE CARDS ***
Leko: raises $3 to $6
Agrotait: calls $3
*** FLOP *** [6h 3h Qc]
Agrotait: checks
Leko: bets $3
Agrotait: raises $3 to $6
Leko: calls $3
*** TURN *** [6h 3h Qc] [Ks]
Agrotait: bets $6
Leko: calls $6
*** RIVER *** [6h 3h Qc Ks] [3d]
Agrotait: bets $6
Leko: raises $6 to $12
Agrotait: calls $6
*** SHOW DOWN ***
Leko: shows [3c Ad] (three of a kind, Threes)
Agrotait: mucks hand
Leko collected $59.50 from pot
*** SUMMARY ***
Total pot $60 | Rake $0.50
Board [6h 3h Qc Ks 3d]
Seat 4: Agrotait (big blind) mucked
Seat 6: Leko (button) (small blind) showed [3c Ad] and won ($59.50) with three of a kind, Threes


PokerStars Hand #154795095438:  Hold'em Limit ($3/$6 USD) - 2016/06/16 0:29:20 ET
Table 'Clarissa' 6-max Seat #6 is the button
Seat 4: Agrotait ($106.44 in chips)
Seat 6: Leko ($89.40 in chips)
Leko: posts small blind $1
Agrotait: posts big blind $3
*** HOLE CARDS ***
Leko: folds
Uncalled bet ($2) returned to Agrotait
Agrotait collected $2 from pot
Agrotait: doesn't show hand
*** SUMMARY ***
Total pot $2 | Rake $0
Seat 4: Agrotait (big blind) collected ($2)
Seat 6: Leko (button) (small blind) folded before Flop


PokerStars Hand #154795090126:  Hold'em Limit ($3/$6 USD) - 2016/06/16 0:28:59 ET
Table 'Clarissa' 6-max Seat #4 is the button
Seat 4: Agrotait ($97.80 in chips)
Seat 6: Leko ($98.40 in chips)
Agrotait: posts small blind $1
Leko: posts big blind $3
*** HOLE CARDS ***
Agrotait: raises $3 to $6
Leko: calls $3
*** FLOP *** [Ad 7h 9h]
Leko: checks
Agrotait: bets $3
Leko: calls $3
*** TURN *** [Ad 7h 9h] [Qs]
Leko: checks
Agrotait: bets $6
Leko: folds
Uncalled bet ($6) returned to Agrotait
Agrotait collected $17.64 from pot
Agrotait: doesn't show hand
*** SUMMARY ***
Total pot $18 | Rake $0.36
Board [Ad 7h 9h Qs]
Seat 4: Agrotait (button) (small blind) collected ($17.64)
Seat 6: Leko (big blind) folded on the Turn


PokerStars Hand #154795096718:  Hold'em Limit ($3/$6 USD) - 2016/06/16 0:29:25 ET
Table 'Clarissa' 6-max Seat #4 is the button
Seat 4: Agrotait ($107.44 in chips)
Seat 6: Leko ($88.40 in chips)
Agrotait: posts small blind $1
Leko: posts big blind $3
*** HOLE CARDS ***
Agrotait: raises $3 to $6
Leko: calls $3
*** FLOP *** [2c Th Kh]
Leko: checks
Agrotait: bets $3
Leko: calls $3
*** TURN *** [2c Th Kh] [Td]
Leko: checks
Agrotait: bets $6
Leko: raises $6 to $12
Agrotait: folds
Uncalled bet ($6) returned to Leko
Leko collected $29.50 from pot
Leko: doesn't show hand
*** SUMMARY ***
Total pot $30 | Rake $0.50
Board [2c Th Kh Td]
Seat 4: Agrotait (button) (small blind) folded on the Turn
Seat 6: Leko (big blind) collected ($29.50)


PokerStars Hand #154795110396:  Hold'em Limit ($3/$6 USD) - 2016/06/16 0:29:46 ET
Table 'Clarissa' 6-max Seat #4 is the button
Seat 4: Agrotait ($93.44 in chips)
Seat 6: Leko ($101.90 in chips)
Agrotait: posts small blind $1
Leko: posts big blind $3
*** HOLE CARDS ***
Agrotait: raises $3 to $6
Leko: calls $3
*** FLOP *** [Kh Js 9h]
Leko: checks
Agrotait: bets $3
Leko: calls $3
*** TURN *** [Kh Js 9h] [Ah]
Leko: checks
Agrotait: checks
*** RIVER *** [Kh Js 9h Ah] [5h]
Leko: bets $6
Agrotait: calls $6
*** SHOW DOWN ***
Leko: shows [Jc 8s] (a pair of Jacks)
Agrotait: shows [6h 2c] (a flush, Ace high)
Agrotait collected $29.50 from pot
*** SUMMARY ***
Total pot $30 | Rake $0.50
Board [Kh Js 9h Ah 5h]
Seat 4: Agrotait (button) (small blind) showed [6h 2c] and won ($29.50) with a flush, Ace high
Seat 6: Leko (big blind) showed [Jc 8s] and lost with a pair of Jacks


PokerStars Hand #154795118101:  Hold'em Limit ($3/$6 USD) - 2016/06/16 0:30:17 ET
Table 'Clarissa' 6-max Seat #6 is the button
Seat 4: Agrotait ($107.94 in chips)
Seat 6: Leko ($86.90 in chips)
Leko: posts small blind $1
Agrotait: posts big blind $3
*** HOLE CARDS ***
Leko: raises $3 to $6
Agrotait: calls $3
*** FLOP *** [Jh 8s 9s]
Agrotait: checks
Leko: bets $3
Agrotait: folds
Uncalled bet ($3) returned to Leko
Leko collected $11.76 from pot
Leko: doesn't show hand
*** SUMMARY ***
Total pot $12 | Rake $0.24
Board [Jh 8s 9s]
Seat 4: Agrotait (big blind) folded on the Flop
Seat 6: Leko (button) (small blind) collected ($11.76)


PokerStars Hand #154795133244:  Hold'em Limit ($3/$6 USD) - 2016/06/16 0:31:19 ET
Table 'Clarissa' 6-max Seat #4 is the button
Seat 4: Agrotait ($86.94 in chips)
Seat 6: Leko ($107.16 in chips)
Agrotait: posts small blind $1
Leko: posts big blind $3
*** HOLE CARDS ***
Agrotait: raises $3 to $6
Leko: calls $3
*** FLOP *** [4d 7s 7h]
Leko: checks
Agrotait: bets $3
Leko: calls $3
*** TURN *** [4d 7s 7h] [8s]
Leko: checks
Agrotait: bets $6
Leko: folds
Uncalled bet ($6) returned to Agrotait
Agrotait collected $17.64 from pot
Agrotait: doesn't show hand
*** SUMMARY ***
Total pot $18 | Rake $0.36
Board [4d 7s 7h 8s]
Seat 4: Agrotait (button) (small blind) collected ($17.64)
Seat 6: Leko (big blind) folded on the Turn


PokerStars Hand #154795124246:  Hold'em Limit ($3/$6 USD) - 2016/06/16 0:30:42 ET
Table 'Clarissa' 6-max Seat #4 is the button
Seat 4: Agrotait ($101.94 in chips)
Seat 6: Leko ($92.66 in chips)
Agrotait: posts small blind $1
Leko: posts big blind $3
*** HOLE CARDS ***
Agrotait: raises $3 to $6
Leko: folds
Uncalled bet ($3) returned to Agrotait
Agrotait collected $6 from pot
Agrotait: doesn't show hand
*** SUMMARY ***
Total pot $6 | Rake $0
Seat 4: Agrotait (button) (small blind) collected ($6)
Seat 6: Leko (big blind) folded before Flop


PokerStars Hand #154795136723:  Hold'em Limit ($3/$6 USD) - 2016/06/16 0:31:33 ET
Table 'Clarissa' 6-max Seat #6 is the button
Seat 4: Agrotait ($95.58 in chips)
Seat 6: Leko ($98.16 in chips)
Leko: posts small blind $1
Agrotait: posts big blind $3
*** HOLE CARDS ***
Leko: folds
Uncalled bet ($2) returned to Agrotait
Agrotait collected $2 from pot
Agrotait: doesn't show hand
*** SUMMARY ***
Total pot $2 | Rake $0
Seat 4: Agrotait (big blind) collected ($2)
Seat 6: Leko (button) (small blind) folded before Flop


PokerStars Hand #154795126787:  Hold'em Limit ($3/$6 USD) - 2016/06/16 0:30:52 ET
Table 'Clarissa' 6-max Seat #6 is the button
Seat 4: Agrotait ($104.94 in chips)
Seat 6: Leko ($89.66 in chips)
Leko: posts small blind $1
Agrotait: posts big blind $3
*** HOLE CARDS ***
Leko: raises $3 to $6
Agrotait: calls $3
*** FLOP *** [8c Qh 9c]
Agrotait: checks
Leko: bets $3
Agrotait: raises $3 to $6
Leko: calls $3
*** TURN *** [8c Qh 9c] [4d]
Agrotait: bets $6
Leko: raises $6 to $12
Agrotait: folds
Uncalled bet ($6) returned to Leko
Leko collected $35.50 from pot
Leko: doesn't show hand
*** SUMMARY ***
Total pot $36 | Rake $0.50
Board [8c Qh 9c 4d]
Seat 4: Agrotait (big blind) folded on the Turn
Seat 6: Leko (button) (small blind) collected ($35.50)


PokerStars Hand #154795137838:  Hold'em Limit ($3/$6 USD) - 2016/06/16 0:31:38 ET
Table 'Clarissa' 6-max Seat #4 is the button
Seat 4: Agrotait ($96.58 in chips)
Seat 6: Leko ($97.16 in chips)
Agrotait: posts small blind $1
Leko: posts big blind $3
*** HOLE CARDS ***
Agrotait: raises $3 to $6
Leko: calls $3
*** FLOP *** [Jc 5s Ah]
Leko: checks
Agrotait: bets $3
RJF1943 joins the table at seat #2
Leko: folds
Uncalled bet ($3) returned to Agrotait
Agrotait collected $11.76 from pot
Agrotait: doesn't show hand
*** SUMMARY ***
Total pot $12 | Rake $0.24
Board [Jc 5s Ah]
Seat 4: Agrotait (button) (small blind) collected ($11.76)
Seat 6: Leko (big blind) folded on the Flop


PokerStars Hand #154797495567:  Hold'em Limit ($3/$6 USD) - 2016/06/16 3:14:43 ET
Table 'Clarissa' 6-max Seat #2 is the button
Seat 2: Garuda Black ($384.62 in chips)
Seat 4: Ag3r0n ($90.79 in chips)
Garuda Black: posts small blind $1
Ag3r0n: posts big blind $3
*** HOLE CARDS ***
Garuda Black: folds
Uncalled bet ($2) returned to Ag3r0n
Ag3r0n collected $2 from pot
*** SUMMARY ***
Total pot $2 | Rake $0
Seat 2: Garuda Black (button) (small blind) folded before Flop
Seat 4: Ag3r0n (big blind) collected ($2)


PokerStars Hand #154797494086:  Hold'em Limit ($3/$6 USD) - 2016/06/16 3:14:38 ET
Table 'Clarissa' 6-max Seat #4 is the button
Seat 2: Garuda Black ($387.62 in chips)
Seat 4: Ag3r0n ($87.79 in chips)
Ag3r0n: posts small blind $1
Garuda Black: posts big blind $3
*** HOLE CARDS ***
Ag3r0n: raises $3 to $6
Garuda Black: folds
Uncalled bet ($3) returned to Ag3r0n
Ag3r0n collected $6 from pot
*** SUMMARY ***
Total pot $6 | Rake $0
Seat 2: Garuda Black (big blind) folded before Flop
Seat 4: Ag3r0n (button) (small blind) collected ($6)


PokerStars Hand #154797484232:  Hold'em Limit ($3/$6 USD) - 2016/06/16 3:14:03 ET
Table 'Clarissa' 6-max Seat #2 is the button
Seat 2: Garuda Black ($397.86 in chips)
Seat 4: Ag3r0n ($78.29 in chips)
Garuda Black: posts small blind $1
Ag3r0n: posts big blind $3
*** HOLE CARDS ***
Garuda Black: raises $3 to $6
Ag3r0n: calls $3
*** FLOP *** [Qc Qs 8c]
Ag3r0n: checks
Garuda Black: bets $3
Ag3r0n: folds
Uncalled bet ($3) returned to Garuda Black
Garuda Black collected $11.76 from pot
Garuda Black: doesn't show hand
*** SUMMARY ***
Total pot $12 | Rake $0.24
Board [Qc Qs 8c]
Seat 2: Garuda Black (button) (small blind) collected ($11.76)
Seat 4: Ag3r0n (big blind) folded on the Flop


PokerStars Hand #154797492438:  Hold'em Limit ($3/$6 USD) - 2016/06/16 3:14:31 ET
Table 'Clarissa' 6-max Seat #2 is the button
Seat 2: Garuda Black ($388.62 in chips)
Seat 4: Ag3r0n ($86.79 in chips)
Garuda Black: posts small blind $1
Ag3r0n: posts big blind $3
*** HOLE CARDS ***
Garuda Black: folds
Uncalled bet ($2) returned to Ag3r0n
Ag3r0n collected $2 from pot
*** SUMMARY ***
Total pot $2 | Rake $0
Seat 2: Garuda Black (button) (small blind) folded before Flop
Seat 4: Ag3r0n (big blind) collected ($2)


PokerStars Hand #154797486778:  Hold'em Limit ($3/$6 USD) - 2016/06/16 3:14:13 ET
Table 'Clarissa' 6-max Seat #4 is the button
Seat 2: Garuda Black ($403.62 in chips)
Seat 4: Ag3r0n ($72.29 in chips)
Ag3r0n: posts small blind $1
Garuda Black: posts big blind $3
*** HOLE CARDS ***
Ag3r0n: raises $3 to $6
Garuda Black: calls $3
*** FLOP *** [Qc 8s Jh]
Garuda Black: checks
Ag3r0n: bets $3
Garuda Black: calls $3
*** TURN *** [Qc 8s Jh] [Tc]
Garuda Black: checks
Ag3r0n: bets $6
Garuda Black: calls $6
*** RIVER *** [Qc 8s Jh Tc] [6s]
Garuda Black: checks
Ag3r0n: bets $6
Garuda Black: folds
Uncalled bet ($6) returned to Ag3r0n
Ag3r0n collected $29.50 from pot
*** SUMMARY ***
Total pot $30 | Rake $0.50
Board [Qc 8s Jh Tc 6s]
Seat 2: Garuda Black (big blind) folded on the River
Seat 4: Ag3r0n (button) (small blind) collected ($29.50)


PokerStars Hand #154797690595:  Hold'em Limit ($3/$6 USD) - 2016/06/16 3:26:40 ET
Table 'Clarissa' 6-max Seat #2 is the button
Seat 2: Garuda Black ($436.25 in chips)
Seat 4: Ag3r0n ($190.74 in chips)
Garuda Black: posts small blind $1
Ag3r0n: posts big blind $3
*** HOLE CARDS ***
Garuda Black: folds
Uncalled bet ($2) returned to Ag3r0n
Ag3r0n collected $2 from pot
*** SUMMARY ***
Total pot $2 | Rake $0
Seat 2: Garuda Black (button) (small blind) folded before Flop
Seat 4: Ag3r0n (big blind) collected ($2)


PokerStars Hand #154797685375:  Hold'em Limit ($3/$6 USD) - 2016/06/16 3:26:21 ET
Table 'Clarissa' 6-max Seat #4 is the button
Seat 2: Garuda Black ($466.25 in chips)
Seat 4: Ag3r0n ($161.24 in chips)
Ag3r0n: posts small blind $1
Garuda Black: posts big blind $3
*** HOLE CARDS ***
Ag3r0n: raises $3 to $6
Garuda Black: calls $3
*** FLOP *** [Kd 5c Td]
Garuda Black: checks
Ag3r0n: bets $3
Garuda Black: raises $3 to $6
Ag3r0n: calls $3
*** TURN *** [Kd 5c Td] [7d]
Garuda Black: bets $6
Ag3r0n: calls $6
*** RIVER *** [Kd 5c Td 7d] [Ac]
Garuda Black: bets $6
Ag3r0n: raises $6 to $12
Garuda Black: calls $6
*** SHOW DOWN ***
Ag3r0n: shows [Th Ad] (two pair, Aces and Tens)
Garuda Black: mucks hand
Ag3r0n collected $59.50 from pot
*** SUMMARY ***
Total pot $60 | Rake $0.50
Board [Kd 5c Td 7d Ac]
Seat 2: Garuda Black (big blind) mucked
Seat 4: Ag3r0n (button) (small blind) showed [Th Ad] and won ($59.50) with two pair, Aces and Tens


PokerStars Hand #154797683880:  Hold'em Limit ($3/$6 USD) - 2016/06/16 3:26:16 ET
Table 'Clarissa' 6-max Seat #2 is the button
Seat 2: Garuda Black ($467.25 in chips)
Seat 4: Ag3r0n ($160.24 in chips)
Garuda Black: posts small blind $1
Ag3r0n: posts big blind $3
*** HOLE CARDS ***
Garuda Black: folds
Uncalled bet ($2) returned to Ag3r0n
Ag3r0n collected $2 from pot
*** SUMMARY ***
Total pot $2 | Rake $0
Seat 2: Garuda Black (button) (small blind) folded before Flop
Seat 4: Ag3r0n (big blind) collected ($2)


PokerStars Hand #154797700942:  Hold'em Limit ($3/$6 USD) - 2016/06/16 3:27:18 ET
Table 'Clarissa' 6-max Seat #4 is the button
Seat 2: Garuda Black ($407.25 in chips)
Seat 4: Ag3r0n ($219 in chips)
Ag3r0n: posts small blind $1
Garuda Black: posts big blind $3
*** HOLE CARDS ***
Ag3r0n: raises $3 to $6
Garuda Black: calls $3
*** FLOP *** [7h 4h 5d]
Garuda Black: checks
Ag3r0n: checks
*** TURN *** [7h 4h 5d] [2d]
Garuda Black: checks
Ag3r0n: bets $6
Garuda Black: calls $6
*** RIVER *** [7h 4h 5d 2d] [6s]
Garuda Black: bets $6
Ag3r0n: folds
Uncalled bet ($6) returned to Garuda Black
Garuda Black collected $23.52 from pot
Garuda Black: doesn't show hand
*** SUMMARY ***
Total pot $24 | Rake $0.48
Board [7h 4h 5d 2d 6s]
Seat 2: Garuda Black (big blind) collected ($23.52)
Seat 4: Ag3r0n (button) (small blind) folded on the River


PokerStars Hand #154797693898:  Hold'em Limit ($3/$6 USD) - 2016/06/16 3:26:53 ET
Table 'Clarissa' 6-max Seat #2 is the button
Seat 2: Garuda Black ($429.25 in chips)
Seat 4: Ag3r0n ($197.50 in chips)
Garuda Black: posts small blind $1
Ag3r0n: posts big blind $3
*** HOLE CARDS ***
Garuda Black: folds
Uncalled bet ($2) returned to Ag3r0n
Ag3r0n collected $2 from pot
*** SUMMARY ***
Total pot $2 | Rake $0
Seat 2: Garuda Black (button) (small blind) folded before Flop
Seat 4: Ag3r0n (big blind) collected ($2)


PokerStars Hand #154797691739:  Hold'em Limit ($3/$6 USD) - 2016/06/16 3:26:44 ET
Table 'Clarissa' 6-max Seat #4 is the button
Seat 2: Garuda Black ($435.25 in chips)
Seat 4: Ag3r0n ($191.74 in chips)
Ag3r0n: posts small blind $1
Garuda Black: posts big blind $3
*** HOLE CARDS ***
Ag3r0n: raises $3 to $6
Garuda Black: calls $3
*** FLOP *** [Jd 6h 2h]
Garuda Black: checks
Ag3r0n: bets $3
Garuda Black: folds
Uncalled bet ($3) returned to Ag3r0n
Ag3r0n collected $11.76 from pot
*** SUMMARY ***
Total pot $12 | Rake $0.24
Board [Jd 6h 2h]
Seat 2: Garuda Black (big blind) folded on the Flop
Seat 4: Ag3r0n (button) (small blind) collected ($11.76)


PokerStars Hand #154797699650:  Hold'em Limit ($3/$6 USD) - 2016/06/16 3:27:14 ET
Table 'Clarissa' 6-max Seat #2 is the button
Seat 2: Garuda Black ($404.25 in chips)
Seat 4: Ag3r0n ($222 in chips)
Garuda Black: posts small blind $1
Ag3r0n: posts big blind $3
*** HOLE CARDS ***
Garuda Black: raises $3 to $6
Ag3r0n: folds
Uncalled bet ($3) returned to Garuda Black
Garuda Black collected $6 from pot
Garuda Black: doesn't show hand
*** SUMMARY ***
Total pot $6 | Rake $0
Seat 2: Garuda Black (button) (small blind) collected ($6)
Seat 4: Ag3r0n (big blind) folded before Flop


PokerStars Hand #154797695195:  Hold'em Limit ($3/$6 USD) - 2016/06/16 3:26:57 ET
Table 'Clarissa' 6-max Seat #4 is the button
Seat 2: Garuda Black ($428.25 in chips)
Seat 4: Ag3r0n ($198.50 in chips)
Ag3r0n: posts small blind $1
Garuda Black: posts big blind $3
*** HOLE CARDS ***
Ag3r0n: raises $3 to $6
Garuda Black: raises $3 to $9
Ag3r0n: calls $3
*** FLOP *** [Tc Jd 9c]
Garuda Black: bets $3
Ag3r0n: calls $3
*** TURN *** [Tc Jd 9c] [6s]
manly70 leaves the table
Garuda Black: bets $6
Ag3r0n: calls $6
*** RIVER *** [Tc Jd 9c 6s] [3c]
Garuda Black: bets $6
Ag3r0n: calls $6
*** SHOW DOWN ***
Garuda Black: shows [Ah 5c] (high card Ace)
Ag3r0n: shows [8s 9s] (a pair of Nines)
Ag3r0n collected $47.50 from pot
*** SUMMARY ***
Total pot $48 | Rake $0.50
Board [Tc Jd 9c 6s 3c]
Seat 2: Garuda Black (big blind) showed [Ah 5c] and lost with high card Ace
Seat 4: Ag3r0n (button) (small blind) showed [8s 9s] and won ($47.50) with a pair of Nines


PokerStars Hand #154797706231:  Hold'em Limit ($3/$6 USD) - 2016/06/16 3:27:38 ET
Table 'Clarissa' 6-max Seat #2 is the button
Seat 2: Garuda Black ($418.77 in chips)
Seat 4: Ag3r0n ($207 in chips)
Garuda Black: posts small blind $1
Ag3r0n: posts big blind $3
*** HOLE CARDS ***
Garuda Black: raises $3 to $6
Ag3r0n: calls $3
*** FLOP *** [3s 4c 8d]
Ag3r0n: checks
Garuda Black: bets $3
Ag3r0n: calls $3
*** TURN *** [3s 4c 8d] [4s]
Ag3r0n: checks
Garuda Black: checks
*** RIVER *** [3s 4c 8d 4s] [5s]
Ag3r0n: bets $6
Garuda Black: folds
Uncalled bet ($6) returned to Ag3r0n
Ag3r0n collected $17.64 from pot
*** SUMMARY ***
Total pot $18 | Rake $0.36
Board [3s 4c 8d 4s 5s]
Seat 2: Garuda Black (button) (small blind) folded on the River
Seat 4: Ag3r0n (big blind) collected ($17.64)


PokerStars Hand #154797716722:  Hold'em Limit ($3/$6 USD) - 2016/06/16 3:28:16 ET
Table 'Clarissa' 6-max Seat #2 is the button
Seat 2: Garuda Black ($442.27 in chips)
Seat 4: Ag3r0n ($182.64 in chips)
Garuda Black: posts small blind $1
Ag3r0n: posts big blind $3
*** HOLE CARDS ***
Garuda Black: raises $3 to $6
Ag3r0n: calls $3
*** FLOP *** [2s 7s 6c]
Ag3r0n: checks
Garuda Black: bets $3
Ag3r0n: folds
Uncalled bet ($3) returned to Garuda Black
Garuda Black collected $11.76 from pot
Garuda Black: doesn't show hand
*** SUMMARY ***
Total pot $12 | Rake $0.24
Board [2s 7s 6c]
Seat 2: Garuda Black (button) (small blind) collected ($11.76)
Seat 4: Ag3r0n (big blind) folded on the Flop


PokerStars Hand #154797721869:  Hold'em Limit ($3/$6 USD) - 2016/06/16 3:28:35 ET
Table 'Clarissa' 6-max Seat #2 is the button
Seat 2: Garuda Black ($456.67 in chips)
Seat 4: Ag3r0n ($167.64 in chips)
Garuda Black: posts small blind $1
Ag3r0n: posts big blind $3
*** HOLE CARDS ***
Garuda Black: folds
Uncalled bet ($2) returned to Ag3r0n
Ag3r0n collected $2 from pot
*** SUMMARY ***
Total pot $2 | Rake $0
Seat 2: Garuda Black (button) (small blind) folded before Flop
Seat 4: Ag3r0n (big blind) collected ($2)


PokerStars Hand #154797719066:  Hold'em Limit ($3/$6 USD) - 2016/06/16 3:28:25 ET
Table 'Clarissa' 6-max Seat #4 is the button
Seat 2: Garuda Black ($448.03 in chips)
Seat 4: Ag3r0n ($176.64 in chips)
Ag3r0n: posts small blind $1
Garuda Black: posts big blind $3
*** HOLE CARDS ***
Ag3r0n: raises $3 to $6
Garuda Black: calls $3
*** FLOP *** [7s 9h Kd]
Garuda Black: checks
Ag3r0n: bets $3
Garuda Black: raises $3 to $6
Ag3r0n: folds
Uncalled bet ($3) returned to Garuda Black
Garuda Black collected $17.64 from pot
Garuda Black: doesn't show hand
*** SUMMARY ***
Total pot $18 | Rake $0.36
Board [7s 9h Kd]
Seat 2: Garuda Black (big blind) collected ($17.64)
Seat 4: Ag3r0n (button) (small blind) folded on the Flop


PokerStars Hand #154797711370:  Hold'em Limit ($3/$6 USD) - 2016/06/16 3:27:56 ET
Table 'Clarissa' 6-max Seat #4 is the button
Seat 2: Garuda Black ($409.77 in chips)
Seat 4: Ag3r0n ($215.64 in chips)
Ag3r0n: posts small blind $1
Garuda Black: posts big blind $3
*** HOLE CARDS ***
Ag3r0n: raises $3 to $6
Garuda Black: calls $3
*** FLOP *** [Ac Kd 2d]
Garuda Black: checks
Ag3r0n: bets $3
Garuda Black: calls $3
*** TURN *** [Ac Kd 2d] [7h]
Garuda Black: checks
Ag3r0n: bets $6
Garuda Black: raises $6 to $12
Ag3r0n: calls $6
*** RIVER *** [Ac Kd 2d 7h] [Ad]
Garuda Black: checks
Ag3r0n: bets $6
Garuda Black: raises $6 to $12
Ag3r0n: calls $6
*** SHOW DOWN ***
Garuda Black: shows [3d Jd] (a flush, Ace high)
Ag3r0n: mucks hand
Garuda Black collected $65.50 from pot
*** SUMMARY ***
Total pot $66 | Rake $0.50
Board [Ac Kd 2d 7h Ad]
Seat 2: Garuda Black (big blind) showed [3d Jd] and won ($65.50) with a flush, Ace high
Seat 4: Ag3r0n (button) (small blind) mucked


PokerStars Hand #154797727268:  Hold'em Limit ($3/$6 USD) - 2016/06/16 3:28:55 ET
Table 'Clarissa' 6-max Seat #2 is the button
Seat 2: Garuda Black ($446.67 in chips)
Seat 4: Ag3r0n ($177.28 in chips)
Garuda Black: posts small blind $1
Ag3r0n: posts big blind $3
*** HOLE CARDS ***
Garuda Black: raises $3 to $6
Ag3r0n: calls $3
*** FLOP *** [5c Ac 4c]
Ag3r0n: checks
Garuda Black: bets $3
Ag3r0n: raises $3 to $6
Garuda Black: calls $3
*** TURN *** [5c Ac 4c] [Qd]
Ag3r0n: bets $6
Garuda Black: calls $6
*** RIVER *** [5c Ac 4c Qd] [As]
Ag3r0n: bets $6
Garuda Black: calls $6
*** SHOW DOWN ***
Ag3r0n: shows [9d Jc] (a pair of Aces)
Garuda Black: shows [8h 8c] (two pair, Aces and Eights)
Garuda Black collected $47.50 from pot
*** SUMMARY ***
Total pot $48 | Rake $0.50
Board [5c Ac 4c Qd As]
Seat 2: Garuda Black (button) (small blind) showed [8h 8c] and won ($47.50) with two pair, Aces and Eights
Seat 4: Ag3r0n (big blind) showed [9d Jc] and lost with a pair of Aces


PokerStars Hand #154797734382:  Hold'em Limit ($3/$6 USD) - 2016/06/16 3:29:21 ET
Table 'Clarissa' 6-max Seat #4 is the button
Seat 2: Garuda Black ($466.17 in chips)
Seat 4: Ag3r0n ($157.28 in chips)
Ag3r0n: posts small blind $1
Garuda Black: posts big blind $3
*** HOLE CARDS ***
Ag3r0n: raises $3 to $6
Garuda Black: calls $3
*** FLOP *** [7d 5c 6c]
Garuda Black: checks
Ag3r0n: checks
*** TURN *** [7d 5c 6c] [Jc]
Garuda Black: checks
Ag3r0n: checks
*** RIVER *** [7d 5c 6c Jc] [3d]
Garuda Black: bets $6
Ag3r0n: calls $6
*** SHOW DOWN ***
Garuda Black: shows [Th 3h] (a pair of Threes)
Ag3r0n: shows [2d 5d] (a pair of Fives)
Ag3r0n collected $23.52 from pot
*** SUMMARY ***
Total pot $24 | Rake $0.48
Board [7d 5c 6c Jc 3d]
Seat 2: Garuda Black (big blind) showed [Th 3h] and lost with a pair of Threes
Seat 4: Ag3r0n (button) (small blind) showed [2d 5d] and won ($23.52) with a pair of Fives


PokerStars Hand #154797733045:  Hold'em Limit ($3/$6 USD) - 2016/06/16 3:29:16 ET
Table 'Clarissa' 6-max Seat #2 is the button
Seat 2: Garuda Black ($467.17 in chips)
Seat 4: Ag3r0n ($156.28 in chips)
Garuda Black: posts small blind $1
Ag3r0n: posts big blind $3
*** HOLE CARDS ***
Garuda Black: folds
Uncalled bet ($2) returned to Ag3r0n
Ag3r0n collected $2 from pot
*** SUMMARY ***
Total pot $2 | Rake $0
Seat 2: Garuda Black (button) (small blind) folded before Flop
Seat 4: Ag3r0n (big blind) collected ($2)


PokerStars Hand #154797731215:  Hold'em Limit ($3/$6 USD) - 2016/06/16 3:29:09 ET
Table 'Clarissa' 6-max Seat #4 is the button
Seat 2: Garuda Black ($470.17 in chips)
Seat 4: Ag3r0n ($153.28 in chips)
Ag3r0n: posts small blind $1
Garuda Black: posts big blind $3
*** HOLE CARDS ***
Ag3r0n: raises $3 to $6
Garuda Black: folds
Uncalled bet ($3) returned to Ag3r0n
Ag3r0n collected $6 from pot
*** SUMMARY ***
Total pot $6 | Rake $0
Seat 2: Garuda Black (big blind) folded before Flop
Seat 4: Ag3r0n (button) (small blind) collected ($6)


PokerStars Hand #154797723067:  Hold'em Limit ($3/$6 USD) - 2016/06/16 3:28:40 ET
Table 'Clarissa' 6-max Seat #4 is the button
Seat 2: Garuda Black ($455.67 in chips)
Seat 4: Ag3r0n ($168.64 in chips)
Ag3r0n: posts small blind $1
Garuda Black: posts big blind $3
*** HOLE CARDS ***
Ag3r0n: raises $3 to $6
Garuda Black: calls $3
*** FLOP *** [Ac 3h 7h]
Garuda Black: checks
Ag3r0n: bets $3
Garuda Black: calls $3
*** TURN *** [Ac 3h 7h] [9c]
Garuda Black: checks
Ag3r0n: checks
*** RIVER *** [Ac 3h 7h 9c] [Kd]
Garuda Black: checks
Ag3r0n: bets $6
liolilove leaves the table
Garuda Black: folds
Uncalled bet ($6) returned to Ag3r0n
Ag3r0n collected $17.64 from pot
*** SUMMARY ***
Total pot $18 | Rake $0.36
Board [Ac 3h 7h 9c Kd]
Seat 2: Garuda Black (big blind) folded on the River
Seat 4: Ag3r0n (button) (small blind) collected ($17.64)


PokerStars Hand #154797738395:  Hold'em Limit ($3/$6 USD) - 2016/06/16 3:29:36 ET
Table 'Clarissa' 6-max Seat #2 is the button
Seat 2: Garuda Black ($454.17 in chips)
Seat 4: Ag3r0n ($168.80 in chips)
Garuda Black: posts small blind $1
Ag3r0n: posts big blind $3
*** HOLE CARDS ***
Garuda Black: raises $3 to $6
Ag3r0n: calls $3
*** FLOP *** [4c 3s 3d]
Ag3r0n: checks
Garuda Black: bets $3
Ag3r0n: raises $3 to $6
Garuda Black: calls $3
*** TURN *** [4c 3s 3d] [7d]
Ag3r0n: bets $6
Garuda Black: calls $6
*** RIVER *** [4c 3s 3d 7d] [3c]
Ag3r0n: bets $6
Garuda Black: calls $6
*** SHOW DOWN ***
Ag3r0n: shows [4d Qd] (a full house, Threes full of Fours)
Garuda Black: mucks hand
Ag3r0n collected $47.50 from pot
*** SUMMARY ***
Total pot $48 | Rake $0.50
Board [4c 3s 3d 7d 3c]
Seat 2: Garuda Black (button) (small blind) mucked
Seat 4: Ag3r0n (big blind) showed [4d Qd] and won ($47.50) with a full house, Threes full of Fours


PokerStars Hand #154797742340:  Hold'em Limit ($3/$6 USD) - 2016/06/16 3:29:50 ET
Table 'Clarissa' 6-max Seat #4 is the button
Seat 2: Garuda Black ($430.17 in chips)
Seat 4: Ag3r0n ($192.30 in chips)
Ag3r0n: posts small blind $1
Garuda Black: posts big blind $3
*** HOLE CARDS ***
Ag3r0n: raises $3 to $6
Garuda Black: folds
Uncalled bet ($3) returned to Ag3r0n
Ag3r0n collected $6 from pot
*** SUMMARY ***
Total pot $6 | Rake $0
Seat 2: Garuda Black (big blind) folded before Flop
Seat 4: Ag3r0n (button) (small blind) collected ($6)


PokerStars Hand #154797751838:  Hold'em Limit ($3/$6 USD) - 2016/06/16 3:30:26 ET
Table 'Clarissa' 6-max Seat #2 is the button
Seat 2: Garuda Black ($411.67 in chips)
Seat 4: Ag3r0n ($209.80 in chips)
Garuda Black: posts small blind $1
Ag3r0n: posts big blind $3
*** HOLE CARDS ***
Garuda Black: raises $3 to $6
Ag3r0n: raises $3 to $9
Garuda Black: raises $3 to $12
Betting is capped
Ag3r0n: calls $3
*** FLOP *** [As 5d 4d]
Ag3r0n: checks
Garuda Black: bets $3
Ag3r0n: raises $3 to $6
Garuda Black: calls $3
*** TURN *** [As 5d 4d] [Qd]
Ag3r0n: bets $6
Garuda Black: raises $6 to $12
Ag3r0n: raises $6 to $18
Garuda Black: raises $6 to $24
Betting is capped
Ag3r0n: calls $6
*** RIVER *** [As 5d 4d Qd] [4c]
Ag3r0n: checks
Garuda Black: bets $6
Ag3r0n: calls $6
*** SHOW DOWN ***
Garuda Black: shows [Qc Qs] (a full house, Queens full of Fours)
Ag3r0n: mucks hand
Garuda Black collected $95.50 from pot
*** SUMMARY ***
Total pot $96 | Rake $0.50
Board [As 5d 4d Qd 4c]
Seat 2: Garuda Black (button) (small blind) showed [Qc Qs] and won ($95.50) with a full house, Queens full of Fours
Seat 4: Ag3r0n (big blind) mucked


PokerStars Hand #154797743625:  Hold'em Limit ($3/$6 USD) - 2016/06/16 3:29:55 ET
Table 'Clarissa' 6-max Seat #2 is the button
Seat 2: Garuda Black ($427.17 in chips)
Seat 4: Ag3r0n ($195.30 in chips)
Garuda Black: posts small blind $1
Ag3r0n: posts big blind $3
*** HOLE CARDS ***
Garuda Black: raises $3 to $6
Ag3r0n: calls $3
*** FLOP *** [Jh 5s 3s]
Ag3r0n: checks
Garuda Black: bets $3
Ag3r0n: raises $3 to $6
Garuda Black: calls $3
*** TURN *** [Jh 5s 3s] [8d]
Ag3r0n: bets $6
Garuda Black: raises $6 to $12
Ag3r0n: calls $6
*** RIVER *** [Jh 5s 3s 8d] [4s]
Ag3r0n: checks
Garuda Black: bets $6
Ag3r0n: raises $6 to $12
Garuda Black: folds
Uncalled bet ($6) returned to Ag3r0n
Ag3r0n collected $59.50 from pot
*** SUMMARY ***
Total pot $60 | Rake $0.50
Board [Jh 5s 3s 8d 4s]
Seat 2: Garuda Black (button) (small blind) folded on the River
Seat 4: Ag3r0n (big blind) collected ($59.50)


PokerStars Hand #154797748398:  Hold'em Limit ($3/$6 USD) - 2016/06/16 3:30:13 ET
Table 'Clarissa' 6-max Seat #4 is the button
Seat 2: Garuda Black ($397.17 in chips)
Seat 4: Ag3r0n ($224.80 in chips)
Ag3r0n: posts small blind $1
Garuda Black: posts big blind $3
*** HOLE CARDS ***
Ag3r0n: raises $3 to $6
Garuda Black: calls $3
*** FLOP *** [5h Js 7h]
Garuda Black: checks
Ag3r0n: bets $3
Garuda Black: calls $3
*** TURN *** [5h Js 7h] [7s]
Garuda Black: checks
Ag3r0n: bets $6
Garuda Black: calls $6
*** RIVER *** [5h Js 7h 7s] [8h]
Garuda Black: checks
Ag3r0n: checks
*** SHOW DOWN ***
Garuda Black: shows [Kh 5c] (two pair, Sevens and Fives)
Ag3r0n: mucks hand
Garuda Black collected $29.50 from pot
*** SUMMARY ***
Total pot $30 | Rake $0.50
Board [5h Js 7h 7s 8h]
Seat 2: Garuda Black (big blind) showed [Kh 5c] and won ($29.50) with two pair, Sevens and Fives
Seat 4: Ag3r0n (button) (small blind) mucked


PokerStars Hand #154797759328:  Hold'em Limit ($3/$6 USD) - 2016/06/16 3:30:53 ET
Table 'Clarissa' 6-max Seat #2 is the button
Seat 2: Garuda Black ($456.17 in chips)
Seat 4: Ag3r0n ($164.80 in chips)
Garuda Black: posts small blind $1
Ag3r0n: posts big blind $3
*** HOLE CARDS ***
Garuda Black: raises $3 to $6
Ag3r0n: calls $3
*** FLOP *** [9s 3s Ks]
Ag3r0n: checks
Garuda Black: checks
*** TURN *** [9s 3s Ks] [4h]
Ag3r0n: bets $6
Garuda Black: folds
Uncalled bet ($6) returned to Ag3r0n
Ag3r0n collected $11.76 from pot
*** SUMMARY ***
Total pot $12 | Rake $0.24
Board [9s 3s Ks 4h]
Seat 2: Garuda Black (button) (small blind) folded on the Turn
Seat 4: Ag3r0n (big blind) collected ($11.76)


PokerStars Hand #154797756940:  Hold'em Limit ($3/$6 USD) - 2016/06/16 3:30:44 ET
Table 'Clarissa' 6-max Seat #4 is the button
Seat 2: Garuda Black ($459.17 in chips)
Seat 4: Ag3r0n ($161.80 in chips)
Ag3r0n: posts small blind $1
Garuda Black: posts big blind $3
*** HOLE CARDS ***
Ag3r0n: raises $3 to $6
Garuda Black: folds
Uncalled bet ($3) returned to Ag3r0n
Ag3r0n collected $6 from pot
*** SUMMARY ***
Total pot $6 | Rake $0
Seat 2: Garuda Black (big blind) folded before Flop
Seat 4: Ag3r0n (button) (small blind) collected ($6)


