PokerStars Hand #176638238946:  Hold'em Limit ($3/$6 USD) - 2017/10/08 4:04:09 ET
Table 'Claudia' 6-max Seat #5 is the button
Seat 5: Mackeral ($88.69 in chips)
Seat 6: duke6419 ($277.50 in chips)
Mackeral: posts small blind $1
duke6419: posts big blind $3
*** HOLE CARDS ***
Mackeral: folds
Uncalled bet ($2) returned to duke6419
duke6419 collected $2 from pot
duke6419: doesn't show hand
*** SUMMARY ***
Total pot $2 | Rake $0
Seat 5: Mackeral (button) (small blind) folded before Flop
Seat 6: duke6419 (big blind) collected ($2)


PokerStars Hand #176638228162:  Hold'em Limit ($3/$6 USD) - 2017/10/08 4:03:34 ET
Table 'Claudia' 6-max Seat #6 is the button
Seat 5: Mackeral ($112.69 in chips)
Seat 6: duke6419 ($254 in chips)
duke6419: posts small blind $1
aade1ante: is sitting out
Mackeral: posts big blind $3
*** HOLE CARDS ***
duke6419: calls $2
Mackeral: checks
*** FLOP *** [9h 9s 4h]
Mackeral: bets $3
duke6419: calls $3
*** TURN *** [9h 9s 4h] [6c]
Mackeral: bets $6
duke6419: raises $6 to $12
Mackeral: calls $6
*** RIVER *** [9h 9s 4h 6c] [Tc]
Mackeral: checks
duke6419: bets $6
Mackeral: calls $6
*** SHOW DOWN ***
duke6419: shows [4d 4s] (a full house, Fours full of Nines)
Mackeral: mucks hand
duke6419 collected $47.50 from pot
*** SUMMARY ***
Total pot $48 | Rake $0.50
Board [9h 9s 4h 6c Tc]
Seat 5: Mackeral (big blind) mucked
Seat 6: duke6419 (button) (small blind) showed [4d 4s] and won ($47.50) with a full house, Fours full of Nines


PokerStars Hand #176638249070:  Hold'em Limit ($3/$6 USD) - 2017/10/08 4:04:41 ET
Table 'Claudia' 6-max Seat #5 is the button
Seat 5: Mackeral ($96.33 in chips)
Seat 6: duke6419 ($269.50 in chips)
Mackeral: posts small blind $1
duke6419: posts big blind $3
*** HOLE CARDS ***
Mackeral: raises $3 to $6
duke6419: calls $3
*** FLOP *** [Th 4c 9s]
duke6419: checks
Mackeral: bets $3
duke6419: calls $3
*** TURN *** [Th 4c 9s] [Ac]
duke6419: checks
Mackeral: checks
*** RIVER *** [Th 4c 9s Ac] [7s]
duke6419: bets $6
Mackeral: folds
Uncalled bet ($6) returned to duke6419
duke6419 collected $17.64 from pot
duke6419: doesn't show hand
*** SUMMARY ***
Total pot $18 | Rake $0.36
Board [Th 4c 9s Ac 7s]
Seat 5: Mackeral (button) (small blind) folded on the River
Seat 6: duke6419 (big blind) collected ($17.64)


PokerStars Hand #176638241055:  Hold'em Limit ($3/$6 USD) - 2017/10/08 4:04:15 ET
Table 'Claudia' 6-max Seat #6 is the button
Seat 5: Mackeral ($87.69 in chips)
Seat 6: duke6419 ($278.50 in chips)
duke6419: posts small blind $1
Mackeral: posts big blind $3
*** HOLE CARDS ***
duke6419: calls $2
Mackeral: raises $3 to $6
duke6419: calls $3
*** FLOP *** [As 8s Qs]
Mackeral: bets $3
duke6419: calls $3
*** TURN *** [As 8s Qs] [Jh]
Mackeral: bets $6
duke6419: folds
Uncalled bet ($6) returned to Mackeral
Mackeral collected $17.64 from pot
Mackeral: doesn't show hand
*** SUMMARY ***
Total pot $18 | Rake $0.36
Board [As 8s Qs Jh]
Seat 5: Mackeral (big blind) collected ($17.64)
Seat 6: duke6419 (button) (small blind) folded on the Turn


