PokerStars Hand #158640426611:  Hold'em Limit ($3/$6 USD) - 2016/09/15 12:59:38 ET
Table 'Claudia' 6-max Seat #3 is the button
Seat 1: megabaitt ($120 in chips)
Seat 3: **Geka**555 ($34 in chips)
**Geka**555: posts small blind $1
megabaitt: posts big blind $3
*** HOLE CARDS ***
**Geka**555: raises $3 to $6
megabaitt: calls $3
*** FLOP *** [5c 9d 3c]
megabaitt: checks
**Geka**555: checks
*** TURN *** [5c 9d 3c] [Kc]
megabaitt: bets $6
**Geka**555: folds
Uncalled bet ($6) returned to megabaitt
megabaitt collected $11.76 from pot
megabaitt: doesn't show hand
*** SUMMARY ***
Total pot $12 | Rake $0.24
Board [5c 9d 3c Kc]
Seat 1: megabaitt (big blind) collected ($11.76)
Seat 3: **Geka**555 (button) (small blind) folded on the Turn


PokerStars Hand #158640423275:  Hold'em Limit ($3/$6 USD) - 2016/09/15 12:59:32 ET
Table 'Claudia' 6-max Seat #1 is the button
Seat 1: megabaitt ($121 in chips)
Seat 3: **Geka**555 ($33 in chips)
megabaitt: posts small blind $1
**Geka**555: posts big blind $3
*** HOLE CARDS ***
megabaitt: folds
Uncalled bet ($2) returned to **Geka**555
**Geka**555 collected $2 from pot
**Geka**555: doesn't show hand
*** SUMMARY ***
Total pot $2 | Rake $0
Seat 1: megabaitt (button) (small blind) folded before Flop
Seat 3: **Geka**555 (big blind) collected ($2)


PokerStars Hand #158640416180:  Hold'em Limit ($3/$6 USD) - 2016/09/15 12:59:19 ET
Table 'Claudia' 6-max Seat #3 is the button
Seat 1: megabaitt ($120 in chips)
Seat 3: **Geka**555 ($34 in chips)
**Geka**555: posts small blind $1
GoliafUa: is sitting out
megabaitt: posts big blind $3
*** HOLE CARDS ***
**Geka**555: folds
Uncalled bet ($2) returned to megabaitt
megabaitt collected $2 from pot
megabaitt: doesn't show hand
*** SUMMARY ***
Total pot $2 | Rake $0
Seat 1: megabaitt (big blind) collected ($2)
Seat 3: **Geka**555 (button) (small blind) folded before Flop


PokerStars Hand #158640465942:  Hold'em Limit ($3/$6 USD) - 2016/09/15 13:00:46 ET
Table 'Claudia' 6-max Seat #3 is the button
Seat 1: megabaitt ($118.26 in chips)
Seat 3: **Geka**555 ($34.50 in chips)
**Geka**555: posts small blind $1
megabaitt: posts big blind $3
*** HOLE CARDS ***
**Geka**555: folds
Uncalled bet ($2) returned to megabaitt
megabaitt collected $2 from pot
megabaitt: doesn't show hand
*** SUMMARY ***
Total pot $2 | Rake $0
Seat 1: megabaitt (big blind) collected ($2)
Seat 3: **Geka**555 (button) (small blind) folded before Flop


PokerStars Hand #158640454499:  Hold'em Limit ($3/$6 USD) - 2016/09/15 13:00:27 ET
Table 'Claudia' 6-max Seat #1 is the button
Seat 1: megabaitt ($103.76 in chips)
Seat 3: **Geka**555 ($49.50 in chips)
megabaitt: posts small blind $1
**Geka**555: posts big blind $3
*** HOLE CARDS ***
megabaitt: raises $3 to $6
**Geka**555: calls $3
*** FLOP *** [8s 7d 9s]
**Geka**555: checks
megabaitt: bets $3
**Geka**555: calls $3
*** TURN *** [8s 7d 9s] [Jc]
**Geka**555: checks
megabaitt: checks
*** RIVER *** [8s 7d 9s Jc] [6h]
**Geka**555: bets $6
megabaitt: calls $6
*** SHOW DOWN ***
**Geka**555: shows [6s Qh] (a pair of Sixes)
megabaitt: shows [9d Qc] (a pair of Nines)
megabaitt collected $29.50 from pot
*** SUMMARY ***
Total pot $30 | Rake $0.50
Board [8s 7d 9s Jc 6h]
Seat 1: megabaitt (button) (small blind) showed [9d Qc] and won ($29.50) with a pair of Nines
Seat 3: **Geka**555 (big blind) showed [6s Qh] and lost with a pair of Sixes


PokerStars Hand #158640438526:  Hold'em Limit ($3/$6 USD) - 2016/09/15 12:59:59 ET
Table 'Claudia' 6-max Seat #3 is the button
Seat 1: megabaitt ($124.76 in chips)
Seat 3: **Geka**555 ($29 in chips)
**Geka**555: posts small blind $1
megabaitt: posts big blind $3
*** HOLE CARDS ***
**Geka**555: raises $3 to $6
megabaitt: calls $3
*** FLOP *** [4h Th 5h]
megabaitt: checks
**Geka**555: bets $3
megabaitt: calls $3
*** TURN *** [4h Th 5h] [6s]
megabaitt: checks
**Geka**555: checks
*** RIVER *** [4h Th 5h 6s] [8h]
megabaitt: bets $6
**Geka**555: raises $6 to $12
megabaitt: calls $6
*** SHOW DOWN ***
**Geka**555: shows [8d Kh] (a flush, King high)
megabaitt: mucks hand
**Geka**555 collected $41.50 from pot
*** SUMMARY ***
Total pot $42 | Rake $0.50
Board [4h Th 5h 6s 8h]
Seat 1: megabaitt (big blind) mucked
Seat 3: **Geka**555 (button) (small blind) showed [8d Kh] and won ($41.50) with a flush, King high


PokerStars Hand #158640435316:  Hold'em Limit ($3/$6 USD) - 2016/09/15 12:59:53 ET
Table 'Claudia' 6-max Seat #1 is the button
Seat 1: megabaitt ($125.76 in chips)
Seat 3: **Geka**555 ($28 in chips)
megabaitt: posts small blind $1
**Geka**555: posts big blind $3
*** HOLE CARDS ***
megabaitt: folds
Uncalled bet ($2) returned to **Geka**555
**Geka**555 collected $2 from pot
**Geka**555: doesn't show hand
*** SUMMARY ***
Total pot $2 | Rake $0
Seat 1: megabaitt (button) (small blind) folded before Flop
Seat 3: **Geka**555 (big blind) collected ($2)


PokerStars Hand #158640482391:  Hold'em Limit ($3/$6 USD) - 2016/09/15 13:01:14 ET
Table 'Claudia' 6-max Seat #3 is the button
Seat 1: megabaitt ($107.26 in chips)
Seat 3: **Geka**555 ($45.02 in chips)
**Geka**555: posts small blind $1
megabaitt: posts big blind $3
*** HOLE CARDS ***
**Geka**555: calls $2
megabaitt: checks
*** FLOP *** [6h Jh 3h]
megabaitt: bets $3
**Geka**555: calls $3
*** TURN *** [6h Jh 3h] [3d]
megabaitt: checks
**Geka**555: bets $6
megabaitt: folds
Uncalled bet ($6) returned to **Geka**555
**Geka**555 collected $11.76 from pot
**Geka**555: doesn't show hand
*** SUMMARY ***
Total pot $12 | Rake $0.24
Board [6h Jh 3h 3d]
Seat 1: megabaitt (big blind) folded on the Turn
Seat 3: **Geka**555 (button) (small blind) collected ($11.76)


PokerStars Hand #158640468649:  Hold'em Limit ($3/$6 USD) - 2016/09/15 13:00:51 ET
Table 'Claudia' 6-max Seat #1 is the button
Seat 1: megabaitt ($119.26 in chips)
Seat 3: **Geka**555 ($33.50 in chips)
megabaitt: posts small blind $1
**Geka**555: posts big blind $3
*** HOLE CARDS ***
megabaitt: raises $3 to $6
**Geka**555: calls $3
*** FLOP *** [3h 8h 4d]
**Geka**555: checks
megabaitt: bets $3
**Geka**555: raises $3 to $6
megabaitt: calls $3
*** TURN *** [3h 8h 4d] [Qh]
**Geka**555: bets $6
megabaitt: folds
Uncalled bet ($6) returned to **Geka**555
**Geka**555 collected $23.52 from pot
**Geka**555: doesn't show hand
*** SUMMARY ***
Total pot $24 | Rake $0.48
Board [3h 8h 4d Qh]
Seat 1: megabaitt (button) (small blind) folded on the Turn
Seat 3: **Geka**555 (big blind) collected ($23.52)


