PokerStars Hand #148228427242:  Hold'em Limit ($3/$6 USD) - 2016/02/04 12:28:54 ET
Table 'Claudia IV' 2-max Seat #2 is the button
Seat 1: favete lin ($72 in chips)
Seat 2: AHugoBossA ($57.82 in chips)
AHugoBossA: posts small blind $1
favete lin: posts big blind $3
*** HOLE CARDS ***
AHugoBossA: calls $2
favete lin: raises $3 to $6
AHugoBossA: calls $3
*** FLOP *** [2s 7d 5h]
favete lin: bets $3
AHugoBossA: raises $3 to $6
favete lin: calls $3
*** TURN *** [2s 7d 5h] [Ks]
favete lin: checks
AHugoBossA: bets $6
favete lin: calls $6
*** RIVER *** [2s 7d 5h Ks] [8d]
favete lin: checks
AHugoBossA: checks
*** SHOW DOWN ***
favete lin: shows [Qh Td] (high card King)
AHugoBossA: shows [7h 9c] (a pair of Sevens)
AHugoBossA collected $35.50 from pot
*** SUMMARY ***
Total pot $36 | Rake $0.50
Board [2s 7d 5h Ks 8d]
Seat 1: favete lin (big blind) showed [Qh Td] and lost with high card King
Seat 2: AHugoBossA (button) (small blind) showed [7h 9c] and won ($35.50) with a pair of Sevens


PokerStars Hand #148228482643:  Hold'em Limit ($3/$6 USD) - 2016/02/04 12:29:54 ET
Table 'Claudia IV' 2-max Seat #1 is the button
Seat 1: favete lin ($77.76 in chips)
Seat 2: AHugoBossA ($68.96 in chips)
favete lin: posts small blind $1
AHugoBossA: posts big blind $3
*** HOLE CARDS ***
favete lin: raises $3 to $6
AHugoBossA: calls $3
*** FLOP *** [5s 6d Qd]
AHugoBossA: checks
favete lin: bets $3
AHugoBossA: folds
Uncalled bet ($3) returned to favete lin
favete lin collected $11.76 from pot
favete lin: doesn't show hand
*** SUMMARY ***
Total pot $12 | Rake $0.24
Board [5s 6d Qd]
Seat 1: favete lin (button) (small blind) collected ($11.76)
Seat 2: AHugoBossA (big blind) folded on the Flop


PokerStars Hand #148228475113:  Hold'em Limit ($3/$6 USD) - 2016/02/04 12:29:46 ET
Table 'Claudia IV' 2-max Seat #2 is the button
Seat 1: favete lin ($72 in chips)
Seat 2: AHugoBossA ($74.96 in chips)
AHugoBossA: posts small blind $1
favete lin: posts big blind $3
*** HOLE CARDS ***
AHugoBossA: calls $2
favete lin: raises $3 to $6
AHugoBossA: calls $3
*** FLOP *** [6d As Jh]
favete lin: bets $3
AHugoBossA: folds
Uncalled bet ($3) returned to favete lin
favete lin collected $11.76 from pot
favete lin: doesn't show hand
*** SUMMARY ***
Total pot $12 | Rake $0.24
Board [6d As Jh]
Seat 1: favete lin (big blind) collected ($11.76)
Seat 2: AHugoBossA (button) (small blind) folded on the Flop


PokerStars Hand #148228463686:  Hold'em Limit ($3/$6 USD) - 2016/02/04 12:29:33 ET
Table 'Claudia IV' 2-max Seat #1 is the button
Seat 1: favete lin ($80.64 in chips)
Seat 2: AHugoBossA ($66.32 in chips)
favete lin: posts small blind $1
AHugoBossA: posts big blind $3
*** HOLE CARDS ***
favete lin: calls $2
AHugoBossA: checks
*** FLOP *** [7d 3h Qc]
AHugoBossA: checks
favete lin: checks
*** TURN *** [7d 3h Qc] [7c]
AHugoBossA: checks
favete lin: checks
*** RIVER *** [7d 3h Qc 7c] [2d]
AHugoBossA: bets $6
favete lin: calls $6
*** SHOW DOWN ***
AHugoBossA: shows [5h 7s] (three of a kind, Sevens)
favete lin: mucks hand
AHugoBossA collected $17.64 from pot
*** SUMMARY ***
Total pot $18 | Rake $0.36
Board [7d 3h Qc 7c 2d]
Seat 1: favete lin (button) (small blind) mucked
Seat 2: AHugoBossA (big blind) showed [5h 7s] and won ($17.64) with three of a kind, Sevens


PokerStars Hand #148228457091:  Hold'em Limit ($3/$6 USD) - 2016/02/04 12:29:26 ET
Table 'Claudia IV' 2-max Seat #2 is the button
Seat 1: favete lin ($77.76 in chips)
Seat 2: AHugoBossA ($69.32 in chips)
AHugoBossA: posts small blind $1
favete lin: posts big blind $3
*** HOLE CARDS ***
AHugoBossA: calls $2
favete lin: checks
*** FLOP *** [Ah 9c 2d]
favete lin: bets $3
AHugoBossA: folds
Uncalled bet ($3) returned to favete lin
favete lin collected $5.88 from pot
favete lin: doesn't show hand
*** SUMMARY ***
Total pot $6 | Rake $0.12
Board [Ah 9c 2d]
Seat 1: favete lin (big blind) collected ($5.88)
Seat 2: AHugoBossA (button) (small blind) folded on the Flop


PokerStars Hand #148228446805:  Hold'em Limit ($3/$6 USD) - 2016/02/04 12:29:15 ET
Table 'Claudia IV' 2-max Seat #1 is the button
Seat 1: favete lin ($72 in chips)
Seat 2: AHugoBossA ($75.32 in chips)
favete lin: posts small blind $1
AHugoBossA: posts big blind $3
*** HOLE CARDS ***
favete lin: raises $3 to $6
AHugoBossA: calls $3
*** FLOP *** [6d 8d Qs]
AHugoBossA: checks
favete lin: bets $3
AHugoBossA: folds
Uncalled bet ($3) returned to favete lin
favete lin collected $11.76 from pot
favete lin: doesn't show hand
*** SUMMARY ***
Total pot $12 | Rake $0.24
Board [6d 8d Qs]
Seat 1: favete lin (button) (small blind) collected ($11.76)
Seat 2: AHugoBossA (big blind) folded on the Flop


PokerStars Hand #148228544540:  Hold'em Limit ($3/$6 USD) - 2016/02/04 12:31:01 ET
Table 'Claudia IV' 2-max Seat #1 is the button
Seat 1: favete lin ($103.56 in chips)
Seat 2: AHugoBossA ($41.84 in chips)
favete lin: posts small blind $1
AHugoBossA: posts big blind $3
*** HOLE CARDS ***
favete lin: calls $2
AHugoBossA: checks
*** FLOP *** [3d 5h Qc]
AHugoBossA: bets $3
favete lin: calls $3
*** TURN *** [3d 5h Qc] [9c]
AHugoBossA: checks
favete lin: bets $6
AHugoBossA: folds
Uncalled bet ($6) returned to favete lin
favete lin collected $11.76 from pot
favete lin: doesn't show hand
*** SUMMARY ***
Total pot $12 | Rake $0.24
Board [3d 5h Qc 9c]
Seat 1: favete lin (button) (small blind) collected ($11.76)
Seat 2: AHugoBossA (big blind) folded on the Turn


PokerStars Hand #148228536214:  Hold'em Limit ($3/$6 USD) - 2016/02/04 12:30:52 ET
Table 'Claudia IV' 2-max Seat #2 is the button
Seat 1: favete lin ($100.68 in chips)
Seat 2: AHugoBossA ($44.84 in chips)
AHugoBossA: posts small blind $1
favete lin: posts big blind $3
*** HOLE CARDS ***
AHugoBossA: calls $2
favete lin: checks
*** FLOP *** [2c Ah 8h]
favete lin: checks
AHugoBossA: checks
*** TURN *** [2c Ah 8h] [9d]
favete lin: bets $6
AHugoBossA: folds
Uncalled bet ($6) returned to favete lin
favete lin collected $5.88 from pot
favete lin: doesn't show hand
*** SUMMARY ***
Total pot $6 | Rake $0.12
Board [2c Ah 8h 9d]
Seat 1: favete lin (big blind) collected ($5.88)
Seat 2: AHugoBossA (button) (small blind) folded on the Turn


PokerStars Hand #148228528771:  Hold'em Limit ($3/$6 USD) - 2016/02/04 12:30:44 ET
Table 'Claudia IV' 2-max Seat #1 is the button
Seat 1: favete lin ($94.92 in chips)
Seat 2: AHugoBossA ($50.84 in chips)
favete lin: posts small blind $1
AHugoBossA: posts big blind $3
*** HOLE CARDS ***
favete lin: raises $3 to $6
AHugoBossA: calls $3
*** FLOP *** [7c 2h 7s]
AHugoBossA: checks
favete lin: bets $3
AHugoBossA: folds
Uncalled bet ($3) returned to favete lin
favete lin collected $11.76 from pot
favete lin: doesn't show hand
*** SUMMARY ***
Total pot $12 | Rake $0.24
Board [7c 2h 7s]
Seat 1: favete lin (button) (small blind) collected ($11.76)
Seat 2: AHugoBossA (big blind) folded on the Flop


PokerStars Hand #148228518944:  Hold'em Limit ($3/$6 USD) - 2016/02/04 12:30:33 ET
Table 'Claudia IV' 2-max Seat #2 is the button
Seat 1: favete lin ($97.92 in chips)
Seat 2: AHugoBossA ($47.96 in chips)
AHugoBossA: posts small blind $1
favete lin: posts big blind $3
*** HOLE CARDS ***
AHugoBossA: calls $2
favete lin: checks
*** FLOP *** [2s Jd 9c]
favete lin: checks
AHugoBossA: checks
*** TURN *** [2s Jd 9c] [5d]
favete lin: checks
AHugoBossA: bets $6
favete lin: folds
Uncalled bet ($6) returned to AHugoBossA
AHugoBossA collected $5.88 from pot
AHugoBossA: doesn't show hand
*** SUMMARY ***
Total pot $6 | Rake $0.12
Board [2s Jd 9c 5d]
Seat 1: favete lin (big blind) folded on the Turn
Seat 2: AHugoBossA (button) (small blind) collected ($5.88)


PokerStars Hand #148228509650:  Hold'em Limit ($3/$6 USD) - 2016/02/04 12:30:23 ET
Table 'Claudia IV' 2-max Seat #1 is the button
Seat 1: favete lin ($92.16 in chips)
Seat 2: AHugoBossA ($53.96 in chips)
favete lin: posts small blind $1
AHugoBossA: posts big blind $3
*** HOLE CARDS ***
favete lin: raises $3 to $6
AHugoBossA: calls $3
*** FLOP *** [7c Ah 6d]
AHugoBossA: checks
favete lin: bets $3
AHugoBossA: folds
Uncalled bet ($3) returned to favete lin
favete lin collected $11.76 from pot
favete lin: doesn't show hand
*** SUMMARY ***
Total pot $12 | Rake $0.24
Board [7c Ah 6d]
Seat 1: favete lin (button) (small blind) collected ($11.76)
Seat 2: AHugoBossA (big blind) folded on the Flop


PokerStars Hand #148228493100:  Hold'em Limit ($3/$6 USD) - 2016/02/04 12:30:05 ET
Table 'Claudia IV' 2-max Seat #2 is the button
Seat 1: favete lin ($83.52 in chips)
Seat 2: AHugoBossA ($62.96 in chips)
AHugoBossA: posts small blind $1
favete lin: posts big blind $3
*** HOLE CARDS ***
AHugoBossA: calls $2
favete lin: checks
*** FLOP *** [6s 5c 6h]
favete lin: checks
AHugoBossA: checks
*** TURN *** [6s 5c 6h] [7c]
favete lin: checks
AHugoBossA: checks
*** RIVER *** [6s 5c 6h 7c] [5h]
favete lin: bets $6
AHugoBossA: calls $6
*** SHOW DOWN ***
favete lin: shows [Js 5s] (a full house, Fives full of Sixes)
AHugoBossA: mucks hand
favete lin collected $17.64 from pot
*** SUMMARY ***
Total pot $18 | Rake $0.36
Board [6s 5c 6h 7c 5h]
Seat 1: favete lin (big blind) showed [Js 5s] and won ($17.64) with a full house, Fives full of Sixes
Seat 2: AHugoBossA (button) (small blind) mucked


PokerStars Hand #148228593245:  Hold'em Limit ($3/$6 USD) - 2016/02/04 12:31:53 ET
Table 'Claudia IV' 2-max Seat #2 is the button
Seat 1: favete lin ($99.02 in chips)
Seat 2: AHugoBossA ($45.28 in chips)
AHugoBossA: posts small blind $1
favete lin: posts big blind $3
*** HOLE CARDS ***
AHugoBossA: calls $2
favete lin: checks
*** FLOP *** [7c 4c 8c]
favete lin: checks
AHugoBossA: checks
*** TURN *** [7c 4c 8c] [4d]
favete lin: checks
AHugoBossA: checks
*** RIVER *** [7c 4c 8c 4d] [4s]
favete lin: checks
AHugoBossA: checks
*** SHOW DOWN ***
favete lin: shows [3h 5s] (three of a kind, Fours)
AHugoBossA: shows [6h Th] (three of a kind, Fours - Ten kicker)
AHugoBossA collected $5.88 from pot
*** SUMMARY ***
Total pot $6 | Rake $0.12
Board [7c 4c 8c 4d 4s]
Seat 1: favete lin (big blind) showed [3h 5s] and lost with three of a kind, Fours
Seat 2: AHugoBossA (button) (small blind) showed [6h Th] and won ($5.88) with three of a kind, Fours


PokerStars Hand #148228583622:  Hold'em Limit ($3/$6 USD) - 2016/02/04 12:31:43 ET
Table 'Claudia IV' 2-max Seat #1 is the button
Seat 1: favete lin ($93.26 in chips)
Seat 2: AHugoBossA ($51.28 in chips)
favete lin: posts small blind $1
AHugoBossA: posts big blind $3
*** HOLE CARDS ***
favete lin: raises $3 to $6
AHugoBossA: calls $3
*** FLOP *** [2d Jd 3d]
AHugoBossA: checks
favete lin: bets $3
AHugoBossA: folds
Uncalled bet ($3) returned to favete lin
favete lin collected $11.76 from pot
favete lin: doesn't show hand
*** SUMMARY ***
Total pot $12 | Rake $0.24
Board [2d Jd 3d]
Seat 1: favete lin (button) (small blind) collected ($11.76)
Seat 2: AHugoBossA (big blind) folded on the Flop


PokerStars Hand #148228572602:  Hold'em Limit ($3/$6 USD) - 2016/02/04 12:31:31 ET
Table 'Claudia IV' 2-max Seat #2 is the button
Seat 1: favete lin ($93.32 in chips)
Seat 2: AHugoBossA ($51.34 in chips)
AHugoBossA: posts small blind $1
favete lin: posts big blind $3
*** HOLE CARDS ***
AHugoBossA: calls $2
favete lin: checks
*** FLOP *** [2h Kc Js]
favete lin: checks
AHugoBossA: checks
*** TURN *** [2h Kc Js] [7h]
favete lin: checks
AHugoBossA: checks
*** RIVER *** [2h Kc Js 7h] [Ks]
favete lin: checks
AHugoBossA: checks
*** SHOW DOWN ***
favete lin: shows [9d 4h] (a pair of Kings)
AHugoBossA: shows [9h 4d] (a pair of Kings)
favete lin collected $2.94 from pot
AHugoBossA collected $2.94 from pot
*** SUMMARY ***
Total pot $6 | Rake $0.12
Board [2h Kc Js 7h Ks]
Seat 1: favete lin (big blind) showed [9d 4h] and won ($2.94) with a pair of Kings
Seat 2: AHugoBossA (button) (small blind) showed [9h 4d] and won ($2.94) with a pair of Kings


PokerStars Hand #148228568821:  Hold'em Limit ($3/$6 USD) - 2016/02/04 12:31:27 ET
Table 'Claudia IV' 2-max Seat #1 is the button
Seat 1: favete lin ($94.32 in chips)
Seat 2: AHugoBossA ($50.34 in chips)
favete lin: posts small blind $1
AHugoBossA: posts big blind $3
*** HOLE CARDS ***
favete lin: folds
Uncalled bet ($2) returned to AHugoBossA
AHugoBossA collected $2 from pot
AHugoBossA: doesn't show hand
*** SUMMARY ***
Total pot $2 | Rake $0
Seat 1: favete lin (button) (small blind) folded before Flop
Seat 2: AHugoBossA (big blind) collected ($2)


PokerStars Hand #148228555747:  Hold'em Limit ($3/$6 USD) - 2016/02/04 12:31:13 ET
Table 'Claudia IV' 2-max Seat #2 is the button
Seat 1: favete lin ($109.32 in chips)
Seat 2: AHugoBossA ($35.84 in chips)
AHugoBossA: posts small blind $1
favete lin: posts big blind $3
*** HOLE CARDS ***
AHugoBossA: raises $3 to $6
favete lin: calls $3
*** FLOP *** [3s Ts 3h]
favete lin: checks
AHugoBossA: bets $3
favete lin: calls $3
*** TURN *** [3s Ts 3h] [5h]
favete lin: checks
AHugoBossA: bets $6
favete lin: calls $6
*** RIVER *** [3s Ts 3h 5h] [9s]
favete lin: checks
AHugoBossA: checks
*** SHOW DOWN ***
favete lin: shows [Jh 2h] (a pair of Threes)
AHugoBossA: shows [Jd Ad] (a pair of Threes - Ace kicker)
AHugoBossA collected $29.50 from pot
*** SUMMARY ***
Total pot $30 | Rake $0.50
Board [3s Ts 3h 5h 9s]
Seat 1: favete lin (big blind) showed [Jh 2h] and lost with a pair of Threes
Seat 2: AHugoBossA (button) (small blind) showed [Jd Ad] and won ($29.50) with a pair of Threes


PokerStars Hand #148228662603:  Hold'em Limit ($3/$6 USD) - 2016/02/04 12:33:07 ET
Table 'Claudia IV' 2-max Seat #2 is the button
Seat 1: favete lin ($72 in chips)
Seat 2: AHugoBossA ($79.80 in chips)
AHugoBossA: posts small blind $1
favete lin: posts big blind $3
*** HOLE CARDS ***
AHugoBossA: folds
Uncalled bet ($2) returned to favete lin
favete lin collected $2 from pot
favete lin: doesn't show hand
*** SUMMARY ***
Total pot $2 | Rake $0
Seat 1: favete lin (big blind) collected ($2)
Seat 2: AHugoBossA (button) (small blind) folded before Flop


PokerStars Hand #148228648801:  Hold'em Limit ($3/$6 USD) - 2016/02/04 12:32:52 ET
Table 'Claudia IV' 2-max Seat #1 is the button
Seat 1: favete lin ($77.76 in chips)
Seat 2: AHugoBossA ($65.30 in chips)
favete lin: posts small blind $1
AHugoBossA: posts big blind $3
*** HOLE CARDS ***
favete lin: raises $3 to $6
AHugoBossA: calls $3
*** FLOP *** [8d Qc 6s]
AHugoBossA: checks
favete lin: bets $3
AHugoBossA: calls $3
*** TURN *** [8d Qc 6s] [3s]
AHugoBossA: checks
favete lin: bets $6
AHugoBossA: calls $6
*** RIVER *** [8d Qc 6s 3s] [4c]
AHugoBossA: checks
favete lin: checks
*** SHOW DOWN ***
AHugoBossA: shows [8s 9c] (a pair of Eights)
favete lin: mucks hand
AHugoBossA collected $29.50 from pot
*** SUMMARY ***
Total pot $30 | Rake $0.50
Board [8d Qc 6s 3s 4c]
Seat 1: favete lin (button) (small blind) mucked
Seat 2: AHugoBossA (big blind) showed [8s 9c] and won ($29.50) with a pair of Eights


PokerStars Hand #148228639499:  Hold'em Limit ($3/$6 USD) - 2016/02/04 12:32:42 ET
Table 'Claudia IV' 2-max Seat #2 is the button
Seat 1: favete lin ($72 in chips)
Seat 2: AHugoBossA ($71.30 in chips)
AHugoBossA: posts small blind $1
favete lin: posts big blind $3
*** HOLE CARDS ***
AHugoBossA: calls $2
favete lin: raises $3 to $6
AHugoBossA: calls $3
*** FLOP *** [3d Jh Ad]
favete lin: bets $3
AHugoBossA: folds
Uncalled bet ($3) returned to favete lin
favete lin collected $11.76 from pot
favete lin: doesn't show hand
*** SUMMARY ***
Total pot $12 | Rake $0.24
Board [3d Jh Ad]
Seat 1: favete lin (big blind) collected ($11.76)
Seat 2: AHugoBossA (button) (small blind) folded on the Flop


PokerStars Hand #148228628558:  Hold'em Limit ($3/$6 USD) - 2016/02/04 12:32:31 ET
Table 'Claudia IV' 2-max Seat #1 is the button
Seat 1: favete lin ($92.78 in chips)
Seat 2: AHugoBossA ($50.80 in chips)
favete lin: posts small blind $1
AHugoBossA: posts big blind $3
*** HOLE CARDS ***
favete lin: raises $3 to $6
AHugoBossA: calls $3
*** FLOP *** [Jc 8s 4h]
AHugoBossA: bets $3
favete lin: calls $3
*** TURN *** [Jc 8s 4h] [3c]
AHugoBossA: bets $6
favete lin: calls $6
*** RIVER *** [Jc 8s 4h 3c] [5c]
AHugoBossA: bets $6
favete lin: calls $6
*** SHOW DOWN ***
AHugoBossA: shows [Kh Js] (a pair of Jacks)
favete lin: mucks hand
AHugoBossA collected $41.50 from pot
*** SUMMARY ***
Total pot $42 | Rake $0.50
Board [Jc 8s 4h 3c 5c]
Seat 1: favete lin (button) (small blind) mucked
Seat 2: AHugoBossA (big blind) showed [Kh Js] and won ($41.50) with a pair of Jacks


PokerStars Hand #148228619176:  Hold'em Limit ($3/$6 USD) - 2016/02/04 12:32:21 ET
Table 'Claudia IV' 2-max Seat #2 is the button
Seat 1: favete lin ($87.02 in chips)
Seat 2: AHugoBossA ($56.80 in chips)
AHugoBossA: posts small blind $1
favete lin: posts big blind $3
*** HOLE CARDS ***
AHugoBossA: calls $2
favete lin: checks
*** FLOP *** [Tc 8c 6d]
favete lin: bets $3
AHugoBossA: calls $3
*** TURN *** [Tc 8c 6d] [Qh]
favete lin: bets $6
AHugoBossA: folds
Uncalled bet ($6) returned to favete lin
favete lin collected $11.76 from pot
favete lin: doesn't show hand
*** SUMMARY ***
Total pot $12 | Rake $0.24
Board [Tc 8c 6d Qh]
Seat 1: favete lin (big blind) collected ($11.76)
Seat 2: AHugoBossA (button) (small blind) folded on the Turn


PokerStars Hand #148228604530:  Hold'em Limit ($3/$6 USD) - 2016/02/04 12:32:05 ET
Table 'Claudia IV' 2-max Seat #1 is the button
Seat 1: favete lin ($96.02 in chips)
Seat 2: AHugoBossA ($48.16 in chips)
favete lin: posts small blind $1
AHugoBossA: posts big blind $3
*** HOLE CARDS ***
favete lin: raises $3 to $6
AHugoBossA: calls $3
*** FLOP *** [9s Ah Jd]
AHugoBossA: checks
favete lin: bets $3
AHugoBossA: calls $3
*** TURN *** [9s Ah Jd] [7c]
AHugoBossA: checks
favete lin: checks
*** RIVER *** [9s Ah Jd 7c] [9d]
AHugoBossA: checks
favete lin: checks
*** SHOW DOWN ***
AHugoBossA: shows [Th Td] (two pair, Tens and Nines)
favete lin: mucks hand
AHugoBossA collected $17.64 from pot
*** SUMMARY ***
Total pot $18 | Rake $0.36
Board [9s Ah Jd 7c 9d]
Seat 1: favete lin (button) (small blind) mucked
Seat 2: AHugoBossA (big blind) showed [Th Td] and won ($17.64) with two pair, Tens and Nines


