PokerStars Hand #149326684418:  Hold'em Limit ($3/$6 USD) - 2016/02/24 4:39:35 ET
Table 'Clavel II' 6-max Seat #2 is the button
Seat 2: kulinichvm ($54.73 in chips)
Seat 3: kolaz03 ($72 in chips)
kulinichvm: posts small blind $1
kolaz03: posts big blind $3
*** HOLE CARDS ***
kulinichvm: calls $2
kolaz03: raises $3 to $6
kulinichvm: calls $3
*** FLOP *** [Jh Qd Ah]
kolaz03: bets $3
kulinichvm: calls $3
*** TURN *** [Jh Qd Ah] [9c]
kolaz03: bets $6
kulinichvm: raises $6 to $12
kolaz03: calls $6
*** RIVER *** [Jh Qd Ah 9c] [Tc]
kolaz03: checks
kulinichvm: bets $6
kolaz03: calls $6
*** SHOW DOWN ***
kulinichvm: shows [Qc Jd] (two pair, Queens and Jacks)
kolaz03: mucks hand
kulinichvm collected $53.50 from pot
*** SUMMARY ***
Total pot $54 | Rake $0.50
Board [Jh Qd Ah 9c Tc]
Seat 2: kulinichvm (button) (small blind) showed [Qc Jd] and won ($53.50) with two pair, Queens and Jacks
Seat 3: kolaz03 (big blind) mucked


PokerStars Hand #149326673068:  Hold'em Limit ($3/$6 USD) - 2016/02/24 4:39:08 ET
Table 'Clavel II' 6-max Seat #3 is the button
Seat 2: kulinichvm ($43.21 in chips)
Seat 3: kolaz03 ($72 in chips)
kolaz03: posts small blind $1
TbIP-TbIP 88: is sitting out
TbIP-TbIP 88 leaves the table
kulinichvm: posts big blind $3
*** HOLE CARDS ***
kolaz03: raises $3 to $6
kulinichvm: raises $3 to $9
kolaz03: calls $3
*** FLOP *** [Ad Ac 4h]
kulinichvm: bets $3
kolaz03: calls $3
*** TURN *** [Ad Ac 4h] [Kh]
kulinichvm: bets $6
kolaz03: folds
Uncalled bet ($6) returned to kulinichvm
kulinichvm collected $23.52 from pot
*** SUMMARY ***
Total pot $24 | Rake $0.48
Board [Ad Ac 4h Kh]
Seat 2: kulinichvm (big blind) collected ($23.52)
Seat 3: kolaz03 (button) (small blind) folded on the Turn


PokerStars Hand #149326694170:  Hold'em Limit ($3/$6 USD) - 2016/02/24 4:39:59 ET
Table 'Clavel II' 6-max Seat #3 is the button
Seat 2: kulinichvm ($81.23 in chips)
Seat 3: kolaz03 ($72 in chips)
kolaz03: posts small blind $1
kulinichvm: posts big blind $3
*** HOLE CARDS ***
kolaz03: raises $3 to $6
kulinichvm: raises $3 to $9
kolaz03: calls $3
*** FLOP *** [4c 9h 8c]
kulinichvm: checks
kolaz03: bets $3
kulinichvm: raises $3 to $6
kolaz03: calls $3
*** TURN *** [4c 9h 8c] [Ah]
kulinichvm: bets $6
kolaz03: calls $6
*** RIVER *** [4c 9h 8c Ah] [Jh]
kulinichvm: checks
kolaz03: checks
*** SHOW DOWN ***
kulinichvm: shows [Jc Jd] (three of a kind, Jacks)
kolaz03: mucks hand
kulinichvm collected $41.50 from pot
*** SUMMARY ***
Total pot $42 | Rake $0.50
Board [4c 9h 8c Ah Jh]
Seat 2: kulinichvm (big blind) showed [Jc Jd] and won ($41.50) with three of a kind, Jacks
Seat 3: kolaz03 (button) (small blind) mucked


PokerStars Hand #149326706475:  Hold'em Limit ($3/$6 USD) - 2016/02/24 4:40:28 ET
Table 'Clavel II' 6-max Seat #2 is the button
Seat 2: kulinichvm ($101.73 in chips)
Seat 3: kolaz03 ($72 in chips)
kulinichvm: posts small blind $1
kolaz03: posts big blind $3
*** HOLE CARDS ***
kulinichvm: calls $2
kolaz03: raises $3 to $6
kulinichvm: calls $3
*** FLOP *** [6d 7s Kc]
kolaz03: bets $3
kulinichvm: calls $3
*** TURN *** [6d 7s Kc] [Qd]
kolaz03: bets $6
kulinichvm: raises $6 to $12
kolaz03: calls $6
*** RIVER *** [6d 7s Kc Qd] [7h]
kolaz03: checks
kulinichvm: bets $6
kolaz03: calls $6
*** SHOW DOWN ***
kulinichvm: shows [3s Kh] (two pair, Kings and Sevens)
kolaz03: mucks hand
kulinichvm collected $53.50 from pot
*** SUMMARY ***
Total pot $54 | Rake $0.50
Board [6d 7s Kc Qd 7h]
Seat 2: kulinichvm (button) (small blind) showed [3s Kh] and won ($53.50) with two pair, Kings and Sevens
Seat 3: kolaz03 (big blind) mucked


PokerStars Hand #149326720015:  Hold'em Limit ($3/$6 USD) - 2016/02/24 4:41:00 ET
Table 'Clavel II' 6-max Seat #3 is the button
Seat 2: kulinichvm ($128.23 in chips)
Seat 3: kolaz03 ($72 in chips)
kolaz03: posts small blind $1
kulinichvm: posts big blind $3
*** HOLE CARDS ***
kolaz03: raises $3 to $6
kulinichvm: calls $3
*** FLOP *** [6s Tc 4d]
kulinichvm: bets $3
kolaz03: calls $3
*** TURN *** [6s Tc 4d] [Ad]
kulinichvm: bets $6
kolaz03: folds
Uncalled bet ($6) returned to kulinichvm
kulinichvm collected $17.64 from pot
*** SUMMARY ***
Total pot $18 | Rake $0.36
Board [6s Tc 4d Ad]
Seat 2: kulinichvm (big blind) collected ($17.64)
Seat 3: kolaz03 (button) (small blind) folded on the Turn


