PokerStars Hand #161081966210:  Hold'em Limit ($3/$6 USD) - 2016/11/08 5:20:23 ET
Table 'Clavel' 6-max Seat #6 is the button
Seat 4: VolkovDmitri ($120 in chips)
Seat 6: crybaby000 ($120 in chips)
crybaby000: posts small blind $1
VolkovDmitri: posts big blind $3
*** HOLE CARDS ***
crybaby000: calls $2
VolkovDmitri: raises $3 to $6
crybaby000: calls $3
*** FLOP *** [7d 2d 4s]
VolkovDmitri: bets $3
beng_51 joins the table at seat #2
crybaby000: folds
Uncalled bet ($3) returned to VolkovDmitri
VolkovDmitri collected $11.76 from pot
VolkovDmitri: doesn't show hand
*** SUMMARY ***
Total pot $12 | Rake $0.24
Board [7d 2d 4s]
Seat 4: VolkovDmitri (big blind) collected ($11.76)
Seat 6: crybaby000 (button) (small blind) folded on the Flop


PokerStars Hand #161081975061:  Hold'em Limit ($3/$6 USD) - 2016/11/08 5:20:44 ET
Table 'Clavel' 6-max Seat #4 is the button
Seat 4: VolkovDmitri ($125.76 in chips)
Seat 6: crybaby000 ($114 in chips)
VolkovDmitri: posts small blind $1
crybaby000: posts big blind $3
*** HOLE CARDS ***
VolkovDmitri: raises $3 to $6
crybaby000: raises $3 to $9
VolkovDmitri: calls $3
*** FLOP *** [Ad Ac 3h]
crybaby000: bets $3
VolkovDmitri: calls $3
*** TURN *** [Ad Ac 3h] [6s]
crybaby000: bets $6
VolkovDmitri: calls $6
*** RIVER *** [Ad Ac 3h 6s] [9d]
crybaby000: bets $6
VolkovDmitri: calls $6
*** SHOW DOWN ***
crybaby000: shows [8c Kc] (a pair of Aces)
VolkovDmitri: shows [Jh 3c] (two pair, Aces and Threes)
VolkovDmitri collected $47.50 from pot
*** SUMMARY ***
Total pot $48 | Rake $0.50
Board [Ad Ac 3h 6s 9d]
Seat 4: VolkovDmitri (button) (small blind) showed [Jh 3c] and won ($47.50) with two pair, Aces and Threes
Seat 6: crybaby000 (big blind) showed [8c Kc] and lost with a pair of Aces


PokerStars Hand #161082019043:  Hold'em Limit ($3/$6 USD) - 2016/11/08 5:22:26 ET
Table 'Clavel' 6-max Seat #6 is the button
Seat 4: VolkovDmitri ($148.90 in chips)
Seat 6: crybaby000 ($78 in chips)
crybaby000: posts small blind $1
beng_51: is sitting out
VolkovDmitri: posts big blind $3
*** HOLE CARDS ***
crybaby000: raises $3 to $6
beng_51 leaves the table
VolkovDmitri: calls $3
*** FLOP *** [5s 8d 2d]
VolkovDmitri: checks
crybaby000: checks
*** TURN *** [5s 8d 2d] [Qd]
VolkovDmitri: checks
crybaby000: bets $6
VolkovDmitri: calls $6
*** RIVER *** [5s 8d 2d Qd] [6h]
VolkovDmitri: checks
crybaby000: bets $6
VolkovDmitri: calls $6
*** SHOW DOWN ***
crybaby000: shows [Ts Qc] (a pair of Queens)
VolkovDmitri: mucks hand
crybaby000 collected $35.50 from pot
*** SUMMARY ***
Total pot $36 | Rake $0.50
Board [5s 8d 2d Qd 6h]
Seat 4: VolkovDmitri (big blind) mucked
Seat 6: crybaby000 (button) (small blind) showed [Ts Qc] and won ($35.50) with a pair of Queens


PokerStars Hand #161082035931:  Hold'em Limit ($3/$6 USD) - 2016/11/08 5:23:05 ET
Table 'Clavel' 6-max Seat #4 is the button
Seat 4: VolkovDmitri ($130.90 in chips)
Seat 6: crybaby000 ($95.50 in chips)
VolkovDmitri: posts small blind $1
crybaby000: posts big blind $3
*** HOLE CARDS ***
VolkovDmitri: raises $3 to $6
crybaby000: folds
Uncalled bet ($3) returned to VolkovDmitri
VolkovDmitri collected $6 from pot
VolkovDmitri: doesn't show hand
*** SUMMARY ***
Total pot $6 | Rake $0
Seat 4: VolkovDmitri (button) (small blind) collected ($6)
Seat 6: crybaby000 (big blind) folded before Flop


PokerStars Hand #161085620172:  Hold'em Limit ($3/$6 USD) - 2016/11/08 7:28:53 ET
Table 'Clavel' 6-max Seat #5 is the button
Seat 2: pecs680 ($120 in chips)
Seat 5: Maliance ($147.52 in chips)
Maliance: posts small blind $1
ABATAPP: is sitting out
ABATAPP leaves the table
pecs680: posts big blind $3
*** HOLE CARDS ***
Maliance: raises $3 to $6
pecs680: calls $3
*** FLOP *** [8h 6c 5c]
pecs680: checks
Maliance: bets $3
pecs680: calls $3
*** TURN *** [8h 6c 5c] [3h]
pecs680: checks
Maliance: bets $6
pecs680: calls $6
*** RIVER *** [8h 6c 5c 3h] [Ac]
pecs680: checks
Maliance: checks
*** SHOW DOWN ***
pecs680: shows [Kc 4d] (high card Ace)
Maliance: shows [7d 5d] (a pair of Fives)
Maliance collected $29.50 from pot
*** SUMMARY ***
Total pot $30 | Rake $0.50
Board [8h 6c 5c 3h Ac]
Seat 2: pecs680 (big blind) showed [Kc 4d] and lost with high card Ace
Seat 5: Maliance (button) (small blind) showed [7d 5d] and won ($29.50) with a pair of Fives


