PokerStars Hand #156364614647:  Hold'em Limit ($3/$6 USD) - 2016/07/23 22:31:45 ET
Table 'Clementina' 10-max Seat #3 is the button
Seat 2: SonneUndMond ($105.65 in chips)
Seat 3: ZinnurovZak ($72.65 in chips)
ZinnurovZak: posts small blind $1
SonneUndMond: posts big blind $3
*** HOLE CARDS ***
ZinnurovZak: raises $3 to $6
SonneUndMond: calls $3
*** FLOP *** [3h Ah 9c]
SonneUndMond: checks
ZinnurovZak: bets $3
SonneUndMond: calls $3
*** TURN *** [3h Ah 9c] [3d]
SonneUndMond: checks
ZinnurovZak: bets $6
SonneUndMond: calls $6
*** RIVER *** [3h Ah 9c 3d] [6h]
SonneUndMond: checks
ZinnurovZak: checks
*** SHOW DOWN ***
SonneUndMond: shows [Jh 9d] (two pair, Nines and Threes)
ZinnurovZak: mucks hand
SonneUndMond collected $29.50 from pot
*** SUMMARY ***
Total pot $30 | Rake $0.50
Board [3h Ah 9c 3d 6h]
Seat 2: SonneUndMond (big blind) showed [Jh 9d] and won ($29.50) with two pair, Nines and Threes
Seat 3: ZinnurovZak (button) (small blind) mucked


PokerStars Hand #156364637707:  Hold'em Limit ($3/$6 USD) - 2016/07/23 22:32:57 ET
Table 'Clementina' 10-max Seat #2 is the button
Seat 2: SonneUndMond ($132.67 in chips)
Seat 3: ZinnurovZak ($44.65 in chips)
SonneUndMond: posts small blind $1
ZinnurovZak: posts big blind $3
*** HOLE CARDS ***
SonneUndMond: raises $3 to $6
ZinnurovZak: folds
Uncalled bet ($3) returned to SonneUndMond
SonneUndMond collected $6 from pot
SonneUndMond: doesn't show hand
*** SUMMARY ***
Total pot $6 | Rake $0
Seat 2: SonneUndMond (button) (small blind) collected ($6)
Seat 3: ZinnurovZak (big blind) folded before Flop


PokerStars Hand #156364626270:  Hold'em Limit ($3/$6 USD) - 2016/07/23 22:32:21 ET
Table 'Clementina' 10-max Seat #2 is the button
Seat 2: SonneUndMond ($120.15 in chips)
Seat 3: ZinnurovZak ($57.65 in chips)
SonneUndMond: posts small blind $1
ZinnurovZak: posts big blind $3
*** HOLE CARDS ***
SonneUndMond: raises $3 to $6
ZinnurovZak: raises $3 to $9
SonneUndMond: calls $3
*** FLOP *** [Ac 2d 9c]
ZinnurovZak: bets $3
SonneUndMond: raises $3 to $6
ZinnurovZak: folds
Uncalled bet ($3) returned to SonneUndMond
SonneUndMond collected $23.52 from pot
SonneUndMond: doesn't show hand
*** SUMMARY ***
Total pot $24 | Rake $0.48
Board [Ac 2d 9c]
Seat 2: SonneUndMond (button) (small blind) collected ($23.52)
Seat 3: ZinnurovZak (big blind) folded on the Flop


PokerStars Hand #156364633019:  Hold'em Limit ($3/$6 USD) - 2016/07/23 22:32:42 ET
Table 'Clementina' 10-max Seat #3 is the button
Seat 2: SonneUndMond ($131.67 in chips)
Seat 3: ZinnurovZak ($45.65 in chips)
ZinnurovZak: posts small blind $1
SonneUndMond: posts big blind $3
*** HOLE CARDS ***
ZinnurovZak: folds
Uncalled bet ($2) returned to SonneUndMond
SonneUndMond collected $2 from pot
SonneUndMond: doesn't show hand
*** SUMMARY ***
Total pot $2 | Rake $0
Seat 2: SonneUndMond (big blind) collected ($2)
Seat 3: ZinnurovZak (button) (small blind) folded before Flop


PokerStars Hand #156364656906:  Hold'em Limit ($3/$6 USD) - 2016/07/23 22:33:57 ET
Table 'Clementina' 10-max Seat #2 is the button
Seat 2: SonneUndMond ($147.19 in chips)
Seat 3: ZinnurovZak ($29.65 in chips)
SonneUndMond: posts small blind $1
ZinnurovZak: posts big blind $3
*** HOLE CARDS ***
SonneUndMond: folds
Uncalled bet ($2) returned to ZinnurovZak
ZinnurovZak collected $2 from pot
ZinnurovZak: doesn't show hand
*** SUMMARY ***
Total pot $2 | Rake $0
Seat 2: SonneUndMond (button) (small blind) folded before Flop
Seat 3: ZinnurovZak (big blind) collected ($2)


PokerStars Hand #156364642320:  Hold'em Limit ($3/$6 USD) - 2016/07/23 22:33:11 ET
Table 'Clementina' 10-max Seat #3 is the button
Seat 2: SonneUndMond ($135.67 in chips)
Seat 3: ZinnurovZak ($41.65 in chips)
ZinnurovZak: posts small blind $1
SonneUndMond: posts big blind $3
*** HOLE CARDS ***
ZinnurovZak: calls $2
SonneUndMond: checks
*** FLOP *** [3h 7c Jh]
SonneUndMond: checks
ZinnurovZak: bets $3
SonneUndMond: calls $3
*** TURN *** [3h 7c Jh] [8d]
SonneUndMond: checks
ZinnurovZak: bets $6
SonneUndMond: calls $6
*** RIVER *** [3h 7c Jh 8d] [4h]
SonneUndMond: checks
ZinnurovZak: checks
*** SHOW DOWN ***
SonneUndMond: shows [Qd 8h] (a pair of Eights)
ZinnurovZak: mucks hand
SonneUndMond collected $23.52 from pot
*** SUMMARY ***
Total pot $24 | Rake $0.48
Board [3h 7c Jh 8d 4h]
Seat 2: SonneUndMond (big blind) showed [Qd 8h] and won ($23.52) with a pair of Eights
Seat 3: ZinnurovZak (button) (small blind) mucked


PokerStars Hand #156364677743:  Hold'em Limit ($3/$6 USD) - 2016/07/23 22:35:02 ET
Table 'Clementina' 10-max Seat #3 is the button
Seat 2: SonneUndMond ($145.04 in chips)
Seat 3: ZinnurovZak ($30.80 in chips)
ZinnurovZak: posts small blind $1
SonneUndMond: posts big blind $3
*** HOLE CARDS ***
ZinnurovZak: folds
Uncalled bet ($2) returned to SonneUndMond
SonneUndMond collected $2 from pot
SonneUndMond: doesn't show hand
*** SUMMARY ***
Total pot $2 | Rake $0
Seat 2: SonneUndMond (big blind) collected ($2)
Seat 3: ZinnurovZak (button) (small blind) folded before Flop


PokerStars Hand #156364681983:  Hold'em Limit ($3/$6 USD) - 2016/07/23 22:35:15 ET
Table 'Clementina' 10-max Seat #3 is the button
Seat 2: SonneUndMond ($149.04 in chips)
Seat 3: ZinnurovZak ($26.80 in chips)
ZinnurovZak: posts small blind $1
SonneUndMond: posts big blind $3
*** HOLE CARDS ***
ZinnurovZak: folds
Uncalled bet ($2) returned to SonneUndMond
SonneUndMond collected $2 from pot
SonneUndMond: doesn't show hand
*** SUMMARY ***
Total pot $2 | Rake $0
Seat 2: SonneUndMond (big blind) collected ($2)
Seat 3: ZinnurovZak (button) (small blind) folded before Flop


PokerStars Hand #156364679288:  Hold'em Limit ($3/$6 USD) - 2016/07/23 22:35:07 ET
Table 'Clementina' 10-max Seat #2 is the button
Seat 2: SonneUndMond ($146.04 in chips)
Seat 3: ZinnurovZak ($29.80 in chips)
SonneUndMond: posts small blind $1
ZinnurovZak: posts big blind $3
*** HOLE CARDS ***
SonneUndMond: raises $3 to $6
ZinnurovZak: folds
Uncalled bet ($3) returned to SonneUndMond
SonneUndMond collected $6 from pot
SonneUndMond: doesn't show hand
*** SUMMARY ***
Total pot $6 | Rake $0
Seat 2: SonneUndMond (button) (small blind) collected ($6)
Seat 3: ZinnurovZak (big blind) folded before Flop


PokerStars Hand #156364675556:  Hold'em Limit ($3/$6 USD) - 2016/07/23 22:34:55 ET
Table 'Clementina' 10-max Seat #2 is the button
Seat 2: SonneUndMond ($146.04 in chips)
Seat 3: ZinnurovZak ($29.80 in chips)
SonneUndMond: posts small blind $1
ZinnurovZak: posts big blind $3
*** HOLE CARDS ***
SonneUndMond: folds
Uncalled bet ($2) returned to ZinnurovZak
ZinnurovZak collected $2 from pot
ZinnurovZak: doesn't show hand
*** SUMMARY ***
Total pot $2 | Rake $0
Seat 2: SonneUndMond (button) (small blind) folded before Flop
Seat 3: ZinnurovZak (big blind) collected ($2)


PokerStars Hand #156364673399:  Hold'em Limit ($3/$6 USD) - 2016/07/23 22:34:48 ET
Table 'Clementina' 10-max Seat #3 is the button
Seat 2: SonneUndMond ($145.04 in chips)
Seat 3: ZinnurovZak ($30.80 in chips)
ZinnurovZak: posts small blind $1
SonneUndMond: posts big blind $3
*** HOLE CARDS ***
ZinnurovZak: folds
Uncalled bet ($2) returned to SonneUndMond
SonneUndMond collected $2 from pot
SonneUndMond: doesn't show hand
*** SUMMARY ***
Total pot $2 | Rake $0
Seat 2: SonneUndMond (big blind) collected ($2)
Seat 3: ZinnurovZak (button) (small blind) folded before Flop


PokerStars Hand #156364667357:  Hold'em Limit ($3/$6 USD) - 2016/07/23 22:34:29 ET
Table 'Clementina' 10-max Seat #2 is the button
Seat 2: SonneUndMond ($160.69 in chips)
Seat 3: ZinnurovZak ($15.65 in chips)
SonneUndMond: posts small blind $1
ZinnurovZak: posts big blind $3
*** HOLE CARDS ***
SonneUndMond: raises $3 to $6
ZinnurovZak: raises $3 to $9
SonneUndMond: calls $3
*** FLOP *** [8h 4d Td]
ZinnurovZak: bets $3
SonneUndMond: calls $3
*** TURN *** [8h 4d Td] [Ts]
ZinnurovZak: bets $3.65 and is all-in
SonneUndMond: calls $3.65
*** RIVER *** [8h 4d Td Ts] [Ah]
*** SHOW DOWN ***
ZinnurovZak: shows [7h 9h] (a pair of Tens)
SonneUndMond: shows [6s 7d] (a pair of Tens - lower kicker)
ZinnurovZak collected $30.80 from pot
*** SUMMARY ***
Total pot $31.30 | Rake $0.50
Board [8h 4d Td Ts Ah]
Seat 2: SonneUndMond (button) (small blind) showed [6s 7d] and lost with a pair of Tens
Seat 3: ZinnurovZak (big blind) showed [7h 9h] and won ($30.80) with a pair of Tens


PokerStars Hand #156364659118:  Hold'em Limit ($3/$6 USD) - 2016/07/23 22:34:03 ET
Table 'Clementina' 10-max Seat #3 is the button
Seat 2: SonneUndMond ($146.19 in chips)
Seat 3: ZinnurovZak ($30.65 in chips)
ZinnurovZak: posts small blind $1
SonneUndMond: posts big blind $3
*** HOLE CARDS ***
ZinnurovZak: raises $3 to $6
SonneUndMond: calls $3
*** FLOP *** [4h 7c Qs]
SonneUndMond: checks
ZinnurovZak: bets $3
SonneUndMond: calls $3
*** TURN *** [4h 7c Qs] [2c]
SonneUndMond: checks
ZinnurovZak: bets $6
SonneUndMond: calls $6
*** RIVER *** [4h 7c Qs 2c] [2d]
SonneUndMond: checks
ZinnurovZak: checks
*** SHOW DOWN ***
SonneUndMond: shows [3s 7s] (two pair, Sevens and Deuces)
ZinnurovZak: mucks hand
SonneUndMond collected $29.50 from pot
*** SUMMARY ***
Total pot $30 | Rake $0.50
Board [4h 7c Qs 2c 2d]
Seat 2: SonneUndMond (big blind) showed [3s 7s] and won ($29.50) with two pair, Sevens and Deuces
Seat 3: ZinnurovZak (button) (small blind) mucked


PokerStars Hand #156364691461:  Hold'em Limit ($3/$6 USD) - 2016/07/23 22:35:44 ET
Table 'Clementina' 10-max Seat #3 is the button
Seat 2: SonneUndMond ($147.04 in chips)
Seat 3: ZinnurovZak ($28.68 in chips)
ZinnurovZak: posts small blind $1
SonneUndMond: posts big blind $3
*** HOLE CARDS ***
ZinnurovZak: calls $2
SonneUndMond: checks
*** FLOP *** [9h 6d Jd]
SonneUndMond: checks
ZinnurovZak: bets $3
SonneUndMond: calls $3
*** TURN *** [9h 6d Jd] [5s]
SonneUndMond: checks
ZinnurovZak: bets $6
SonneUndMond: raises $6 to $12
ZinnurovZak: folds
Uncalled bet ($6) returned to SonneUndMond
SonneUndMond collected $23.52 from pot
SonneUndMond: doesn't show hand
*** SUMMARY ***
Total pot $24 | Rake $0.48
Board [9h 6d Jd 5s]
Seat 2: SonneUndMond (big blind) collected ($23.52)
Seat 3: ZinnurovZak (button) (small blind) folded on the Turn


PokerStars Hand #156364683732:  Hold'em Limit ($3/$6 USD) - 2016/07/23 22:35:20 ET
Table 'Clementina' 10-max Seat #2 is the button
Seat 2: SonneUndMond ($150.04 in chips)
Seat 3: ZinnurovZak ($25.80 in chips)
SonneUndMond: posts small blind $1
ZinnurovZak: posts big blind $3
*** HOLE CARDS ***
SonneUndMond: calls $2
ZinnurovZak: checks
*** FLOP *** [4c Qd 8s]
ZinnurovZak: checks
SonneUndMond: checks
*** TURN *** [4c Qd 8s] [7c]
ZinnurovZak: bets $6
SonneUndMond: folds
Uncalled bet ($6) returned to ZinnurovZak
ZinnurovZak collected $5.88 from pot
ZinnurovZak: doesn't show hand
*** SUMMARY ***
Total pot $6 | Rake $0.12
Board [4c Qd 8s 7c]
Seat 2: SonneUndMond (button) (small blind) folded on the Turn
Seat 3: ZinnurovZak (big blind) collected ($5.88)


