PokerStars Hand #152423223166:  Hold'em Limit ($3/$6 USD) - 2016/04/25 10:01:20 ET
Table 'Clematis III' 6-max Seat #3 is the button
Seat 2: sawel888 ($49.24 in chips)
Seat 3: kolaz03 ($74.76 in chips)
kolaz03: posts small blind $1
sawel888: posts big blind $3
*** HOLE CARDS ***
kolaz03: raises $3 to $6
sawel888: calls $3
*** FLOP *** [3s 7s Kc]
sawel888: bets $3
kolaz03: folds
Uncalled bet ($3) returned to sawel888
sawel888 collected $11.76 from pot
sawel888: doesn't show hand
*** SUMMARY ***
Total pot $12 | Rake $0.24
Board [3s 7s Kc]
Seat 2: sawel888 (big blind) collected ($11.76)
Seat 3: kolaz03 (button) (small blind) folded on the Flop


PokerStars Hand #152423216561:  Hold'em Limit ($3/$6 USD) - 2016/04/25 10:01:09 ET
Table 'Clematis III' 6-max Seat #2 is the button
Seat 2: sawel888 ($46.24 in chips)
Seat 3: kolaz03 ($77.76 in chips)
sawel888: posts small blind $1
kolaz03: posts big blind $3
*** HOLE CARDS ***
sawel888: raises $3 to $6
kolaz03: folds
Uncalled bet ($3) returned to sawel888
sawel888 collected $6 from pot
sawel888: doesn't show hand
*** SUMMARY ***
Total pot $6 | Rake $0
Seat 2: sawel888 (button) (small blind) collected ($6)
Seat 3: kolaz03 (big blind) folded before Flop


PokerStars Hand #152423201539:  Hold'em Limit ($3/$6 USD) - 2016/04/25 10:00:43 ET
Table 'Clematis III' 6-max Seat #3 is the button
Seat 2: sawel888 ($52.24 in chips)
Seat 3: kolaz03 ($72 in chips)
kolaz03: posts small blind $1
TbIP-TbIP 88: is sitting out
TbIP-TbIP 88 leaves the table
sawel888: posts big blind $3
*** HOLE CARDS ***
kolaz03: raises $3 to $6
sawel888: calls $3
*** FLOP *** [7c Ah Td]
sawel888: checks
kolaz03: bets $3
sawel888: folds
Uncalled bet ($3) returned to kolaz03
kolaz03 collected $11.76 from pot
kolaz03: doesn't show hand
*** SUMMARY ***
Total pot $12 | Rake $0.24
Board [7c Ah Td]
Seat 2: sawel888 (big blind) folded on the Flop
Seat 3: kolaz03 (button) (small blind) collected ($11.76)


PokerStars Hand #152423259425:  Hold'em Limit ($3/$6 USD) - 2016/04/25 10:02:22 ET
Table 'Clematis III' 6-max Seat #2 is the button
Seat 2: sawel888 ($37 in chips)
Seat 3: kolaz03 ($89.50 in chips)
sawel888: posts small blind $1
kolaz03: posts big blind $3
*** HOLE CARDS ***
sawel888: raises $3 to $6
kolaz03: folds
Uncalled bet ($3) returned to sawel888
sawel888 collected $6 from pot
sawel888: doesn't show hand
*** SUMMARY ***
Total pot $6 | Rake $0
Seat 2: sawel888 (button) (small blind) collected ($6)
Seat 3: kolaz03 (big blind) folded before Flop


PokerStars Hand #152423255696:  Hold'em Limit ($3/$6 USD) - 2016/04/25 10:02:15 ET
Table 'Clematis III' 6-max Seat #3 is the button
Seat 2: sawel888 ($40 in chips)
Seat 3: kolaz03 ($86.50 in chips)
kolaz03: posts small blind $1
sawel888: posts big blind $3
*** HOLE CARDS ***
kolaz03: raises $3 to $6
sawel888: folds
Uncalled bet ($3) returned to kolaz03
kolaz03 collected $6 from pot
kolaz03: doesn't show hand
*** SUMMARY ***
Total pot $6 | Rake $0
Seat 2: sawel888 (big blind) folded before Flop
Seat 3: kolaz03 (button) (small blind) collected ($6)


PokerStars Hand #152423236749:  Hold'em Limit ($3/$6 USD) - 2016/04/25 10:01:44 ET
Table 'Clematis III' 6-max Seat #2 is the button
Seat 2: sawel888 ($55 in chips)
Seat 3: kolaz03 ($72 in chips)
sawel888: posts small blind $1
kolaz03: posts big blind $3
*** HOLE CARDS ***
sawel888: raises $3 to $6
kolaz03: calls $3
*** FLOP *** [6s 7d 2d]
kolaz03: checks
sawel888: bets $3
kolaz03: calls $3
*** TURN *** [6s 7d 2d] [9d]
kolaz03: checks
sawel888: checks
*** RIVER *** [6s 7d 2d 9d] [Qh]
kolaz03: bets $6
sawel888: calls $6
*** SHOW DOWN ***
kolaz03: shows [9c Jd] (a pair of Nines)
sawel888: mucks hand
kolaz03 collected $29.50 from pot
*** SUMMARY ***
Total pot $30 | Rake $0.50
Board [6s 7d 2d 9d Qh]
Seat 2: sawel888 (button) (small blind) mucked
Seat 3: kolaz03 (big blind) showed [9c Jd] and won ($29.50) with a pair of Nines


PokerStars Hand #152423296562:  Hold'em Limit ($3/$6 USD) - 2016/04/25 10:03:23 ET
Table 'Clematis III' 6-max Seat #2 is the button
Seat 2: sawel888 ($19 in chips)
Seat 3: kolaz03 ($107 in chips)
sawel888: posts small blind $1
kolaz03: posts big blind $3
*** HOLE CARDS ***
sawel888: raises $3 to $6
kolaz03: calls $3
*** FLOP *** [9c 5c 4h]
kolaz03: checks
sawel888: bets $3
kolaz03: raises $3 to $6
sawel888: raises $3 to $9
kolaz03: raises $3 to $12
Betting is capped
sawel888: calls $3
*** TURN *** [9c 5c 4h] [4s]
kolaz03: bets $6
sawel888: calls $1 and is all-in
Uncalled bet ($5) returned to kolaz03
*** RIVER *** [9c 5c 4h 4s] [Js]
*** SHOW DOWN ***
kolaz03: shows [As 5d] (two pair, Fives and Fours)
sawel888: shows [Td Qd] (a pair of Fours)
kolaz03 collected $37.50 from pot
*** SUMMARY ***
Total pot $38 | Rake $0.50
Board [9c 5c 4h 4s Js]
Seat 2: sawel888 (button) (small blind) showed [Td Qd] and lost with a pair of Fours
Seat 3: kolaz03 (big blind) showed [As 5d] and won ($37.50) with two pair, Fives and Fours


PokerStars Hand #152423293872:  Hold'em Limit ($3/$6 USD) - 2016/04/25 10:03:18 ET
Table 'Clematis III' 6-max Seat #3 is the button
Seat 2: sawel888 ($18 in chips)
Seat 3: kolaz03 ($108 in chips)
kolaz03: posts small blind $1
sawel888: posts big blind $3
*** HOLE CARDS ***
kolaz03: folds
Uncalled bet ($2) returned to sawel888
sawel888 collected $2 from pot
sawel888: doesn't show hand
*** SUMMARY ***
Total pot $2 | Rake $0
Seat 2: sawel888 (big blind) collected ($2)
Seat 3: kolaz03 (button) (small blind) folded before Flop


PokerStars Hand #152423290683:  Hold'em Limit ($3/$6 USD) - 2016/04/25 10:03:13 ET
Table 'Clematis III' 6-max Seat #2 is the button
Seat 2: sawel888 ($19 in chips)
Seat 3: kolaz03 ($107 in chips)
sawel888: posts small blind $1
kolaz03: posts big blind $3
*** HOLE CARDS ***
sawel888: folds
Uncalled bet ($2) returned to kolaz03
kolaz03 collected $2 from pot
kolaz03: doesn't show hand
*** SUMMARY ***
Total pot $2 | Rake $0
Seat 2: sawel888 (button) (small blind) folded before Flop
Seat 3: kolaz03 (big blind) collected ($2)


PokerStars Hand #152423264645:  Hold'em Limit ($3/$6 USD) - 2016/04/25 10:02:30 ET
Table 'Clematis III' 6-max Seat #3 is the button
Seat 2: sawel888 ($40 in chips)
Seat 3: kolaz03 ($86.50 in chips)
kolaz03: posts small blind $1
sawel888: posts big blind $3
*** HOLE CARDS ***
kolaz03: raises $3 to $6
sawel888: raises $3 to $9
kolaz03: calls $3
*** FLOP *** [7d Kc 3d]
sawel888: checks
kolaz03: checks
*** TURN *** [7d Kc 3d] [Ah]
sawel888: checks
kolaz03: checks
*** RIVER *** [7d Kc 3d Ah] [6s]
sawel888: bets $6
kolaz03: raises $6 to $12
sawel888: calls $6
*** SHOW DOWN ***
kolaz03: shows [5s 4c] (a straight, Three to Seven)
sawel888: mucks hand
kolaz03 collected $41.50 from pot
*** SUMMARY ***
Total pot $42 | Rake $0.50
Board [7d Kc 3d Ah 6s]
Seat 2: sawel888 (big blind) mucked
Seat 3: kolaz03 (button) (small blind) showed [5s 4c] and won ($41.50) with a straight, Three to Seven


