PokerStars Hand #175312413902:  Hold'em Limit ($3/$6 USD) - 2017/09/07 0:36:28 ET
Table 'Clematis' 6-max Seat #5 is the button
Seat 3: xcgxcg2005 ($137.88 in chips)
Seat 5: B_loJkl ($105.09 in chips)
B_loJkl: posts small blind $1
xcgxcg2005: posts big blind $3
*** HOLE CARDS ***
B_loJkl: raises $3 to $6
Agrotait leaves the table
xcgxcg2005: raises $3 to $9
B_loJkl: calls $3
*** FLOP *** [9s 7c 8s]
xcgxcg2005: bets $3
B_loJkl: calls $3
*** TURN *** [9s 7c 8s] [6d]
xcgxcg2005: bets $6
B_loJkl: calls $6
*** RIVER *** [9s 7c 8s 6d] [5d]
xcgxcg2005: bets $6
B_loJkl: calls $6
*** SHOW DOWN ***
xcgxcg2005: shows [Ts Qs] (a straight, Six to Ten)
B_loJkl: mucks hand
xcgxcg2005 collected $47.50 from pot
*** SUMMARY ***
Total pot $48 | Rake $0.50
Board [9s 7c 8s 6d 5d]
Seat 3: xcgxcg2005 (big blind) showed [Ts Qs] and won ($47.50) with a straight, Six to Ten
Seat 5: B_loJkl (button) (small blind) mucked


PokerStars Hand #175312430114:  Hold'em Limit ($3/$6 USD) - 2017/09/07 0:37:31 ET
Table 'Clematis' 6-max Seat #5 is the button
Seat 3: xcgxcg2005 ($160.14 in chips)
Seat 5: B_loJkl ($81.85 in chips)
B_loJkl: posts small blind $1
xcgxcg2005: posts big blind $3
*** HOLE CARDS ***
B_loJkl: raises $3 to $6
xcgxcg2005: folds
Uncalled bet ($3) returned to B_loJkl
B_loJkl collected $6 from pot
B_loJkl: doesn't show hand
*** SUMMARY ***
Total pot $6 | Rake $0
Seat 3: xcgxcg2005 (big blind) folded before Flop
Seat 5: B_loJkl (button) (small blind) collected ($6)


PokerStars Hand #175312428704:  Hold'em Limit ($3/$6 USD) - 2017/09/07 0:37:26 ET
Table 'Clematis' 6-max Seat #3 is the button
Seat 3: xcgxcg2005 ($161.14 in chips)
Seat 5: B_loJkl ($80.85 in chips)
xcgxcg2005: posts small blind $1
B_loJkl: posts big blind $3
*** HOLE CARDS ***
xcgxcg2005: folds
Uncalled bet ($2) returned to B_loJkl
B_loJkl collected $2 from pot
B_loJkl: doesn't show hand
*** SUMMARY ***
Total pot $2 | Rake $0
Seat 3: xcgxcg2005 (button) (small blind) folded before Flop
Seat 5: B_loJkl (big blind) collected ($2)


PokerStars Hand #175312419854:  Hold'em Limit ($3/$6 USD) - 2017/09/07 0:36:51 ET
Table 'Clematis' 6-max Seat #3 is the button
Seat 3: xcgxcg2005 ($161.38 in chips)
Seat 5: B_loJkl ($81.09 in chips)
xcgxcg2005: posts small blind $1
B_loJkl: posts big blind $3
*** HOLE CARDS ***
xcgxcg2005: raises $3 to $6
B_loJkl: calls $3
*** FLOP *** [5d 6s Ad]
B_loJkl: checks
xcgxcg2005: bets $3
B_loJkl: folds
Uncalled bet ($3) returned to xcgxcg2005
xcgxcg2005 collected $11.76 from pot
xcgxcg2005: doesn't show hand
*** SUMMARY ***
Total pot $12 | Rake $0.24
Board [5d 6s Ad]
Seat 3: xcgxcg2005 (button) (small blind) collected ($11.76)
Seat 5: B_loJkl (big blind) folded on the Flop


PokerStars Hand #175312431715:  Hold'em Limit ($3/$6 USD) - 2017/09/07 0:37:38 ET
Table 'Clematis' 6-max Seat #3 is the button
Seat 3: xcgxcg2005 ($157.14 in chips)
Seat 5: B_loJkl ($84.85 in chips)
xcgxcg2005: posts small blind $1
B_loJkl: posts big blind $3
*** HOLE CARDS ***
xcgxcg2005: folds
Uncalled bet ($2) returned to B_loJkl
B_loJkl collected $2 from pot
B_loJkl: doesn't show hand
*** SUMMARY ***
Total pot $2 | Rake $0
Seat 3: xcgxcg2005 (button) (small blind) folded before Flop
Seat 5: B_loJkl (big blind) collected ($2)


PokerStars Hand #175312439149:  Hold'em Limit ($3/$6 USD) - 2017/09/07 0:38:07 ET
Table 'Clematis' 6-max Seat #3 is the button
Seat 3: xcgxcg2005 ($141.14 in chips)
Seat 5: B_loJkl ($100.35 in chips)
xcgxcg2005: posts small blind $1
B_loJkl: posts big blind $3
*** HOLE CARDS ***
xcgxcg2005: folds
Uncalled bet ($2) returned to B_loJkl
B_loJkl collected $2 from pot
B_loJkl: doesn't show hand
*** SUMMARY ***
Total pot $2 | Rake $0
Seat 3: xcgxcg2005 (button) (small blind) folded before Flop
Seat 5: B_loJkl (big blind) collected ($2)


