PokerStars Hand #162696529752:  Hold'em Limit ($3/$6 USD) - 2016/12/09 22:05:46 ET
Table 'Clementina' 6-max Seat #1 is the button
Seat 1: LifeisagameX ($84 in chips)
Seat 3: mauro-neco ($36 in chips)
LifeisagameX: posts small blind $1
mauro-neco: posts big blind $3
*** HOLE CARDS ***
LifeisagameX: raises $3 to $6
mauro-neco: folds
Uncalled bet ($3) returned to LifeisagameX
LifeisagameX collected $6 from pot
LifeisagameX: doesn't show hand
*** SUMMARY ***
Total pot $6 | Rake $0
Seat 1: LifeisagameX (button) (small blind) collected ($6)
Seat 3: mauro-neco (big blind) folded before Flop


PokerStars Hand #162696534707:  Hold'em Limit ($3/$6 USD) - 2016/12/09 22:05:58 ET
Table 'Clementina' 6-max Seat #3 is the button
Seat 1: LifeisagameX ($87 in chips)
Seat 3: mauro-neco ($33 in chips)
mauro-neco: posts small blind $1
LifeisagameX: posts big blind $3
*** HOLE CARDS ***
mauro-neco: calls $2
LifeisagameX: raises $3 to $6
mauro-neco: calls $3
*** FLOP *** [Jd 8h 5d]
LifeisagameX: bets $3
mauro-neco: folds
Uncalled bet ($3) returned to LifeisagameX
LifeisagameX collected $11.76 from pot
LifeisagameX: doesn't show hand
*** SUMMARY ***
Total pot $12 | Rake $0.24
Board [Jd 8h 5d]
Seat 1: LifeisagameX (big blind) collected ($11.76)
Seat 3: mauro-neco (button) (small blind) folded on the Flop


PokerStars Hand #162696562892:  Hold'em Limit ($3/$6 USD) - 2016/12/09 22:07:02 ET
Table 'Clementina' 6-max Seat #3 is the button
Seat 1: LifeisagameX ($107.26 in chips)
Seat 3: mauro-neco ($12 in chips)
mauro-neco: posts small blind $1
LifeisagameX: posts big blind $3
*** HOLE CARDS ***
mauro-neco: folds
Uncalled bet ($2) returned to LifeisagameX
LifeisagameX collected $2 from pot
LifeisagameX: doesn't show hand
*** SUMMARY ***
Total pot $2 | Rake $0
Seat 1: LifeisagameX (big blind) collected ($2)
Seat 3: mauro-neco (button) (small blind) folded before Flop


PokerStars Hand #162696547793:  Hold'em Limit ($3/$6 USD) - 2016/12/09 22:06:27 ET
Table 'Clementina' 6-max Seat #1 is the button
Seat 1: LifeisagameX ($92.76 in chips)
Seat 3: mauro-neco ($27 in chips)
LifeisagameX: posts small blind $1
mauro-neco: posts big blind $3
*** HOLE CARDS ***
LifeisagameX: raises $3 to $6
mauro-neco: calls $3
*** FLOP *** [3c Js Ah]
mauro-neco: checks
LifeisagameX: bets $3
mauro-neco: calls $3
*** TURN *** [3c Js Ah] [4c]
mauro-neco: checks
LifeisagameX: checks
*** RIVER *** [3c Js Ah 4c] [7h]
mauro-neco: checks
LifeisagameX: bets $6
mauro-neco: calls $6
*** SHOW DOWN ***
LifeisagameX: shows [7s 3s] (two pair, Sevens and Threes)
mauro-neco: mucks hand
LifeisagameX collected $29.50 from pot
*** SUMMARY ***
Total pot $30 | Rake $0.50
Board [3c Js Ah 4c 7h]
Seat 1: LifeisagameX (button) (small blind) showed [7s 3s] and won ($29.50) with two pair, Sevens and Threes
Seat 3: mauro-neco (big blind) mucked


PokerStars Hand #162696565716:  Hold'em Limit ($3/$6 USD) - 2016/12/09 22:07:08 ET
Table 'Clementina' 6-max Seat #1 is the button
Seat 1: LifeisagameX ($108.26 in chips)
Seat 3: mauro-neco ($11 in chips)
LifeisagameX: posts small blind $1
mauro-neco: posts big blind $3
*** HOLE CARDS ***
LifeisagameX: raises $3 to $6
mauro-neco: calls $3
*** FLOP *** [8c Tc Kc]
mauro-neco: bets $3
LifeisagameX: raises $3 to $6
mauro-neco: calls $2 and is all-in
Uncalled bet ($1) returned to LifeisagameX
*** TURN *** [8c Tc Kc] [Jh]
*** RIVER *** [8c Tc Kc Jh] [8s]
*** SHOW DOWN ***
mauro-neco: shows [9d 5c] (a pair of Eights)
LifeisagameX: shows [9h Jc] (two pair, Jacks and Eights)
LifeisagameX collected $21.56 from pot
*** SUMMARY ***
Total pot $22 | Rake $0.44
Board [8c Tc Kc Jh 8s]
Seat 1: LifeisagameX (button) (small blind) showed [9h Jc] and won ($21.56) with two pair, Jacks and Eights
Seat 3: mauro-neco (big blind) showed [9d 5c] and lost with a pair of Eights


PokerStars Hand #162696581767:  Hold'em Limit ($3/$6 USD) - 2016/12/09 22:07:44 ET
Table 'Clementina' 6-max Seat #3 is the button
Seat 1: LifeisagameX ($118.82 in chips)
Seat 3: mauro-neco ($30 in chips)
mauro-neco: posts small blind $1
LifeisagameX: posts big blind $3
*** HOLE CARDS ***
mauro-neco: calls $2
LifeisagameX: checks
*** FLOP *** [2c 7d 3d]
LifeisagameX: checks
mauro-neco: checks
*** TURN *** [2c 7d 3d] [Qh]
LifeisagameX: checks
mauro-neco: checks
*** RIVER *** [2c 7d 3d Qh] [Ks]
LifeisagameX: bets $6
mauro-neco: calls $6
*** SHOW DOWN ***
LifeisagameX: shows [4h 8s] (high card King)
mauro-neco: shows [Kc 5s] (a pair of Kings)
mauro-neco collected $17.64 from pot
*** SUMMARY ***
Total pot $18 | Rake $0.36
Board [2c 7d 3d Qh Ks]
Seat 1: LifeisagameX (big blind) showed [4h 8s] and lost with high card King
Seat 3: mauro-neco (button) (small blind) showed [Kc 5s] and won ($17.64) with a pair of Kings


PokerStars Hand #162696665077:  Hold'em Limit ($3/$6 USD) - 2016/12/09 22:10:54 ET
Table 'Clementina' 6-max Seat #1 is the button
Seat 1: LifeisagameX ($84 in chips)
Seat 4: ciclon18 ($123.25 in chips)
Chessnok will be allowed to play after the button
LifeisagameX: posts small blind $1
ciclon18: posts big blind $3
*** HOLE CARDS ***
LifeisagameX: raises $3 to $6
mauro-neco leaves the table
ciclon18: calls $3
*** FLOP *** [Ah Qs 2c]
ciclon18: checks
LifeisagameX: bets $3
ciclon18: calls $3
*** TURN *** [Ah Qs 2c] [Kc]
ciclon18: checks
LifeisagameX: checks
*** RIVER *** [Ah Qs 2c Kc] [6d]
ciclon18: checks
LifeisagameX: bets $6
ciclon18: calls $6
*** SHOW DOWN ***
LifeisagameX: shows [5c 4d] (high card Ace)
ciclon18: shows [Qd Jd] (a pair of Queens)
ciclon18 collected $29.50 from pot
*** SUMMARY ***
Total pot $30 | Rake $0.50
Board [Ah Qs 2c Kc 6d]
Seat 1: LifeisagameX (button) (small blind) showed [5c 4d] and lost with high card Ace
Seat 4: ciclon18 (big blind) showed [Qd Jd] and won ($29.50) with a pair of Queens


PokerStars Hand #162696916900:  Hold'em Limit ($3/$6 USD) - 2016/12/09 22:20:42 ET
Table 'Clementina' 6-max Seat #1 is the button
Seat 1: feilinho ($106.71 in chips)
Seat 6: ToDaFelt ($120 in chips)
feilinho: posts small blind $1
Chessnok: is sitting out
ToDaFelt: posts big blind $3
*** HOLE CARDS ***
Chessnok leaves the table
feilinho: raises $3 to $6
ToDaFelt: raises $3 to $9
feilinho: calls $3
*** FLOP *** [6s 6d Kh]
ToDaFelt: bets $3
feilinho: calls $3
*** TURN *** [6s 6d Kh] [9d]
ToDaFelt: bets $6
feilinho: raises $6 to $12
ToDaFelt: calls $6
*** RIVER *** [6s 6d Kh 9d] [8h]
ToDaFelt: checks
feilinho: bets $6
ToDaFelt: calls $6
*** SHOW DOWN ***
feilinho: shows [2s Ks] (two pair, Kings and Sixes)
ToDaFelt: mucks hand
feilinho collected $59.50 from pot
*** SUMMARY ***
Total pot $60 | Rake $0.50
Board [6s 6d Kh 9d 8h]
Seat 1: feilinho (button) (small blind) showed [2s Ks] and won ($59.50) with two pair, Kings and Sixes
Seat 6: ToDaFelt (big blind) mucked


PokerStars Hand #162696948904:  Hold'em Limit ($3/$6 USD) - 2016/12/09 22:21:58 ET
Table 'Clementina' 6-max Seat #6 is the button
Seat 1: feilinho ($136.21 in chips)
Seat 6: ToDaFelt ($90 in chips)
ToDaFelt: posts small blind $1
feilinho: posts big blind $3
*** HOLE CARDS ***
ToDaFelt: raises $3 to $6
feilinho: calls $3
*** FLOP *** [Tc Kc 3c]
feilinho: checks
ToDaFelt: bets $3
feilinho: folds
Uncalled bet ($3) returned to ToDaFelt
ToDaFelt collected $11.76 from pot
ToDaFelt: doesn't show hand
*** SUMMARY ***
Total pot $12 | Rake $0.24
Board [Tc Kc 3c]
Seat 1: feilinho (big blind) folded on the Flop
Seat 6: ToDaFelt (button) (small blind) collected ($11.76)


