PokerStars Hand #162062069089:  Hold'em Limit ($3/$6 USD) - 2016/11/27 17:24:09 ET
Table 'Clematis' 6-max Seat #4 is the button
Seat 4: Brama Br ($146.50 in chips)
Seat 5: TinaTurner72 ($120 in chips)
Brama Br: posts small blind $1
TinaTurner72: posts big blind $3
*** HOLE CARDS ***
Brama Br: folds
Uncalled bet ($2) returned to TinaTurner72
assitoni leaves the table
TinaTurner72 collected $2 from pot
TinaTurner72: doesn't show hand
*** SUMMARY ***
Total pot $2 | Rake $0
Seat 4: Brama Br (button) (small blind) folded before Flop
Seat 5: TinaTurner72 (big blind) collected ($2)


PokerStars Hand #162062092208:  Hold'em Limit ($3/$6 USD) - 2016/11/27 17:24:34 ET
Table 'Clematis' 6-max Seat #4 is the button
Seat 4: Brama Br ($139.50 in chips)
Seat 5: TinaTurner72 ($126.76 in chips)
Brama Br: posts small blind $1
TinaTurner72: posts big blind $3
*** HOLE CARDS ***
Brama Br: raises $3 to $6
TinaTurner72: raises $3 to $9
Brama Br: calls $3
*** FLOP *** [Qh 9d 9c]
TinaTurner72: bets $3
Brama Br: calls $3
*** TURN *** [Qh 9d 9c] [Jd]
TinaTurner72: checks
Brama Br: bets $6
TinaTurner72: calls $6
*** RIVER *** [Qh 9d 9c Jd] [Kd]
TinaTurner72: checks
Brama Br: bets $6
TinaTurner72: folds
Uncalled bet ($6) returned to Brama Br
Brama Br collected $35.50 from pot
Brama Br: doesn't show hand
*** SUMMARY ***
Total pot $36 | Rake $0.50
Board [Qh 9d 9c Jd Kd]
Seat 4: Brama Br (button) (small blind) collected ($35.50)
Seat 5: TinaTurner72 (big blind) folded on the River


PokerStars Hand #162062126548:  Hold'em Limit ($3/$6 USD) - 2016/11/27 17:25:11 ET
Table 'Clematis' 6-max Seat #5 is the button
Seat 4: Brama Br ($157 in chips)
Seat 5: TinaTurner72 ($108.76 in chips)
TinaTurner72: posts small blind $1
Brama Br: posts big blind $3
*** HOLE CARDS ***
TinaTurner72: raises $3 to $6
Brama Br: calls $3
*** FLOP *** [7c 7d 4h]
Brama Br: checks
TinaTurner72: bets $3
Brama Br: calls $3
*** TURN *** [7c 7d 4h] [Jh]
Brama Br: checks
TinaTurner72: bets $6
Brama Br: folds
Uncalled bet ($6) returned to TinaTurner72
TinaTurner72 collected $17.64 from pot
TinaTurner72: doesn't show hand
*** SUMMARY ***
Total pot $18 | Rake $0.36
Board [7c 7d 4h Jh]
Seat 4: Brama Br (big blind) folded on the Turn
Seat 5: TinaTurner72 (button) (small blind) collected ($17.64)


PokerStars Hand #162062078830:  Hold'em Limit ($3/$6 USD) - 2016/11/27 17:24:19 ET
Table 'Clematis' 6-max Seat #5 is the button
Seat 4: Brama Br ($145.50 in chips)
Seat 5: TinaTurner72 ($121 in chips)
TinaTurner72: posts small blind $1
Brama Br: posts big blind $3
*** HOLE CARDS ***
TinaTurner72: raises $3 to $6
Brama Br: calls $3
*** FLOP *** [9h As 4s]
Brama Br: checks
TinaTurner72: bets $3
Brama Br: folds
Uncalled bet ($3) returned to TinaTurner72
TinaTurner72 collected $11.76 from pot
TinaTurner72: doesn't show hand
*** SUMMARY ***
Total pot $12 | Rake $0.24
Board [9h As 4s]
Seat 4: Brama Br (big blind) folded on the Flop
Seat 5: TinaTurner72 (button) (small blind) collected ($11.76)


PokerStars Hand #162062149729:  Hold'em Limit ($3/$6 USD) - 2016/11/27 17:25:36 ET
Table 'Clematis' 6-max Seat #5 is the button
Seat 4: Brama Br ($147 in chips)
Seat 5: TinaTurner72 ($118.40 in chips)
TinaTurner72: posts small blind $1
Brama Br: posts big blind $3
*** HOLE CARDS ***
TinaTurner72: raises $3 to $6
Brama Br: folds
Uncalled bet ($3) returned to TinaTurner72
TinaTurner72 collected $6 from pot
TinaTurner72: doesn't show hand
*** SUMMARY ***
Total pot $6 | Rake $0
Seat 4: Brama Br (big blind) folded before Flop
Seat 5: TinaTurner72 (button) (small blind) collected ($6)


PokerStars Hand #162062156118:  Hold'em Limit ($3/$6 USD) - 2016/11/27 17:25:43 ET
Table 'Clematis' 6-max Seat #4 is the button
Seat 4: Brama Br ($144 in chips)
Seat 5: TinaTurner72 ($121.40 in chips)
Brama Br: posts small blind $1
TinaTurner72: posts big blind $3
*** HOLE CARDS ***
Brama Br: raises $3 to $6
TinaTurner72: raises $3 to $9
Brama Br: calls $3
*** FLOP *** [4h 3c 6d]
TinaTurner72: bets $3
Brama Br: raises $3 to $6
TinaTurner72: calls $3
*** TURN *** [4h 3c 6d] [9c]
TinaTurner72: checks
Brama Br: bets $6
TinaTurner72: raises $6 to $12
Brama Br: calls $6
*** RIVER *** [4h 3c 6d 9c] [Ad]
TinaTurner72: bets $6
Brama Br: calls $6
*** SHOW DOWN ***
TinaTurner72: shows [As 9s] (two pair, Aces and Nines)
Brama Br: mucks hand
TinaTurner72 collected $65.50 from pot
*** SUMMARY ***
Total pot $66 | Rake $0.50
Board [4h 3c 6d 9c Ad]
Seat 4: Brama Br (button) (small blind) mucked
Seat 5: TinaTurner72 (big blind) showed [As 9s] and won ($65.50) with two pair, Aces and Nines


PokerStars Hand #162062144305:  Hold'em Limit ($3/$6 USD) - 2016/11/27 17:25:30 ET
Table 'Clematis' 6-max Seat #4 is the button
Seat 4: Brama Br ($148 in chips)
Seat 5: TinaTurner72 ($117.40 in chips)
Brama Br: posts small blind $1
TinaTurner72: posts big blind $3
*** HOLE CARDS ***
Brama Br: folds
Uncalled bet ($2) returned to TinaTurner72
TinaTurner72 collected $2 from pot
TinaTurner72: doesn't show hand
*** SUMMARY ***
Total pot $2 | Rake $0
Seat 4: Brama Br (button) (small blind) folded before Flop
Seat 5: TinaTurner72 (big blind) collected ($2)


PokerStars Hand #162062192922:  Hold'em Limit ($3/$6 USD) - 2016/11/27 17:26:23 ET
Table 'Clematis' 6-max Seat #5 is the button
Seat 4: Brama Br ($111 in chips)
Seat 5: TinaTurner72 ($153.90 in chips)
TinaTurner72: posts small blind $1
Brama Br: posts big blind $3
*** HOLE CARDS ***
TinaTurner72: raises $3 to $6
Brama Br: raises $3 to $9
TinaTurner72: raises $3 to $12
Betting is capped
Brama Br: calls $3
*** FLOP *** [9h 2s 4d]
Brama Br: checks
TinaTurner72: bets $3
Brama Br: calls $3
*** TURN *** [9h 2s 4d] [4s]
Brama Br: checks
TinaTurner72: bets $6
Brama Br: raises $6 to $12
TinaTurner72: calls $6
*** RIVER *** [9h 2s 4d 4s] [4c]
Brama Br: bets $6
TinaTurner72: calls $6
*** SHOW DOWN ***
Brama Br: shows [9d 9s] (a full house, Nines full of Fours)
TinaTurner72: mucks hand
Brama Br collected $65.50 from pot
*** SUMMARY ***
Total pot $66 | Rake $0.50
Board [9h 2s 4d 4s 4c]
Seat 4: Brama Br (big blind) showed [9d 9s] and won ($65.50) with a full house, Nines full of Fours
Seat 5: TinaTurner72 (button) (small blind) mucked


PokerStars Hand #162062239951:  Hold'em Limit ($3/$6 USD) - 2016/11/27 17:27:14 ET
Table 'Clematis' 6-max Seat #5 is the button
Seat 4: Brama Br ($142.50 in chips)
Seat 5: TinaTurner72 ($121.90 in chips)
TinaTurner72: posts small blind $1
Brama Br: posts big blind $3
*** HOLE CARDS ***
TinaTurner72: folds
Uncalled bet ($2) returned to Brama Br
Brama Br collected $2 from pot
Brama Br: doesn't show hand
*** SUMMARY ***
Total pot $2 | Rake $0
Seat 4: Brama Br (big blind) collected ($2)
Seat 5: TinaTurner72 (button) (small blind) folded before Flop


PokerStars Hand #162062227641:  Hold'em Limit ($3/$6 USD) - 2016/11/27 17:27:01 ET
Table 'Clematis' 6-max Seat #4 is the button
Seat 4: Brama Br ($143.50 in chips)
Seat 5: TinaTurner72 ($120.90 in chips)
Brama Br: posts small blind $1
TinaTurner72: posts big blind $3
*** HOLE CARDS ***
Brama Br: folds
Uncalled bet ($2) returned to TinaTurner72
TinaTurner72 collected $2 from pot
TinaTurner72: doesn't show hand
*** SUMMARY ***
Total pot $2 | Rake $0
Seat 4: Brama Br (button) (small blind) folded before Flop
Seat 5: TinaTurner72 (big blind) collected ($2)


PokerStars Hand #162062251184:  Hold'em Limit ($3/$6 USD) - 2016/11/27 17:27:26 ET
Table 'Clematis' 6-max Seat #5 is the button
Seat 4: Brama Br ($142.50 in chips)
Seat 5: TinaTurner72 ($121.90 in chips)
TinaTurner72: posts small blind $1
Brama Br: posts big blind $3
*** HOLE CARDS ***
TinaTurner72: folds
Uncalled bet ($2) returned to Brama Br
Brama Br collected $2 from pot
Brama Br: doesn't show hand
*** SUMMARY ***
Total pot $2 | Rake $0
Seat 4: Brama Br (big blind) collected ($2)
Seat 5: TinaTurner72 (button) (small blind) folded before Flop


PokerStars Hand #162062245268:  Hold'em Limit ($3/$6 USD) - 2016/11/27 17:27:20 ET
Table 'Clematis' 6-max Seat #4 is the button
Seat 4: Brama Br ($143.50 in chips)
Seat 5: TinaTurner72 ($120.90 in chips)
Brama Br: posts small blind $1
TinaTurner72: posts big blind $3
*** HOLE CARDS ***
Brama Br: folds
Uncalled bet ($2) returned to TinaTurner72
TinaTurner72 collected $2 from pot
TinaTurner72: doesn't show hand
*** SUMMARY ***
Total pot $2 | Rake $0
Seat 4: Brama Br (button) (small blind) folded before Flop
Seat 5: TinaTurner72 (big blind) collected ($2)


PokerStars Hand #162062256438:  Hold'em Limit ($3/$6 USD) - 2016/11/27 17:27:32 ET
Table 'Clematis' 6-max Seat #4 is the button
Seat 4: Brama Br ($143.50 in chips)
Seat 5: TinaTurner72 ($120.90 in chips)
Brama Br: posts small blind $1
TinaTurner72: posts big blind $3
*** HOLE CARDS ***
Brama Br: raises $3 to $6
TinaTurner72: calls $3
*** FLOP *** [9h Jh 8h]
TinaTurner72: checks
Brama Br: bets $3
TinaTurner72: raises $3 to $6
Brama Br: calls $3
*** TURN *** [9h Jh 8h] [5c]
TinaTurner72: bets $6
Brama Br: calls $6
*** RIVER *** [9h Jh 8h 5c] [6c]
TinaTurner72: bets $6
Brama Br: calls $6
*** SHOW DOWN ***
TinaTurner72: shows [9s 8d] (two pair, Nines and Eights)
Brama Br: mucks hand
TinaTurner72 collected $47.50 from pot
*** SUMMARY ***
Total pot $48 | Rake $0.50
Board [9h Jh 8h 5c 6c]
Seat 4: Brama Br (button) (small blind) mucked
Seat 5: TinaTurner72 (big blind) showed [9s 8d] and won ($47.50) with two pair, Nines and Eights


PokerStars Hand #162062277142:  Hold'em Limit ($3/$6 USD) - 2016/11/27 17:27:55 ET
Table 'Clematis' 6-max Seat #5 is the button
Seat 4: Brama Br ($119.50 in chips)
Seat 5: TinaTurner72 ($144.40 in chips)
TinaTurner72: posts small blind $1
Brama Br: posts big blind $3
*** HOLE CARDS ***
TinaTurner72: raises $3 to $6
Brama Br: calls $3
*** FLOP *** [4d Kd Kc]
Brama Br: checks
TinaTurner72: bets $3
Brama Br: raises $3 to $6
TinaTurner72: calls $3
*** TURN *** [4d Kd Kc] [2s]
Brama Br: bets $6
TinaTurner72: folds
Uncalled bet ($6) returned to Brama Br
Brama Br collected $23.52 from pot
Brama Br: doesn't show hand
*** SUMMARY ***
Total pot $24 | Rake $0.48
Board [4d Kd Kc 2s]
Seat 4: Brama Br (big blind) collected ($23.52)
Seat 5: TinaTurner72 (button) (small blind) folded on the Turn


PokerStars Hand #162062298841:  Hold'em Limit ($3/$6 USD) - 2016/11/27 17:28:18 ET
Table 'Clematis' 6-max Seat #4 is the button
Seat 4: Brama Br ($131.02 in chips)
Seat 5: TinaTurner72 ($132.40 in chips)
Brama Br: posts small blind $1
TinaTurner72: posts big blind $3
*** HOLE CARDS ***
Brama Br: folds
Uncalled bet ($2) returned to TinaTurner72
TinaTurner72 collected $2 from pot
TinaTurner72: doesn't show hand
*** SUMMARY ***
Total pot $2 | Rake $0
Seat 4: Brama Br (button) (small blind) folded before Flop
Seat 5: TinaTurner72 (big blind) collected ($2)


PokerStars Hand #162062322426:  Hold'em Limit ($3/$6 USD) - 2016/11/27 17:28:44 ET
Table 'Clematis' 6-max Seat #4 is the button
Seat 4: Brama Br ($124.02 in chips)
Seat 5: TinaTurner72 ($139.16 in chips)
Brama Br: posts small blind $1
TinaTurner72: posts big blind $3
*** HOLE CARDS ***
Brama Br: folds
Uncalled bet ($2) returned to TinaTurner72
TinaTurner72 collected $2 from pot
TinaTurner72: doesn't show hand
*** SUMMARY ***
Total pot $2 | Rake $0
Seat 4: Brama Br (button) (small blind) folded before Flop
Seat 5: TinaTurner72 (big blind) collected ($2)


PokerStars Hand #162062304399:  Hold'em Limit ($3/$6 USD) - 2016/11/27 17:28:24 ET
Table 'Clematis' 6-max Seat #5 is the button
Seat 4: Brama Br ($130.02 in chips)
Seat 5: TinaTurner72 ($133.40 in chips)
TinaTurner72: posts small blind $1
Brama Br: posts big blind $3
*** HOLE CARDS ***
TinaTurner72: raises $3 to $6
Brama Br: calls $3
*** FLOP *** [Jc 3c Th]
Brama Br: checks
TinaTurner72: bets $3
Brama Br: folds
Uncalled bet ($3) returned to TinaTurner72
TinaTurner72 collected $11.76 from pot
TinaTurner72: doesn't show hand
*** SUMMARY ***
Total pot $12 | Rake $0.24
Board [Jc 3c Th]
Seat 4: Brama Br (big blind) folded on the Flop
Seat 5: TinaTurner72 (button) (small blind) collected ($11.76)


PokerStars Hand #162062354979:  Hold'em Limit ($3/$6 USD) - 2016/11/27 17:29:17 ET
Table 'Clematis' 6-max Seat #4 is the button
Seat 4: Brama Br ($137.52 in chips)
Seat 5: TinaTurner72 ($125.16 in chips)
Brama Br: posts small blind $1
TinaTurner72: posts big blind $3
*** HOLE CARDS ***
Brama Br: folds
Uncalled bet ($2) returned to TinaTurner72
TinaTurner72 collected $2 from pot
TinaTurner72: doesn't show hand
*** SUMMARY ***
Total pot $2 | Rake $0
Seat 4: Brama Br (button) (small blind) folded before Flop
Seat 5: TinaTurner72 (big blind) collected ($2)


PokerStars Hand #162062328236:  Hold'em Limit ($3/$6 USD) - 2016/11/27 17:28:51 ET
Table 'Clematis' 6-max Seat #5 is the button
Seat 4: Brama Br ($123.02 in chips)
Seat 5: TinaTurner72 ($140.16 in chips)
TinaTurner72: posts small blind $1
Brama Br: posts big blind $3
*** HOLE CARDS ***
TinaTurner72: raises $3 to $6
Brama Br: calls $3
*** FLOP *** [Tc 5d 3d]
Brama Br: checks
TinaTurner72: bets $3
Brama Br: calls $3
*** TURN *** [Tc 5d 3d] [Kh]
Brama Br: checks
TinaTurner72: bets $6
Brama Br: calls $6
*** RIVER *** [Tc 5d 3d Kh] [9c]
Brama Br: checks
TinaTurner72: checks
*** SHOW DOWN ***
Brama Br: shows [Ah 6c] (high card Ace)
TinaTurner72: mucks hand
Brama Br collected $29.50 from pot
*** SUMMARY ***
Total pot $30 | Rake $0.50
Board [Tc 5d 3d Kh 9c]
Seat 4: Brama Br (big blind) showed [Ah 6c] and won ($29.50) with high card Ace
Seat 5: TinaTurner72 (button) (small blind) mucked


PokerStars Hand #162062360659:  Hold'em Limit ($3/$6 USD) - 2016/11/27 17:29:23 ET
Table 'Clematis' 6-max Seat #5 is the button
Seat 4: Brama Br ($136.52 in chips)
Seat 5: TinaTurner72 ($126.16 in chips)
TinaTurner72: posts small blind $1
Brama Br: posts big blind $3
*** HOLE CARDS ***
TinaTurner72: folds
Uncalled bet ($2) returned to Brama Br
Brama Br collected $2 from pot
Brama Br: doesn't show hand
*** SUMMARY ***
Total pot $2 | Rake $0
Seat 4: Brama Br (big blind) collected ($2)
Seat 5: TinaTurner72 (button) (small blind) folded before Flop


PokerStars Hand #162062394452:  Hold'em Limit ($3/$6 USD) - 2016/11/27 17:29:54 ET
Table 'Clematis' 6-max Seat #4 is the button
Seat 4: Brama Br ($144.28 in chips)
Seat 5: TinaTurner72 ($118.16 in chips)
Brama Br: posts small blind $1
TinaTurner72: posts big blind $3
*** HOLE CARDS ***
Brama Br: raises $3 to $6
TinaTurner72: calls $3
*** FLOP *** [Td Qc 3d]
TinaTurner72: checks
Brama Br: checks
*** TURN *** [Td Qc 3d] [Jd]
bigfish604 joins the table at seat #3
TinaTurner72: bets $6
Brama Br: folds
Uncalled bet ($6) returned to TinaTurner72
TinaTurner72 collected $11.76 from pot
TinaTurner72: doesn't show hand
*** SUMMARY ***
Total pot $12 | Rake $0.24
Board [Td Qc 3d Jd]
Seat 4: Brama Br (button) (small blind) folded on the Turn
Seat 5: TinaTurner72 (big blind) collected ($11.76)


PokerStars Hand #162062368896:  Hold'em Limit ($3/$6 USD) - 2016/11/27 17:29:31 ET
Table 'Clematis' 6-max Seat #4 is the button
Seat 4: Brama Br ($137.52 in chips)
Seat 5: TinaTurner72 ($125.16 in chips)
Brama Br: posts small blind $1
TinaTurner72: posts big blind $3
*** HOLE CARDS ***
Brama Br: raises $3 to $6
TinaTurner72: calls $3
*** FLOP *** [3s 7d 3h]
TinaTurner72: checks
Brama Br: bets $3
TinaTurner72: folds
Uncalled bet ($3) returned to Brama Br
Brama Br collected $11.76 from pot
Brama Br: doesn't show hand
*** SUMMARY ***
Total pot $12 | Rake $0.24
Board [3s 7d 3h]
Seat 4: Brama Br (button) (small blind) collected ($11.76)
Seat 5: TinaTurner72 (big blind) folded on the Flop


PokerStars Hand #162062383059:  Hold'em Limit ($3/$6 USD) - 2016/11/27 17:29:44 ET
Table 'Clematis' 6-max Seat #5 is the button
Seat 4: Brama Br ($143.28 in chips)
Seat 5: TinaTurner72 ($119.16 in chips)
TinaTurner72: posts small blind $1
Brama Br: posts big blind $3
*** HOLE CARDS ***
TinaTurner72: folds
Uncalled bet ($2) returned to Brama Br
Brama Br collected $2 from pot
Brama Br: doesn't show hand
*** SUMMARY ***
Total pot $2 | Rake $0
Seat 4: Brama Br (big blind) collected ($2)
Seat 5: TinaTurner72 (button) (small blind) folded before Flop


PokerStars Hand #162063636005:  Hold'em Limit ($3/$6 USD) - 2016/11/27 17:51:27 ET
Table 'Clematis' 6-max Seat #5 is the button
Seat 3: bigfish604 ($166.31 in chips)
Seat 5: TinaTurner72 ($204.84 in chips)
TinaTurner72: posts small blind $1
bigfish604: posts big blind $3
*** HOLE CARDS ***
TinaTurner72: raises $3 to $6
bigfish604: folds
Uncalled bet ($3) returned to TinaTurner72
TinaTurner72 collected $6 from pot
TinaTurner72: doesn't show hand
*** SUMMARY ***
Total pot $6 | Rake $0
Seat 3: bigfish604 (big blind) folded before Flop
Seat 5: TinaTurner72 (button) (small blind) collected ($6)


PokerStars Hand #162063631303:  Hold'em Limit ($3/$6 USD) - 2016/11/27 17:51:21 ET
Table 'Clematis' 6-max Seat #3 is the button
Seat 3: bigfish604 ($167.31 in chips)
Seat 5: TinaTurner72 ($203.84 in chips)
bigfish604: posts small blind $1
TinaTurner72: posts big blind $3
*** HOLE CARDS ***
bigfish604: folds
Uncalled bet ($2) returned to TinaTurner72
TinaTurner72 collected $2 from pot
TinaTurner72: doesn't show hand
*** SUMMARY ***
Total pot $2 | Rake $0
Seat 3: bigfish604 (button) (small blind) folded before Flop
Seat 5: TinaTurner72 (big blind) collected ($2)


PokerStars Hand #162063612670:  Hold'em Limit ($3/$6 USD) - 2016/11/27 17:50:59 ET
Table 'Clematis' 6-max Seat #5 is the button
Seat 3: bigfish604 ($137.81 in chips)
Seat 5: TinaTurner72 ($233.84 in chips)
TinaTurner72: posts small blind $1
bigfish604: posts big blind $3
*** HOLE CARDS ***
TinaTurner72: raises $3 to $6
bigfish604: raises $3 to $9
TinaTurner72: calls $3
*** FLOP *** [Th 9c 3c]
bigfish604: bets $3
TinaTurner72: calls $3
*** TURN *** [Th 9c 3c] [8s]
bigfish604: bets $6
TinaTurner72: calls $6
*** RIVER *** [Th 9c 3c 8s] [Kh]
bigfish604: bets $6
TinaTurner72: raises $6 to $12
bigfish604: calls $6
*** SHOW DOWN ***
TinaTurner72: shows [Kc 4c] (a pair of Kings)
bigfish604: shows [Ks As] (a pair of Kings - Ace kicker)
bigfish604 collected $59.50 from pot
*** SUMMARY ***
Total pot $60 | Rake $0.50
Board [Th 9c 3c 8s Kh]
Seat 3: bigfish604 (big blind) showed [Ks As] and won ($59.50) with a pair of Kings
Seat 5: TinaTurner72 (button) (small blind) showed [Kc 4c] and lost with a pair of Kings


PokerStars Hand #162063607482:  Hold'em Limit ($3/$6 USD) - 2016/11/27 17:50:53 ET
Table 'Clematis' 6-max Seat #3 is the button
Seat 3: bigfish604 ($138.81 in chips)
Seat 5: TinaTurner72 ($232.84 in chips)
bigfish604: posts small blind $1
TinaTurner72: posts big blind $3
*** HOLE CARDS ***
bigfish604: folds
Uncalled bet ($2) returned to TinaTurner72
TinaTurner72 collected $2 from pot
TinaTurner72: doesn't show hand
*** SUMMARY ***
Total pot $2 | Rake $0
Seat 3: bigfish604 (button) (small blind) folded before Flop
Seat 5: TinaTurner72 (big blind) collected ($2)


PokerStars Hand #162063669218:  Hold'em Limit ($3/$6 USD) - 2016/11/27 17:52:06 ET
Table 'Clematis' 6-max Seat #5 is the button
Seat 3: bigfish604 ($154.31 in chips)
Seat 5: TinaTurner72 ($216.48 in chips)
TinaTurner72: posts small blind $1
bigfish604: posts big blind $3
*** HOLE CARDS ***
TinaTurner72: folds
Uncalled bet ($2) returned to bigfish604
bigfish604 collected $2 from pot
bigfish604: doesn't show hand
*** SUMMARY ***
Total pot $2 | Rake $0
Seat 3: bigfish604 (big blind) collected ($2)
Seat 5: TinaTurner72 (button) (small blind) folded before Flop


PokerStars Hand #162063664949:  Hold'em Limit ($3/$6 USD) - 2016/11/27 17:52:01 ET
Table 'Clematis' 6-max Seat #3 is the button
Seat 3: bigfish604 ($155.31 in chips)
Seat 5: TinaTurner72 ($215.48 in chips)
bigfish604: posts small blind $1
TinaTurner72: posts big blind $3
*** HOLE CARDS ***
bigfish604: folds
Uncalled bet ($2) returned to TinaTurner72
TinaTurner72 collected $2 from pot
TinaTurner72: doesn't show hand
*** SUMMARY ***
Total pot $2 | Rake $0
Seat 3: bigfish604 (button) (small blind) folded before Flop
Seat 5: TinaTurner72 (big blind) collected ($2)


PokerStars Hand #162063659582:  Hold'em Limit ($3/$6 USD) - 2016/11/27 17:51:55 ET
Table 'Clematis' 6-max Seat #5 is the button
Seat 3: bigfish604 ($154.31 in chips)
Seat 5: TinaTurner72 ($216.48 in chips)
TinaTurner72: posts small blind $1
bigfish604: posts big blind $3
*** HOLE CARDS ***
TinaTurner72: folds
Uncalled bet ($2) returned to bigfish604
bigfish604 collected $2 from pot
bigfish604: doesn't show hand
*** SUMMARY ***
Total pot $2 | Rake $0
Seat 3: bigfish604 (big blind) collected ($2)
Seat 5: TinaTurner72 (button) (small blind) folded before Flop


PokerStars Hand #162063642862:  Hold'em Limit ($3/$6 USD) - 2016/11/27 17:51:35 ET
Table 'Clematis' 6-max Seat #3 is the button
Seat 3: bigfish604 ($163.31 in chips)
Seat 5: TinaTurner72 ($207.84 in chips)
bigfish604: posts small blind $1
TinaTurner72: posts big blind $3
*** HOLE CARDS ***
bigfish604: raises $3 to $6
TinaTurner72: calls $3
*** FLOP *** [4s 9h Kc]
TinaTurner72: checks
bigfish604: bets $3
TinaTurner72: raises $3 to $6
bigfish604: folds
Uncalled bet ($3) returned to TinaTurner72
TinaTurner72 collected $17.64 from pot
TinaTurner72: doesn't show hand
*** SUMMARY ***
Total pot $18 | Rake $0.36
Board [4s 9h Kc]
Seat 3: bigfish604 (button) (small blind) folded on the Flop
Seat 5: TinaTurner72 (big blind) collected ($17.64)


PokerStars Hand #162063733574:  Hold'em Limit ($3/$6 USD) - 2016/11/27 17:53:23 ET
Table 'Clematis' 6-max Seat #3 is the button
Seat 3: bigfish604 ($138.31 in chips)
Seat 4: masterblstr8 ($135.98 in chips)
bigfish604: posts small blind $1
masterblstr8: posts big blind $3
*** HOLE CARDS ***
bigfish604: raises $3 to $6
masterblstr8: folds
Uncalled bet ($3) returned to bigfish604
bigfish604 collected $6 from pot
bigfish604: doesn't show hand
*** SUMMARY ***
Total pot $6 | Rake $0
Seat 3: bigfish604 (button) (small blind) collected ($6)
Seat 4: masterblstr8 (big blind) folded before Flop


PokerStars Hand #162063723504:  Hold'em Limit ($3/$6 USD) - 2016/11/27 17:53:11 ET
Table 'Clematis' 6-max Seat #4 is the button
Seat 3: bigfish604 ($144.31 in chips)
Seat 4: masterblstr8 ($130.22 in chips)
masterblstr8: posts small blind $1
bigfish604: posts big blind $3
*** HOLE CARDS ***
masterblstr8: raises $3 to $6
bigfish604: calls $3
*** FLOP *** [As Qh Qc]
bigfish604: checks
masterblstr8: bets $3
bigfish604: folds
Uncalled bet ($3) returned to masterblstr8
masterblstr8 collected $11.76 from pot
masterblstr8: doesn't show hand
*** SUMMARY ***
Total pot $12 | Rake $0.24
Board [As Qh Qc]
Seat 3: bigfish604 (big blind) folded on the Flop
Seat 4: masterblstr8 (button) (small blind) collected ($11.76)


PokerStars Hand #162063719346:  Hold'em Limit ($3/$6 USD) - 2016/11/27 17:53:06 ET
Table 'Clematis' 6-max Seat #3 is the button
Seat 3: bigfish604 ($145.31 in chips)
Seat 4: masterblstr8 ($129.22 in chips)
bigfish604: posts small blind $1
masterblstr8: posts big blind $3
*** HOLE CARDS ***
bigfish604: folds
Uncalled bet ($2) returned to masterblstr8
masterblstr8 collected $2 from pot
masterblstr8: doesn't show hand
*** SUMMARY ***
Total pot $2 | Rake $0
Seat 3: bigfish604 (button) (small blind) folded before Flop
Seat 4: masterblstr8 (big blind) collected ($2)


PokerStars Hand #162063704040:  Hold'em Limit ($3/$6 USD) - 2016/11/27 17:52:48 ET
Table 'Clematis' 6-max Seat #4 is the button
Seat 3: bigfish604 ($154.31 in chips)
Seat 4: masterblstr8 ($120.58 in chips)
masterblstr8: posts small blind $1
TinaTurner72: is sitting out
bigfish604: posts big blind $3
*** HOLE CARDS ***
masterblstr8: raises $3 to $6
bigfish604: calls $3
*** FLOP *** [Jc Td Qh]
bigfish604: checks
masterblstr8: bets $3
TinaTurner72 leaves the table
bigfish604: calls $3
*** TURN *** [Jc Td Qh] [7c]
bigfish604: checks
masterblstr8: bets $6
bigfish604: folds
Uncalled bet ($6) returned to masterblstr8
masterblstr8 collected $17.64 from pot
masterblstr8: doesn't show hand
*** SUMMARY ***
Total pot $18 | Rake $0.36
Board [Jc Td Qh 7c]
Seat 3: bigfish604 (big blind) folded on the Turn
Seat 4: masterblstr8 (button) (small blind) collected ($17.64)


PokerStars Hand #162063740040:  Hold'em Limit ($3/$6 USD) - 2016/11/27 17:53:31 ET
Table 'Clematis' 6-max Seat #4 is the button
Seat 3: bigfish604 ($141.31 in chips)
Seat 4: masterblstr8 ($132.98 in chips)
masterblstr8: posts small blind $1
bigfish604: posts big blind $3
*** HOLE CARDS ***
masterblstr8: raises $3 to $6
bigfish604: raises $3 to $9
masterblstr8: calls $3
*** FLOP *** [2d 9d 4h]
bigfish604: bets $3
masterblstr8: calls $3
*** TURN *** [2d 9d 4h] [8h]
bigfish604: bets $6
masterblstr8: calls $6
*** RIVER *** [2d 9d 4h 8h] [Qs]
bigfish604: bets $6
masterblstr8: folds
Uncalled bet ($6) returned to bigfish604
bigfish604 collected $35.50 from pot
bigfish604: doesn't show hand
*** SUMMARY ***
Total pot $36 | Rake $0.50
Board [2d 9d 4h 8h Qs]
Seat 3: bigfish604 (big blind) collected ($35.50)
Seat 4: masterblstr8 (button) (small blind) folded on the River


PokerStars Hand #162063779697:  Hold'em Limit ($3/$6 USD) - 2016/11/27 17:54:18 ET
Table 'Clematis' 6-max Seat #4 is the button
Seat 3: bigfish604 ($157.81 in chips)
Seat 4: masterblstr8 ($115.98 in chips)
masterblstr8: posts small blind $1
bigfish604: posts big blind $3
*** HOLE CARDS ***
masterblstr8: raises $3 to $6
bigfish604: folds
Uncalled bet ($3) returned to masterblstr8
masterblstr8 collected $6 from pot
masterblstr8: doesn't show hand
*** SUMMARY ***
Total pot $6 | Rake $0
Seat 3: bigfish604 (big blind) folded before Flop
Seat 4: masterblstr8 (button) (small blind) collected ($6)


PokerStars Hand #162063773619:  Hold'em Limit ($3/$6 USD) - 2016/11/27 17:54:11 ET
Table 'Clematis' 6-max Seat #3 is the button
Seat 3: bigfish604 ($158.81 in chips)
Seat 4: masterblstr8 ($114.98 in chips)
bigfish604: posts small blind $1
masterblstr8: posts big blind $3
*** HOLE CARDS ***
bigfish604: folds
Uncalled bet ($2) returned to masterblstr8
masterblstr8 collected $2 from pot
masterblstr8: doesn't show hand
*** SUMMARY ***
Total pot $2 | Rake $0
Seat 3: bigfish604 (button) (small blind) folded before Flop
Seat 4: masterblstr8 (big blind) collected ($2)


PokerStars Hand #162063784259:  Hold'em Limit ($3/$6 USD) - 2016/11/27 17:54:24 ET
Table 'Clematis' 6-max Seat #3 is the button
Seat 3: bigfish604 ($154.81 in chips)
Seat 4: masterblstr8 ($118.98 in chips)
bigfish604: posts small blind $1
masterblstr8: posts big blind $3
*** HOLE CARDS ***
bigfish604: raises $3 to $6
masterblstr8: calls $3
*** FLOP *** [Th 8c Ts]
masterblstr8: checks
bigfish604: bets $3
masterblstr8: calls $3
*** TURN *** [Th 8c Ts] [7h]
masterblstr8: checks
bigfish604: checks
*** RIVER *** [Th 8c Ts 7h] [6c]
masterblstr8: checks
bigfish604: checks
*** SHOW DOWN ***
masterblstr8: shows [4h Kc] (a pair of Tens)
bigfish604: shows [2d Ah] (a pair of Tens - Ace kicker)
bigfish604 collected $17.64 from pot
*** SUMMARY ***
Total pot $18 | Rake $0.36
Board [Th 8c Ts 7h 6c]
Seat 3: bigfish604 (button) (small blind) showed [2d Ah] and won ($17.64) with a pair of Tens
Seat 4: masterblstr8 (big blind) showed [4h Kc] and lost with a pair of Tens


PokerStars Hand #162063803264:  Hold'em Limit ($3/$6 USD) - 2016/11/27 17:54:47 ET
Table 'Clematis' 6-max Seat #4 is the button
Seat 3: bigfish604 ($163.45 in chips)
Seat 4: masterblstr8 ($109.98 in chips)
masterblstr8: posts small blind $1
bigfish604: posts big blind $3
*** HOLE CARDS ***
masterblstr8: raises $3 to $6
bigfish604: calls $3
*** FLOP *** [7d Qd 4s]
bigfish604: checks
masterblstr8: checks
*** TURN *** [7d Qd 4s] [2c]
bigfish604: checks
masterblstr8: bets $6
bigfish604: folds
Uncalled bet ($6) returned to masterblstr8
masterblstr8 collected $11.76 from pot
masterblstr8: doesn't show hand
*** SUMMARY ***
Total pot $12 | Rake $0.24
Board [7d Qd 4s 2c]
Seat 3: bigfish604 (big blind) folded on the Turn
Seat 4: masterblstr8 (button) (small blind) collected ($11.76)


PokerStars Hand #162063825271:  Hold'em Limit ($3/$6 USD) - 2016/11/27 17:55:16 ET
Table 'Clematis' 6-max Seat #3 is the button
Seat 3: bigfish604 ($157.45 in chips)
Seat 4: masterblstr8 ($115.74 in chips)
bigfish604: posts small blind $1
masterblstr8: posts big blind $3
*** HOLE CARDS ***
bigfish604: raises $3 to $6
masterblstr8: calls $3
*** FLOP *** [Tc 4s Td]
masterblstr8: checks
bigfish604: bets $3
masterblstr8: calls $3
*** TURN *** [Tc 4s Td] [7h]
bibbar joins the table at seat #6
masterblstr8: checks
bigfish604: bets $6
masterblstr8: raises $6 to $12
bigfish604: calls $6
*** RIVER *** [Tc 4s Td 7h] [3d]
masterblstr8: bets $6
bigfish604: calls $6
*** SHOW DOWN ***
masterblstr8: shows [Qc Qs] (two pair, Queens and Tens)
bigfish604: mucks hand
masterblstr8 collected $53.50 from pot
*** SUMMARY ***
Total pot $54 | Rake $0.50
Board [Tc 4s Td 7h 3d]
Seat 3: bigfish604 (button) (small blind) mucked
Seat 4: masterblstr8 (big blind) showed [Qc Qs] and won ($53.50) with two pair, Queens and Tens


