PokerStars Hand #176676935018:  Hold'em Limit ($3/$6 USD) - 2017/10/08 20:38:36 ET
Table 'Clementina' 6-max Seat #5 is the button
Seat 5: B_loJkl ($140.02 in chips)
Seat 6: giorkis27 ($83.64 in chips)
B_loJkl: posts small blind $1
giorkis27: posts big blind $3
*** HOLE CARDS ***
B_loJkl: raises $3 to $6
giorkis27: calls $3
*** FLOP *** [9c Ad Ac]
giorkis27: checks
B_loJkl: checks
*** TURN *** [9c Ad Ac] [Td]
giorkis27: checks
B_loJkl: checks
*** RIVER *** [9c Ad Ac Td] [3c]
giorkis27: bets $6
B_loJkl: calls $6
*** SHOW DOWN ***
giorkis27: shows [2h Th] (two pair, Aces and Tens)
B_loJkl: shows [Qd Tc] (two pair, Aces and Tens - Queen kicker)
B_loJkl collected $23.52 from pot
*** SUMMARY ***
Total pot $24 | Rake $0.48
Board [9c Ad Ac Td 3c]
Seat 5: B_loJkl (button) (small blind) showed [Qd Tc] and won ($23.52) with two pair, Aces and Tens
Seat 6: giorkis27 (big blind) showed [2h Th] and lost with two pair, Aces and Tens


PokerStars Hand #176676942098:  Hold'em Limit ($3/$6 USD) - 2017/10/08 20:38:53 ET
Table 'Clementina' 6-max Seat #6 is the button
Seat 5: B_loJkl ($151.54 in chips)
Seat 6: giorkis27 ($71.64 in chips)
giorkis27: posts small blind $1
B_loJkl: posts big blind $3
*** HOLE CARDS ***
giorkis27: folds
Uncalled bet ($2) returned to B_loJkl
B_loJkl collected $2 from pot
B_loJkl: doesn't show hand
*** SUMMARY ***
Total pot $2 | Rake $0
Seat 5: B_loJkl (big blind) collected ($2)
Seat 6: giorkis27 (button) (small blind) folded before Flop


PokerStars Hand #176676944100:  Hold'em Limit ($3/$6 USD) - 2017/10/08 20:38:57 ET
Table 'Clementina' 6-max Seat #5 is the button
Seat 5: B_loJkl ($152.54 in chips)
Seat 6: giorkis27 ($70.64 in chips)
B_loJkl: posts small blind $1
giorkis27: posts big blind $3
*** HOLE CARDS ***
B_loJkl: raises $3 to $6
giorkis27: raises $3 to $9
B_loJkl: calls $3
*** FLOP *** [Jh 9h 9s]
giorkis27: bets $3
B_loJkl: folds
Uncalled bet ($3) returned to giorkis27
giorkis27 collected $17.64 from pot
*** SUMMARY ***
Total pot $18 | Rake $0.36
Board [Jh 9h 9s]
Seat 5: B_loJkl (button) (small blind) folded on the Flop
Seat 6: giorkis27 (big blind) collected ($17.64)


PokerStars Hand #176676956272:  Hold'em Limit ($3/$6 USD) - 2017/10/08 20:39:26 ET
Table 'Clementina' 6-max Seat #5 is the button
Seat 5: B_loJkl ($144.54 in chips)
Seat 6: giorkis27 ($78.28 in chips)
B_loJkl: posts small blind $1
giorkis27: posts big blind $3
*** HOLE CARDS ***
B_loJkl: raises $3 to $6
giorkis27: folds
Uncalled bet ($3) returned to B_loJkl
B_loJkl collected $6 from pot
B_loJkl: doesn't show hand
*** SUMMARY ***
Total pot $6 | Rake $0
Seat 5: B_loJkl (button) (small blind) collected ($6)
Seat 6: giorkis27 (big blind) folded before Flop


PokerStars Hand #176676953894:  Hold'em Limit ($3/$6 USD) - 2017/10/08 20:39:20 ET
Table 'Clementina' 6-max Seat #6 is the button
Seat 5: B_loJkl ($143.54 in chips)
Seat 6: giorkis27 ($79.28 in chips)
giorkis27: posts small blind $1
B_loJkl: posts big blind $3
*** HOLE CARDS ***
giorkis27: folds
Uncalled bet ($2) returned to B_loJkl
B_loJkl collected $2 from pot
B_loJkl: doesn't show hand
*** SUMMARY ***
Total pot $2 | Rake $0
Seat 5: B_loJkl (big blind) collected ($2)
Seat 6: giorkis27 (button) (small blind) folded before Flop


PokerStars Hand #176676958492:  Hold'em Limit ($3/$6 USD) - 2017/10/08 20:39:31 ET
Table 'Clementina' 6-max Seat #6 is the button
Seat 5: B_loJkl ($147.54 in chips)
Seat 6: giorkis27 ($75.28 in chips)
giorkis27: posts small blind $1
B_loJkl: posts big blind $3
*** HOLE CARDS ***
giorkis27: calls $2
TWINSTICK joins the table at seat #3
favete lin joins the table at seat #1
B_loJkl is disconnected
B_loJkl has timed out while disconnected
B_loJkl: checks
*** FLOP *** [Td Ah 2s]
B_loJkl has timed out while disconnected
B_loJkl: checks
giorkis27: bets $3
B_loJkl has timed out while disconnected
B_loJkl: folds
Uncalled bet ($3) returned to giorkis27
giorkis27 collected $5.88 from pot
*** SUMMARY ***
Total pot $6 | Rake $0.12
Board [Td Ah 2s]
Seat 5: B_loJkl (big blind) folded on the Flop
Seat 6: giorkis27 (button) (small blind) collected ($5.88)


PokerStars Hand #176677645531:  Hold'em Limit ($3/$6 USD) - 2017/10/08 21:07:37 ET
Table 'Clementina' 6-max Seat #1 is the button
Seat 1: B_loJkl ($74.40 in chips)
Seat 2: SonneUndMond ($170.85 in chips)
B_loJkl: posts small blind $1
SonneUndMond: posts big blind $3
*** HOLE CARDS ***
B_loJkl: raises $3 to $6
SonneUndMond: raises $3 to $9
B_loJkl: calls $3
*** FLOP *** [4d 8s 6s]
SonneUndMond: bets $3
B_loJkl: raises $3 to $6
SonneUndMond: calls $3
*** TURN *** [4d 8s 6s] [Ad]
arocar leaves the table
SonneUndMond: bets $6
B_loJkl: calls $6
*** RIVER *** [4d 8s 6s Ad] [6d]
SonneUndMond: bets $6
B_loJkl: calls $6
*** SHOW DOWN ***
SonneUndMond: shows [9d Kd] (a flush, Ace high)
B_loJkl: mucks hand
SonneUndMond collected $53.50 from pot
*** SUMMARY ***
Total pot $54 | Rake $0.50
Board [4d 8s 6s Ad 6d]
Seat 1: B_loJkl (button) (small blind) mucked
Seat 2: SonneUndMond (big blind) showed [9d Kd] and won ($53.50) with a flush, Ace high


PokerStars Hand #176677653113:  Hold'em Limit ($3/$6 USD) - 2017/10/08 21:07:55 ET
Table 'Clementina' 6-max Seat #2 is the button
Seat 1: B_loJkl ($47.40 in chips)
Seat 2: SonneUndMond ($197.35 in chips)
SonneUndMond: posts small blind $1
B_loJkl: posts big blind $3
*** HOLE CARDS ***
SonneUndMond: raises $3 to $6
B_loJkl: calls $3
*** FLOP *** [7d Td 5h]
B_loJkl: checks
SonneUndMond: checks
*** TURN *** [7d Td 5h] [Kc]
B_loJkl: checks
SonneUndMond: bets $6
B_loJkl: calls $6
*** RIVER *** [7d Td 5h Kc] [2d]
B_loJkl: checks
SonneUndMond: bets $6
B_loJkl: calls $6
*** SHOW DOWN ***
SonneUndMond: shows [6s Kd] (a pair of Kings)
B_loJkl: mucks hand
SonneUndMond collected $35.50 from pot
*** SUMMARY ***
Total pot $36 | Rake $0.50
Board [7d Td 5h Kc 2d]
Seat 1: B_loJkl (big blind) mucked
Seat 2: SonneUndMond (button) (small blind) showed [6s Kd] and won ($35.50) with a pair of Kings


PokerStars Hand #176677673772:  Hold'em Limit ($3/$6 USD) - 2017/10/08 21:08:46 ET
Table 'Clementina' 6-max Seat #2 is the button
Seat 1: B_loJkl ($71.40 in chips)
Seat 2: SonneUndMond ($232.35 in chips)
SonneUndMond: posts small blind $1
B_loJkl: posts big blind $3
*** HOLE CARDS ***
SonneUndMond: folds
Uncalled bet ($2) returned to B_loJkl
B_loJkl collected $2 from pot
B_loJkl: doesn't show hand
*** SUMMARY ***
Total pot $2 | Rake $0
Seat 1: B_loJkl (big blind) collected ($2)
Seat 2: SonneUndMond (button) (small blind) folded before Flop


PokerStars Hand #176677663842:  Hold'em Limit ($3/$6 USD) - 2017/10/08 21:08:21 ET
Table 'Clementina' 6-max Seat #1 is the button
Seat 1: B_loJkl ($89.40 in chips)
Seat 2: SonneUndMond ($214.85 in chips)
B_loJkl: posts small blind $1
SonneUndMond: posts big blind $3
*** HOLE CARDS ***
B_loJkl: raises $3 to $6
SonneUndMond: calls $3
*** FLOP *** [9s 8c 2h]
SonneUndMond: checks
B_loJkl: bets $3
SonneUndMond: raises $3 to $6
B_loJkl: calls $3
*** TURN *** [9s 8c 2h] [7h]
SonneUndMond: bets $6
B_loJkl: calls $6
*** RIVER *** [9s 8c 2h 7h] [Jc]
SonneUndMond: checks
B_loJkl: checks
*** SHOW DOWN ***
SonneUndMond: shows [5s 9c] (a pair of Nines)
B_loJkl: mucks hand
SonneUndMond collected $35.50 from pot
*** SUMMARY ***
Total pot $36 | Rake $0.50
Board [9s 8c 2h 7h Jc]
Seat 1: B_loJkl (button) (small blind) mucked
Seat 2: SonneUndMond (big blind) showed [5s 9c] and won ($35.50) with a pair of Nines


PokerStars Hand #176677689727:  Hold'em Limit ($3/$6 USD) - 2017/10/08 21:09:26 ET
Table 'Clementina' 6-max Seat #1 is the button
Seat 1: B_loJkl ($51.40 in chips)
Seat 2: SonneUndMond ($251.51 in chips)
B_loJkl: posts small blind $1
SonneUndMond: posts big blind $3
*** HOLE CARDS ***
B_loJkl: raises $3 to $6
SonneUndMond: calls $3
*** FLOP *** [7s 4h Td]
SonneUndMond: bets $3
B_loJkl: calls $3
*** TURN *** [7s 4h Td] [Ts]
SonneUndMond: bets $6
B_loJkl: calls $6
*** RIVER *** [7s 4h Td Ts] [Tc]
SonneUndMond: bets $6
B_loJkl: folds
Uncalled bet ($6) returned to SonneUndMond
SonneUndMond collected $29.50 from pot
SonneUndMond: doesn't show hand
*** SUMMARY ***
Total pot $30 | Rake $0.50
Board [7s 4h Td Ts Tc]
Seat 1: B_loJkl (button) (small blind) folded on the River
Seat 2: SonneUndMond (big blind) collected ($29.50)


PokerStars Hand #176677677028:  Hold'em Limit ($3/$6 USD) - 2017/10/08 21:08:54 ET
Table 'Clementina' 6-max Seat #1 is the button
Seat 1: B_loJkl ($72.40 in chips)
Seat 2: SonneUndMond ($231.35 in chips)
B_loJkl: posts small blind $1
SonneUndMond: posts big blind $3
*** HOLE CARDS ***
B_loJkl: raises $3 to $6
SonneUndMond: raises $3 to $9
B_loJkl: calls $3
*** FLOP *** [Js 3c 8c]
SonneUndMond: bets $3
B_loJkl: folds
Uncalled bet ($3) returned to SonneUndMond
SonneUndMond collected $17.64 from pot
SonneUndMond: doesn't show hand
*** SUMMARY ***
Total pot $18 | Rake $0.36
Board [Js 3c 8c]
Seat 1: B_loJkl (button) (small blind) folded on the Flop
Seat 2: SonneUndMond (big blind) collected ($17.64)


PokerStars Hand #176677682173:  Hold'em Limit ($3/$6 USD) - 2017/10/08 21:09:07 ET
Table 'Clementina' 6-max Seat #2 is the button
Seat 1: B_loJkl ($63.40 in chips)
Seat 2: SonneUndMond ($239.99 in chips)
SonneUndMond: posts small blind $1
B_loJkl: posts big blind $3
*** HOLE CARDS ***
SonneUndMond: raises $3 to $6
B_loJkl: raises $3 to $9
SonneUndMond: calls $3
*** FLOP *** [5h 9d 7d]
B_loJkl: bets $3
SonneUndMond: calls $3
*** TURN *** [5h 9d 7d] [Qh]
B_loJkl: checks
SonneUndMond: bets $6
B_loJkl: folds
Uncalled bet ($6) returned to SonneUndMond
SonneUndMond collected $23.52 from pot
SonneUndMond: doesn't show hand
*** SUMMARY ***
Total pot $24 | Rake $0.48
Board [5h 9d 7d Qh]
Seat 1: B_loJkl (big blind) folded on the Turn
Seat 2: SonneUndMond (button) (small blind) collected ($23.52)


PokerStars Hand #176677715966:  Hold'em Limit ($3/$6 USD) - 2017/10/08 21:10:31 ET
Table 'Clementina' 6-max Seat #1 is the button
Seat 1: B_loJkl ($92.15 in chips)
Seat 2: SonneUndMond ($269.76 in chips)
B_loJkl: posts small blind $1
SonneUndMond: posts big blind $3
*** HOLE CARDS ***
B_loJkl: raises $3 to $6
SonneUndMond: calls $3
*** FLOP *** [6h Tc Td]
SonneUndMond: checks
B_loJkl: bets $3
SonneUndMond: calls $3
*** TURN *** [6h Tc Td] [Kh]
SonneUndMond: checks
B_loJkl: bets $6
SonneUndMond: calls $6
*** RIVER *** [6h Tc Td Kh] [4h]
SonneUndMond: checks
B_loJkl: checks
*** SHOW DOWN ***
SonneUndMond: shows [7h As] (a pair of Tens)
B_loJkl: shows [7s 6c] (two pair, Tens and Sixes)
B_loJkl collected $29.50 from pot
*** SUMMARY ***
Total pot $30 | Rake $0.50
Board [6h Tc Td Kh 4h]
Seat 1: B_loJkl (button) (small blind) showed [7s 6c] and won ($29.50) with two pair, Tens and Sixes
Seat 2: SonneUndMond (big blind) showed [7h As] and lost with a pair of Tens


PokerStars Hand #176677712906:  Hold'em Limit ($3/$6 USD) - 2017/10/08 21:10:23 ET
Table 'Clementina' 6-max Seat #2 is the button
Seat 1: B_loJkl ($95.15 in chips)
Seat 2: SonneUndMond ($266.76 in chips)
SonneUndMond: posts small blind $1
B_loJkl: posts big blind $3
*** HOLE CARDS ***
tw986 joins the table at seat #6
SonneUndMond: raises $3 to $6
B_loJkl: folds
Uncalled bet ($3) returned to SonneUndMond
SonneUndMond collected $6 from pot
SonneUndMond: doesn't show hand
*** SUMMARY ***
Total pot $6 | Rake $0
Seat 1: B_loJkl (big blind) folded before Flop
Seat 2: SonneUndMond (button) (small blind) collected ($6)


PokerStars Hand #176677711043:  Hold'em Limit ($3/$6 USD) - 2017/10/08 21:10:18 ET
Table 'Clementina' 6-max Seat #1 is the button
Seat 1: B_loJkl ($96.15 in chips)
Seat 2: SonneUndMond ($265.76 in chips)
B_loJkl: posts small blind $1
SonneUndMond: posts big blind $3
*** HOLE CARDS ***
B_loJkl: folds
Uncalled bet ($2) returned to SonneUndMond
SonneUndMond collected $2 from pot
SonneUndMond: doesn't show hand
*** SUMMARY ***
Total pot $2 | Rake $0
Seat 1: B_loJkl (button) (small blind) folded before Flop
Seat 2: SonneUndMond (big blind) collected ($2)


PokerStars Hand #176677703201:  Hold'em Limit ($3/$6 USD) - 2017/10/08 21:09:59 ET
Table 'Clementina' 6-max Seat #2 is the button
Seat 1: B_loJkl ($96.40 in chips)
Seat 2: SonneUndMond ($266.01 in chips)
SonneUndMond: posts small blind $1
B_loJkl: posts big blind $3
*** HOLE CARDS ***
SonneUndMond: raises $3 to $6
B_loJkl: raises $3 to $9
SonneUndMond: calls $3
*** FLOP *** [Jd Ac Js]
B_loJkl: bets $3
SonneUndMond: calls $3
*** TURN *** [Jd Ac Js] [Ks]
B_loJkl: checks
SonneUndMond: bets $6
B_loJkl: calls $6
*** RIVER *** [Jd Ac Js Ks] [4h]
B_loJkl: checks
SonneUndMond: bets $6
B_loJkl: calls $6
*** SHOW DOWN ***
SonneUndMond: shows [Ah 2h] (two pair, Aces and Jacks)
B_loJkl: shows [4c As] (two pair, Aces and Jacks)
B_loJkl collected $23.75 from pot
SonneUndMond collected $23.75 from pot
*** SUMMARY ***
Total pot $48 | Rake $0.50
Board [Jd Ac Js Ks 4h]
Seat 1: B_loJkl (big blind) showed [4c As] and won ($23.75) with two pair, Aces and Jacks
Seat 2: SonneUndMond (button) (small blind) showed [Ah 2h] and won ($23.75) with two pair, Aces and Jacks


PokerStars Hand #176681774971:  Hold'em Limit ($3/$6 USD) - 2017/10/09 1:03:38 ET
Table 'Clementina' 6-max Seat #5 is the button
Seat 5: ABATAPP ($121.84 in chips)
Seat 6: Bucs9397 ($125.85 in chips)
ABATAPP: posts small blind $1
Bucs9397: posts big blind $3
*** HOLE CARDS ***
ABATAPP: raises $3 to $6
Bucs9397: folds
Uncalled bet ($3) returned to ABATAPP
ABATAPP collected $6 from pot
ABATAPP: doesn't show hand
*** SUMMARY ***
Total pot $6 | Rake $0
Seat 5: ABATAPP (button) (small blind) collected ($6)
Seat 6: Bucs9397 (big blind) folded before Flop


PokerStars Hand #176681766779:  Hold'em Limit ($3/$6 USD) - 2017/10/09 1:02:59 ET
Table 'Clementina' 6-max Seat #6 is the button
Seat 5: ABATAPP ($107.34 in chips)
Seat 6: Bucs9397 ($140.85 in chips)
Bucs9397: posts small blind $1
ABATAPP: posts big blind $3
*** HOLE CARDS ***
Bucs9397: raises $3 to $6
ABATAPP: calls $3
*** FLOP *** [Qs As 8d]
ABATAPP: checks
Bucs9397: bets $3
ABATAPP: calls $3
*** TURN *** [Qs As 8d] [Tc]
ABATAPP: checks
Bucs9397: checks
*** RIVER *** [Qs As 8d Tc] [2h]
ABATAPP: bets $6
Bucs9397: calls $6
*** SHOW DOWN ***
ABATAPP: shows [Ac Ks] (a pair of Aces)
Bucs9397: mucks hand
ABATAPP collected $29.50 from pot
*** SUMMARY ***
Total pot $30 | Rake $0.50
Board [Qs As 8d Tc 2h]
Seat 5: ABATAPP (big blind) showed [Ac Ks] and won ($29.50) with a pair of Aces
Seat 6: Bucs9397 (button) (small blind) mucked


PokerStars Hand #176682047055:  Hold'em Limit ($3/$6 USD) - 2017/10/09 1:23:53 ET
Table 'Clementina' 6-max Seat #6 is the button
Seat 4: CharginWapos ($283.34 in chips)
Seat 6: Bucs9397 ($86.31 in chips)
Bucs9397: posts small blind $1
CharginWapos: posts big blind $3
*** HOLE CARDS ***
Bucs9397: raises $3 to $6
CharginWapos: calls $3
*** FLOP *** [9s 8s 7h]
CharginWapos: checks
Bucs9397: bets $3
CharginWapos: folds
Uncalled bet ($3) returned to Bucs9397
Bucs9397 collected $11.76 from pot
*** SUMMARY ***
Total pot $12 | Rake $0.24
Board [9s 8s 7h]
Seat 4: CharginWapos (big blind) folded on the Flop
Seat 6: Bucs9397 (button) (small blind) collected ($11.76)


PokerStars Hand #176682039752:  Hold'em Limit ($3/$6 USD) - 2017/10/09 1:23:19 ET
Table 'Clementina' 6-max Seat #4 is the button
Seat 4: CharginWapos ($277.58 in chips)
Seat 6: Bucs9397 ($92.31 in chips)
CharginWapos: posts small blind $1
Bucs9397: posts big blind $3
*** HOLE CARDS ***
CharginWapos: calls $2
Bucs9397: raises $3 to $6
CharginWapos: calls $3
*** FLOP *** [7s Td Qs]
Bucs9397: checks
CharginWapos: bets $3
Bucs9397: folds
Uncalled bet ($3) returned to CharginWapos
CharginWapos collected $11.76 from pot
CharginWapos: doesn't show hand
*** SUMMARY ***
Total pot $12 | Rake $0.24
Board [7s Td Qs]
Seat 4: CharginWapos (button) (small blind) collected ($11.76)
Seat 6: Bucs9397 (big blind) folded on the Flop


PokerStars Hand #176682044262:  Hold'em Limit ($3/$6 USD) - 2017/10/09 1:23:40 ET
Table 'Clementina' 6-max Seat #6 is the button
Seat 4: CharginWapos ($283.34 in chips)
Seat 6: Bucs9397 ($86.31 in chips)
Bucs9397: posts small blind $1
CharginWapos: posts big blind $3
*** HOLE CARDS ***
Bucs9397: folds
Uncalled bet ($2) returned to CharginWapos
CharginWapos collected $2 from pot
CharginWapos: doesn't show hand
*** SUMMARY ***
Total pot $2 | Rake $0
Seat 4: CharginWapos (big blind) collected ($2)
Seat 6: Bucs9397 (button) (small blind) folded before Flop


PokerStars Hand #176682045963:  Hold'em Limit ($3/$6 USD) - 2017/10/09 1:23:48 ET
Table 'Clementina' 6-max Seat #4 is the button
Seat 4: CharginWapos ($284.34 in chips)
Seat 6: Bucs9397 ($85.31 in chips)
CharginWapos: posts small blind $1
Bucs9397: posts big blind $3
*** HOLE CARDS ***
CharginWapos: folds
Uncalled bet ($2) returned to Bucs9397
Bucs9397 collected $2 from pot
*** SUMMARY ***
Total pot $2 | Rake $0
Seat 4: CharginWapos (button) (small blind) folded before Flop
Seat 6: Bucs9397 (big blind) collected ($2)


PokerStars Hand #176682061400:  Hold'em Limit ($3/$6 USD) - 2017/10/09 1:25:00 ET
Table 'Clementina' 6-max Seat #6 is the button
Seat 4: CharginWapos ($272.09 in chips)
Seat 6: Bucs9397 ($96.58 in chips)
Bucs9397: posts small blind $1
CharginWapos: posts big blind $3
*** HOLE CARDS ***
Bucs9397: folds
Uncalled bet ($2) returned to CharginWapos
CharginWapos collected $2 from pot
CharginWapos: doesn't show hand
*** SUMMARY ***
Total pot $2 | Rake $0
Seat 4: CharginWapos (big blind) collected ($2)
Seat 6: Bucs9397 (button) (small blind) folded before Flop


PokerStars Hand #176682049929:  Hold'em Limit ($3/$6 USD) - 2017/10/09 1:24:07 ET
Table 'Clementina' 6-max Seat #4 is the button
Seat 4: CharginWapos ($277.34 in chips)
Seat 6: Bucs9397 ($92.07 in chips)
CharginWapos: posts small blind $1
Bucs9397: posts big blind $3
*** HOLE CARDS ***
CharginWapos: calls $2
Bucs9397: raises $3 to $6
CharginWapos: calls $3
*** FLOP *** [Kd 8s 3c]
Bucs9397: checks
CharginWapos: checks
*** TURN *** [Kd 8s 3c] [7c]
Bucs9397: bets $6
CharginWapos: folds
Uncalled bet ($6) returned to Bucs9397
Bucs9397 collected $11.76 from pot
*** SUMMARY ***
Total pot $12 | Rake $0.24
Board [Kd 8s 3c 7c]
Seat 4: CharginWapos (button) (small blind) folded on the Turn
Seat 6: Bucs9397 (big blind) collected ($11.76)


PokerStars Hand #176682055032:  Hold'em Limit ($3/$6 USD) - 2017/10/09 1:24:31 ET
Table 'Clementina' 6-max Seat #6 is the button
Seat 4: CharginWapos ($271.34 in chips)
Seat 6: Bucs9397 ($97.83 in chips)
Bucs9397: posts small blind $1
CharginWapos: posts big blind $3
*** HOLE CARDS ***
Bucs9397: folds
Uncalled bet ($2) returned to CharginWapos
CharginWapos collected $2 from pot
CharginWapos: doesn't show hand
*** SUMMARY ***
Total pot $2 | Rake $0
Seat 4: CharginWapos (big blind) collected ($2)
Seat 6: Bucs9397 (button) (small blind) folded before Flop


PokerStars Hand #176682056228:  Hold'em Limit ($3/$6 USD) - 2017/10/09 1:24:36 ET
Table 'Clementina' 6-max Seat #4 is the button
Seat 4: CharginWapos ($272.34 in chips)
Seat 6: Bucs9397 ($96.83 in chips)
CharginWapos: posts small blind $1
Bucs9397: posts big blind $3
*** HOLE CARDS ***
CharginWapos: raises $3 to $6
Bucs9397: raises $3 to $9
CharginWapos: calls $3
*** FLOP *** [2h 5d 9s]
Bucs9397: bets $3
CharginWapos: calls $3
*** TURN *** [2h 5d 9s] [8d]
Bucs9397: bets $6
CharginWapos: raises $6 to $12
Bucs9397: calls $6
*** RIVER *** [2h 5d 9s 8d] [Qh]
Bucs9397: checks
CharginWapos: checks
*** SHOW DOWN ***
Bucs9397: shows [3h As] (high card Ace)
CharginWapos: shows [3s Ah] (high card Ace)
Bucs9397 collected $23.75 from pot
CharginWapos collected $23.75 from pot
*** SUMMARY ***
Total pot $48 | Rake $0.50
Board [2h 5d 9s 8d Qh]
Seat 4: CharginWapos (button) (small blind) showed [3s Ah] and won ($23.75) with high card Ace
Seat 6: Bucs9397 (big blind) showed [3h As] and won ($23.75) with high card Ace


PokerStars Hand #176682062684:  Hold'em Limit ($3/$6 USD) - 2017/10/09 1:25:06 ET
Table 'Clementina' 6-max Seat #4 is the button
Seat 4: CharginWapos ($273.09 in chips)
Seat 6: Bucs9397 ($95.58 in chips)
CharginWapos: posts small blind $1
Bucs9397: posts big blind $3
*** HOLE CARDS ***
CharginWapos: folds [7h 2c]
Uncalled bet ($2) returned to Bucs9397
Bucs9397 collected $2 from pot
*** SUMMARY ***
Total pot $2 | Rake $0
Seat 4: CharginWapos (button) (small blind) folded before Flop
Seat 6: Bucs9397 (big blind) collected ($2)


PokerStars Hand #176682065348:  Hold'em Limit ($3/$6 USD) - 2017/10/09 1:25:19 ET
Table 'Clementina' 6-max Seat #6 is the button
Seat 4: CharginWapos ($272.09 in chips)
Seat 6: Bucs9397 ($96.58 in chips)
Bucs9397: posts small blind $1
CharginWapos: posts big blind $3
*** HOLE CARDS ***
Bucs9397: raises $3 to $6
Bucs9397 said, "lol"
CharginWapos: folds
Uncalled bet ($3) returned to Bucs9397
Bucs9397 collected $6 from pot
*** SUMMARY ***
Total pot $6 | Rake $0
Seat 4: CharginWapos (big blind) folded before Flop
Seat 6: Bucs9397 (button) (small blind) collected ($6)


PokerStars Hand #176682067679:  Hold'em Limit ($3/$6 USD) - 2017/10/09 1:25:30 ET
Table 'Clementina' 6-max Seat #4 is the button
Seat 4: CharginWapos ($269.09 in chips)
Seat 6: Bucs9397 ($99.58 in chips)
CharginWapos: posts small blind $1
Bucs9397 said, "also had 7-2"
Bucs9397: posts big blind $3
*** HOLE CARDS ***
CharginWapos: raises $3 to $6
Bucs9397: calls $3
*** FLOP *** [4h 6d 8c]
Bucs9397: checks
CharginWapos: bets $3
Bucs9397: folds
Uncalled bet ($3) returned to CharginWapos
CharginWapos collected $11.76 from pot
CharginWapos: doesn't show hand
*** SUMMARY ***
Total pot $12 | Rake $0.24
Board [4h 6d 8c]
Seat 4: CharginWapos (button) (small blind) collected ($11.76)
Seat 6: Bucs9397 (big blind) folded on the Flop


PokerStars Hand #176682070697:  Hold'em Limit ($3/$6 USD) - 2017/10/09 1:25:44 ET
Table 'Clementina' 6-max Seat #6 is the button
Seat 4: CharginWapos ($274.85 in chips)
Seat 6: Bucs9397 ($93.58 in chips)
Bucs9397: posts small blind $1
CharginWapos: posts big blind $3
*** HOLE CARDS ***
Bucs9397: raises $3 to $6
CharginWapos: calls $3
*** FLOP *** [5h 3c 4h]
CharginWapos: bets $3
Bucs9397: calls $3
*** TURN *** [5h 3c 4h] [7h]
CharginWapos: bets $6
Bucs9397: folds
Uncalled bet ($6) returned to CharginWapos
CharginWapos collected $17.64 from pot
CharginWapos: doesn't show hand
*** SUMMARY ***
Total pot $18 | Rake $0.36
Board [5h 3c 4h 7h]
Seat 4: CharginWapos (big blind) collected ($17.64)
Seat 6: Bucs9397 (button) (small blind) folded on the Turn


PokerStars Hand #176682084649:  Hold'em Limit ($3/$6 USD) - 2017/10/09 1:26:49 ET
Table 'Clementina' 6-max Seat #6 is the button
Seat 4: CharginWapos ($283.25 in chips)
Seat 6: Bucs9397 ($84.46 in chips)
Bucs9397: posts small blind $1
CharginWapos: posts big blind $3
*** HOLE CARDS ***
Bucs9397: raises $3 to $6
CharginWapos: folds
Uncalled bet ($3) returned to Bucs9397
Bucs9397 collected $6 from pot
*** SUMMARY ***
Total pot $6 | Rake $0
Seat 4: CharginWapos (big blind) folded before Flop
Seat 6: Bucs9397 (button) (small blind) collected ($6)


PokerStars Hand #176682076034:  Hold'em Limit ($3/$6 USD) - 2017/10/09 1:26:08 ET
Table 'Clementina' 6-max Seat #4 is the button
Seat 4: CharginWapos ($283.49 in chips)
Seat 6: Bucs9397 ($84.58 in chips)
CharginWapos: posts small blind $1
Bucs9397: posts big blind $3
*** HOLE CARDS ***
CharginWapos: calls $2
Bucs9397: checks
*** FLOP *** [9s 2d Qd]
Bucs9397: checks
CharginWapos: checks
*** TURN *** [9s 2d Qd] [7d]
Bucs9397: bets $6
CharginWapos: folds
Uncalled bet ($6) returned to Bucs9397
Bucs9397 collected $5.88 from pot
*** SUMMARY ***
Total pot $6 | Rake $0.12
Board [9s 2d Qd 7d]
Seat 4: CharginWapos (button) (small blind) folded on the Turn
Seat 6: Bucs9397 (big blind) collected ($5.88)


PokerStars Hand #176682078959:  Hold'em Limit ($3/$6 USD) - 2017/10/09 1:26:22 ET
Table 'Clementina' 6-max Seat #6 is the button
Seat 4: CharginWapos ($280.49 in chips)
Seat 6: Bucs9397 ($87.46 in chips)
Bucs9397: posts small blind $1
CharginWapos: posts big blind $3
*** HOLE CARDS ***
Bucs9397: raises $3 to $6
CharginWapos: folds
Uncalled bet ($3) returned to Bucs9397
Bucs9397 collected $6 from pot
*** SUMMARY ***
Total pot $6 | Rake $0
Seat 4: CharginWapos (big blind) folded before Flop
Seat 6: Bucs9397 (button) (small blind) collected ($6)


PokerStars Hand #176682082045:  Hold'em Limit ($3/$6 USD) - 2017/10/09 1:26:37 ET
Table 'Clementina' 6-max Seat #4 is the button
Seat 4: CharginWapos ($277.49 in chips)
Seat 6: Bucs9397 ($90.46 in chips)
CharginWapos: posts small blind $1
Bucs9397: posts big blind $3
*** HOLE CARDS ***
CharginWapos: raises $3 to $6
Bucs9397: calls $3
*** FLOP *** [5c 8d Th]
Bucs9397: checks
CharginWapos: bets $3
Bucs9397: folds
Uncalled bet ($3) returned to CharginWapos
CharginWapos collected $11.76 from pot
CharginWapos: doesn't show hand
*** SUMMARY ***
Total pot $12 | Rake $0.24
Board [5c 8d Th]
Seat 4: CharginWapos (button) (small blind) collected ($11.76)
Seat 6: Bucs9397 (big blind) folded on the Flop


PokerStars Hand #176682086640:  Hold'em Limit ($3/$6 USD) - 2017/10/09 1:26:58 ET
Table 'Clementina' 6-max Seat #4 is the button
Seat 4: CharginWapos ($280.25 in chips)
Seat 6: Bucs9397 ($87.46 in chips)
CharginWapos: posts small blind $1
Bucs9397: posts big blind $3
*** HOLE CARDS ***
CharginWapos: folds
Uncalled bet ($2) returned to Bucs9397
Bucs9397 collected $2 from pot
*** SUMMARY ***
Total pot $2 | Rake $0
Seat 4: CharginWapos (button) (small blind) folded before Flop
Seat 6: Bucs9397 (big blind) collected ($2)


PokerStars Hand #176682090777:  Hold'em Limit ($3/$6 USD) - 2017/10/09 1:27:17 ET
Table 'Clementina' 6-max Seat #6 is the button
Seat 4: CharginWapos ($279.25 in chips)
Seat 6: Bucs9397 ($88.46 in chips)
Bucs9397: posts small blind $1
CharginWapos: posts big blind $3
*** HOLE CARDS ***
Bucs9397: raises $3 to $6
CharginWapos: folds
Uncalled bet ($3) returned to Bucs9397
Bucs9397 collected $6 from pot
*** SUMMARY ***
Total pot $6 | Rake $0
Seat 4: CharginWapos (big blind) folded before Flop
Seat 6: Bucs9397 (button) (small blind) collected ($6)


PokerStars Hand #176682093494:  Hold'em Limit ($3/$6 USD) - 2017/10/09 1:27:30 ET
Table 'Clementina' 6-max Seat #4 is the button
Seat 4: CharginWapos ($276.25 in chips)
Seat 6: Bucs9397 ($91.46 in chips)
CharginWapos: posts small blind $1
Bucs9397: posts big blind $3
*** HOLE CARDS ***
CharginWapos: raises $3 to $6
Bucs9397: calls $3
*** FLOP *** [6s Jd 2d]
Bucs9397: checks
CharginWapos: checks
*** TURN *** [6s Jd 2d] [5c]
Bucs9397: bets $6
CharginWapos: folds
Uncalled bet ($6) returned to Bucs9397
Bucs9397 collected $11.76 from pot
*** SUMMARY ***
Total pot $12 | Rake $0.24
Board [6s Jd 2d 5c]
Seat 4: CharginWapos (button) (small blind) folded on the Turn
Seat 6: Bucs9397 (big blind) collected ($11.76)


PokerStars Hand #176682089690:  Hold'em Limit ($3/$6 USD) - 2017/10/09 1:27:12 ET
Table 'Clementina' 6-max Seat #4 is the button
Seat 4: CharginWapos ($280.25 in chips)
Seat 6: Bucs9397 ($87.46 in chips)
CharginWapos: posts small blind $1
Bucs9397: posts big blind $3
*** HOLE CARDS ***
CharginWapos: folds
Uncalled bet ($2) returned to Bucs9397
Bucs9397 collected $2 from pot
*** SUMMARY ***
Total pot $2 | Rake $0
Seat 4: CharginWapos (button) (small blind) folded before Flop
Seat 6: Bucs9397 (big blind) collected ($2)


PokerStars Hand #176682088537:  Hold'em Limit ($3/$6 USD) - 2017/10/09 1:27:07 ET
Table 'Clementina' 6-max Seat #6 is the button
Seat 4: CharginWapos ($279.25 in chips)
Seat 6: Bucs9397 ($88.46 in chips)
Bucs9397: posts small blind $1
CharginWapos: posts big blind $3
*** HOLE CARDS ***
Bucs9397: folds
Uncalled bet ($2) returned to CharginWapos
CharginWapos collected $2 from pot
CharginWapos: doesn't show hand
*** SUMMARY ***
Total pot $2 | Rake $0
Seat 4: CharginWapos (big blind) collected ($2)
Seat 6: Bucs9397 (button) (small blind) folded before Flop


PokerStars Hand #176682096445:  Hold'em Limit ($3/$6 USD) - 2017/10/09 1:27:43 ET
Table 'Clementina' 6-max Seat #6 is the button
Seat 4: CharginWapos ($270.25 in chips)
Seat 6: Bucs9397 ($97.22 in chips)
Bucs9397: posts small blind $1
CharginWapos: posts big blind $3
*** HOLE CARDS ***
Bucs9397: raises $3 to $6
CharginWapos: raises $3 to $9
Bucs9397: calls $3
*** FLOP *** [9s 6h 9c]
CharginWapos: bets $3
Bucs9397: calls $3
*** TURN *** [9s 6h 9c] [7s]
CharginWapos: checks
Bucs9397: bets $6
CharginWapos: calls $6
*** RIVER *** [9s 6h 9c 7s] [6s]
CharginWapos: checks
Bucs9397: bets $6
CharginWapos: folds
Uncalled bet ($6) returned to Bucs9397
Bucs9397 collected $35.50 from pot
*** SUMMARY ***
Total pot $36 | Rake $0.50
Board [9s 6h 9c 7s 6s]
Seat 4: CharginWapos (big blind) folded on the River
Seat 6: Bucs9397 (button) (small blind) collected ($35.50)


PokerStars Hand #176682107412:  Hold'em Limit ($3/$6 USD) - 2017/10/09 1:28:34 ET
Table 'Clementina' 6-max Seat #4 is the button
Seat 4: CharginWapos ($266.75 in chips)
Seat 6: Bucs9397 ($99.72 in chips)
CharginWapos: posts small blind $1
Bucs9397: posts big blind $3
*** HOLE CARDS ***
CharginWapos: folds
Uncalled bet ($2) returned to Bucs9397
Bucs9397 collected $2 from pot
*** SUMMARY ***
Total pot $2 | Rake $0
Seat 4: CharginWapos (button) (small blind) folded before Flop
Seat 6: Bucs9397 (big blind) collected ($2)


PokerStars Hand #176682104872:  Hold'em Limit ($3/$6 USD) - 2017/10/09 1:28:22 ET
Table 'Clementina' 6-max Seat #6 is the button
Seat 4: CharginWapos ($269.75 in chips)
Seat 6: Bucs9397 ($96.72 in chips)
Bucs9397: posts small blind $1
CharginWapos: posts big blind $3
*** HOLE CARDS ***
Bucs9397: raises $3 to $6
CharginWapos: folds
Uncalled bet ($3) returned to Bucs9397
Bucs9397 collected $6 from pot
*** SUMMARY ***
Total pot $6 | Rake $0
Seat 4: CharginWapos (big blind) folded before Flop
Seat 6: Bucs9397 (button) (small blind) collected ($6)


PokerStars Hand #176682109058:  Hold'em Limit ($3/$6 USD) - 2017/10/09 1:28:41 ET
Table 'Clementina' 6-max Seat #6 is the button
Seat 4: CharginWapos ($265.75 in chips)
Seat 6: Bucs9397 ($100.72 in chips)
Bucs9397: posts small blind $1
CharginWapos: posts big blind $3
*** HOLE CARDS ***
C-bet-safira joins the table at seat #5
Bucs9397: raises $3 to $6
CharginWapos: folds
Uncalled bet ($3) returned to Bucs9397
Bucs9397 collected $6 from pot
*** SUMMARY ***
Total pot $6 | Rake $0
Seat 4: CharginWapos (big blind) folded before Flop
Seat 6: Bucs9397 (button) (small blind) collected ($6)


PokerStars Hand #176682101001:  Hold'em Limit ($3/$6 USD) - 2017/10/09 1:28:04 ET
Table 'Clementina' 6-max Seat #4 is the button
Seat 4: CharginWapos ($252.25 in chips)
Seat 6: Bucs9397 ($114.72 in chips)
CharginWapos: posts small blind $1
Bucs9397: posts big blind $3
*** HOLE CARDS ***
CharginWapos: raises $3 to $6
Bucs9397: calls $3
*** FLOP *** [5h 6h 4c]
Bucs9397: checks
CharginWapos: checks
*** TURN *** [5h 6h 4c] [5d]
Bucs9397: bets $6
CharginWapos: calls $6
*** RIVER *** [5h 6h 4c 5d] [4s]
Bucs9397: bets $6
CharginWapos: calls $6
*** SHOW DOWN ***
Bucs9397: shows [Qs 9c] (two pair, Fives and Fours)
CharginWapos: shows [9s As] (two pair, Fives and Fours - Ace kicker)
CharginWapos collected $35.50 from pot
*** SUMMARY ***
Total pot $36 | Rake $0.50
Board [5h 6h 4c 5d 4s]
Seat 4: CharginWapos (button) (small blind) showed [9s As] and won ($35.50) with two pair, Fives and Fours
Seat 6: Bucs9397 (big blind) showed [Qs 9c] and lost with two pair, Fives and Fours


PokerStars Hand #176682246417:  Hold'em Limit ($3/$6 USD) - 2017/10/09 1:39:20 ET
Table 'Clementina' 6-max Seat #5 is the button
Seat 1: alpha2777 ($78.19 in chips)
Seat 5: C-bet-safira ($77.09 in chips)
C-bet-safira: posts small blind $1
Bucs9397 has timed out while being disconnected
Bucs9397: is sitting out
alpha2777: posts big blind $3
*** HOLE CARDS ***
C-bet-safira: calls $2
Bucs9397 is disconnected
alpha2777 is connected
alpha2777: checks
*** FLOP *** [Jc 9c Ah]
alpha2777: bets $3
C-bet-safira: folds
Uncalled bet ($3) returned to alpha2777
alpha2777 collected $5.88 from pot
alpha2777: doesn't show hand
*** SUMMARY ***
Total pot $6 | Rake $0.12
Board [Jc 9c Ah]
Seat 1: alpha2777 (big blind) collected ($5.88)
Seat 5: C-bet-safira (button) (small blind) folded on the Flop


PokerStars Hand #176682578921:  Hold'em Limit ($3/$6 USD) - 2017/10/09 2:05:47 ET
Table 'Clementina' 6-max Seat #5 is the button
Seat 4: CharginWapos ($196.19 in chips)
Seat 5: C-bet-safira ($119.58 in chips)
C-bet-safira: posts small blind $1
CharginWapos: posts big blind $3
*** HOLE CARDS ***
C-bet-safira: calls $2
CharginWapos: raises $3 to $6
C-bet-safira: calls $3
*** FLOP *** [3c 7d 6d]
Fabulous108 joins the table at seat #6
CharginWapos: bets $3
C-bet-safira: calls $3
*** TURN *** [3c 7d 6d] [8h]
CharginWapos: bets $6
C-bet-safira: calls $6
*** RIVER *** [3c 7d 6d 8h] [9h]
CharginWapos: checks
C-bet-safira: bets $6
CharginWapos: folds
Uncalled bet ($6) returned to C-bet-safira
C-bet-safira collected $29.50 from pot
C-bet-safira: doesn't show hand
*** SUMMARY ***
Total pot $30 | Rake $0.50
Board [3c 7d 6d 8h 9h]
Seat 4: CharginWapos (big blind) folded on the River
Seat 5: C-bet-safira (button) (small blind) collected ($29.50)


PokerStars Hand #176682583710:  Hold'em Limit ($3/$6 USD) - 2017/10/09 2:06:09 ET
Table 'Clementina' 6-max Seat #4 is the button
Seat 4: CharginWapos ($181.19 in chips)
Seat 5: C-bet-safira ($134.08 in chips)
CharginWapos: posts small blind $1
C-bet-safira: posts big blind $3
*** HOLE CARDS ***
CharginWapos: calls $2
C-bet-safira: checks
*** FLOP *** [Qc As 4d]
C-bet-safira: checks
CharginWapos: checks
*** TURN *** [Qc As 4d] [3s]
C-bet-safira: checks
CharginWapos: checks
*** RIVER *** [Qc As 4d 3s] [Kc]
C-bet-safira: checks
CharginWapos: checks
*** SHOW DOWN ***
C-bet-safira: shows [8h Js] (high card Ace)
CharginWapos: shows [7h 3h] (a pair of Threes)
CharginWapos collected $5.88 from pot
*** SUMMARY ***
Total pot $6 | Rake $0.12
Board [Qc As 4d 3s Kc]
Seat 4: CharginWapos (button) (small blind) showed [7h 3h] and won ($5.88) with a pair of Threes
Seat 5: C-bet-safira (big blind) showed [8h Js] and lost with high card Ace


PokerStars Hand #176683772921:  Hold'em Limit ($3/$6 USD) - 2017/10/09 3:33:26 ET
Table 'Clementina' 6-max Seat #6 is the button
Seat 5: CharginWapos ($244.97 in chips)
Seat 6: alpha2777 ($57.34 in chips)
alpha2777: posts small blind $1
karambakilla: is sitting out
CharginWapos: posts big blind $3
*** HOLE CARDS ***
BelSv leaves the table
alpha2777: folds
Uncalled bet ($2) returned to CharginWapos
CharginWapos collected $2 from pot
CharginWapos: doesn't show hand
*** SUMMARY ***
Total pot $2 | Rake $0
Seat 5: CharginWapos (big blind) collected ($2)
Seat 6: alpha2777 (button) (small blind) folded before Flop


