PokerStars Hand #157582094425:  Hold'em Limit ($3/$6 USD) - 2016/08/21 22:57:40 ET
Table 'Clementina' 10-max Seat #9 is the button
Seat 4: Mahmoudjan11 ($75.86 in chips)
Seat 9: LifeisagameX ($84 in chips)
LifeisagameX: posts small blind $1
Mahmoudjan11: posts big blind $3
*** HOLE CARDS ***
LifeisagameX: raises $3 to $6
Mahmoudjan11: calls $3
*** FLOP *** [5c Kd Kc]
Mahmoudjan11: checks
LifeisagameX: bets $3
Mahmoudjan11: raises $3 to $6
LifeisagameX: calls $3
*** TURN *** [5c Kd Kc] [Qs]
Mahmoudjan11: bets $6
LifeisagameX: calls $6
*** RIVER *** [5c Kd Kc Qs] [9c]
Mahmoudjan11: bets $6
LifeisagameX: calls $6
*** SHOW DOWN ***
Mahmoudjan11: shows [2s Ad] (a pair of Kings)
LifeisagameX: shows [Qh Js] (two pair, Kings and Queens)
LifeisagameX collected $47.50 from pot
*** SUMMARY ***
Total pot $48 | Rake $0.50
Board [5c Kd Kc Qs 9c]
Seat 4: Mahmoudjan11 (big blind) showed [2s Ad] and lost with a pair of Kings
Seat 9: LifeisagameX (button) (small blind) showed [Qh Js] and won ($47.50) with two pair, Kings and Queens


PokerStars Hand #157582121841:  Hold'em Limit ($3/$6 USD) - 2016/08/21 22:58:58 ET
Table 'Clementina' 10-max Seat #9 is the button
Seat 4: Mahmoudjan11 ($60.50 in chips)
Seat 9: LifeisagameX ($98.50 in chips)
LifeisagameX: posts small blind $1
Mahmoudjan11: posts big blind $3
*** HOLE CARDS ***
LifeisagameX: raises $3 to $6
Mahmoudjan11: folds
Uncalled bet ($3) returned to LifeisagameX
LifeisagameX collected $6 from pot
LifeisagameX: doesn't show hand
*** SUMMARY ***
Total pot $6 | Rake $0
Seat 4: Mahmoudjan11 (big blind) folded before Flop
Seat 9: LifeisagameX (button) (small blind) collected ($6)


PokerStars Hand #157582107143:  Hold'em Limit ($3/$6 USD) - 2016/08/21 22:58:31 ET
Table 'Clementina' 10-max Seat #4 is the button
Seat 4: Mahmoudjan11 ($51.86 in chips)
Seat 9: LifeisagameX ($107.50 in chips)
Mahmoudjan11: posts small blind $1
LifeisagameX: posts big blind $3
*** HOLE CARDS ***
Mahmoudjan11: raises $3 to $6
LifeisagameX: calls $3
*** FLOP *** [Ad 3d 8d]
LifeisagameX: checks
Mahmoudjan11: bets $3
LifeisagameX: calls $3
*** TURN *** [Ad 3d 8d] [9c]
LifeisagameX: checks
Mahmoudjan11: bets $6
LifeisagameX: folds
Uncalled bet ($6) returned to Mahmoudjan11
Mahmoudjan11 collected $17.64 from pot
Mahmoudjan11: doesn't show hand
*** SUMMARY ***
Total pot $18 | Rake $0.36
Board [Ad 3d 8d 9c]
Seat 4: Mahmoudjan11 (button) (small blind) collected ($17.64)
Seat 9: LifeisagameX (big blind) folded on the Turn


PokerStars Hand #157582123851:  Hold'em Limit ($3/$6 USD) - 2016/08/21 22:59:05 ET
Table 'Clementina' 10-max Seat #4 is the button
Seat 4: Mahmoudjan11 ($57.50 in chips)
Seat 9: LifeisagameX ($101.50 in chips)
Mahmoudjan11: posts small blind $1
LifeisagameX: posts big blind $3
*** HOLE CARDS ***
Mahmoudjan11: raises $3 to $6
LifeisagameX: calls $3
*** FLOP *** [As 5c 2h]
LifeisagameX: checks
Mahmoudjan11: bets $3
LifeisagameX: raises $3 to $6
Mahmoudjan11: calls $3
*** TURN *** [As 5c 2h] [4c]
LifeisagameX: checks
Mahmoudjan11: checks
*** RIVER *** [As 5c 2h 4c] [8d]
LifeisagameX: bets $6
Mahmoudjan11: raises $6 to $12
LifeisagameX: calls $6
*** SHOW DOWN ***
Mahmoudjan11: shows [6h Ad] (a pair of Aces)
LifeisagameX: mucks hand
Mahmoudjan11 collected $47.50 from pot
*** SUMMARY ***
Total pot $48 | Rake $0.50
Board [As 5c 2h 4c 8d]
Seat 4: Mahmoudjan11 (button) (small blind) showed [6h Ad] and won ($47.50) with a pair of Aces
Seat 9: LifeisagameX (big blind) mucked


PokerStars Hand #157582139194:  Hold'em Limit ($3/$6 USD) - 2016/08/21 23:00:07 ET
Table 'Clementina' 10-max Seat #9 is the button
Seat 4: Mahmoudjan11 ($81 in chips)
Seat 9: LifeisagameX ($84 in chips)
LifeisagameX: posts small blind $1
Mahmoudjan11: posts big blind $3
*** HOLE CARDS ***
LifeisagameX: raises $3 to $6
Mahmoudjan11: calls $3
*** FLOP *** [9c 7s 5d]
Mahmoudjan11: checks
LifeisagameX: checks
*** TURN *** [9c 7s 5d] [5c]
Mahmoudjan11: checks
LifeisagameX: bets $6
Mahmoudjan11: folds
Uncalled bet ($6) returned to LifeisagameX
LifeisagameX collected $11.76 from pot
LifeisagameX: doesn't show hand
*** SUMMARY ***
Total pot $12 | Rake $0.24
Board [9c 7s 5d 5c]
Seat 4: Mahmoudjan11 (big blind) folded on the Turn
Seat 9: LifeisagameX (button) (small blind) collected ($11.76)


PokerStars Hand #157582154533:  Hold'em Limit ($3/$6 USD) - 2016/08/21 23:01:04 ET
Table 'Clementina' 10-max Seat #9 is the button
Seat 4: Mahmoudjan11 ($101.50 in chips)
Seat 9: LifeisagameX ($84 in chips)
LifeisagameX: posts small blind $1
Mahmoudjan11: posts big blind $3
*** HOLE CARDS ***
LifeisagameX: raises $3 to $6
Mahmoudjan11: calls $3
*** FLOP *** [9d Jh 4c]
Mahmoudjan11: bets $3
LifeisagameX: raises $3 to $6
Mahmoudjan11: calls $3
*** TURN *** [9d Jh 4c] [Ac]
Mahmoudjan11: checks
LifeisagameX: bets $6
Mahmoudjan11: folds
Uncalled bet ($6) returned to LifeisagameX
LifeisagameX collected $23.52 from pot
LifeisagameX: doesn't show hand
*** SUMMARY ***
Total pot $24 | Rake $0.48
Board [9d Jh 4c Ac]
Seat 4: Mahmoudjan11 (big blind) folded on the Turn
Seat 9: LifeisagameX (button) (small blind) collected ($23.52)


PokerStars Hand #157582146436:  Hold'em Limit ($3/$6 USD) - 2016/08/21 23:00:34 ET
Table 'Clementina' 10-max Seat #4 is the button
Seat 4: Mahmoudjan11 ($75 in chips)
Seat 9: LifeisagameX ($89.76 in chips)
Mahmoudjan11: posts small blind $1
LifeisagameX: posts big blind $3
*** HOLE CARDS ***
Mahmoudjan11: calls $2
LifeisagameX: raises $3 to $6
Mahmoudjan11: calls $3
*** FLOP *** [2s Kc 4d]
LifeisagameX: bets $3
Mahmoudjan11: calls $3
*** TURN *** [2s Kc 4d] [9c]
LifeisagameX: bets $6
Mahmoudjan11: raises $6 to $12
LifeisagameX: calls $6
*** RIVER *** [2s Kc 4d 9c] [8c]
LifeisagameX: checks
Mahmoudjan11: bets $6
LifeisagameX: calls $6
*** SHOW DOWN ***
Mahmoudjan11: shows [2c 2h] (three of a kind, Deuces)
LifeisagameX: mucks hand
Mahmoudjan11 collected $53.50 from pot
*** SUMMARY ***
Total pot $54 | Rake $0.50
Board [2s Kc 4d 9c 8c]
Seat 4: Mahmoudjan11 (button) (small blind) showed [2c 2h] and won ($53.50) with three of a kind, Deuces
Seat 9: LifeisagameX (big blind) mucked


PokerStars Hand #157582161799:  Hold'em Limit ($3/$6 USD) - 2016/08/21 23:01:30 ET
Table 'Clementina' 10-max Seat #4 is the button
Seat 4: Mahmoudjan11 ($89.50 in chips)
Seat 9: LifeisagameX ($95.52 in chips)
Mahmoudjan11: posts small blind $1
LifeisagameX: posts big blind $3
*** HOLE CARDS ***
Mahmoudjan11: folds
Uncalled bet ($2) returned to LifeisagameX
LifeisagameX collected $2 from pot
*** SUMMARY ***
Total pot $2 | Rake $0
Seat 4: Mahmoudjan11 (button) (small blind) folded before Flop
Seat 9: LifeisagameX (big blind) collected ($2)


PokerStars Hand #157582167394:  Hold'em Limit ($3/$6 USD) - 2016/08/21 23:01:49 ET
Table 'Clementina' 10-max Seat #9 is the button
Seat 4: Mahmoudjan11 ($88.50 in chips)
Seat 9: LifeisagameX ($96.52 in chips)
LifeisagameX: posts small blind $1
Mahmoudjan11: posts big blind $3
*** HOLE CARDS ***
LifeisagameX: raises $3 to $6
Mahmoudjan11: calls $3
*** FLOP *** [2d Ad 4h]
Mahmoudjan11: bets $3
LifeisagameX: calls $3
*** TURN *** [2d Ad 4h] [6h]
Mahmoudjan11: bets $6
LifeisagameX: calls $6
*** RIVER *** [2d Ad 4h 6h] [Jh]
Mahmoudjan11: bets $6
LifeisagameX: calls $6
*** SHOW DOWN ***
Mahmoudjan11: shows [Ks 9h] (high card Ace)
LifeisagameX: shows [7c 6d] (a pair of Sixes)
LifeisagameX collected $41.50 from pot
*** SUMMARY ***
Total pot $42 | Rake $0.50
Board [2d Ad 4h 6h Jh]
Seat 4: Mahmoudjan11 (big blind) showed [Ks 9h] and lost with high card Ace
Seat 9: LifeisagameX (button) (small blind) showed [7c 6d] and won ($41.50) with a pair of Sixes


PokerStars Hand #157582193984:  Hold'em Limit ($3/$6 USD) - 2016/08/21 23:03:24 ET
Table 'Clementina' 10-max Seat #9 is the button
Seat 4: Mahmoudjan11 ($74.14 in chips)
Seat 9: LifeisagameX ($110.02 in chips)
LifeisagameX: posts small blind $1
Mahmoudjan11: posts big blind $3
*** HOLE CARDS ***
LifeisagameX: raises $3 to $6
Mahmoudjan11: raises $3 to $9
LifeisagameX: calls $3
*** FLOP *** [9d 7c 9c]
Mahmoudjan11: bets $3
LifeisagameX: calls $3
*** TURN *** [9d 7c 9c] [Qh]
Mahmoudjan11: bets $6
LifeisagameX: folds
Uncalled bet ($6) returned to Mahmoudjan11
Mahmoudjan11 collected $23.52 from pot
Mahmoudjan11: doesn't show hand
*** SUMMARY ***
Total pot $24 | Rake $0.48
Board [9d 7c 9c Qh]
Seat 4: Mahmoudjan11 (big blind) collected ($23.52)
Seat 9: LifeisagameX (button) (small blind) folded on the Turn


PokerStars Hand #157582192102:  Hold'em Limit ($3/$6 USD) - 2016/08/21 23:03:17 ET
Table 'Clementina' 10-max Seat #4 is the button
Seat 4: Mahmoudjan11 ($75.14 in chips)
Seat 9: LifeisagameX ($109.02 in chips)
Mahmoudjan11: posts small blind $1
LifeisagameX: posts big blind $3
*** HOLE CARDS ***
Mahmoudjan11: folds
Uncalled bet ($2) returned to LifeisagameX
LifeisagameX collected $2 from pot
LifeisagameX: doesn't show hand
*** SUMMARY ***
Total pot $2 | Rake $0
Seat 4: Mahmoudjan11 (button) (small blind) folded before Flop
Seat 9: LifeisagameX (big blind) collected ($2)


PokerStars Hand #157582185961:  Hold'em Limit ($3/$6 USD) - 2016/08/21 23:02:55 ET
Table 'Clementina' 10-max Seat #9 is the button
Seat 4: Mahmoudjan11 ($66.50 in chips)
Seat 9: LifeisagameX ($118.02 in chips)
LifeisagameX: posts small blind $1
Mahmoudjan11: posts big blind $3
*** HOLE CARDS ***
LifeisagameX: raises $3 to $6
Mahmoudjan11: raises $3 to $9
LifeisagameX: calls $3
*** FLOP *** [8c Ts 2h]
Mahmoudjan11: bets $3
LifeisagameX: folds
Uncalled bet ($3) returned to Mahmoudjan11
Mahmoudjan11 collected $17.64 from pot
Mahmoudjan11: doesn't show hand
*** SUMMARY ***
Total pot $18 | Rake $0.36
Board [8c Ts 2h]
Seat 4: Mahmoudjan11 (big blind) collected ($17.64)
Seat 9: LifeisagameX (button) (small blind) folded on the Flop


PokerStars Hand #157582184367:  Hold'em Limit ($3/$6 USD) - 2016/08/21 23:02:50 ET
Table 'Clementina' 10-max Seat #4 is the button
Seat 4: Mahmoudjan11 ($67.50 in chips)
Seat 9: LifeisagameX ($117.02 in chips)
Mahmoudjan11: posts small blind $1
LifeisagameX: posts big blind $3
*** HOLE CARDS ***
Mahmoudjan11: folds
Uncalled bet ($2) returned to LifeisagameX
LifeisagameX collected $2 from pot
LifeisagameX: doesn't show hand
*** SUMMARY ***
Total pot $2 | Rake $0
Seat 4: Mahmoudjan11 (button) (small blind) folded before Flop
Seat 9: LifeisagameX (big blind) collected ($2)


PokerStars Hand #157582206872:  Hold'em Limit ($3/$6 USD) - 2016/08/21 23:04:09 ET
Table 'Clementina' 10-max Seat #9 is the button
Seat 4: Mahmoudjan11 ($91.42 in chips)
Seat 9: LifeisagameX ($92.02 in chips)
LifeisagameX: posts small blind $1
Mahmoudjan11: posts big blind $3
*** HOLE CARDS ***
LifeisagameX: folds
Uncalled bet ($2) returned to Mahmoudjan11
Mahmoudjan11 collected $2 from pot
Mahmoudjan11: doesn't show hand
*** SUMMARY ***
Total pot $2 | Rake $0
Seat 4: Mahmoudjan11 (big blind) collected ($2)
Seat 9: LifeisagameX (button) (small blind) folded before Flop


PokerStars Hand #157582200581:  Hold'em Limit ($3/$6 USD) - 2016/08/21 23:03:47 ET
Table 'Clementina' 10-max Seat #4 is the button
Seat 4: Mahmoudjan11 ($85.66 in chips)
Seat 9: LifeisagameX ($98.02 in chips)
Mahmoudjan11: posts small blind $1
LifeisagameX: posts big blind $3
*** HOLE CARDS ***
Mahmoudjan11: raises $3 to $6
LifeisagameX: calls $3
*** FLOP *** [Ah 4s 8s]
LifeisagameX: checks
Mahmoudjan11: bets $3
LifeisagameX: folds
Uncalled bet ($3) returned to Mahmoudjan11
Mahmoudjan11 collected $11.76 from pot
Mahmoudjan11: doesn't show hand
*** SUMMARY ***
Total pot $12 | Rake $0.24
Board [Ah 4s 8s]
Seat 4: Mahmoudjan11 (button) (small blind) collected ($11.76)
Seat 9: LifeisagameX (big blind) folded on the Flop


PokerStars Hand #157582220658:  Hold'em Limit ($3/$6 USD) - 2016/08/21 23:04:58 ET
Table 'Clementina' 10-max Seat #9 is the button
Seat 4: Mahmoudjan11 ($115.92 in chips)
Seat 9: LifeisagameX ($84 in chips)
LifeisagameX: posts small blind $1
Mahmoudjan11: posts big blind $3
*** HOLE CARDS ***
LifeisagameX: raises $3 to $6
Mahmoudjan11: calls $3
*** FLOP *** [6c 5c 2d]
Mahmoudjan11: checks
LifeisagameX: bets $3
Mahmoudjan11: calls $3
*** TURN *** [6c 5c 2d] [9h]
Mahmoudjan11: checks
LifeisagameX: bets $6
Mahmoudjan11: calls $6
*** RIVER *** [6c 5c 2d 9h] [As]
Mahmoudjan11: bets $6
LifeisagameX: calls $6
*** SHOW DOWN ***
Mahmoudjan11: shows [7c Ah] (a pair of Aces)
LifeisagameX: mucks hand
Mahmoudjan11 collected $41.50 from pot
*** SUMMARY ***
Total pot $42 | Rake $0.50
Board [6c 5c 2d 9h As]
Seat 4: Mahmoudjan11 (big blind) showed [7c Ah] and won ($41.50) with a pair of Aces
Seat 9: LifeisagameX (button) (small blind) mucked


PokerStars Hand #157582228884:  Hold'em Limit ($3/$6 USD) - 2016/08/21 23:05:27 ET
Table 'Clementina' 10-max Seat #4 is the button
Seat 4: Mahmoudjan11 ($136.42 in chips)
Seat 9: LifeisagameX ($84 in chips)
Mahmoudjan11: posts small blind $1
LifeisagameX: posts big blind $3
*** HOLE CARDS ***
Mahmoudjan11: folds
Uncalled bet ($2) returned to LifeisagameX
LifeisagameX collected $2 from pot
LifeisagameX: doesn't show hand
*** SUMMARY ***
Total pot $2 | Rake $0
Seat 4: Mahmoudjan11 (button) (small blind) folded before Flop
Seat 9: LifeisagameX (big blind) collected ($2)


PokerStars Hand #157582230915:  Hold'em Limit ($3/$6 USD) - 2016/08/21 23:05:34 ET
Table 'Clementina' 10-max Seat #9 is the button
Seat 4: Mahmoudjan11 ($135.42 in chips)
Seat 9: LifeisagameX ($85 in chips)
LifeisagameX: posts small blind $1
Mahmoudjan11: posts big blind $3
*** HOLE CARDS ***
LifeisagameX: folds
Uncalled bet ($2) returned to Mahmoudjan11
Mahmoudjan11 collected $2 from pot
Mahmoudjan11: doesn't show hand
*** SUMMARY ***
Total pot $2 | Rake $0
Seat 4: Mahmoudjan11 (big blind) collected ($2)
Seat 9: LifeisagameX (button) (small blind) folded before Flop


PokerStars Hand #157582208747:  Hold'em Limit ($3/$6 USD) - 2016/08/21 23:04:16 ET
Table 'Clementina' 10-max Seat #4 is the button
Seat 4: Mahmoudjan11 ($92.42 in chips)
Seat 9: LifeisagameX ($91.02 in chips)
Mahmoudjan11: posts small blind $1
LifeisagameX: posts big blind $3
*** HOLE CARDS ***
Mahmoudjan11: calls $2
LifeisagameX: checks
*** FLOP *** [2h 6s 5d]
LifeisagameX: bets $3
Mahmoudjan11: calls $3
*** TURN *** [2h 6s 5d] [7c]
LifeisagameX: bets $6
Mahmoudjan11: raises $6 to $12
LifeisagameX: calls $6
*** RIVER *** [2h 6s 5d 7c] [Jd]
LifeisagameX: checks
Mahmoudjan11: bets $6
LifeisagameX: calls $6
*** SHOW DOWN ***
Mahmoudjan11: shows [7h 8s] (a pair of Sevens)
LifeisagameX: mucks hand
Mahmoudjan11 collected $47.50 from pot
*** SUMMARY ***
Total pot $48 | Rake $0.50
Board [2h 6s 5d 7c Jd]
Seat 4: Mahmoudjan11 (button) (small blind) showed [7h 8s] and won ($47.50) with a pair of Sevens
Seat 9: LifeisagameX (big blind) mucked


PokerStars Hand #157582247555:  Hold'em Limit ($3/$6 USD) - 2016/08/21 23:06:34 ET
Table 'Clementina' 10-max Seat #9 is the button
Seat 4: Mahmoudjan11 ($121.42 in chips)
Seat 9: LifeisagameX ($98.50 in chips)
LifeisagameX: posts small blind $1
Mahmoudjan11: posts big blind $3
*** HOLE CARDS ***
LifeisagameX: raises $3 to $6
Mahmoudjan11: folds
Uncalled bet ($3) returned to LifeisagameX
LifeisagameX collected $6 from pot
LifeisagameX: doesn't show hand
*** SUMMARY ***
Total pot $6 | Rake $0
Seat 4: Mahmoudjan11 (big blind) folded before Flop
Seat 9: LifeisagameX (button) (small blind) collected ($6)


PokerStars Hand #157582234976:  Hold'em Limit ($3/$6 USD) - 2016/08/21 23:05:49 ET
Table 'Clementina' 10-max Seat #4 is the button
Seat 4: Mahmoudjan11 ($136.42 in chips)
Seat 9: LifeisagameX ($84 in chips)
Mahmoudjan11: posts small blind $1
LifeisagameX: posts big blind $3
*** HOLE CARDS ***
Mahmoudjan11: raises $3 to $6
LifeisagameX: calls $3
*** FLOP *** [Kd Ts 7h]
LifeisagameX: checks
Mahmoudjan11: bets $3
LifeisagameX: calls $3
*** TURN *** [Kd Ts 7h] [3h]
LifeisagameX: checks
Mahmoudjan11: bets $6
LifeisagameX: calls $6
*** RIVER *** [Kd Ts 7h 3h] [8h]
LifeisagameX: checks
Mahmoudjan11: checks
*** SHOW DOWN ***
LifeisagameX: shows [9h Js] (a straight, Seven to Jack)
Mahmoudjan11: mucks hand
LifeisagameX collected $29.50 from pot
*** SUMMARY ***
Total pot $30 | Rake $0.50
Board [Kd Ts 7h 3h 8h]
Seat 4: Mahmoudjan11 (button) (small blind) mucked
Seat 9: LifeisagameX (big blind) showed [9h Js] and won ($29.50) with a straight, Seven to Jack


PokerStars Hand #157582252144:  Hold'em Limit ($3/$6 USD) - 2016/08/21 23:06:50 ET
Table 'Clementina' 10-max Seat #4 is the button
Seat 4: Mahmoudjan11 ($118.42 in chips)
Seat 9: LifeisagameX ($101.50 in chips)
Mahmoudjan11: posts small blind $1
LifeisagameX: posts big blind $3
*** HOLE CARDS ***
Mahmoudjan11: raises $3 to $6
LifeisagameX: raises $3 to $9
Mahmoudjan11: calls $3
*** FLOP *** [3s 8d 8s]
LifeisagameX: bets $3
Mahmoudjan11: folds
Uncalled bet ($3) returned to LifeisagameX
LifeisagameX collected $17.64 from pot
LifeisagameX: doesn't show hand
*** SUMMARY ***
Total pot $18 | Rake $0.36
Board [3s 8d 8s]
Seat 4: Mahmoudjan11 (button) (small blind) folded on the Flop
Seat 9: LifeisagameX (big blind) collected ($17.64)


PokerStars Hand #157582256235:  Hold'em Limit ($3/$6 USD) - 2016/08/21 23:07:05 ET
Table 'Clementina' 10-max Seat #9 is the button
Seat 4: Mahmoudjan11 ($109.42 in chips)
Seat 9: LifeisagameX ($110.14 in chips)
LifeisagameX: posts small blind $1
Mahmoudjan11: posts big blind $3
*** HOLE CARDS ***
LifeisagameX: raises $3 to $6
Mahmoudjan11: calls $3
*** FLOP *** [7s Ad 3d]
Mahmoudjan11: checks
LifeisagameX: bets $3
Mahmoudjan11: calls $3
*** TURN *** [7s Ad 3d] [Td]
Mahmoudjan11: checks
LifeisagameX: bets $6
Mahmoudjan11: calls $6
*** RIVER *** [7s Ad 3d Td] [4s]
Mahmoudjan11: checks
LifeisagameX: checks
*** SHOW DOWN ***
Mahmoudjan11: shows [3c 6s] (a pair of Threes)
LifeisagameX: mucks hand
Mahmoudjan11 collected $29.50 from pot
*** SUMMARY ***
Total pot $30 | Rake $0.50
Board [7s Ad 3d Td 4s]
Seat 4: Mahmoudjan11 (big blind) showed [3c 6s] and won ($29.50) with a pair of Threes
Seat 9: LifeisagameX (button) (small blind) mucked


PokerStars Hand #157582270916:  Hold'em Limit ($3/$6 USD) - 2016/08/21 23:07:57 ET
Table 'Clementina' 10-max Seat #4 is the button
Seat 4: Mahmoudjan11 ($123.92 in chips)
Seat 9: LifeisagameX ($95.14 in chips)
Mahmoudjan11: posts small blind $1
LifeisagameX: posts big blind $3
*** HOLE CARDS ***
Mahmoudjan11: raises $3 to $6
LifeisagameX: raises $3 to $9
Mahmoudjan11: calls $3
*** FLOP *** [8c 9c 5s]
LifeisagameX: bets $3
Mahmoudjan11: calls $3
*** TURN *** [8c 9c 5s] [9h]
LifeisagameX: bets $6
Mahmoudjan11: calls $6
*** RIVER *** [8c 9c 5s 9h] [6d]
LifeisagameX: checks
Mahmoudjan11: bets $6
LifeisagameX: calls $6
*** SHOW DOWN ***
Mahmoudjan11: shows [4c Kc] (a pair of Nines)
LifeisagameX: shows [Qd Ac] (a pair of Nines - Ace kicker)
LifeisagameX collected $47.50 from pot
*** SUMMARY ***
Total pot $48 | Rake $0.50
Board [8c 9c 5s 9h 6d]
Seat 4: Mahmoudjan11 (button) (small blind) showed [4c Kc] and lost with a pair of Nines
Seat 9: LifeisagameX (big blind) showed [Qd Ac] and won ($47.50) with a pair of Nines


PokerStars Hand #157582287949:  Hold'em Limit ($3/$6 USD) - 2016/08/21 23:08:59 ET
Table 'Clementina' 10-max Seat #9 is the button
Seat 4: Mahmoudjan11 ($99.92 in chips)
Seat 9: LifeisagameX ($118.64 in chips)
LifeisagameX: posts small blind $1
Mahmoudjan11: posts big blind $3
*** HOLE CARDS ***
LifeisagameX: raises $3 to $6
Mahmoudjan11: calls $3
*** FLOP *** [3d Th Jh]
Mahmoudjan11: checks
LifeisagameX: bets $3
Ongerr joins the table at seat #6
Mahmoudjan11: folds
Uncalled bet ($3) returned to LifeisagameX
LifeisagameX collected $11.76 from pot
*** SUMMARY ***
Total pot $12 | Rake $0.24
Board [3d Th Jh]
Seat 4: Mahmoudjan11 (big blind) folded on the Flop
Seat 9: LifeisagameX (button) (small blind) collected ($11.76)


PokerStars Hand #157582311996:  Hold'em Limit ($3/$6 USD) - 2016/08/21 23:10:26 ET
Table 'Clementina' 10-max Seat #4 is the button
Seat 4: Mahmoudjan11 ($119.27 in chips)
Seat 6: Ongerr ($100 in chips)
Mahmoudjan11: posts small blind $1
Ongerr: posts big blind $3
*** HOLE CARDS ***
LifeisagameX leaves the table
Mahmoudjan11: folds
Uncalled bet ($2) returned to Ongerr
Ongerr collected $2 from pot
Ongerr: doesn't show hand
*** SUMMARY ***
Total pot $2 | Rake $0
Seat 4: Mahmoudjan11 (button) (small blind) folded before Flop
Seat 6: Ongerr (big blind) collected ($2)


PokerStars Hand #157582328350:  Hold'em Limit ($3/$6 USD) - 2016/08/21 23:11:26 ET
Table 'Clementina' 10-max Seat #6 is the button
Seat 4: Mahmoudjan11 ($114.91 in chips)
Seat 6: Ongerr ($103.52 in chips)
Ongerr: posts small blind $1
Mahmoudjan11: posts big blind $3
*** HOLE CARDS ***
Ongerr: calls $2
Mahmoudjan11: checks
*** FLOP *** [Kd 4d 9d]
Mahmoudjan11: checks
Ongerr: bets $3
Mahmoudjan11: calls $3
*** TURN *** [Kd 4d 9d] [Qh]
Mahmoudjan11: checks
Ongerr: checks
*** RIVER *** [Kd 4d 9d Qh] [6h]
Mahmoudjan11: bets $6
Ongerr: calls $6
*** SHOW DOWN ***
Mahmoudjan11: shows [2c Td] (high card King)
Ongerr: shows [7c 9s] (a pair of Nines)
Ongerr collected $23.52 from pot
*** SUMMARY ***
Total pot $24 | Rake $0.48
Board [Kd 4d 9d Qh 6h]
Seat 4: Mahmoudjan11 (big blind) showed [2c Td] and lost with high card King
Seat 6: Ongerr (button) (small blind) showed [7c 9s] and won ($23.52) with a pair of Nines


PokerStars Hand #157582326083:  Hold'em Limit ($3/$6 USD) - 2016/08/21 23:11:18 ET
Table 'Clementina' 10-max Seat #4 is the button
Seat 4: Mahmoudjan11 ($111.91 in chips)
Seat 6: Ongerr ($106.52 in chips)
Mahmoudjan11: posts small blind $1
Ongerr: posts big blind $3
*** HOLE CARDS ***
Mahmoudjan11: raises $3 to $6
Ongerr: folds
Uncalled bet ($3) returned to Mahmoudjan11
Mahmoudjan11 collected $6 from pot
Mahmoudjan11: doesn't show hand
*** SUMMARY ***
Total pot $6 | Rake $0
Seat 4: Mahmoudjan11 (button) (small blind) collected ($6)
Seat 6: Ongerr (big blind) folded before Flop


PokerStars Hand #157582313731:  Hold'em Limit ($3/$6 USD) - 2016/08/21 23:10:33 ET
Table 'Clementina' 10-max Seat #6 is the button
Seat 4: Mahmoudjan11 ($118.27 in chips)
Seat 6: Ongerr ($101 in chips)
Ongerr: posts small blind $1
Mahmoudjan11: posts big blind $3
*** HOLE CARDS ***
Ongerr: calls $2
Mahmoudjan11: checks
*** FLOP *** [Th Jh Ac]
Mahmoudjan11: checks
Ongerr: bets $3
Mahmoudjan11: raises $3 to $6
Ongerr: calls $3
*** TURN *** [Th Jh Ac] [6d]
Mahmoudjan11: bets $6
Ongerr: folds
Uncalled bet ($6) returned to Mahmoudjan11
Mahmoudjan11 collected $17.64 from pot
Mahmoudjan11: doesn't show hand
*** SUMMARY ***
Total pot $18 | Rake $0.36
Board [Th Jh Ac 6d]
Seat 4: Mahmoudjan11 (big blind) collected ($17.64)
Seat 6: Ongerr (button) (small blind) folded on the Turn


PokerStars Hand #157582319847:  Hold'em Limit ($3/$6 USD) - 2016/08/21 23:10:55 ET
Table 'Clementina' 10-max Seat #4 is the button
Seat 4: Mahmoudjan11 ($126.91 in chips)
Seat 6: Ongerr ($92 in chips)
Mahmoudjan11: posts small blind $1
Ongerr: posts big blind $3
*** HOLE CARDS ***
Mahmoudjan11: calls $2
Ongerr: checks
*** FLOP *** [Qc 6h 5s]
Ongerr: bets $3
Mahmoudjan11: calls $3
*** TURN *** [Qc 6h 5s] [Ac]
Ongerr: bets $6
Mahmoudjan11: calls $6
*** RIVER *** [Qc 6h 5s Ac] [9s]
Ongerr: checks
Mahmoudjan11: checks
*** SHOW DOWN ***
Ongerr: shows [7s Qh] (a pair of Queens)
Mahmoudjan11: mucks hand
Ongerr collected $23.52 from pot
*** SUMMARY ***
Total pot $24 | Rake $0.48
Board [Qc 6h 5s Ac 9s]
Seat 4: Mahmoudjan11 (button) (small blind) mucked
Seat 6: Ongerr (big blind) showed [7s Qh] and won ($23.52) with a pair of Queens


PokerStars Hand #157582324201:  Hold'em Limit ($3/$6 USD) - 2016/08/21 23:11:11 ET
Table 'Clementina' 10-max Seat #6 is the button
Seat 4: Mahmoudjan11 ($114.91 in chips)
Seat 6: Ongerr ($103.52 in chips)
Ongerr: posts small blind $1
Mahmoudjan11: posts big blind $3
*** HOLE CARDS ***
Ongerr: raises $3 to $6
Mahmoudjan11: folds
Uncalled bet ($3) returned to Ongerr
Ongerr collected $6 from pot
Ongerr: doesn't show hand
*** SUMMARY ***
Total pot $6 | Rake $0
Seat 4: Mahmoudjan11 (big blind) folded before Flop
Seat 6: Ongerr (button) (small blind) collected ($6)


PokerStars Hand #157582345268:  Hold'em Limit ($3/$6 USD) - 2016/08/21 23:12:28 ET
Table 'Clementina' 10-max Seat #4 is the button
Seat 4: Mahmoudjan11 ($129.17 in chips)
Seat 6: Ongerr ($88.04 in chips)
Mahmoudjan11: posts small blind $1
Ongerr: posts big blind $3
*** HOLE CARDS ***
Mahmoudjan11: raises $3 to $6
Ongerr: calls $3
*** FLOP *** [6s 8c 9c]
Ongerr: checks
Mahmoudjan11: bets $3
Ongerr: calls $3
*** TURN *** [6s 8c 9c] [7s]
Ongerr: checks
Mahmoudjan11: bets $6
Ongerr: raises $6 to $12
Mahmoudjan11: calls $6
*** RIVER *** [6s 8c 9c 7s] [3c]
Ongerr: checks
Mahmoudjan11: checks
*** SHOW DOWN ***
Ongerr: shows [Ah Tc] (a straight, Six to Ten)
Mahmoudjan11: mucks hand
Ongerr collected $41.50 from pot
*** SUMMARY ***
Total pot $42 | Rake $0.50
Board [6s 8c 9c 7s 3c]
Seat 4: Mahmoudjan11 (button) (small blind) mucked
Seat 6: Ongerr (big blind) showed [Ah Tc] and won ($41.50) with a straight, Six to Ten


PokerStars Hand #157582334439:  Hold'em Limit ($3/$6 USD) - 2016/08/21 23:11:49 ET
Table 'Clementina' 10-max Seat #4 is the button
Seat 4: Mahmoudjan11 ($102.91 in chips)
Seat 6: Ongerr ($115.04 in chips)
Mahmoudjan11: posts small blind $1
Ongerr: posts big blind $3
*** HOLE CARDS ***
Mahmoudjan11: raises $3 to $6
Ongerr: calls $3
*** FLOP *** [Jd 5d 2d]
Ongerr: checks
Mahmoudjan11: bets $3
Ongerr: folds
Uncalled bet ($3) returned to Mahmoudjan11
Mahmoudjan11 collected $11.76 from pot
Mahmoudjan11: doesn't show hand
*** SUMMARY ***
Total pot $12 | Rake $0.24
Board [Jd 5d 2d]
Seat 4: Mahmoudjan11 (button) (small blind) collected ($11.76)
Seat 6: Ongerr (big blind) folded on the Flop


PokerStars Hand #157582339786:  Hold'em Limit ($3/$6 USD) - 2016/08/21 23:12:08 ET
Table 'Clementina' 10-max Seat #6 is the button
Seat 4: Mahmoudjan11 ($108.67 in chips)
Seat 6: Ongerr ($109.04 in chips)
Ongerr: posts small blind $1
Mahmoudjan11: posts big blind $3
*** HOLE CARDS ***
Ongerr: calls $2
Mahmoudjan11: raises $3 to $6
Ongerr: calls $3
*** FLOP *** [4h 8h Th]
Mahmoudjan11: bets $3
Ongerr: calls $3
*** TURN *** [4h 8h Th] [5s]
Mahmoudjan11: bets $6
Ongerr: calls $6
*** RIVER *** [4h 8h Th 5s] [4c]
Mahmoudjan11: bets $6
Ongerr: calls $6
*** SHOW DOWN ***
Mahmoudjan11: shows [Tc 8c] (two pair, Tens and Eights)
Ongerr: mucks hand
Mahmoudjan11 collected $41.50 from pot
*** SUMMARY ***
Total pot $42 | Rake $0.50
Board [4h 8h Th 5s 4c]
Seat 4: Mahmoudjan11 (big blind) showed [Tc 8c] and won ($41.50) with two pair, Tens and Eights
Seat 6: Ongerr (button) (small blind) mucked


PokerStars Hand #157582363298:  Hold'em Limit ($3/$6 USD) - 2016/08/21 23:13:36 ET
Table 'Clementina' 10-max Seat #6 is the button
Seat 4: Mahmoudjan11 ($100.17 in chips)
Seat 6: Ongerr ($116.06 in chips)
Ongerr: posts small blind $1
Mahmoudjan11: posts big blind $3
*** HOLE CARDS ***
Ongerr: raises $3 to $6
Mahmoudjan11: raises $3 to $9
Ongerr: calls $3
*** FLOP *** [6s 2h Th]
Mahmoudjan11: bets $3
Ongerr: calls $3
*** TURN *** [6s 2h Th] [9c]
Mahmoudjan11: bets $6
Ongerr: folds
Uncalled bet ($6) returned to Mahmoudjan11
Mahmoudjan11 collected $23.52 from pot
Mahmoudjan11: doesn't show hand
*** SUMMARY ***
Total pot $24 | Rake $0.48
Board [6s 2h Th 9c]
Seat 4: Mahmoudjan11 (big blind) collected ($23.52)
Seat 6: Ongerr (button) (small blind) folded on the Turn


PokerStars Hand #157582350654:  Hold'em Limit ($3/$6 USD) - 2016/08/21 23:12:49 ET
Table 'Clementina' 10-max Seat #6 is the button
Seat 4: Mahmoudjan11 ($108.17 in chips)
Seat 6: Ongerr ($108.54 in chips)
Ongerr: posts small blind $1
Mahmoudjan11: posts big blind $3
*** HOLE CARDS ***
Ongerr: folds
Uncalled bet ($2) returned to Mahmoudjan11
Mahmoudjan11 collected $2 from pot
Mahmoudjan11: doesn't show hand
*** SUMMARY ***
Total pot $2 | Rake $0
Seat 4: Mahmoudjan11 (big blind) collected ($2)
Seat 6: Ongerr (button) (small blind) folded before Flop


PokerStars Hand #157582352216:  Hold'em Limit ($3/$6 USD) - 2016/08/21 23:12:54 ET
Table 'Clementina' 10-max Seat #4 is the button
Seat 4: Mahmoudjan11 ($109.17 in chips)
Seat 6: Ongerr ($107.54 in chips)
Mahmoudjan11: posts small blind $1
Ongerr: posts big blind $3
*** HOLE CARDS ***
Mahmoudjan11: raises $3 to $6
Ongerr: folds
Uncalled bet ($3) returned to Mahmoudjan11
Mahmoudjan11 collected $6 from pot
Mahmoudjan11: doesn't show hand
*** SUMMARY ***
Total pot $6 | Rake $0
Seat 4: Mahmoudjan11 (button) (small blind) collected ($6)
Seat 6: Ongerr (big blind) folded before Flop


PokerStars Hand #157582354695:  Hold'em Limit ($3/$6 USD) - 2016/08/21 23:13:04 ET
Table 'Clementina' 10-max Seat #6 is the button
Seat 4: Mahmoudjan11 ($112.17 in chips)
Seat 6: Ongerr ($104.54 in chips)
Ongerr: posts small blind $1
Mahmoudjan11: posts big blind $3
*** HOLE CARDS ***
Ongerr: calls $2
Mahmoudjan11: checks
*** FLOP *** [2c Kd As]
Mahmoudjan11: checks
Ongerr: checks
*** TURN *** [2c Kd As] [Kh]
Mahmoudjan11: checks
Ongerr: bets $6
Mahmoudjan11: folds
Uncalled bet ($6) returned to Ongerr
Ongerr collected $5.88 from pot
Ongerr: doesn't show hand
*** SUMMARY ***
Total pot $6 | Rake $0.12
Board [2c Kd As Kh]
Seat 4: Mahmoudjan11 (big blind) folded on the Turn
Seat 6: Ongerr (button) (small blind) collected ($5.88)


PokerStars Hand #157582358621:  Hold'em Limit ($3/$6 USD) - 2016/08/21 23:13:18 ET
Table 'Clementina' 10-max Seat #4 is the button
Seat 4: Mahmoudjan11 ($109.17 in chips)
Seat 6: Ongerr ($107.42 in chips)
Mahmoudjan11: posts small blind $1
Ongerr: posts big blind $3
*** HOLE CARDS ***
Mahmoudjan11: raises $3 to $6
Ongerr: calls $3
*** FLOP *** [4h 7d Qs]
Ongerr: checks
Mahmoudjan11: bets $3
Ongerr: calls $3
*** TURN *** [4h 7d Qs] [5s]
Ongerr: bets $6
Mahmoudjan11: folds
Uncalled bet ($6) returned to Ongerr
Ongerr collected $17.64 from pot
Ongerr: doesn't show hand
*** SUMMARY ***
Total pot $18 | Rake $0.36
Board [4h 7d Qs 5s]
Seat 4: Mahmoudjan11 (button) (small blind) folded on the Turn
Seat 6: Ongerr (big blind) collected ($17.64)


PokerStars Hand #157582369712:  Hold'em Limit ($3/$6 USD) - 2016/08/21 23:14:00 ET
Table 'Clementina' 10-max Seat #6 is the button
Seat 4: Mahmoudjan11 ($114.69 in chips)
Seat 6: Ongerr ($101.06 in chips)
Ongerr: posts small blind $1
Mahmoudjan11: posts big blind $3
*** HOLE CARDS ***
Ongerr: raises $3 to $6
Mahmoudjan11: calls $3
*** FLOP *** [4h 9c Qs]
Mahmoudjan11: checks
Ongerr: checks
*** TURN *** [4h 9c Qs] [3c]
Mahmoudjan11: checks
Ongerr: checks
*** RIVER *** [4h 9c Qs 3c] [Js]
Mahmoudjan11: checks
Ongerr: bets $6
Mahmoudjan11: folds
Uncalled bet ($6) returned to Ongerr
Ongerr collected $11.76 from pot
Ongerr: doesn't show hand
*** SUMMARY ***
Total pot $12 | Rake $0.24
Board [4h 9c Qs 3c Js]
Seat 4: Mahmoudjan11 (big blind) folded on the River
Seat 6: Ongerr (button) (small blind) collected ($11.76)


PokerStars Hand #157582375157:  Hold'em Limit ($3/$6 USD) - 2016/08/21 23:14:20 ET
Table 'Clementina' 10-max Seat #4 is the button
Seat 4: Mahmoudjan11 ($108.69 in chips)
Seat 6: Ongerr ($106.82 in chips)
Mahmoudjan11: posts small blind $1
Ongerr: posts big blind $3
*** HOLE CARDS ***
Mahmoudjan11: raises $3 to $6
Ongerr: calls $3
*** FLOP *** [Td 4s 3s]
Ongerr: bets $3
Mahmoudjan11: calls $3
*** TURN *** [Td 4s 3s] [Qd]
Ongerr: checks
Mahmoudjan11: checks
*** RIVER *** [Td 4s 3s Qd] [Ks]
Ongerr: checks
Mahmoudjan11: checks
*** SHOW DOWN ***
Ongerr: shows [4c Ad] (a pair of Fours)
Mahmoudjan11: mucks hand
Ongerr collected $17.64 from pot
*** SUMMARY ***
Total pot $18 | Rake $0.36
Board [Td 4s 3s Qd Ks]
Seat 4: Mahmoudjan11 (button) (small blind) mucked
Seat 6: Ongerr (big blind) showed [4c Ad] and won ($17.64) with a pair of Fours


PokerStars Hand #157582367796:  Hold'em Limit ($3/$6 USD) - 2016/08/21 23:13:52 ET
Table 'Clementina' 10-max Seat #4 is the button
Seat 4: Mahmoudjan11 ($111.69 in chips)
Seat 6: Ongerr ($104.06 in chips)
Mahmoudjan11: posts small blind $1
Ongerr: posts big blind $3
*** HOLE CARDS ***
Mahmoudjan11: raises $3 to $6
Ongerr: folds
Uncalled bet ($3) returned to Mahmoudjan11
Mahmoudjan11 collected $6 from pot
Mahmoudjan11: doesn't show hand
*** SUMMARY ***
Total pot $6 | Rake $0
Seat 4: Mahmoudjan11 (button) (small blind) collected ($6)
Seat 6: Ongerr (big blind) folded before Flop


PokerStars Hand #157582398406:  Hold'em Limit ($3/$6 USD) - 2016/08/21 23:15:46 ET
Table 'Clementina' 10-max Seat #4 is the button
Seat 4: Mahmoudjan11 ($66.69 in chips)
Seat 6: Ongerr ($147.48 in chips)
Mahmoudjan11: posts small blind $1
Ongerr: posts big blind $3
*** HOLE CARDS ***
Mahmoudjan11: raises $3 to $6
Ongerr: folds
Uncalled bet ($3) returned to Mahmoudjan11
Mahmoudjan11 collected $6 from pot
Mahmoudjan11: doesn't show hand
*** SUMMARY ***
Total pot $6 | Rake $0
Seat 4: Mahmoudjan11 (button) (small blind) collected ($6)
Seat 6: Ongerr (big blind) folded before Flop


PokerStars Hand #157582393115:  Hold'em Limit ($3/$6 USD) - 2016/08/21 23:15:27 ET
Table 'Clementina' 10-max Seat #6 is the button
Seat 4: Mahmoudjan11 ($69.69 in chips)
Seat 6: Ongerr ($144.60 in chips)
Ongerr: posts small blind $1
Mahmoudjan11: posts big blind $3
*** HOLE CARDS ***
Ongerr: calls $2
Mahmoudjan11: checks
*** FLOP *** [9c Jh 8h]
Mahmoudjan11: checks
Ongerr: checks
*** TURN *** [9c Jh 8h] [Ah]
Mahmoudjan11: checks
Ongerr: bets $6
Mahmoudjan11: folds
Uncalled bet ($6) returned to Ongerr
Ongerr collected $5.88 from pot
Ongerr: doesn't show hand
*** SUMMARY ***
Total pot $6 | Rake $0.12
Board [9c Jh 8h Ah]
Seat 4: Mahmoudjan11 (big blind) folded on the Turn
Seat 6: Ongerr (button) (small blind) collected ($5.88)


PokerStars Hand #157582386395:  Hold'em Limit ($3/$6 USD) - 2016/08/21 23:15:02 ET
Table 'Clementina' 10-max Seat #4 is the button
Seat 4: Mahmoudjan11 ($90.69 in chips)
Seat 6: Ongerr ($124.10 in chips)
Mahmoudjan11: posts small blind $1
Ongerr: posts big blind $3
*** HOLE CARDS ***
Mahmoudjan11: raises $3 to $6
Ongerr: calls $3
*** FLOP *** [Qs 7h Jh]
Ongerr: checks
Mahmoudjan11: bets $3
Ongerr: calls $3
*** TURN *** [Qs 7h Jh] [4d]
Ongerr: checks
Mahmoudjan11: bets $6
Ongerr: calls $6
*** RIVER *** [Qs 7h Jh 4d] [8d]
Ongerr: checks
Mahmoudjan11: bets $6
Ongerr: calls $6
*** SHOW DOWN ***
Mahmoudjan11: shows [9c Ks] (high card King)
Ongerr: shows [Qc 6d] (a pair of Queens)
Ongerr collected $41.50 from pot
*** SUMMARY ***
Total pot $42 | Rake $0.50
Board [Qs 7h Jh 4d 8d]
Seat 4: Mahmoudjan11 (button) (small blind) showed [9c Ks] and lost with high card King
Seat 6: Ongerr (big blind) showed [Qc 6d] and won ($41.50) with a pair of Queens


PokerStars Hand #157582380752:  Hold'em Limit ($3/$6 USD) - 2016/08/21 23:14:41 ET
Table 'Clementina' 10-max Seat #6 is the button
Seat 4: Mahmoudjan11 ($99.69 in chips)
Seat 6: Ongerr ($115.46 in chips)
Ongerr: posts small blind $1
Mahmoudjan11: posts big blind $3
*** HOLE CARDS ***
Ongerr: raises $3 to $6
Mahmoudjan11: calls $3
*** FLOP *** [9c 3c Th]
Mahmoudjan11: checks
Ongerr: bets $3
Mahmoudjan11: calls $3
*** TURN *** [9c 3c Th] [Ks]
Mahmoudjan11: checks
Ongerr: bets $6
Mahmoudjan11: folds
Uncalled bet ($6) returned to Ongerr
Ongerr collected $17.64 from pot
Ongerr: doesn't show hand
*** SUMMARY ***
Total pot $18 | Rake $0.36
Board [9c 3c Th Ks]
Seat 4: Mahmoudjan11 (big blind) folded on the Turn
Seat 6: Ongerr (button) (small blind) collected ($17.64)


PokerStars Hand #157582401718:  Hold'em Limit ($3/$6 USD) - 2016/08/21 23:15:59 ET
Table 'Clementina' 10-max Seat #4 is the button
Seat 4: Mahmoudjan11 ($70.69 in chips)
Seat 6: Ongerr ($143.48 in chips)
Mahmoudjan11: posts small blind $1
Ongerr: posts big blind $3
*** HOLE CARDS ***
Mahmoudjan11: raises $3 to $6
Ongerr: calls $3
*** FLOP *** [3s 7d Kc]
Ongerr: checks
Mahmoudjan11: bets $3
Ongerr: calls $3
*** TURN *** [3s 7d Kc] [Td]
Ongerr: checks
Mahmoudjan11: bets $6
Ongerr: calls $6
*** RIVER *** [3s 7d Kc Td] [Kd]
Ongerr: checks
Mahmoudjan11: checks
*** SHOW DOWN ***
Ongerr: shows [6c 7c] (two pair, Kings and Sevens)
Mahmoudjan11: mucks hand
Ongerr collected $29.50 from pot
*** SUMMARY ***
Total pot $30 | Rake $0.50
Board [3s 7d Kc Td Kd]
Seat 4: Mahmoudjan11 (button) (small blind) mucked
Seat 6: Ongerr (big blind) showed [6c 7c] and won ($29.50) with two pair, Kings and Sevens


PokerStars Hand #157582409104:  Hold'em Limit ($3/$6 USD) - 2016/08/21 23:16:26 ET
Table 'Clementina' 10-max Seat #6 is the button
Seat 4: Mahmoudjan11 ($55.69 in chips)
Seat 6: Ongerr ($157.98 in chips)
Ongerr: posts small blind $1
Mahmoudjan11: posts big blind $3
*** HOLE CARDS ***
Ongerr: calls $2
Mahmoudjan11: checks
*** FLOP *** [Js 6h Qh]
Mahmoudjan11: checks
Ongerr: checks
*** TURN *** [Js 6h Qh] [As]
Mahmoudjan11: checks
Ongerr: checks
*** RIVER *** [Js 6h Qh As] [7d]
Mahmoudjan11: bets $6
Ongerr: calls $6
*** SHOW DOWN ***
Mahmoudjan11: shows [2c 7h] (a pair of Sevens)
Ongerr: mucks hand
Mahmoudjan11 collected $17.64 from pot
*** SUMMARY ***
Total pot $18 | Rake $0.36
Board [Js 6h Qh As 7d]
Seat 4: Mahmoudjan11 (big blind) showed [2c 7h] and won ($17.64) with a pair of Sevens
Seat 6: Ongerr (button) (small blind) mucked


PokerStars Hand #157582400247:  Hold'em Limit ($3/$6 USD) - 2016/08/21 23:15:53 ET
Table 'Clementina' 10-max Seat #6 is the button
Seat 4: Mahmoudjan11 ($69.69 in chips)
Seat 6: Ongerr ($144.48 in chips)
Ongerr: posts small blind $1
Mahmoudjan11: posts big blind $3
*** HOLE CARDS ***
Ongerr: folds
Uncalled bet ($2) returned to Mahmoudjan11
Mahmoudjan11 collected $2 from pot
Mahmoudjan11: doesn't show hand
*** SUMMARY ***
Total pot $2 | Rake $0
Seat 4: Mahmoudjan11 (big blind) collected ($2)
Seat 6: Ongerr (button) (small blind) folded before Flop


PokerStars Hand #157582419153:  Hold'em Limit ($3/$6 USD) - 2016/08/21 23:17:04 ET
Table 'Clementina' 10-max Seat #6 is the button
Seat 4: Mahmoudjan11 ($70.09 in chips)
Seat 6: Ongerr ($142.98 in chips)
Ongerr: posts small blind $1
Mahmoudjan11: posts big blind $3
*** HOLE CARDS ***
Ongerr: calls $2
Mahmoudjan11: raises $3 to $6
Ongerr: calls $3
*** FLOP *** [4s Ks 7s]
Mahmoudjan11: bets $3
Ongerr: folds
Uncalled bet ($3) returned to Mahmoudjan11
Mahmoudjan11 collected $11.76 from pot
Mahmoudjan11: doesn't show hand
*** SUMMARY ***
Total pot $12 | Rake $0.24
Board [4s Ks 7s]
Seat 4: Mahmoudjan11 (big blind) collected ($11.76)
Seat 6: Ongerr (button) (small blind) folded on the Flop


PokerStars Hand #157582415642:  Hold'em Limit ($3/$6 USD) - 2016/08/21 23:16:50 ET
Table 'Clementina' 10-max Seat #4 is the button
Seat 4: Mahmoudjan11 ($64.33 in chips)
Seat 6: Ongerr ($148.98 in chips)
Mahmoudjan11: posts small blind $1
Ongerr: posts big blind $3
*** HOLE CARDS ***
Mahmoudjan11: raises $3 to $6
Ongerr: calls $3
*** FLOP *** [8h 4s Js]
Ongerr: checks
Mahmoudjan11: bets $3
Ongerr: folds
Uncalled bet ($3) returned to Mahmoudjan11
Mahmoudjan11 collected $11.76 from pot
Mahmoudjan11: doesn't show hand
*** SUMMARY ***
Total pot $12 | Rake $0.24
Board [8h 4s Js]
Seat 4: Mahmoudjan11 (button) (small blind) collected ($11.76)
Seat 6: Ongerr (big blind) folded on the Flop


PokerStars Hand #157582422830:  Hold'em Limit ($3/$6 USD) - 2016/08/21 23:17:17 ET
Table 'Clementina' 10-max Seat #4 is the button
Seat 4: Mahmoudjan11 ($75.85 in chips)
Seat 6: Ongerr ($136.98 in chips)
Mahmoudjan11: posts small blind $1
Ongerr: posts big blind $3
*** HOLE CARDS ***
Mahmoudjan11: calls $2
Ongerr: checks
*** FLOP *** [Ac Jh 6d]
Ongerr: checks
Mahmoudjan11: bets $3
Ongerr: calls $3
*** TURN *** [Ac Jh 6d] [Qs]
Ongerr: bets $6
Mahmoudjan11: calls $6
*** RIVER *** [Ac Jh 6d Qs] [5s]
Ongerr: bets $6
Mahmoudjan11: calls $6
*** SHOW DOWN ***
Ongerr: shows [Qd 5h] (two pair, Queens and Fives)
Mahmoudjan11: mucks hand
Ongerr collected $35.50 from pot
*** SUMMARY ***
Total pot $36 | Rake $0.50
Board [Ac Jh 6d Qs 5s]
Seat 4: Mahmoudjan11 (button) (small blind) mucked
Seat 6: Ongerr (big blind) showed [Qd 5h] and won ($35.50) with two pair, Queens and Fives


PokerStars Hand #157582428841:  Hold'em Limit ($3/$6 USD) - 2016/08/21 23:17:40 ET
Table 'Clementina' 10-max Seat #6 is the button
Seat 4: Mahmoudjan11 ($57.85 in chips)
Seat 6: Ongerr ($154.48 in chips)
Ongerr: posts small blind $1
Mahmoudjan11: posts big blind $3
*** HOLE CARDS ***
Ongerr: calls $2
Mahmoudjan11: raises $3 to $6
Ongerr: calls $3
*** FLOP *** [8h 6s Jc]
Mahmoudjan11: bets $3
LWNS joins the table at seat #7
Ongerr: calls $3
*** TURN *** [8h 6s Jc] [5d]
Mahmoudjan11: bets $6
LWNS leaves the table
Ongerr: folds
Uncalled bet ($6) returned to Mahmoudjan11
Mahmoudjan11 collected $17.64 from pot
Mahmoudjan11: doesn't show hand
*** SUMMARY ***
Total pot $18 | Rake $0.36
Board [8h 6s Jc 5d]
Seat 4: Mahmoudjan11 (big blind) collected ($17.64)
Seat 6: Ongerr (button) (small blind) folded on the Turn


PokerStars Hand #157582437896:  Hold'em Limit ($3/$6 USD) - 2016/08/21 23:18:14 ET
Table 'Clementina' 10-max Seat #4 is the button
Seat 4: Mahmoudjan11 ($66.49 in chips)
Seat 6: Ongerr ($145.48 in chips)
Mahmoudjan11: posts small blind $1
Ongerr: posts big blind $3
*** HOLE CARDS ***
Mahmoudjan11: calls $2
Ongerr: checks
*** FLOP *** [Td Jc Ks]
Ongerr: checks
Mahmoudjan11: bets $3
Ongerr: folds
Uncalled bet ($3) returned to Mahmoudjan11
Mahmoudjan11 collected $5.88 from pot
Mahmoudjan11: doesn't show hand
*** SUMMARY ***
Total pot $6 | Rake $0.12
Board [Td Jc Ks]
Seat 4: Mahmoudjan11 (button) (small blind) collected ($5.88)
Seat 6: Ongerr (big blind) folded on the Flop


PokerStars Hand #157582441184:  Hold'em Limit ($3/$6 USD) - 2016/08/21 23:18:26 ET
Table 'Clementina' 10-max Seat #6 is the button
Seat 4: Mahmoudjan11 ($69.37 in chips)
Seat 6: Ongerr ($142.48 in chips)
Ongerr: posts small blind $1
Mahmoudjan11: posts big blind $3
*** HOLE CARDS ***
Ongerr: raises $3 to $6
Mahmoudjan11: calls $3
*** FLOP *** [2h 6h 9c]
Mahmoudjan11: checks
Ongerr: checks
*** TURN *** [2h 6h 9c] [3h]
Mahmoudjan11: bets $6
Ongerr: calls $6
*** RIVER *** [2h 6h 9c 3h] [Qs]
Mahmoudjan11: bets $6
Ongerr: folds
Uncalled bet ($6) returned to Mahmoudjan11
Mahmoudjan11 collected $23.52 from pot
Mahmoudjan11: doesn't show hand
*** SUMMARY ***
Total pot $24 | Rake $0.48
Board [2h 6h 9c 3h Qs]
Seat 4: Mahmoudjan11 (big blind) collected ($23.52)
Seat 6: Ongerr (button) (small blind) folded on the River


PokerStars Hand #157582446611:  Hold'em Limit ($3/$6 USD) - 2016/08/21 23:18:46 ET
Table 'Clementina' 10-max Seat #4 is the button
Seat 4: Mahmoudjan11 ($80.89 in chips)
Seat 6: Ongerr ($130.48 in chips)
Mahmoudjan11: posts small blind $1
Ongerr: posts big blind $3
*** HOLE CARDS ***
Mahmoudjan11: calls $2
Ongerr: checks
*** FLOP *** [6c 5c 9h]
Ongerr: checks
Mahmoudjan11: bets $3
Ongerr: calls $3
*** TURN *** [6c 5c 9h] [Js]
Ongerr: checks
Mahmoudjan11: bets $6
Ongerr: calls $6
*** RIVER *** [6c 5c 9h Js] [4d]
Ongerr: checks
Mahmoudjan11: bets $6
Ongerr: folds
Uncalled bet ($6) returned to Mahmoudjan11
Mahmoudjan11 collected $23.52 from pot
Mahmoudjan11: doesn't show hand
*** SUMMARY ***
Total pot $24 | Rake $0.48
Board [6c 5c 9h Js 4d]
Seat 4: Mahmoudjan11 (button) (small blind) collected ($23.52)
Seat 6: Ongerr (big blind) folded on the River


PokerStars Hand #157582457064:  Hold'em Limit ($3/$6 USD) - 2016/08/21 23:19:25 ET
Table 'Clementina' 10-max Seat #4 is the button
Seat 4: Mahmoudjan11 ($89.41 in chips)
Seat 6: Ongerr ($121.48 in chips)
Mahmoudjan11: posts small blind $1
Ongerr: posts big blind $3
*** HOLE CARDS ***
Mahmoudjan11: raises $3 to $6
Ongerr: folds
Uncalled bet ($3) returned to Mahmoudjan11
Mahmoudjan11 collected $6 from pot
Mahmoudjan11: doesn't show hand
*** SUMMARY ***
Total pot $6 | Rake $0
Seat 4: Mahmoudjan11 (button) (small blind) collected ($6)
Seat 6: Ongerr (big blind) folded before Flop


PokerStars Hand #157582455450:  Hold'em Limit ($3/$6 USD) - 2016/08/21 23:19:19 ET
Table 'Clementina' 10-max Seat #6 is the button
Seat 4: Mahmoudjan11 ($92.41 in chips)
Seat 6: Ongerr ($118.48 in chips)
Ongerr: posts small blind $1
Mahmoudjan11: posts big blind $3
*** HOLE CARDS ***
Ongerr: raises $3 to $6
Mahmoudjan11: folds
Uncalled bet ($3) returned to Ongerr
Ongerr collected $6 from pot
Ongerr: doesn't show hand
*** SUMMARY ***
Total pot $6 | Rake $0
Seat 4: Mahmoudjan11 (big blind) folded before Flop
Seat 6: Ongerr (button) (small blind) collected ($6)


PokerStars Hand #157582461768:  Hold'em Limit ($3/$6 USD) - 2016/08/21 23:19:43 ET
Table 'Clementina' 10-max Seat #4 is the button
Seat 4: Mahmoudjan11 ($89.41 in chips)
Seat 6: Ongerr ($121.48 in chips)
Mahmoudjan11: posts small blind $1
Ongerr: posts big blind $3
*** HOLE CARDS ***
Mahmoudjan11: raises $3 to $6
Ongerr: calls $3
*** FLOP *** [Kd 3c Th]
Ongerr: checks
Mahmoudjan11: bets $3
Ongerr: folds
Uncalled bet ($3) returned to Mahmoudjan11
Mahmoudjan11 collected $11.76 from pot
Mahmoudjan11: doesn't show hand
*** SUMMARY ***
Total pot $12 | Rake $0.24
Board [Kd 3c Th]
Seat 4: Mahmoudjan11 (button) (small blind) collected ($11.76)
Seat 6: Ongerr (big blind) folded on the Flop


PokerStars Hand #157582474483:  Hold'em Limit ($3/$6 USD) - 2016/08/21 23:20:31 ET
Table 'Clementina' 10-max Seat #4 is the button
Seat 4: Mahmoudjan11 ($112.67 in chips)
Seat 6: Ongerr ($97.48 in chips)
Mahmoudjan11: posts small blind $1
Ongerr: posts big blind $3
*** HOLE CARDS ***
Mahmoudjan11: raises $3 to $6
Ongerr: raises $3 to $9
Mahmoudjan11: calls $3
*** FLOP *** [Qc Th 3c]
Ongerr: bets $3
Mahmoudjan11: calls $3
*** TURN *** [Qc Th 3c] [Qd]
Ongerr: bets $6
Mahmoudjan11: folds
Uncalled bet ($6) returned to Ongerr
Ongerr collected $23.52 from pot
Ongerr: doesn't show hand
*** SUMMARY ***
Total pot $24 | Rake $0.48
Board [Qc Th 3c Qd]
Seat 4: Mahmoudjan11 (button) (small blind) folded on the Turn
Seat 6: Ongerr (big blind) collected ($23.52)


PokerStars Hand #157582465653:  Hold'em Limit ($3/$6 USD) - 2016/08/21 23:19:58 ET
Table 'Clementina' 10-max Seat #6 is the button
Seat 4: Mahmoudjan11 ($95.17 in chips)
Seat 6: Ongerr ($115.48 in chips)
Ongerr: posts small blind $1
Mahmoudjan11: posts big blind $3
*** HOLE CARDS ***
Ongerr: calls $2
Mahmoudjan11: raises $3 to $6
Ongerr: calls $3
*** FLOP *** [Ts 3d 4d]
Mahmoudjan11: bets $3
Ongerr: raises $3 to $6
Mahmoudjan11: calls $3
*** TURN *** [Ts 3d 4d] [Tc]
Mahmoudjan11: checks
Ongerr: bets $6
Mahmoudjan11: calls $6
*** RIVER *** [Ts 3d 4d Tc] [Qc]
Mahmoudjan11: checks
Ongerr: checks
*** SHOW DOWN ***
Mahmoudjan11: shows [Ah 2h] (a pair of Tens)
Ongerr: mucks hand
Mahmoudjan11 collected $35.50 from pot
*** SUMMARY ***
Total pot $36 | Rake $0.50
Board [Ts 3d 4d Tc Qc]
Seat 4: Mahmoudjan11 (big blind) showed [Ah 2h] and won ($35.50) with a pair of Tens
Seat 6: Ongerr (button) (small blind) mucked


PokerStars Hand #157582479691:  Hold'em Limit ($3/$6 USD) - 2016/08/21 23:20:52 ET
Table 'Clementina' 10-max Seat #6 is the button
Seat 4: Mahmoudjan11 ($100.67 in chips)
Seat 6: Ongerr ($109 in chips)
Ongerr: posts small blind $1
Mahmoudjan11: posts big blind $3
*** HOLE CARDS ***
Ongerr: folds
Uncalled bet ($2) returned to Mahmoudjan11
Mahmoudjan11 collected $2 from pot
Mahmoudjan11: doesn't show hand
*** SUMMARY ***
Total pot $2 | Rake $0
Seat 4: Mahmoudjan11 (big blind) collected ($2)
Seat 6: Ongerr (button) (small blind) folded before Flop


PokerStars Hand #157582481178:  Hold'em Limit ($3/$6 USD) - 2016/08/21 23:20:57 ET
Table 'Clementina' 10-max Seat #4 is the button
Seat 4: Mahmoudjan11 ($101.67 in chips)
Seat 6: Ongerr ($108 in chips)
Mahmoudjan11: posts small blind $1
Ongerr: posts big blind $3
*** HOLE CARDS ***
Mahmoudjan11: calls $2
Ongerr: raises $3 to $6
Mahmoudjan11: calls $3
*** FLOP *** [Ks 5c As]
Ongerr: bets $3
Mahmoudjan11: folds
Uncalled bet ($3) returned to Ongerr
Ongerr collected $11.76 from pot
Ongerr: doesn't show hand
*** SUMMARY ***
Total pot $12 | Rake $0.24
Board [Ks 5c As]
Seat 4: Mahmoudjan11 (button) (small blind) folded on the Flop
Seat 6: Ongerr (big blind) collected ($11.76)


PokerStars Hand #157582485032:  Hold'em Limit ($3/$6 USD) - 2016/08/21 23:21:12 ET
Table 'Clementina' 10-max Seat #6 is the button
Seat 4: Mahmoudjan11 ($95.67 in chips)
Seat 6: Ongerr ($113.76 in chips)
Ongerr: posts small blind $1
Mahmoudjan11: posts big blind $3
*** HOLE CARDS ***
Ongerr: calls $2
Mahmoudjan11: checks
*** FLOP *** [Kd 7c 5d]
Mahmoudjan11: checks
Ongerr: checks
*** TURN *** [Kd 7c 5d] [Ks]
Mahmoudjan11: bets $6
Ongerr: calls $6
*** RIVER *** [Kd 7c 5d Ks] [5h]
Mahmoudjan11: bets $6
Ongerr: calls $6
*** SHOW DOWN ***
Mahmoudjan11: shows [9h 2c] (two pair, Kings and Fives)
Ongerr: shows [Ac 2h] (two pair, Kings and Fives - Ace kicker)
Ongerr collected $29.50 from pot
*** SUMMARY ***
Total pot $30 | Rake $0.50
Board [Kd 7c 5d Ks 5h]
Seat 4: Mahmoudjan11 (big blind) showed [9h 2c] and lost with two pair, Kings and Fives
Seat 6: Ongerr (button) (small blind) showed [Ac 2h] and won ($29.50) with two pair, Kings and Fives


PokerStars Hand #157582488794:  Hold'em Limit ($3/$6 USD) - 2016/08/21 23:21:26 ET
Table 'Clementina' 10-max Seat #4 is the button
Seat 4: Mahmoudjan11 ($80.67 in chips)
Seat 6: Ongerr ($128.26 in chips)
Mahmoudjan11: posts small blind $1
Ongerr: posts big blind $3
*** HOLE CARDS ***
Mahmoudjan11: raises $3 to $6
Ongerr: calls $3
*** FLOP *** [Kc Td 7h]
Ongerr: checks
Mahmoudjan11: bets $3
Ongerr: calls $3
*** TURN *** [Kc Td 7h] [3d]
Ongerr: checks
Mahmoudjan11: bets $6
Ongerr: folds
Uncalled bet ($6) returned to Mahmoudjan11
Mahmoudjan11 collected $17.64 from pot
Mahmoudjan11: doesn't show hand
*** SUMMARY ***
Total pot $18 | Rake $0.36
Board [Kc Td 7h 3d]
Seat 4: Mahmoudjan11 (button) (small blind) collected ($17.64)
Seat 6: Ongerr (big blind) folded on the Turn


PokerStars Hand #157582507730:  Hold'em Limit ($3/$6 USD) - 2016/08/21 23:22:14 ET
Table 'Clementina' 10-max Seat #6 is the button
Seat 4: Mahmoudjan11 ($103.71 in chips)
Seat 6: Ongerr ($104.26 in chips)
Ongerr: posts small blind $1
Mahmoudjan11: posts big blind $3
*** HOLE CARDS ***
Ongerr: raises $3 to $6
Mahmoudjan11: raises $3 to $9
Ongerr: calls $3
*** FLOP *** [Ac Kd 3h]
Mahmoudjan11: bets $3
Ongerr: calls $3
*** TURN *** [Ac Kd 3h] [4d]
Mahmoudjan11: checks
Ongerr: bets $6
Mahmoudjan11: calls $6
*** RIVER *** [Ac Kd 3h 4d] [5h]
Mahmoudjan11: checks
Ongerr: bets $6
Mahmoudjan11: calls $6
*** SHOW DOWN ***
Ongerr: shows [5s Ah] (two pair, Aces and Fives)
Mahmoudjan11: mucks hand
Ongerr collected $47.50 from pot
*** SUMMARY ***
Total pot $48 | Rake $0.50
Board [Ac Kd 3h 4d 5h]
Seat 4: Mahmoudjan11 (big blind) mucked
Seat 6: Ongerr (button) (small blind) showed [5s Ah] and won ($47.50) with two pair, Aces and Fives


PokerStars Hand #157582514746:  Hold'em Limit ($3/$6 USD) - 2016/08/21 23:22:41 ET
Table 'Clementina' 10-max Seat #6 is the button
Seat 4: Mahmoudjan11 ($82.71 in chips)
Seat 6: Ongerr ($124.76 in chips)
Ongerr: posts small blind $1
Mahmoudjan11: posts big blind $3
*** HOLE CARDS ***
Ongerr: calls $2
Mahmoudjan11: checks
*** FLOP *** [9c Tc 6s]
Mahmoudjan11: checks
Ongerr: bets $3
Mahmoudjan11: folds
Uncalled bet ($3) returned to Ongerr
Ongerr collected $5.88 from pot
Ongerr: doesn't show hand
*** SUMMARY ***
Total pot $6 | Rake $0.12
Board [9c Tc 6s]
Seat 4: Mahmoudjan11 (big blind) folded on the Flop
Seat 6: Ongerr (button) (small blind) collected ($5.88)


PokerStars Hand #157582512671:  Hold'em Limit ($3/$6 USD) - 2016/08/21 23:22:33 ET
Table 'Clementina' 10-max Seat #4 is the button
Seat 4: Mahmoudjan11 ($79.71 in chips)
Seat 6: Ongerr ($127.76 in chips)
Mahmoudjan11: posts small blind $1
Ongerr: posts big blind $3
*** HOLE CARDS ***
Mahmoudjan11: raises $3 to $6
Ongerr: folds
Uncalled bet ($3) returned to Mahmoudjan11
Mahmoudjan11 collected $6 from pot
Mahmoudjan11: doesn't show hand
*** SUMMARY ***
Total pot $6 | Rake $0
Seat 4: Mahmoudjan11 (button) (small blind) collected ($6)
Seat 6: Ongerr (big blind) folded before Flop


PokerStars Hand #157582501726:  Hold'em Limit ($3/$6 USD) - 2016/08/21 23:21:51 ET
Table 'Clementina' 10-max Seat #4 is the button
Seat 4: Mahmoudjan11 ($95.07 in chips)
Seat 6: Ongerr ($113.26 in chips)
Mahmoudjan11: posts small blind $1
Ongerr: posts big blind $3
*** HOLE CARDS ***
Mahmoudjan11: raises $3 to $6
Ongerr: calls $3
*** FLOP *** [6h 9h 4d]
Ongerr: checks
Mahmoudjan11: bets $3
Ongerr: calls $3
*** TURN *** [6h 9h 4d] [Ac]
Ongerr: checks
Mahmoudjan11: bets $6
Ongerr: folds
Uncalled bet ($6) returned to Mahmoudjan11
Mahmoudjan11 collected $17.64 from pot
Mahmoudjan11: doesn't show hand
*** SUMMARY ***
Total pot $18 | Rake $0.36
Board [6h 9h 4d Ac]
Seat 4: Mahmoudjan11 (button) (small blind) collected ($17.64)
Seat 6: Ongerr (big blind) folded on the Turn


PokerStars Hand #157582524931:  Hold'em Limit ($3/$6 USD) - 2016/08/21 23:23:20 ET
Table 'Clementina' 10-max Seat #6 is the button
Seat 4: Mahmoudjan11 ($103.21 in chips)
Seat 6: Ongerr ($103.64 in chips)
Ongerr: posts small blind $1
Mahmoudjan11: posts big blind $3
*** HOLE CARDS ***
Ongerr: raises $3 to $6
Mahmoudjan11: calls $3
*** FLOP *** [8c 2c 6s]
Mahmoudjan11: checks
Ongerr: checks
*** TURN *** [8c 2c 6s] [Ad]
Mahmoudjan11: checks
Ongerr: checks
*** RIVER *** [8c 2c 6s Ad] [Th]
Mahmoudjan11: checks
Ongerr: checks
*** SHOW DOWN ***
Mahmoudjan11: shows [3h Qc] (high card Ace)
Ongerr: shows [Qs 4s] (high card Ace)
Mahmoudjan11 collected $5.88 from pot
Ongerr collected $5.88 from pot
*** SUMMARY ***
Total pot $12 | Rake $0.24
Board [8c 2c 6s Ad Th]
Seat 4: Mahmoudjan11 (big blind) showed [3h Qc] and won ($5.88) with high card Ace
Seat 6: Ongerr (button) (small blind) showed [Qs 4s] and won ($5.88) with high card Ace


PokerStars Hand #157582517744:  Hold'em Limit ($3/$6 USD) - 2016/08/21 23:22:53 ET
Table 'Clementina' 10-max Seat #4 is the button
Seat 4: Mahmoudjan11 ($79.71 in chips)
Seat 6: Ongerr ($127.64 in chips)
Mahmoudjan11: posts small blind $1
Ongerr: posts big blind $3
*** HOLE CARDS ***
Mahmoudjan11: raises $3 to $6
Ongerr: calls $3
*** FLOP *** [7c 5h Kd]
Ongerr: checks
Mahmoudjan11: bets $3
Ongerr: raises $3 to $6
Mahmoudjan11: calls $3
*** TURN *** [7c 5h Kd] [4d]
Ongerr: checks
Mahmoudjan11: bets $6
Ongerr: calls $6
*** RIVER *** [7c 5h Kd 4d] [7d]
Ongerr: checks
Mahmoudjan11: bets $6
Ongerr: calls $6
*** SHOW DOWN ***
Mahmoudjan11: shows [5d 3d] (a flush, King high)
Ongerr: mucks hand
Mahmoudjan11 collected $47.50 from pot
*** SUMMARY ***
Total pot $48 | Rake $0.50
Board [7c 5h Kd 4d 7d]
Seat 4: Mahmoudjan11 (button) (small blind) showed [5d 3d] and won ($47.50) with a flush, King high
Seat 6: Ongerr (big blind) mucked


PokerStars Hand #157582534379:  Hold'em Limit ($3/$6 USD) - 2016/08/21 23:23:56 ET
Table 'Clementina' 10-max Seat #6 is the button
Seat 4: Mahmoudjan11 ($111.73 in chips)
Seat 6: Ongerr ($94.52 in chips)
Ongerr: posts small blind $1
Mahmoudjan11: posts big blind $3
*** HOLE CARDS ***
Ongerr: calls $2
Mahmoudjan11: checks
*** FLOP *** [2c 3h 4h]
Mahmoudjan11: checks
Ongerr: checks
*** TURN *** [2c 3h 4h] [Jh]
Mahmoudjan11: bets $6
Ongerr: calls $6
*** RIVER *** [2c 3h 4h Jh] [5c]
Mahmoudjan11: bets $6
Ongerr: folds
Uncalled bet ($6) returned to Mahmoudjan11
Mahmoudjan11 collected $17.64 from pot
Mahmoudjan11: doesn't show hand
*** SUMMARY ***
Total pot $18 | Rake $0.36
Board [2c 3h 4h Jh 5c]
Seat 4: Mahmoudjan11 (big blind) collected ($17.64)
Seat 6: Ongerr (button) (small blind) folded on the River


PokerStars Hand #157582530565:  Hold'em Limit ($3/$6 USD) - 2016/08/21 23:23:42 ET
Table 'Clementina' 10-max Seat #4 is the button
Seat 4: Mahmoudjan11 ($103.09 in chips)
Seat 6: Ongerr ($103.52 in chips)
Mahmoudjan11: posts small blind $1
Ongerr: posts big blind $3
*** HOLE CARDS ***
Mahmoudjan11: raises $3 to $6
Ongerr: calls $3
*** FLOP *** [9d 4h 9h]
Ongerr: bets $3
Mahmoudjan11: raises $3 to $6
Ongerr: folds
Uncalled bet ($3) returned to Mahmoudjan11
Mahmoudjan11 collected $17.64 from pot
Mahmoudjan11: doesn't show hand
*** SUMMARY ***
Total pot $18 | Rake $0.36
Board [9d 4h 9h]
Seat 4: Mahmoudjan11 (button) (small blind) collected ($17.64)
Seat 6: Ongerr (big blind) folded on the Flop


PokerStars Hand #157582540272:  Hold'em Limit ($3/$6 USD) - 2016/08/21 23:24:19 ET
Table 'Clementina' 10-max Seat #4 is the button
Seat 4: Mahmoudjan11 ($120.37 in chips)
Seat 6: Ongerr ($85.52 in chips)
Mahmoudjan11: posts small blind $1
Ongerr: posts big blind $3
*** HOLE CARDS ***
Mahmoudjan11: calls $2
Ongerr: raises $3 to $6
Mahmoudjan11: calls $3
*** FLOP *** [4h 4d 5h]
Ongerr: checks
Mahmoudjan11: checks
*** TURN *** [4h 4d 5h] [5s]
Ongerr: bets $6
Mahmoudjan11: folds
Uncalled bet ($6) returned to Ongerr
Ongerr collected $11.76 from pot
Ongerr: doesn't show hand
*** SUMMARY ***
Total pot $12 | Rake $0.24
Board [4h 4d 5h 5s]
Seat 4: Mahmoudjan11 (button) (small blind) folded on the Turn
Seat 6: Ongerr (big blind) collected ($11.76)


PokerStars Hand #157582547276:  Hold'em Limit ($3/$6 USD) - 2016/08/21 23:24:46 ET
Table 'Clementina' 10-max Seat #4 is the button
Seat 4: Mahmoudjan11 ($111.37 in chips)
Seat 6: Ongerr ($94.28 in chips)
Mahmoudjan11: posts small blind $1
Ongerr: posts big blind $3
*** HOLE CARDS ***
Mahmoudjan11: raises $3 to $6
Ongerr: calls $3
*** FLOP *** [Ts Kd 9h]
Ongerr: checks
Mahmoudjan11: bets $3
Ongerr: calls $3
*** TURN *** [Ts Kd 9h] [7h]
Ongerr: checks
Mahmoudjan11: bets $6
Ongerr: folds
Uncalled bet ($6) returned to Mahmoudjan11
Mahmoudjan11 collected $17.64 from pot
Mahmoudjan11: doesn't show hand
*** SUMMARY ***
Total pot $18 | Rake $0.36
Board [Ts Kd 9h 7h]
Seat 4: Mahmoudjan11 (button) (small blind) collected ($17.64)
Seat 6: Ongerr (big blind) folded on the Turn


PokerStars Hand #157582557477:  Hold'em Limit ($3/$6 USD) - 2016/08/21 23:25:25 ET
Table 'Clementina' 10-max Seat #4 is the button
Seat 4: Mahmoudjan11 ($140.51 in chips)
Seat 6: Ongerr ($64.28 in chips)
Mahmoudjan11: posts small blind $1
Ongerr: posts big blind $3
*** HOLE CARDS ***
Mahmoudjan11: raises $3 to $6
Ongerr: calls $3
*** FLOP *** [9h 8s Jc]
Ongerr: checks
Mahmoudjan11: checks
*** TURN *** [9h 8s Jc] [Ks]
Ongerr: bets $6
Mahmoudjan11: calls $6
*** RIVER *** [9h 8s Jc Ks] [5h]
Ongerr: checks
Mahmoudjan11: bets $6
Ongerr: folds
Uncalled bet ($6) returned to Mahmoudjan11
Mahmoudjan11 collected $23.52 from pot
Mahmoudjan11: doesn't show hand
*** SUMMARY ***
Total pot $24 | Rake $0.48
Board [9h 8s Jc Ks 5h]
Seat 4: Mahmoudjan11 (button) (small blind) collected ($23.52)
Seat 6: Ongerr (big blind) folded on the River


PokerStars Hand #157582552745:  Hold'em Limit ($3/$6 USD) - 2016/08/21 23:25:07 ET
Table 'Clementina' 10-max Seat #6 is the button
Seat 4: Mahmoudjan11 ($120.01 in chips)
Seat 6: Ongerr ($85.28 in chips)
Ongerr: posts small blind $1
Mahmoudjan11: posts big blind $3
*** HOLE CARDS ***
Ongerr: calls $2
Mahmoudjan11: checks
*** FLOP *** [7d 3c 4c]
Mahmoudjan11: bets $3
Ongerr: raises $3 to $6
Mahmoudjan11: calls $3
*** TURN *** [7d 3c 4c] [9d]
Mahmoudjan11: checks
Ongerr: bets $6
Mahmoudjan11: calls $6
*** RIVER *** [7d 3c 4c 9d] [6c]
Mahmoudjan11: checks
Ongerr: bets $6
Mahmoudjan11: calls $6
*** SHOW DOWN ***
Ongerr: shows [8d 7h] (a pair of Sevens)
Mahmoudjan11: shows [7c Jd] (a pair of Sevens - Jack kicker)
Mahmoudjan11 collected $41.50 from pot
*** SUMMARY ***
Total pot $42 | Rake $0.50
Board [7d 3c 4c 9d 6c]
Seat 4: Mahmoudjan11 (big blind) showed [7c Jd] and won ($41.50) with a pair of Sevens
Seat 6: Ongerr (button) (small blind) showed [8d 7h] and lost with a pair of Sevens


PokerStars Hand #157582562838:  Hold'em Limit ($3/$6 USD) - 2016/08/21 23:25:45 ET
Table 'Clementina' 10-max Seat #6 is the button
Seat 4: Mahmoudjan11 ($152.03 in chips)
Seat 6: Ongerr ($52.28 in chips)
Ongerr: posts small blind $1
Mahmoudjan11: posts big blind $3
*** HOLE CARDS ***
Ongerr: raises $3 to $6
Mahmoudjan11: calls $3
*** FLOP *** [As 6d Jd]
Mahmoudjan11: checks
Ongerr: checks
*** TURN *** [As 6d Jd] [3h]
Mahmoudjan11: checks
Ongerr: bets $6
Mahmoudjan11: calls $6
*** RIVER *** [As 6d Jd 3h] [3s]
Mahmoudjan11: checks
Ongerr: checks
*** SHOW DOWN ***
Mahmoudjan11: shows [Td Qh] (a pair of Threes)
Ongerr: shows [Tc Jc] (two pair, Jacks and Threes)
Ongerr collected $23.52 from pot
*** SUMMARY ***
Total pot $24 | Rake $0.48
Board [As 6d Jd 3h 3s]
Seat 4: Mahmoudjan11 (big blind) showed [Td Qh] and lost with a pair of Threes
Seat 6: Ongerr (button) (small blind) showed [Tc Jc] and won ($23.52) with two pair, Jacks and Threes


PokerStars Hand #157582575067:  Hold'em Limit ($3/$6 USD) - 2016/08/21 23:26:33 ET
Table 'Clementina' 10-max Seat #4 is the button
Seat 4: Mahmoudjan11 ($142.79 in chips)
Seat 6: Ongerr ($60.68 in chips)
Mahmoudjan11: posts small blind $1
Ongerr: posts big blind $3
*** HOLE CARDS ***
Mahmoudjan11: folds
Uncalled bet ($2) returned to Ongerr
Ongerr collected $2 from pot
Ongerr: doesn't show hand
*** SUMMARY ***
Total pot $2 | Rake $0
Seat 4: Mahmoudjan11 (button) (small blind) folded before Flop
Seat 6: Ongerr (big blind) collected ($2)


PokerStars Hand #157582572001:  Hold'em Limit ($3/$6 USD) - 2016/08/21 23:26:21 ET
Table 'Clementina' 10-max Seat #6 is the button
Seat 4: Mahmoudjan11 ($145.79 in chips)
Seat 6: Ongerr ($57.80 in chips)
Ongerr: posts small blind $1
Mahmoudjan11: posts big blind $3
*** HOLE CARDS ***
Ongerr: calls $2
Mahmoudjan11: checks
*** FLOP *** [Ks 9s 6c]
Mahmoudjan11: checks
Ongerr: bets $3
Mahmoudjan11: folds
Uncalled bet ($3) returned to Ongerr
Ongerr collected $5.88 from pot
Ongerr: doesn't show hand
*** SUMMARY ***
Total pot $6 | Rake $0.12
Board [Ks 9s 6c]
Seat 4: Mahmoudjan11 (big blind) folded on the Flop
Seat 6: Ongerr (button) (small blind) collected ($5.88)


PokerStars Hand #157582566612:  Hold'em Limit ($3/$6 USD) - 2016/08/21 23:26:00 ET
Table 'Clementina' 10-max Seat #4 is the button
Seat 4: Mahmoudjan11 ($140.03 in chips)
Seat 6: Ongerr ($63.80 in chips)
Mahmoudjan11: posts small blind $1
Ongerr: posts big blind $3
*** HOLE CARDS ***
Mahmoudjan11: calls $2
Ongerr: raises $3 to $6
Mahmoudjan11: calls $3
*** FLOP *** [4d Kc Kh]
Ongerr: checks
Mahmoudjan11: checks
*** TURN *** [4d Kc Kh] [Qh]
Ongerr: checks
Mahmoudjan11: bets $6
Ongerr: folds
Uncalled bet ($6) returned to Mahmoudjan11
Mahmoudjan11 collected $11.76 from pot
Mahmoudjan11: doesn't show hand
*** SUMMARY ***
Total pot $12 | Rake $0.24
Board [4d Kc Kh Qh]
Seat 4: Mahmoudjan11 (button) (small blind) collected ($11.76)
Seat 6: Ongerr (big blind) folded on the Turn


PokerStars Hand #157582582098:  Hold'em Limit ($3/$6 USD) - 2016/08/21 23:27:00 ET
Table 'Clementina' 10-max Seat #6 is the button
Seat 4: Mahmoudjan11 ($150.55 in chips)
Seat 6: Ongerr ($52.68 in chips)
Ongerr: posts small blind $1
Mahmoudjan11: posts big blind $3
*** HOLE CARDS ***
Ongerr: calls $2
Mahmoudjan11: raises $3 to $6
Ongerr: calls $3
*** FLOP *** [9d Kd 6s]
Mahmoudjan11: bets $3
Ongerr: folds
Uncalled bet ($3) returned to Mahmoudjan11
Mahmoudjan11 collected $11.76 from pot
Mahmoudjan11: doesn't show hand
*** SUMMARY ***
Total pot $12 | Rake $0.24
Board [9d Kd 6s]
Seat 4: Mahmoudjan11 (big blind) collected ($11.76)
Seat 6: Ongerr (button) (small blind) folded on the Flop


PokerStars Hand #157582580446:  Hold'em Limit ($3/$6 USD) - 2016/08/21 23:26:54 ET
Table 'Clementina' 10-max Seat #4 is the button
Seat 4: Mahmoudjan11 ($147.55 in chips)
Seat 6: Ongerr ($55.68 in chips)
Mahmoudjan11: posts small blind $1
Ongerr: posts big blind $3
*** HOLE CARDS ***
Mahmoudjan11: raises $3 to $6
Ongerr: folds
Uncalled bet ($3) returned to Mahmoudjan11
Mahmoudjan11 collected $6 from pot
Mahmoudjan11: doesn't show hand
*** SUMMARY ***
Total pot $6 | Rake $0
Seat 4: Mahmoudjan11 (button) (small blind) collected ($6)
Seat 6: Ongerr (big blind) folded before Flop


PokerStars Hand #157582589048:  Hold'em Limit ($3/$6 USD) - 2016/08/21 23:27:27 ET
Table 'Clementina' 10-max Seat #4 is the button
Seat 4: Mahmoudjan11 ($160.31 in chips)
Seat 6: Ongerr ($42.68 in chips)
Mahmoudjan11: posts small blind $1
Ongerr: posts big blind $3
*** HOLE CARDS ***
Mahmoudjan11: raises $3 to $6
Ongerr: raises $3 to $9
Mahmoudjan11: raises $3 to $12
Betting is capped
Ongerr: calls $3
*** FLOP *** [4c 9h 8s]
Ongerr: checks
Mahmoudjan11: bets $3
Ongerr: calls $3
*** TURN *** [4c 9h 8s] [Qc]
Ongerr: checks
Mahmoudjan11: bets $6
Ongerr: folds
Uncalled bet ($6) returned to Mahmoudjan11
Mahmoudjan11 collected $29.50 from pot
Mahmoudjan11: doesn't show hand
*** SUMMARY ***
Total pot $30 | Rake $0.50
Board [4c 9h 8s Qc]
Seat 4: Mahmoudjan11 (button) (small blind) collected ($29.50)
Seat 6: Ongerr (big blind) folded on the Turn


PokerStars Hand #157582587282:  Hold'em Limit ($3/$6 USD) - 2016/08/21 23:27:20 ET
Table 'Clementina' 10-max Seat #6 is the button
Seat 4: Mahmoudjan11 ($159.31 in chips)
Seat 6: Ongerr ($43.68 in chips)
Ongerr: posts small blind $1
Mahmoudjan11: posts big blind $3
*** HOLE CARDS ***
Ongerr: folds
Uncalled bet ($2) returned to Mahmoudjan11
Mahmoudjan11 collected $2 from pot
Mahmoudjan11: doesn't show hand
*** SUMMARY ***
Total pot $2 | Rake $0
Seat 4: Mahmoudjan11 (big blind) collected ($2)
Seat 6: Ongerr (button) (small blind) folded before Flop


PokerStars Hand #157582585773:  Hold'em Limit ($3/$6 USD) - 2016/08/21 23:27:14 ET
Table 'Clementina' 10-max Seat #4 is the button
Seat 4: Mahmoudjan11 ($156.31 in chips)
Seat 6: Ongerr ($46.68 in chips)
Mahmoudjan11: posts small blind $1
Ongerr: posts big blind $3
*** HOLE CARDS ***
Mahmoudjan11: raises $3 to $6
Ongerr: folds
Uncalled bet ($3) returned to Mahmoudjan11
Mahmoudjan11 collected $6 from pot
Mahmoudjan11: doesn't show hand
*** SUMMARY ***
Total pot $6 | Rake $0
Seat 4: Mahmoudjan11 (button) (small blind) collected ($6)
Seat 6: Ongerr (big blind) folded before Flop


PokerStars Hand #157582594264:  Hold'em Limit ($3/$6 USD) - 2016/08/21 23:27:47 ET
Table 'Clementina' 10-max Seat #6 is the button
Seat 4: Mahmoudjan11 ($174.81 in chips)
Seat 6: Ongerr ($27.68 in chips)
Ongerr: posts small blind $1
Mahmoudjan11: posts big blind $3
*** HOLE CARDS ***
Ongerr: folds
Uncalled bet ($2) returned to Mahmoudjan11
Mahmoudjan11 collected $2 from pot
Mahmoudjan11: doesn't show hand
*** SUMMARY ***
Total pot $2 | Rake $0
Seat 4: Mahmoudjan11 (big blind) collected ($2)
Seat 6: Ongerr (button) (small blind) folded before Flop


PokerStars Hand #157582595557:  Hold'em Limit ($3/$6 USD) - 2016/08/21 23:27:52 ET
Table 'Clementina' 10-max Seat #4 is the button
Seat 4: Mahmoudjan11 ($175.81 in chips)
Seat 6: Ongerr ($26.68 in chips)
Mahmoudjan11: posts small blind $1
Ongerr: posts big blind $3
*** HOLE CARDS ***
Mahmoudjan11: calls $2
Ongerr: raises $3 to $6
Mahmoudjan11: calls $3
*** FLOP *** [9d 9c 2s]
Ongerr: bets $3
Mahmoudjan11: raises $3 to $6
Ongerr: raises $3 to $9
Mahmoudjan11: calls $3
*** TURN *** [9d 9c 2s] [6d]
Ongerr: bets $6
Mahmoudjan11: calls $6
*** RIVER *** [9d 9c 2s 6d] [3h]
Ongerr: bets $5.68 and is all-in
Mahmoudjan11: calls $5.68
*** SHOW DOWN ***
Ongerr: shows [Kd Qc] (a pair of Nines)
Mahmoudjan11: shows [2d 5d] (two pair, Nines and Deuces)
Mahmoudjan11 collected $52.86 from pot
*** SUMMARY ***
Total pot $53.36 | Rake $0.50
Board [9d 9c 2s 6d 3h]
Seat 4: Mahmoudjan11 (button) (small blind) showed [2d 5d] and won ($52.86) with two pair, Nines and Deuces
Seat 6: Ongerr (big blind) showed [Kd Qc] and lost with a pair of Nines


