PokerStars Hand #162067141493:  Hold'em Limit ($3/$6 USD) - 2016/11/27 19:10:15 ET
Table 'Clematis' 6-max Seat #2 is the button
Seat 1: Lackys07 ($128.29 in chips)
Seat 2: Pelurile ($164.03 in chips)
Pelurile: posts small blind $1
wobetting: is sitting out
Lackys07: posts big blind $3
*** HOLE CARDS ***
Pelurile: raises $3 to $6
Lackys07: folds
Uncalled bet ($3) returned to Pelurile
Pelurile collected $6 from pot
Pelurile: doesn't show hand
*** SUMMARY ***
Total pot $6 | Rake $0
Seat 1: Lackys07 (big blind) folded before Flop
Seat 2: Pelurile (button) (small blind) collected ($6)


PokerStars Hand #162067166376:  Hold'em Limit ($3/$6 USD) - 2016/11/27 19:10:55 ET
Table 'Clematis' 6-max Seat #2 is the button
Seat 1: Lackys07 ($116.29 in chips)
Seat 2: Pelurile ($175.67 in chips)
Pelurile: posts small blind $1
Lackys07: posts big blind $3
*** HOLE CARDS ***
Pelurile: raises $3 to $6
Lackys07: folds
Uncalled bet ($3) returned to Pelurile
Pelurile collected $6 from pot
Pelurile: doesn't show hand
*** SUMMARY ***
Total pot $6 | Rake $0
Seat 1: Lackys07 (big blind) folded before Flop
Seat 2: Pelurile (button) (small blind) collected ($6)


PokerStars Hand #162067148199:  Hold'em Limit ($3/$6 USD) - 2016/11/27 19:10:26 ET
Table 'Clematis' 6-max Seat #1 is the button
Seat 1: Lackys07 ($125.29 in chips)
Seat 2: Pelurile ($167.03 in chips)
Lackys07: posts small blind $1
Pelurile: posts big blind $3
*** HOLE CARDS ***
Lackys07: raises $3 to $6
Pelurile: raises $3 to $9
Lackys07: calls $3
*** FLOP *** [2c Ks Kd]
Pelurile: bets $3
Lackys07: folds
Uncalled bet ($3) returned to Pelurile
Pelurile collected $17.64 from pot
Pelurile: doesn't show hand
*** SUMMARY ***
Total pot $18 | Rake $0.36
Board [2c Ks Kd]
Seat 1: Lackys07 (button) (small blind) folded on the Flop
Seat 2: Pelurile (big blind) collected ($17.64)


PokerStars Hand #162067179318:  Hold'em Limit ($3/$6 USD) - 2016/11/27 19:11:14 ET
Table 'Clematis' 6-max Seat #1 is the button
Seat 1: Lackys07 ($113.29 in chips)
Seat 2: Pelurile ($178.67 in chips)
Lackys07: posts small blind $1
Pelurile: posts big blind $3
*** HOLE CARDS ***
Lackys07: raises $3 to $6
Pelurile: calls $3
*** FLOP *** [Tc 5c 9h]
Pelurile: checks
Lackys07: checks
*** TURN *** [Tc 5c 9h] [8s]
Pelurile: checks
Lackys07: checks
*** RIVER *** [Tc 5c 9h 8s] [2s]
wobetting leaves the table
Pelurile: bets $6
Lackys07: folds
Uncalled bet ($6) returned to Pelurile
Pelurile collected $11.76 from pot
Pelurile: doesn't show hand
*** SUMMARY ***
Total pot $12 | Rake $0.24
Board [Tc 5c 9h 8s 2s]
Seat 1: Lackys07 (button) (small blind) folded on the River
Seat 2: Pelurile (big blind) collected ($11.76)


PokerStars Hand #162067215232:  Hold'em Limit ($3/$6 USD) - 2016/11/27 19:12:10 ET
Table 'Clematis' 6-max Seat #2 is the button
Seat 1: Lackys07 ($107.29 in chips)
Seat 2: Pelurile ($184.43 in chips)
Pelurile: posts small blind $1
Lackys07: posts big blind $3
*** HOLE CARDS ***
Pelurile: raises $3 to $6
Lackys07: calls $3
*** FLOP *** [3d 6c 4c]
Lackys07: checks
Pelurile: bets $3
Lackys07: calls $3
*** TURN *** [3d 6c 4c] [6h]
Lackys07: checks
Pelurile: bets $6
Lackys07: calls $6
*** RIVER *** [3d 6c 4c 6h] [3s]
Lackys07: checks
Pelurile: bets $6
Lackys07: folds
Uncalled bet ($6) returned to Pelurile
Pelurile collected $29.50 from pot
Pelurile: doesn't show hand
*** SUMMARY ***
Total pot $30 | Rake $0.50
Board [3d 6c 4c 6h 3s]
Seat 1: Lackys07 (big blind) folded on the River
Seat 2: Pelurile (button) (small blind) collected ($29.50)


PokerStars Hand #162067285953:  Hold'em Limit ($3/$6 USD) - 2016/11/27 19:14:00 ET
Table 'Clematis' 6-max Seat #1 is the button
Seat 1: Lackys07 ($110.79 in chips)
Seat 2: Pelurile ($179.93 in chips)
Lackys07: posts small blind $1
Pelurile: posts big blind $3
*** HOLE CARDS ***
Lackys07: raises $3 to $6
Pelurile: calls $3
*** FLOP *** [4c Qs 5s]
Pelurile: bets $3
Lackys07: calls $3
*** TURN *** [4c Qs 5s] [8d]
Pelurile: bets $6
Lackys07: folds
Uncalled bet ($6) returned to Pelurile
Pelurile collected $17.64 from pot
Pelurile: doesn't show hand
*** SUMMARY ***
Total pot $18 | Rake $0.36
Board [4c Qs 5s 8d]
Seat 1: Lackys07 (button) (small blind) folded on the Turn
Seat 2: Pelurile (big blind) collected ($17.64)


PokerStars Hand #162067283172:  Hold'em Limit ($3/$6 USD) - 2016/11/27 19:13:56 ET
Table 'Clematis' 6-max Seat #2 is the button
Seat 1: Lackys07 ($109.79 in chips)
Seat 2: Pelurile ($180.93 in chips)
Pelurile: posts small blind $1
Lackys07: posts big blind $3
*** HOLE CARDS ***
Pelurile: folds
Uncalled bet ($2) returned to Lackys07
Lackys07 collected $2 from pot
Lackys07: doesn't show hand
*** SUMMARY ***
Total pot $2 | Rake $0
Seat 1: Lackys07 (big blind) collected ($2)
Seat 2: Pelurile (button) (small blind) folded before Flop


PokerStars Hand #162067250315:  Hold'em Limit ($3/$6 USD) - 2016/11/27 19:13:05 ET
Table 'Clematis' 6-max Seat #1 is the button
Seat 1: Lackys07 ($92.29 in chips)
Seat 2: Pelurile ($198.93 in chips)
Lackys07: posts small blind $1
Pelurile: posts big blind $3
*** HOLE CARDS ***
Lackys07: raises $3 to $6
Pelurile: raises $3 to $9
Lackys07: calls $3
*** FLOP *** [4c 5d 5h]
Pelurile: bets $3
Lackys07: calls $3
*** TURN *** [4c 5d 5h] [7s]
Pelurile: checks
Lackys07: bets $6
Pelurile: calls $6
*** RIVER *** [4c 5d 5h 7s] [6h]
Pelurile: checks
Lackys07: checks
*** SHOW DOWN ***
Pelurile: shows [Ks Js] (a pair of Fives)
Lackys07: shows [7c Kd] (two pair, Sevens and Fives)
Lackys07 collected $35.50 from pot
*** SUMMARY ***
Total pot $36 | Rake $0.50
Board [4c 5d 5h 7s 6h]
Seat 1: Lackys07 (button) (small blind) showed [7c Kd] and won ($35.50) with two pair, Sevens and Fives
Seat 2: Pelurile (big blind) showed [Ks Js] and lost with a pair of Fives


PokerStars Hand #162067304842:  Hold'em Limit ($3/$6 USD) - 2016/11/27 19:14:30 ET
Table 'Clematis' 6-max Seat #2 is the button
Seat 1: Lackys07 ($101.79 in chips)
Seat 2: Pelurile ($188.57 in chips)
Pelurile: posts small blind $1
Lackys07: posts big blind $3
*** HOLE CARDS ***
Pelurile: raises $3 to $6
Lackys07: calls $3
*** FLOP *** [7s Qs 2h]
Lackys07: checks
Pelurile: bets $3
Lackys07: folds
Uncalled bet ($3) returned to Pelurile
Pelurile collected $11.76 from pot
Pelurile: doesn't show hand
*** SUMMARY ***
Total pot $12 | Rake $0.24
Board [7s Qs 2h]
Seat 1: Lackys07 (big blind) folded on the Flop
Seat 2: Pelurile (button) (small blind) collected ($11.76)


PokerStars Hand #162067540843:  Hold'em Limit ($3/$6 USD) - 2016/11/27 19:20:46 ET
Table 'Clematis' 6-max Seat #3 is the button
Seat 3: Artachok ($66 in chips)
Seat 5: Pandakey ($120 in chips)
Artachok: posts small blind $1
Pandakey: posts big blind $3
*** HOLE CARDS ***
Artachok: raises $3 to $6
Pandakey: raises $3 to $9
Artachok: calls $3
*** FLOP *** [Js Ah Th]
Pandakey: bets $3
Artachok: calls $3
*** TURN *** [Js Ah Th] [3c]
Pandakey: checks
Artachok: bets $6
Pandakey: calls $6
*** RIVER *** [Js Ah Th 3c] [Qc]
Hadart joins the table at seat #6
Pandakey: checks
Artachok: checks
*** SHOW DOWN ***
Pandakey: shows [9s 9c] (a pair of Nines)
Artachok: shows [Ad 2s] (a pair of Aces)
Artachok collected $35.50 from pot
*** SUMMARY ***
Total pot $36 | Rake $0.50
Board [Js Ah Th 3c Qc]
Seat 3: Artachok (button) (small blind) showed [Ad 2s] and won ($35.50) with a pair of Aces
Seat 5: Pandakey (big blind) showed [9s 9c] and lost with a pair of Nines


PokerStars Hand #162067829715:  Hold'em Limit ($3/$6 USD) - 2016/11/27 19:28:30 ET
Table 'Clematis' 6-max Seat #4 is the button
Seat 3: Artachok ($96.39 in chips)
Seat 4: Actionni13 ($164.08 in chips)
Actionni13: posts small blind $1
Pandakey: is sitting out
Artachok: posts big blind $3
*** HOLE CARDS ***
Actionni13: raises $3 to $6
Artachok: calls $3
*** FLOP *** [3c As 4h]
Artachok: checks
Actionni13: bets $3
Artachok: folds
Uncalled bet ($3) returned to Actionni13
Actionni13 collected $11.76 from pot
Actionni13: doesn't show hand
*** SUMMARY ***
Total pot $12 | Rake $0.24
Board [3c As 4h]
Seat 3: Artachok (big blind) folded on the Flop
Seat 4: Actionni13 (button) (small blind) collected ($11.76)


PokerStars Hand #162067875871:  Hold'em Limit ($3/$6 USD) - 2016/11/27 19:29:46 ET
Table 'Clematis' 6-max Seat #3 is the button
Seat 3: Artachok ($117.41 in chips)
Seat 4: Actionni13 ($150 in chips)
Artachok: posts small blind $1
Actionni13: posts big blind $3
*** HOLE CARDS ***
Artachok: raises $3 to $6
Actionni13: folds
Uncalled bet ($3) returned to Artachok
Artachok collected $6 from pot
Artachok: doesn't show hand
*** SUMMARY ***
Total pot $6 | Rake $0
Seat 3: Artachok (button) (small blind) collected ($6)
Seat 4: Actionni13 (big blind) folded before Flop


PokerStars Hand #162067872970:  Hold'em Limit ($3/$6 USD) - 2016/11/27 19:29:41 ET
Table 'Clematis' 6-max Seat #4 is the button
Seat 3: Artachok ($116.41 in chips)
Seat 4: Actionni13 ($150 in chips)
Actionni13: posts small blind $1
Artachok: posts big blind $3
*** HOLE CARDS ***
Actionni13: folds
Uncalled bet ($2) returned to Artachok
Artachok collected $2 from pot
Artachok: doesn't show hand
*** SUMMARY ***
Total pot $2 | Rake $0
Seat 3: Artachok (big blind) collected ($2)
Seat 4: Actionni13 (button) (small blind) folded before Flop


PokerStars Hand #162067863194:  Hold'em Limit ($3/$6 USD) - 2016/11/27 19:29:25 ET
Table 'Clematis' 6-max Seat #3 is the button
Seat 3: Artachok ($104.89 in chips)
Seat 4: Actionni13 ($155.76 in chips)
Artachok: posts small blind $1
Actionni13: posts big blind $3
*** HOLE CARDS ***
Artachok: raises $3 to $6
Actionni13: calls $3
*** FLOP *** [6s Qc 3h]
Actionni13: checks
Artachok: checks
*** TURN *** [6s Qc 3h] [5c]
Actionni13: bets $6
Artachok: raises $6 to $12
Actionni13: folds
Uncalled bet ($6) returned to Artachok
Artachok collected $23.52 from pot
Artachok: doesn't show hand
*** SUMMARY ***
Total pot $24 | Rake $0.48
Board [6s Qc 3h 5c]
Seat 3: Artachok (button) (small blind) collected ($23.52)
Seat 4: Actionni13 (big blind) folded on the Turn


PokerStars Hand #162067855276:  Hold'em Limit ($3/$6 USD) - 2016/11/27 19:29:12 ET
Table 'Clematis' 6-max Seat #4 is the button
Seat 3: Artachok ($110.89 in chips)
Seat 4: Actionni13 ($150 in chips)
Actionni13: posts small blind $1
Artachok: posts big blind $3
*** HOLE CARDS ***
Actionni13: raises $3 to $6
Artachok: calls $3
*** FLOP *** [9c Tc 3s]
Artachok: checks
Actionni13: bets $3
Artachok: folds
Uncalled bet ($3) returned to Actionni13
Actionni13 collected $11.76 from pot
Actionni13: doesn't show hand
*** SUMMARY ***
Total pot $12 | Rake $0.24
Board [9c Tc 3s]
Seat 3: Artachok (big blind) folded on the Flop
Seat 4: Actionni13 (button) (small blind) collected ($11.76)


PokerStars Hand #162067838644:  Hold'em Limit ($3/$6 USD) - 2016/11/27 19:28:45 ET
Table 'Clematis' 6-max Seat #3 is the button
Seat 3: Artachok ($90.39 in chips)
Seat 4: Actionni13 ($169.84 in chips)
Artachok: posts small blind $1
Actionni13: posts big blind $3
*** HOLE CARDS ***
Artachok: raises $3 to $6
Actionni13: calls $3
*** FLOP *** [4h Jc Th]
Actionni13: checks
Artachok: bets $3
Actionni13: calls $3
*** TURN *** [4h Jc Th] [Qd]
Actionni13: checks
Artachok: bets $6
Actionni13: calls $6
*** RIVER *** [4h Jc Th Qd] [8s]
Actionni13: bets $6
Artachok: raises $6 to $12
Actionni13: folds
Uncalled bet ($6) returned to Artachok
Artachok collected $41.50 from pot
Artachok: doesn't show hand
*** SUMMARY ***
Total pot $42 | Rake $0.50
Board [4h Jc Th Qd 8s]
Seat 3: Artachok (button) (small blind) collected ($41.50)
Seat 4: Actionni13 (big blind) folded on the River


PokerStars Hand #162067892056:  Hold'em Limit ($3/$6 USD) - 2016/11/27 19:30:13 ET
Table 'Clematis' 6-max Seat #4 is the button
Seat 3: Artachok ($128.05 in chips)
Seat 4: Actionni13 ($151 in chips)
Actionni13: posts small blind $1
Artachok: posts big blind $3
*** HOLE CARDS ***
Actionni13: raises $3 to $6
Artachok: calls $3
*** FLOP *** [3d 2c Tc]
Artachok: checks
Actionni13: bets $3
Artachok: calls $3
*** TURN *** [3d 2c Tc] [Js]
Artachok: checks
Actionni13: bets $6
Artachok: folds
Uncalled bet ($6) returned to Actionni13
Actionni13 collected $17.64 from pot
Actionni13: doesn't show hand
*** SUMMARY ***
Total pot $18 | Rake $0.36
Board [3d 2c Tc Js]
Seat 3: Artachok (big blind) folded on the Turn
Seat 4: Actionni13 (button) (small blind) collected ($17.64)


PokerStars Hand #162067889066:  Hold'em Limit ($3/$6 USD) - 2016/11/27 19:30:08 ET
Table 'Clematis' 6-max Seat #3 is the button
Seat 3: Artachok ($129.05 in chips)
Seat 4: Actionni13 ($150 in chips)
Artachok: posts small blind $1
Actionni13: posts big blind $3
*** HOLE CARDS ***
Artachok: folds
Uncalled bet ($2) returned to Actionni13
Actionni13 collected $2 from pot
Actionni13: doesn't show hand
*** SUMMARY ***
Total pot $2 | Rake $0
Seat 3: Artachok (button) (small blind) folded before Flop
Seat 4: Actionni13 (big blind) collected ($2)


PokerStars Hand #162067879209:  Hold'em Limit ($3/$6 USD) - 2016/11/27 19:29:52 ET
Table 'Clematis' 6-max Seat #4 is the button
Seat 3: Artachok ($120.41 in chips)
Seat 4: Actionni13 ($150 in chips)
Actionni13: posts small blind $1
Artachok: posts big blind $3
*** HOLE CARDS ***
Actionni13: raises $3 to $6
Artachok: raises $3 to $9
Actionni13: calls $3
*** FLOP *** [Qs 7d 3s]
Artachok: bets $3
Actionni13: folds
Uncalled bet ($3) returned to Artachok
Artachok collected $17.64 from pot
Artachok: doesn't show hand
*** SUMMARY ***
Total pot $18 | Rake $0.36
Board [Qs 7d 3s]
Seat 3: Artachok (big blind) collected ($17.64)
Seat 4: Actionni13 (button) (small blind) folded on the Flop


PokerStars Hand #162067942365:  Hold'em Limit ($3/$6 USD) - 2016/11/27 19:31:38 ET
Table 'Clematis' 6-max Seat #3 is the button
Seat 3: Artachok ($130.07 in chips)
Seat 4: Actionni13 ($153 in chips)
Artachok: posts small blind $1
Actionni13: posts big blind $3
*** HOLE CARDS ***
Artachok: folds
Uncalled bet ($2) returned to Actionni13
Actionni13 collected $2 from pot
Actionni13: doesn't show hand
*** SUMMARY ***
Total pot $2 | Rake $0
Seat 3: Artachok (button) (small blind) folded before Flop
Seat 4: Actionni13 (big blind) collected ($2)


PokerStars Hand #162067939178:  Hold'em Limit ($3/$6 USD) - 2016/11/27 19:31:32 ET
Table 'Clematis' 6-max Seat #4 is the button
Seat 3: Artachok ($133.07 in chips)
Seat 4: Actionni13 ($150 in chips)
Actionni13: posts small blind $1
Artachok: posts big blind $3
*** HOLE CARDS ***
Actionni13: raises $3 to $6
Artachok: folds
Uncalled bet ($3) returned to Actionni13
Actionni13 collected $6 from pot
Actionni13: doesn't show hand
*** SUMMARY ***
Total pot $6 | Rake $0
Seat 3: Artachok (big blind) folded before Flop
Seat 4: Actionni13 (button) (small blind) collected ($6)


PokerStars Hand #162067928837:  Hold'em Limit ($3/$6 USD) - 2016/11/27 19:31:15 ET
Table 'Clematis' 6-max Seat #3 is the button
Seat 3: Artachok ($118.57 in chips)
Seat 4: Actionni13 ($159.16 in chips)
Artachok: posts small blind $1
Actionni13: posts big blind $3
*** HOLE CARDS ***
Artachok: raises $3 to $6
Actionni13: calls $3
*** FLOP *** [4h Ks 9h]
Actionni13: checks
Artachok: bets $3
Actionni13: calls $3
*** TURN *** [4h Ks 9h] [9d]
Actionni13: checks
Artachok: checks
*** RIVER *** [4h Ks 9h 9d] [5c]
Actionni13: bets $6
Artachok: calls $6
*** SHOW DOWN ***
Actionni13: shows [Qs 4d] (two pair, Nines and Fours)
Artachok: shows [6s 5h] (two pair, Nines and Fives)
Artachok collected $29.50 from pot
*** SUMMARY ***
Total pot $30 | Rake $0.50
Board [4h Ks 9h 9d 5c]
Seat 3: Artachok (button) (small blind) showed [6s 5h] and won ($29.50) with two pair, Nines and Fives
Seat 4: Actionni13 (big blind) showed [Qs 4d] and lost with two pair, Nines and Fours


PokerStars Hand #162067919624:  Hold'em Limit ($3/$6 USD) - 2016/11/27 19:30:59 ET
Table 'Clematis' 6-max Seat #4 is the button
Seat 3: Artachok ($107.05 in chips)
Seat 4: Actionni13 ($171.16 in chips)
Actionni13: posts small blind $1
Artachok: posts big blind $3
*** HOLE CARDS ***
Actionni13: raises $3 to $6
Artachok: calls $3
*** FLOP *** [Jd Ts 8s]
Artachok: checks
Actionni13: checks
*** TURN *** [Jd Ts 8s] [6c]
Artachok: checks
Actionni13: checks
*** RIVER *** [Jd Ts 8s 6c] [6d]
Artachok: bets $6
Actionni13: calls $6
*** SHOW DOWN ***
Artachok: shows [Ac 2h] (a pair of Sixes)
Actionni13: mucks hand
Artachok collected $23.52 from pot
*** SUMMARY ***
Total pot $24 | Rake $0.48
Board [Jd Ts 8s 6c 6d]
Seat 3: Artachok (big blind) showed [Ac 2h] and won ($23.52) with a pair of Sixes
Seat 4: Actionni13 (button) (small blind) mucked


PokerStars Hand #162067900761:  Hold'em Limit ($3/$6 USD) - 2016/11/27 19:30:28 ET
Table 'Clematis' 6-max Seat #3 is the button
Seat 3: Artachok ($119.05 in chips)
Seat 4: Actionni13 ($159.64 in chips)
Artachok: posts small blind $1
Actionni13: posts big blind $3
*** HOLE CARDS ***
Artachok: raises $3 to $6
Actionni13: calls $3
*** FLOP *** [7h Jd 5s]
Actionni13: checks
Artachok: checks
*** TURN *** [7h Jd 5s] [Tc]
Actionni13: bets $6
Artachok: calls $6
*** RIVER *** [7h Jd 5s Tc] [3d]
Actionni13: bets $6
Artachok: folds
Uncalled bet ($6) returned to Actionni13
Actionni13 collected $23.52 from pot
Actionni13: doesn't show hand
*** SUMMARY ***
Total pot $24 | Rake $0.48
Board [7h Jd 5s Tc 3d]
Seat 3: Artachok (button) (small blind) folded on the River
Seat 4: Actionni13 (big blind) collected ($23.52)


PokerStars Hand #162067975711:  Hold'em Limit ($3/$6 USD) - 2016/11/27 19:32:34 ET
Table 'Clematis' 6-max Seat #3 is the button
Seat 3: Artachok ($127.59 in chips)
Seat 4: Actionni13 ($154.52 in chips)
Artachok: posts small blind $1
Actionni13: posts big blind $3
*** HOLE CARDS ***
Artachok: folds
Uncalled bet ($2) returned to Actionni13
Actionni13 collected $2 from pot
Actionni13: doesn't show hand
*** SUMMARY ***
Total pot $2 | Rake $0
Seat 3: Artachok (button) (small blind) folded before Flop
Seat 4: Actionni13 (big blind) collected ($2)


PokerStars Hand #162067960129:  Hold'em Limit ($3/$6 USD) - 2016/11/27 19:32:08 ET
Table 'Clematis' 6-max Seat #4 is the button
Seat 3: Artachok ($116.07 in chips)
Seat 4: Actionni13 ($166.52 in chips)
Actionni13: posts small blind $1
Artachok: posts big blind $3
*** HOLE CARDS ***
Actionni13: raises $3 to $6
Artachok: raises $3 to $9
Actionni13: calls $3
*** FLOP *** [4c 5d 6d]
Artachok: bets $3
Actionni13: calls $3
*** TURN *** [4c 5d 6d] [4s]
Artachok: bets $6
acesfullwins joins the table at seat #1
Actionni13: folds
Uncalled bet ($6) returned to Artachok
Artachok collected $23.52 from pot
Artachok: doesn't show hand
*** SUMMARY ***
Total pot $24 | Rake $0.48
Board [4c 5d 6d 4s]
Seat 3: Artachok (big blind) collected ($23.52)
Seat 4: Actionni13 (button) (small blind) folded on the Turn


PokerStars Hand #162067957429:  Hold'em Limit ($3/$6 USD) - 2016/11/27 19:32:03 ET
Table 'Clematis' 6-max Seat #3 is the button
Seat 3: Artachok ($117.07 in chips)
Seat 4: Actionni13 ($165.52 in chips)
Artachok: posts small blind $1
Actionni13: posts big blind $3
*** HOLE CARDS ***
Artachok: folds
Uncalled bet ($2) returned to Actionni13
Actionni13 collected $2 from pot
Actionni13: doesn't show hand
*** SUMMARY ***
Total pot $2 | Rake $0
Seat 3: Artachok (button) (small blind) folded before Flop
Seat 4: Actionni13 (big blind) collected ($2)


PokerStars Hand #162067945529:  Hold'em Limit ($3/$6 USD) - 2016/11/27 19:31:43 ET
Table 'Clematis' 6-max Seat #4 is the button
Seat 3: Artachok ($129.07 in chips)
Seat 4: Actionni13 ($154 in chips)
Actionni13: posts small blind $1
Artachok: posts big blind $3
*** HOLE CARDS ***
Actionni13: raises $3 to $6
Artachok: raises $3 to $9
Actionni13: calls $3
*** FLOP *** [8s 7h Jh]
Artachok: bets $3
Actionni13: calls $3
*** TURN *** [8s 7h Jh] [3d]
Artachok: checks
Actionni13: checks
*** RIVER *** [8s 7h Jh 3d] [5s]
Artachok: checks
Actionni13: checks
*** SHOW DOWN ***
Artachok: shows [6d Th] (high card Jack)
Actionni13: shows [Kh Td] (high card King)
Actionni13 collected $23.52 from pot
*** SUMMARY ***
Total pot $24 | Rake $0.48
Board [8s 7h Jh 3d 5s]
Seat 3: Artachok (big blind) showed [6d Th] and lost with high card Jack
Seat 4: Actionni13 (button) (small blind) showed [Kh Td] and won ($23.52) with high card King


PokerStars Hand #162070705577:  Hold'em Limit ($3/$6 USD) - 2016/11/27 21:03:47 ET
Table 'Clematis' 6-max Seat #4 is the button
Seat 4: Velbor107 ($317.34 in chips)
Seat 6: xRauIx ($60 in chips)
Velbor107: posts small blind $1
xRauIx: posts big blind $3
*** HOLE CARDS ***
linuxhunter leaves the table
Velbor107: raises $3 to $6
xRauIx: calls $3
*** FLOP *** [Kc 9d Th]
xRauIx: checks
Velbor107: bets $3
xRauIx: raises $3 to $6
Velbor107: folds
Uncalled bet ($3) returned to xRauIx
xRauIx collected $17.64 from pot
xRauIx: doesn't show hand
*** SUMMARY ***
Total pot $18 | Rake $0.36
Board [Kc 9d Th]
Seat 4: Velbor107 (button) (small blind) folded on the Flop
Seat 6: xRauIx (big blind) collected ($17.64)


PokerStars Hand #162070724443:  Hold'em Limit ($3/$6 USD) - 2016/11/27 21:04:30 ET
Table 'Clematis' 6-max Seat #6 is the button
Seat 1: Mind90 ($600 in chips)
Seat 6: xRauIx ($68.64 in chips)
xRauIx: posts small blind $1
Mind90: posts big blind $3
*** HOLE CARDS ***
xRauIx: folds
Uncalled bet ($2) returned to Mind90
Mind90 collected $2 from pot
Mind90: doesn't show hand
*** SUMMARY ***
Total pot $2 | Rake $0
Seat 1: Mind90 (big blind) collected ($2)
Seat 6: xRauIx (button) (small blind) folded before Flop


