PokerStars Hand #170648048970:  Hold'em Limit ($3/$6 USD) - 2017/05/19 18:37:00 ET
Table 'Clementina II' 6-max Seat #4 is the button
Seat 3: DimaZips ($171 in chips)
Seat 4: Actionni13 ($158.64 in chips)
Actionni13: posts small blind $1
DimaZips: posts big blind $3
*** HOLE CARDS ***
Actionni13: raises $3 to $6
DimaZips: calls $3
*** FLOP *** [8d Qc Jd]
DimaZips: checks
Actionni13: bets $3
DimaZips: folds
Uncalled bet ($3) returned to Actionni13
Actionni13 collected $11.76 from pot
Actionni13: doesn't show hand
*** SUMMARY ***
Total pot $12 | Rake $0.24
Board [8d Qc Jd]
Seat 3: DimaZips (big blind) folded on the Flop
Seat 4: Actionni13 (button) (small blind) collected ($11.76)


PokerStars Hand #170648002249:  Hold'em Limit ($3/$6 USD) - 2017/05/19 18:35:54 ET
Table 'Clementina II' 6-max Seat #3 is the button
Seat 3: DimaZips ($180 in chips)
Seat 4: Actionni13 ($150 in chips)
DimaZips: posts small blind $1
Actionni13: posts big blind $3
*** HOLE CARDS ***
DimaZips: raises $3 to $6
Actionni13: calls $3
*** FLOP *** [Ac 4c Jh]
Actionni13: checks
DimaZips: bets $3
Actionni13: calls $3
*** TURN *** [Ac 4c Jh] [3c]
Actionni13: bets $6
DimaZips: folds
Uncalled bet ($6) returned to Actionni13
Actionni13 collected $17.64 from pot
Actionni13: doesn't show hand
*** SUMMARY ***
Total pot $18 | Rake $0.36
Board [Ac 4c Jh 3c]
Seat 3: DimaZips (button) (small blind) folded on the Turn
Seat 4: Actionni13 (big blind) collected ($17.64)


PokerStars Hand #170648091406:  Hold'em Limit ($3/$6 USD) - 2017/05/19 18:38:00 ET
Table 'Clementina II' 6-max Seat #4 is the button
Seat 3: DimaZips ($170.76 in chips)
Seat 4: Actionni13 ($158.40 in chips)
Actionni13: posts small blind $1
DimaZips: posts big blind $3
*** HOLE CARDS ***
Actionni13: raises $3 to $6
DimaZips: calls $3
*** FLOP *** [Jc 7s 4d]
DimaZips: checks
Actionni13: bets $3
DimaZips: raises $3 to $6
Actionni13: calls $3
*** TURN *** [Jc 7s 4d] [Kh]
DimaZips: bets $6
Actionni13: raises $6 to $12
DimaZips: calls $6
*** RIVER *** [Jc 7s 4d Kh] [4h]
DimaZips: checks
Actionni13: bets $6
DimaZips: raises $6 to $12
Actionni13: folds
Uncalled bet ($6) returned to DimaZips
DimaZips collected $59.50 from pot
DimaZips: doesn't show hand
*** SUMMARY ***
Total pot $60 | Rake $0.50
Board [Jc 7s 4d Kh 4h]
Seat 3: DimaZips (big blind) collected ($59.50)
Seat 4: Actionni13 (button) (small blind) folded on the River


PokerStars Hand #170648072397:  Hold'em Limit ($3/$6 USD) - 2017/05/19 18:37:33 ET
Table 'Clementina II' 6-max Seat #3 is the button
Seat 3: DimaZips ($165 in chips)
Seat 4: Actionni13 ($164.40 in chips)
DimaZips: posts small blind $1
Actionni13: posts big blind $3
*** HOLE CARDS ***
DimaZips: raises $3 to $6
Actionni13: calls $3
*** FLOP *** [3s 9c 2c]
Actionni13: checks
DimaZips: bets $3
Actionni13: folds
Uncalled bet ($3) returned to DimaZips
DimaZips collected $11.76 from pot
DimaZips: doesn't show hand
*** SUMMARY ***
Total pot $12 | Rake $0.24
Board [3s 9c 2c]
Seat 3: DimaZips (button) (small blind) collected ($11.76)
Seat 4: Actionni13 (big blind) folded on the Flop


