PokerStars Hand #145977797819:  Hold'em Limit ($3/$6 USD) - 2015/12/26 20:24:26 ET
Table 'Cline' 2-max Seat #1 is the button
Seat 1: KUZNEC111 ($134.50 in chips)
Seat 2: mdif ($120 in chips)
KUZNEC111: posts small blind $1
mdif: posts big blind $3
*** HOLE CARDS ***
KUZNEC111: raises $3 to $6
mdif: calls $3
*** FLOP *** [3s 8d 8c]
mdif: checks
KUZNEC111: checks
*** TURN *** [3s 8d 8c] [2d]
mdif: checks
KUZNEC111: checks
*** RIVER *** [3s 8d 8c 2d] [Js]
mdif: checks
KUZNEC111: checks
*** SHOW DOWN ***
mdif: shows [7h Th] (a pair of Eights)
KUZNEC111: shows [Kh 6c] (a pair of Eights - King kicker)
KUZNEC111 collected $11.76 from pot
*** SUMMARY ***
Total pot $12 | Rake $0.24
Board [3s 8d 8c 2d Js]
Seat 1: KUZNEC111 (button) (small blind) showed [Kh 6c] and won ($11.76) with a pair of Eights
Seat 2: mdif (big blind) showed [7h Th] and lost with a pair of Eights


PokerStars Hand #145977781033:  Hold'em Limit ($3/$6 USD) - 2015/12/26 20:23:56 ET
Table 'Cline' 2-max Seat #2 is the button
Seat 1: KUZNEC111 ($120 in chips)
Seat 2: mdif ($120 in chips)
mdif: posts small blind $1
KUZNEC111: posts big blind $3
*** HOLE CARDS ***
mdif: raises $3 to $6
KUZNEC111: calls $3
*** FLOP *** [Qh 5s 5c]
KUZNEC111: checks
mdif: bets $3
KUZNEC111: calls $3
*** TURN *** [Qh 5s 5c] [Qs]
KUZNEC111: checks
mdif: checks
*** RIVER *** [Qh 5s 5c Qs] [3c]
KUZNEC111: bets $6
mdif: calls $6
*** SHOW DOWN ***
KUZNEC111: shows [5d 2d] (a full house, Fives full of Queens)
mdif: mucks hand
KUZNEC111 collected $29.50 from pot
*** SUMMARY ***
Total pot $30 | Rake $0.50
Board [Qh 5s 5c Qs 3c]
Seat 1: KUZNEC111 (big blind) showed [5d 2d] and won ($29.50) with a full house, Fives full of Queens
Seat 2: mdif (button) (small blind) mucked


PokerStars Hand #145977840593:  Hold'em Limit ($3/$6 USD) - 2015/12/26 20:25:40 ET
Table 'Cline' 2-max Seat #2 is the button
Seat 1: KUZNEC111 ($98.26 in chips)
Seat 2: mdif ($161 in chips)
mdif: posts small blind $1
KUZNEC111: posts big blind $3
*** HOLE CARDS ***
mdif: raises $3 to $6
KUZNEC111: calls $3
*** FLOP *** [2d 9c 8c]
KUZNEC111: bets $3
mdif: calls $3
*** TURN *** [2d 9c 8c] [3h]
KUZNEC111: bets $6
mdif: raises $6 to $12
KUZNEC111: calls $6
*** RIVER *** [2d 9c 8c 3h] [Jd]
KUZNEC111: checks
mdif: bets $6
KUZNEC111: calls $6
*** SHOW DOWN ***
mdif: shows [9d Ac] (a pair of Nines)
KUZNEC111: mucks hand
mdif collected $53.50 from pot
*** SUMMARY ***
Total pot $54 | Rake $0.50
Board [2d 9c 8c 3h Jd]
Seat 1: KUZNEC111 (big blind) mucked
Seat 2: mdif (button) (small blind) showed [9d Ac] and won ($53.50) with a pair of Nines


PokerStars Hand #145977826387:  Hold'em Limit ($3/$6 USD) - 2015/12/26 20:25:15 ET
Table 'Cline' 2-max Seat #1 is the button
Seat 1: KUZNEC111 ($119.26 in chips)
Seat 2: mdif ($140.50 in chips)
KUZNEC111: posts small blind $1
mdif: posts big blind $3
*** HOLE CARDS ***
KUZNEC111: raises $3 to $6
mdif: calls $3
*** FLOP *** [9s 6h Qd]
mdif: bets $3
KUZNEC111: calls $3
*** TURN *** [9s 6h Qd] [Ad]
mdif: bets $6
KUZNEC111: calls $6
*** RIVER *** [9s 6h Qd Ad] [2h]
mdif: checks
KUZNEC111: bets $6
mdif: calls $6
*** SHOW DOWN ***
KUZNEC111: shows [4h 9c] (a pair of Nines)
mdif: shows [9h Jc] (a pair of Nines - Ace+Queen+Jack kicker)
mdif collected $41.50 from pot
*** SUMMARY ***
Total pot $42 | Rake $0.50
Board [9s 6h Qd Ad 2h]
Seat 1: KUZNEC111 (button) (small blind) showed [4h 9c] and lost with a pair of Nines
Seat 2: mdif (big blind) showed [9h Jc] and won ($41.50) with a pair of Nines


PokerStars Hand #145977811812:  Hold'em Limit ($3/$6 USD) - 2015/12/26 20:24:50 ET
Table 'Cline' 2-max Seat #2 is the button
Seat 1: KUZNEC111 ($140.26 in chips)
Seat 2: mdif ($120 in chips)
mdif: posts small blind $1
KUZNEC111: posts big blind $3
*** HOLE CARDS ***
mdif: raises $3 to $6
KUZNEC111: calls $3
*** FLOP *** [Jc Ac Qc]
KUZNEC111: checks
mdif: bets $3
KUZNEC111: calls $3
*** TURN *** [Jc Ac Qc] [7h]
KUZNEC111: checks
mdif: bets $6
KUZNEC111: calls $6
*** RIVER *** [Jc Ac Qc 7h] [Tc]
KUZNEC111: checks
mdif: bets $6
KUZNEC111: calls $6
*** SHOW DOWN ***
mdif: shows [5c Qs] (a flush, Ace high)
KUZNEC111: mucks hand
mdif collected $41.50 from pot
*** SUMMARY ***
Total pot $42 | Rake $0.50
Board [Jc Ac Qc 7h Tc]
Seat 1: KUZNEC111 (big blind) mucked
Seat 2: mdif (button) (small blind) showed [5c Qs] and won ($41.50) with a flush, Ace high


PokerStars Hand #145977856517:  Hold'em Limit ($3/$6 USD) - 2015/12/26 20:26:07 ET
Table 'Cline' 2-max Seat #1 is the button
Seat 1: KUZNEC111 ($71.26 in chips)
Seat 2: mdif ($187.50 in chips)
KUZNEC111: posts small blind $1
mdif: posts big blind $3
*** HOLE CARDS ***
KUZNEC111: raises $3 to $6
mdif: calls $3
*** FLOP *** [6d Qd Kd]
mdif: checks
KUZNEC111: checks
*** TURN *** [6d Qd Kd] [8s]
mdif: bets $6
KUZNEC111: calls $6
*** RIVER *** [6d Qd Kd 8s] [Ts]
mdif: bets $6
KUZNEC111: raises $6 to $12
mdif: raises $6 to $18
KUZNEC111: raises $6 to $24
Betting is capped
mdif: calls $6
*** SHOW DOWN ***
KUZNEC111: shows [9d 3d] (a flush, King high)
mdif: mucks hand
KUZNEC111 collected $71.50 from pot
*** SUMMARY ***
Total pot $72 | Rake $0.50
Board [6d Qd Kd 8s Ts]
Seat 1: KUZNEC111 (button) (small blind) showed [9d 3d] and won ($71.50) with a flush, King high
Seat 2: mdif (big blind) mucked


PokerStars Hand #145977882238:  Hold'em Limit ($3/$6 USD) - 2015/12/26 20:26:53 ET
Table 'Cline' 2-max Seat #2 is the button
Seat 1: KUZNEC111 ($106.76 in chips)
Seat 2: mdif ($151.50 in chips)
mdif: posts small blind $1
KUZNEC111: posts big blind $3
*** HOLE CARDS ***
mdif: raises $3 to $6
KUZNEC111: calls $3
*** FLOP *** [6h 8c 5c]
KUZNEC111: bets $3
mdif: folds
Uncalled bet ($3) returned to KUZNEC111
KUZNEC111 collected $11.76 from pot
KUZNEC111: doesn't show hand
*** SUMMARY ***
Total pot $12 | Rake $0.24
Board [6h 8c 5c]
Seat 1: KUZNEC111 (big blind) collected ($11.76)
Seat 2: mdif (button) (small blind) folded on the Flop


PokerStars Hand #145977893542:  Hold'em Limit ($3/$6 USD) - 2015/12/26 20:27:13 ET
Table 'Cline' 2-max Seat #1 is the button
Seat 1: KUZNEC111 ($112.52 in chips)
Seat 2: mdif ($145.50 in chips)
KUZNEC111: posts small blind $1
mdif: posts big blind $3
*** HOLE CARDS ***
KUZNEC111: calls $2
mdif: checks
*** FLOP *** [Kd 5d 4d]
mdif: bets $3
KUZNEC111: calls $3
*** TURN *** [Kd 5d 4d] [7h]
mdif: checks
KUZNEC111: bets $6
mdif: folds
Uncalled bet ($6) returned to KUZNEC111
KUZNEC111 collected $11.76 from pot
KUZNEC111: doesn't show hand
*** SUMMARY ***
Total pot $12 | Rake $0.24
Board [Kd 5d 4d 7h]
Seat 1: KUZNEC111 (button) (small blind) collected ($11.76)
Seat 2: mdif (big blind) folded on the Turn


PokerStars Hand #145977906088:  Hold'em Limit ($3/$6 USD) - 2015/12/26 20:27:34 ET
Table 'Cline' 2-max Seat #2 is the button
Seat 1: KUZNEC111 ($118.28 in chips)
Seat 2: mdif ($139.50 in chips)
mdif: posts small blind $1
KUZNEC111: posts big blind $3
*** HOLE CARDS ***
mdif: raises $3 to $6
KUZNEC111: calls $3
*** FLOP *** [Kd 6s As]
KUZNEC111: checks
mdif: bets $3
KUZNEC111: folds
Uncalled bet ($3) returned to mdif
mdif collected $11.76 from pot
mdif: doesn't show hand
*** SUMMARY ***
Total pot $12 | Rake $0.24
Board [Kd 6s As]
Seat 1: KUZNEC111 (big blind) folded on the Flop
Seat 2: mdif (button) (small blind) collected ($11.76)


PokerStars Hand #145977914044:  Hold'em Limit ($3/$6 USD) - 2015/12/26 20:27:48 ET
Table 'Cline' 2-max Seat #1 is the button
Seat 1: KUZNEC111 ($112.28 in chips)
Seat 2: mdif ($145.26 in chips)
KUZNEC111: posts small blind $1
mdif: posts big blind $3
*** HOLE CARDS ***
KUZNEC111: raises $3 to $6
mdif: raises $3 to $9
KUZNEC111: calls $3
*** FLOP *** [9s Th Ac]
mdif: bets $3
KUZNEC111: calls $3
*** TURN *** [9s Th Ac] [3d]
mdif: checks
KUZNEC111: checks
*** RIVER *** [9s Th Ac 3d] [Td]
mdif: checks
KUZNEC111: checks
*** SHOW DOWN ***
mdif: shows [Jh Kh] (a pair of Tens)
KUZNEC111: mucks hand
mdif collected $23.52 from pot
*** SUMMARY ***
Total pot $24 | Rake $0.48
Board [9s Th Ac 3d Td]
Seat 1: KUZNEC111 (button) (small blind) mucked
Seat 2: mdif (big blind) showed [Jh Kh] and won ($23.52) with a pair of Tens


PokerStars Hand #145977928620:  Hold'em Limit ($3/$6 USD) - 2015/12/26 20:28:14 ET
Table 'Cline' 2-max Seat #2 is the button
Seat 1: KUZNEC111 ($100.28 in chips)
Seat 2: mdif ($156.78 in chips)
mdif: posts small blind $1
KUZNEC111: posts big blind $3
*** HOLE CARDS ***
mdif: raises $3 to $6
KUZNEC111: calls $3
*** FLOP *** [3c 5d 2h]
KUZNEC111: bets $3
mdif: calls $3
*** TURN *** [3c 5d 2h] [Kh]
KUZNEC111: checks
mdif: checks
*** RIVER *** [3c 5d 2h Kh] [7h]
KUZNEC111: checks
mdif: checks
*** SHOW DOWN ***
KUZNEC111: shows [9d 6s] (high card King)
mdif: shows [9s As] (high card Ace)
mdif collected $17.64 from pot
*** SUMMARY ***
Total pot $18 | Rake $0.36
Board [3c 5d 2h Kh 7h]
Seat 1: KUZNEC111 (big blind) showed [9d 6s] and lost with high card King
Seat 2: mdif (button) (small blind) showed [9s As] and won ($17.64) with high card Ace


PokerStars Hand #145977940531:  Hold'em Limit ($3/$6 USD) - 2015/12/26 20:28:34 ET
Table 'Cline' 2-max Seat #1 is the button
Seat 1: KUZNEC111 ($91.28 in chips)
Seat 2: mdif ($165.42 in chips)
KUZNEC111: posts small blind $1
mdif: posts big blind $3
*** HOLE CARDS ***
KUZNEC111: raises $3 to $6
mdif: calls $3
*** FLOP *** [Js Ac Tc]
mdif: checks
KUZNEC111: bets $3
mdif: calls $3
*** TURN *** [Js Ac Tc] [6h]
mdif: checks
KUZNEC111: bets $6
mdif: calls $6
*** RIVER *** [Js Ac Tc 6h] [6s]
mdif: checks
KUZNEC111: bets $6
mdif: calls $6
*** SHOW DOWN ***
KUZNEC111: shows [6c 4s] (three of a kind, Sixes)
mdif: mucks hand
KUZNEC111 collected $41.50 from pot
*** SUMMARY ***
Total pot $42 | Rake $0.50
Board [Js Ac Tc 6h 6s]
Seat 1: KUZNEC111 (button) (small blind) showed [6c 4s] and won ($41.50) with three of a kind, Sixes
Seat 2: mdif (big blind) mucked


PokerStars Hand #145977954131:  Hold'em Limit ($3/$6 USD) - 2015/12/26 20:28:58 ET
Table 'Cline' 2-max Seat #2 is the button
Seat 1: KUZNEC111 ($111.78 in chips)
Seat 2: mdif ($144.42 in chips)
mdif: posts small blind $1
KUZNEC111: posts big blind $3
*** HOLE CARDS ***
mdif: raises $3 to $6
KUZNEC111: calls $3
*** FLOP *** [Kh 7s 9s]
KUZNEC111: bets $3
mdif: raises $3 to $6
KUZNEC111: calls $3
*** TURN *** [Kh 7s 9s] [2s]
KUZNEC111: checks
mdif: checks
*** RIVER *** [Kh 7s 9s 2s] [3d]
KUZNEC111: checks
mdif: checks
*** SHOW DOWN ***
KUZNEC111: shows [Ah 4d] (high card Ace)
mdif: mucks hand
KUZNEC111 collected $23.52 from pot
*** SUMMARY ***
Total pot $24 | Rake $0.48
Board [Kh 7s 9s 2s 3d]
Seat 1: KUZNEC111 (big blind) showed [Ah 4d] and won ($23.52) with high card Ace
Seat 2: mdif (button) (small blind) mucked


PokerStars Hand #145977966564:  Hold'em Limit ($3/$6 USD) - 2015/12/26 20:29:20 ET
Table 'Cline' 2-max Seat #1 is the button
Seat 1: KUZNEC111 ($123.30 in chips)
Seat 2: mdif ($132.42 in chips)
KUZNEC111: posts small blind $1
mdif: posts big blind $3
*** HOLE CARDS ***
KUZNEC111: raises $3 to $6
mdif: calls $3
*** FLOP *** [8h Th 6d]
mdif: bets $3
KUZNEC111: calls $3
*** TURN *** [8h Th 6d] [Qh]
mdif: bets $6
KUZNEC111: calls $6
*** RIVER *** [8h Th 6d Qh] [5d]
mdif: bets $6
KUZNEC111: calls $6
*** SHOW DOWN ***
mdif: shows [6s 8s] (two pair, Eights and Sixes)
KUZNEC111: mucks hand
mdif collected $41.50 from pot
*** SUMMARY ***
Total pot $42 | Rake $0.50
Board [8h Th 6d Qh 5d]
Seat 1: KUZNEC111 (button) (small blind) mucked
Seat 2: mdif (big blind) showed [6s 8s] and won ($41.50) with two pair, Eights and Sixes


PokerStars Hand #145977983411:  Hold'em Limit ($3/$6 USD) - 2015/12/26 20:29:50 ET
Table 'Cline' 2-max Seat #2 is the button
Seat 1: KUZNEC111 ($102.30 in chips)
Seat 2: mdif ($152.92 in chips)
mdif: posts small blind $1
KUZNEC111: posts big blind $3
*** HOLE CARDS ***
mdif: raises $3 to $6
KUZNEC111: calls $3
*** FLOP *** [Qd 6d 4d]
KUZNEC111: checks
mdif: bets $3
KUZNEC111: calls $3
*** TURN *** [Qd 6d 4d] [Td]
KUZNEC111: checks
mdif: checks
*** RIVER *** [Qd 6d 4d Td] [7c]
KUZNEC111: bets $6
mdif: calls $6
*** SHOW DOWN ***
KUZNEC111: shows [Th 9d] (a flush, Queen high)
mdif: mucks hand
KUZNEC111 collected $29.50 from pot
*** SUMMARY ***
Total pot $30 | Rake $0.50
Board [Qd 6d 4d Td 7c]
Seat 1: KUZNEC111 (big blind) showed [Th 9d] and won ($29.50) with a flush, Queen high
Seat 2: mdif (button) (small blind) mucked


PokerStars Hand #145978001763:  Hold'em Limit ($3/$6 USD) - 2015/12/26 20:30:22 ET
Table 'Cline' 2-max Seat #2 is the button
Seat 1: KUZNEC111 ($119.80 in chips)
Seat 2: mdif ($134.92 in chips)
mdif: posts small blind $1
KUZNEC111: posts big blind $3
*** HOLE CARDS ***
mdif: folds
Uncalled bet ($2) returned to KUZNEC111
KUZNEC111 collected $2 from pot
KUZNEC111: doesn't show hand
*** SUMMARY ***
Total pot $2 | Rake $0
Seat 1: KUZNEC111 (big blind) collected ($2)
Seat 2: mdif (button) (small blind) folded before Flop


PokerStars Hand #145977997496:  Hold'em Limit ($3/$6 USD) - 2015/12/26 20:30:15 ET
Table 'Cline' 2-max Seat #1 is the button
Seat 1: KUZNEC111 ($116.80 in chips)
Seat 2: mdif ($137.92 in chips)
KUZNEC111: posts small blind $1
mdif: posts big blind $3
*** HOLE CARDS ***
KUZNEC111: raises $3 to $6
mdif: folds
Uncalled bet ($3) returned to KUZNEC111
KUZNEC111 collected $6 from pot
KUZNEC111: doesn't show hand
*** SUMMARY ***
Total pot $6 | Rake $0
Seat 1: KUZNEC111 (button) (small blind) collected ($6)
Seat 2: mdif (big blind) folded before Flop


PokerStars Hand #145978013765:  Hold'em Limit ($3/$6 USD) - 2015/12/26 20:30:44 ET
Table 'Cline' 2-max Seat #2 is the button
Seat 1: KUZNEC111 ($126.56 in chips)
Seat 2: mdif ($127.92 in chips)
mdif: posts small blind $1
KUZNEC111: posts big blind $3
*** HOLE CARDS ***
mdif: folds
Uncalled bet ($2) returned to KUZNEC111
KUZNEC111 collected $2 from pot
KUZNEC111: doesn't show hand
*** SUMMARY ***
Total pot $2 | Rake $0
Seat 1: KUZNEC111 (big blind) collected ($2)
Seat 2: mdif (button) (small blind) folded before Flop


PokerStars Hand #145978004620:  Hold'em Limit ($3/$6 USD) - 2015/12/26 20:30:27 ET
Table 'Cline' 2-max Seat #1 is the button
Seat 1: KUZNEC111 ($120.80 in chips)
Seat 2: mdif ($133.92 in chips)
KUZNEC111: posts small blind $1
mdif: posts big blind $3
*** HOLE CARDS ***
KUZNEC111: raises $3 to $6
mdif: calls $3
*** FLOP *** [Kh Qs 7s]
mdif: checks
KUZNEC111: bets $3
mdif: folds
Uncalled bet ($3) returned to KUZNEC111
KUZNEC111 collected $11.76 from pot
KUZNEC111: doesn't show hand
*** SUMMARY ***
Total pot $12 | Rake $0.24
Board [Kh Qs 7s]
Seat 1: KUZNEC111 (button) (small blind) collected ($11.76)
Seat 2: mdif (big blind) folded on the Flop


PokerStars Hand #145978054119:  Hold'em Limit ($3/$6 USD) - 2015/12/26 20:31:55 ET
Table 'Cline' 2-max Seat #2 is the button
Seat 1: KUZNEC111 ($141.70 in chips)
Seat 2: mdif ($134.50 in chips)
mdif: posts small blind $1
KUZNEC111: posts big blind $3
*** HOLE CARDS ***
mdif: raises $3 to $6
KUZNEC111: calls $3
*** FLOP *** [8s Ac 9c]
KUZNEC111: checks
mdif: bets $3
KUZNEC111: folds
Uncalled bet ($3) returned to mdif
mdif collected $11.76 from pot
mdif: doesn't show hand
*** SUMMARY ***
Total pot $12 | Rake $0.24
Board [8s Ac 9c]
Seat 1: KUZNEC111 (big blind) folded on the Flop
Seat 2: mdif (button) (small blind) collected ($11.76)


PokerStars Hand #145978060718:  Hold'em Limit ($3/$6 USD) - 2015/12/26 20:32:07 ET
Table 'Cline' 2-max Seat #1 is the button
Seat 1: KUZNEC111 ($135.70 in chips)
Seat 2: mdif ($140.26 in chips)
KUZNEC111: posts small blind $1
mdif: posts big blind $3
*** HOLE CARDS ***
KUZNEC111: calls $2
mdif: raises $3 to $6
KUZNEC111: calls $3
*** FLOP *** [Qs Ts 7d]
mdif: bets $3
KUZNEC111: calls $3
*** TURN *** [Qs Ts 7d] [Ah]
mdif: bets $6
KUZNEC111: calls $6
*** RIVER *** [Qs Ts 7d Ah] [4s]
mdif: bets $6
KUZNEC111: calls $6
*** SHOW DOWN ***
mdif: shows [7h 7c] (three of a kind, Sevens)
KUZNEC111: mucks hand
mdif collected $41.50 from pot
*** SUMMARY ***
Total pot $42 | Rake $0.50
Board [Qs Ts 7d Ah 4s]
Seat 1: KUZNEC111 (button) (small blind) mucked
Seat 2: mdif (big blind) showed [7h 7c] and won ($41.50) with three of a kind, Sevens


PokerStars Hand #145978072256:  Hold'em Limit ($3/$6 USD) - 2015/12/26 20:32:28 ET
Table 'Cline' 2-max Seat #2 is the button
Seat 1: KUZNEC111 ($114.70 in chips)
Seat 2: mdif ($160.76 in chips)
mdif: posts small blind $1
KUZNEC111: posts big blind $3
*** HOLE CARDS ***
mdif: raises $3 to $6
KUZNEC111: calls $3
*** FLOP *** [Qc 6h 9c]
KUZNEC111: checks
mdif: bets $3
KUZNEC111: calls $3
*** TURN *** [Qc 6h 9c] [Kc]
KUZNEC111: checks
mdif: bets $6
KUZNEC111: calls $6
*** RIVER *** [Qc 6h 9c Kc] [Ad]
KUZNEC111: checks
mdif: bets $6
KUZNEC111: calls $6
*** SHOW DOWN ***
mdif: shows [2c Qh] (a pair of Queens)
KUZNEC111: mucks hand
mdif collected $41.50 from pot
*** SUMMARY ***
Total pot $42 | Rake $0.50
Board [Qc 6h 9c Kc Ad]
Seat 1: KUZNEC111 (big blind) mucked
Seat 2: mdif (button) (small blind) showed [2c Qh] and won ($41.50) with a pair of Queens


PokerStars Hand #145978087948:  Hold'em Limit ($3/$6 USD) - 2015/12/26 20:32:56 ET
Table 'Cline' 2-max Seat #1 is the button
Seat 1: KUZNEC111 ($93.70 in chips)
Seat 2: mdif ($181.26 in chips)
KUZNEC111: posts small blind $1
mdif: posts big blind $3
*** HOLE CARDS ***
KUZNEC111: calls $2
mdif: checks
*** FLOP *** [2d Ac Qc]
mdif: bets $3
KUZNEC111: calls $3
*** TURN *** [2d Ac Qc] [7s]
mdif: checks
KUZNEC111: bets $6
mdif: calls $6
*** RIVER *** [2d Ac Qc 7s] [Th]
mdif: checks
KUZNEC111: bets $6
mdif: calls $6
*** SHOW DOWN ***
KUZNEC111: shows [Kd Ts] (a pair of Tens)
mdif: mucks hand
KUZNEC111 collected $35.50 from pot
*** SUMMARY ***
Total pot $36 | Rake $0.50
Board [2d Ac Qc 7s Th]
Seat 1: KUZNEC111 (button) (small blind) showed [Kd Ts] and won ($35.50) with a pair of Tens
Seat 2: mdif (big blind) mucked


PokerStars Hand #145978099818:  Hold'em Limit ($3/$6 USD) - 2015/12/26 20:33:17 ET
Table 'Cline' 2-max Seat #2 is the button
Seat 1: KUZNEC111 ($111.20 in chips)
Seat 2: mdif ($163.26 in chips)
mdif: posts small blind $1
KUZNEC111: posts big blind $3
*** HOLE CARDS ***
mdif: folds
Uncalled bet ($2) returned to KUZNEC111
KUZNEC111 collected $2 from pot
KUZNEC111: doesn't show hand
*** SUMMARY ***
Total pot $2 | Rake $0
Seat 1: KUZNEC111 (big blind) collected ($2)
Seat 2: mdif (button) (small blind) folded before Flop


PokerStars Hand #145978017124:  Hold'em Limit ($3/$6 USD) - 2015/12/26 20:30:50 ET
Table 'Cline' 2-max Seat #1 is the button
Seat 1: KUZNEC111 ($127.56 in chips)
Seat 2: mdif ($126.92 in chips)
KUZNEC111: posts small blind $1
mdif: posts big blind $3
*** HOLE CARDS ***
KUZNEC111: calls $2
mdif: raises $3 to $6
KUZNEC111: calls $3
*** FLOP *** [7c 2d 4d]
mdif: bets $3
KUZNEC111: calls $3
*** TURN *** [7c 2d 4d] [6s]
mdif: checks
KUZNEC111: bets $6
mdif: calls $6
*** RIVER *** [7c 2d 4d 6s] [2c]
mdif: checks
KUZNEC111: bets $6
mdif: calls $6
*** SHOW DOWN ***
KUZNEC111: shows [Ks 6d] (two pair, Sixes and Deuces)
mdif: mucks hand
KUZNEC111 collected $41.50 from pot
*** SUMMARY ***
Total pot $42 | Rake $0.50
Board [7c 2d 4d 6s 2c]
Seat 1: KUZNEC111 (button) (small blind) showed [Ks 6d] and won ($41.50) with two pair, Sixes and Deuces
Seat 2: mdif (big blind) mucked


PokerStars Hand #145978029976:  Hold'em Limit ($3/$6 USD) - 2015/12/26 20:31:12 ET
Table 'Cline' 2-max Seat #2 is the button
Seat 1: KUZNEC111 ($148.06 in chips)
Seat 2: mdif ($120 in chips)
mdif: posts small blind $1
KUZNEC111: posts big blind $3
*** HOLE CARDS ***
mdif: raises $3 to $6
KUZNEC111: calls $3
*** FLOP *** [9d 3h Qd]
KUZNEC111: checks
mdif: bets $3
KUZNEC111: calls $3
*** TURN *** [9d 3h Qd] [Ts]
KUZNEC111: checks
mdif: checks
*** RIVER *** [9d 3h Qd Ts] [2c]
KUZNEC111: bets $6
mdif: folds
Uncalled bet ($6) returned to KUZNEC111
KUZNEC111 collected $17.64 from pot
KUZNEC111: doesn't show hand
*** SUMMARY ***
Total pot $18 | Rake $0.36
Board [9d 3h Qd Ts 2c]
Seat 1: KUZNEC111 (big blind) collected ($17.64)
Seat 2: mdif (button) (small blind) folded on the River


PokerStars Hand #145978120991:  Hold'em Limit ($3/$6 USD) - 2015/12/26 20:33:56 ET
Table 'Cline' 2-max Seat #1 is the button
Seat 1: KUZNEC111 ($117.14 in chips)
Seat 2: mdif ($157.20 in chips)
KUZNEC111: posts small blind $1
mdif: posts big blind $3
*** HOLE CARDS ***
KUZNEC111: calls $2
mdif: checks
*** FLOP *** [2c 6s Ks]
mdif: checks
KUZNEC111: checks
*** TURN *** [2c 6s Ks] [Ah]
mdif: bets $6
KUZNEC111: folds
Uncalled bet ($6) returned to mdif
mdif collected $5.88 from pot
mdif: doesn't show hand
*** SUMMARY ***
Total pot $6 | Rake $0.12
Board [2c 6s Ks Ah]
Seat 1: KUZNEC111 (button) (small blind) folded on the Turn
Seat 2: mdif (big blind) collected ($5.88)


PokerStars Hand #145978118385:  Hold'em Limit ($3/$6 USD) - 2015/12/26 20:33:51 ET
Table 'Cline' 2-max Seat #2 is the button
Seat 1: KUZNEC111 ($116.14 in chips)
Seat 2: mdif ($158.20 in chips)
mdif: posts small blind $1
KUZNEC111: posts big blind $3
*** HOLE CARDS ***
mdif: folds
Uncalled bet ($2) returned to KUZNEC111
KUZNEC111 collected $2 from pot
KUZNEC111: doesn't show hand
*** SUMMARY ***
Total pot $2 | Rake $0
Seat 1: KUZNEC111 (big blind) collected ($2)
Seat 2: mdif (button) (small blind) folded before Flop


PokerStars Hand #145978109093:  Hold'em Limit ($3/$6 USD) - 2015/12/26 20:33:34 ET
Table 'Cline' 2-max Seat #1 is the button
Seat 1: KUZNEC111 ($116.20 in chips)
Seat 2: mdif ($158.26 in chips)
KUZNEC111: posts small blind $1
mdif: posts big blind $3
*** HOLE CARDS ***
KUZNEC111: calls $2
mdif: checks
*** FLOP *** [Kh 8s Ac]
mdif: checks
KUZNEC111: checks
*** TURN *** [Kh 8s Ac] [Ks]
mdif: checks
KUZNEC111: checks
*** RIVER *** [Kh 8s Ac Ks] [6s]
mdif: checks
KUZNEC111: checks
*** SHOW DOWN ***
mdif: shows [Jc 7d] (a pair of Kings)
KUZNEC111: shows [Js 5c] (a pair of Kings)
mdif collected $2.94 from pot
KUZNEC111 collected $2.94 from pot
*** SUMMARY ***
Total pot $6 | Rake $0.12
Board [Kh 8s Ac Ks 6s]
Seat 1: KUZNEC111 (button) (small blind) showed [Js 5c] and won ($2.94) with a pair of Kings
Seat 2: mdif (big blind) showed [Jc 7d] and won ($2.94) with a pair of Kings


PokerStars Hand #145978106500:  Hold'em Limit ($3/$6 USD) - 2015/12/26 20:33:29 ET
Table 'Cline' 2-max Seat #2 is the button
Seat 1: KUZNEC111 ($115.20 in chips)
Seat 2: mdif ($159.26 in chips)
mdif: posts small blind $1
KUZNEC111: posts big blind $3
*** HOLE CARDS ***
mdif: folds
Uncalled bet ($2) returned to KUZNEC111
KUZNEC111 collected $2 from pot
KUZNEC111: doesn't show hand
*** SUMMARY ***
Total pot $2 | Rake $0
Seat 1: KUZNEC111 (big blind) collected ($2)
Seat 2: mdif (button) (small blind) folded before Flop


PokerStars Hand #145978102732:  Hold'em Limit ($3/$6 USD) - 2015/12/26 20:33:23 ET
Table 'Cline' 2-max Seat #1 is the button
Seat 1: KUZNEC111 ($112.20 in chips)
Seat 2: mdif ($162.26 in chips)
KUZNEC111: posts small blind $1
mdif: posts big blind $3
*** HOLE CARDS ***
KUZNEC111: raises $3 to $6
mdif: folds
Uncalled bet ($3) returned to KUZNEC111
KUZNEC111 collected $6 from pot
KUZNEC111: doesn't show hand
*** SUMMARY ***
Total pot $6 | Rake $0
Seat 1: KUZNEC111 (button) (small blind) collected ($6)
Seat 2: mdif (big blind) folded before Flop


PokerStars Hand #145978129005:  Hold'em Limit ($3/$6 USD) - 2015/12/26 20:34:10 ET
Table 'Cline' 2-max Seat #2 is the button
Seat 1: KUZNEC111 ($114.14 in chips)
Seat 2: mdif ($160.08 in chips)
mdif: posts small blind $1
KUZNEC111: posts big blind $3
*** HOLE CARDS ***
mdif: raises $3 to $6
KUZNEC111: calls $3
*** FLOP *** [5s Jd Tc]
KUZNEC111: checks
mdif: bets $3
KUZNEC111: calls $3
*** TURN *** [5s Jd Tc] [Ad]
KUZNEC111: checks
mdif: bets $6
KUZNEC111: calls $6
*** RIVER *** [5s Jd Tc Ad] [Qd]
KUZNEC111: checks
mdif: bets $6
KUZNEC111: calls $6
*** SHOW DOWN ***
mdif: shows [Td 8d] (a flush, Ace high)
KUZNEC111: mucks hand
mdif collected $41.50 from pot
*** SUMMARY ***
Total pot $42 | Rake $0.50
Board [5s Jd Tc Ad Qd]
Seat 1: KUZNEC111 (big blind) mucked
Seat 2: mdif (button) (small blind) showed [Td 8d] and won ($41.50) with a flush, Ace high


PokerStars Hand #145978148155:  Hold'em Limit ($3/$6 USD) - 2015/12/26 20:34:45 ET
Table 'Cline' 2-max Seat #2 is the button
Seat 1: KUZNEC111 ($96.14 in chips)
Seat 2: mdif ($177.58 in chips)
mdif: posts small blind $1
KUZNEC111: posts big blind $3
*** HOLE CARDS ***
mdif: raises $3 to $6
KUZNEC111: calls $3
*** FLOP *** [Qh 7c 8d]
KUZNEC111: checks
mdif: bets $3
KUZNEC111: calls $3
*** TURN *** [Qh 7c 8d] [Ah]
KUZNEC111: checks
mdif: bets $6
KUZNEC111: folds
Uncalled bet ($6) returned to mdif
mdif collected $17.64 from pot
mdif: doesn't show hand
*** SUMMARY ***
Total pot $18 | Rake $0.36
Board [Qh 7c 8d Ah]
Seat 1: KUZNEC111 (big blind) folded on the Turn
Seat 2: mdif (button) (small blind) collected ($17.64)


PokerStars Hand #145978143658:  Hold'em Limit ($3/$6 USD) - 2015/12/26 20:34:37 ET
Table 'Cline' 2-max Seat #1 is the button
Seat 1: KUZNEC111 ($93.14 in chips)
Seat 2: mdif ($180.58 in chips)
KUZNEC111: posts small blind $1
mdif: posts big blind $3
*** HOLE CARDS ***
KUZNEC111: raises $3 to $6
mdif: folds
Uncalled bet ($3) returned to KUZNEC111
KUZNEC111 collected $6 from pot
KUZNEC111: doesn't show hand
*** SUMMARY ***
Total pot $6 | Rake $0
Seat 1: KUZNEC111 (button) (small blind) collected ($6)
Seat 2: mdif (big blind) folded before Flop


PokerStars Hand #145978197474:  Hold'em Limit ($3/$6 USD) - 2015/12/26 20:36:14 ET
Table 'Cline' 2-max Seat #2 is the button
Seat 1: KUZNEC111 ($105.64 in chips)
Seat 2: mdif ($166.86 in chips)
mdif: posts small blind $1
KUZNEC111: posts big blind $3
*** HOLE CARDS ***
mdif: folds
Uncalled bet ($2) returned to KUZNEC111
KUZNEC111 collected $2 from pot
KUZNEC111: doesn't show hand
*** SUMMARY ***
Total pot $2 | Rake $0
Seat 1: KUZNEC111 (big blind) collected ($2)
Seat 2: mdif (button) (small blind) folded before Flop


PokerStars Hand #145978188274:  Hold'em Limit ($3/$6 USD) - 2015/12/26 20:35:58 ET
Table 'Cline' 2-max Seat #1 is the button
Seat 1: KUZNEC111 ($102.64 in chips)
Seat 2: mdif ($169.86 in chips)
KUZNEC111: posts small blind $1
mdif: posts big blind $3
*** HOLE CARDS ***
KUZNEC111: raises $3 to $6
mdif: folds
Uncalled bet ($3) returned to KUZNEC111
KUZNEC111 collected $6 from pot
KUZNEC111: doesn't show hand
*** SUMMARY ***
Total pot $6 | Rake $0
Seat 1: KUZNEC111 (button) (small blind) collected ($6)
Seat 2: mdif (big blind) folded before Flop


PokerStars Hand #145978179025:  Hold'em Limit ($3/$6 USD) - 2015/12/26 20:35:41 ET
Table 'Cline' 2-max Seat #2 is the button
Seat 1: KUZNEC111 ($111.64 in chips)
Seat 2: mdif ($161.22 in chips)
mdif: posts small blind $1
KUZNEC111: posts big blind $3
*** HOLE CARDS ***
mdif: raises $3 to $6
KUZNEC111: calls $3
*** FLOP *** [Jc Th 3s]
KUZNEC111: bets $3
mdif: raises $3 to $6
KUZNEC111: folds
Uncalled bet ($3) returned to mdif
mdif collected $17.64 from pot
mdif: doesn't show hand
*** SUMMARY ***
Total pot $18 | Rake $0.36
Board [Jc Th 3s]
Seat 1: KUZNEC111 (big blind) folded on the Flop
Seat 2: mdif (button) (small blind) collected ($17.64)


PokerStars Hand #145978174995:  Hold'em Limit ($3/$6 USD) - 2015/12/26 20:35:34 ET
Table 'Cline' 2-max Seat #1 is the button
Seat 1: KUZNEC111 ($108.64 in chips)
Seat 2: mdif ($164.22 in chips)
KUZNEC111: posts small blind $1
mdif: posts big blind $3
*** HOLE CARDS ***
KUZNEC111: raises $3 to $6
mdif: folds
Uncalled bet ($3) returned to KUZNEC111
KUZNEC111 collected $6 from pot
KUZNEC111: doesn't show hand
*** SUMMARY ***
Total pot $6 | Rake $0
Seat 1: KUZNEC111 (button) (small blind) collected ($6)
Seat 2: mdif (big blind) folded before Flop


PokerStars Hand #145978172458:  Hold'em Limit ($3/$6 USD) - 2015/12/26 20:35:29 ET
Table 'Cline' 2-max Seat #2 is the button
Seat 1: KUZNEC111 ($107.64 in chips)
Seat 2: mdif ($165.22 in chips)
mdif: posts small blind $1
KUZNEC111: posts big blind $3
*** HOLE CARDS ***
mdif: folds
Uncalled bet ($2) returned to KUZNEC111
KUZNEC111 collected $2 from pot
KUZNEC111: doesn't show hand
*** SUMMARY ***
Total pot $2 | Rake $0
Seat 1: KUZNEC111 (big blind) collected ($2)
Seat 2: mdif (button) (small blind) folded before Flop


PokerStars Hand #145978159495:  Hold'em Limit ($3/$6 USD) - 2015/12/26 20:35:05 ET
Table 'Cline' 2-max Seat #1 is the button
Seat 1: KUZNEC111 ($87.14 in chips)
Seat 2: mdif ($186.22 in chips)
KUZNEC111: posts small blind $1
mdif: posts big blind $3
*** HOLE CARDS ***
KUZNEC111: calls $2
mdif: raises $3 to $6
KUZNEC111: calls $3
*** FLOP *** [2h 7c Th]
mdif: bets $3
KUZNEC111: calls $3
*** TURN *** [2h 7c Th] [7s]
mdif: checks
KUZNEC111: bets $6
mdif: calls $6
*** RIVER *** [2h 7c Th 7s] [8d]
mdif: checks
KUZNEC111: bets $6
mdif: calls $6
*** SHOW DOWN ***
KUZNEC111: shows [Ts Kd] (two pair, Tens and Sevens)
mdif: mucks hand
KUZNEC111 collected $41.50 from pot
*** SUMMARY ***
Total pot $42 | Rake $0.50
Board [2h 7c Th 7s 8d]
Seat 1: KUZNEC111 (button) (small blind) showed [Ts Kd] and won ($41.50) with two pair, Tens and Sevens
Seat 2: mdif (big blind) mucked


PokerStars Hand #145978215961:  Hold'em Limit ($3/$6 USD) - 2015/12/26 20:36:48 ET
Table 'Cline' 2-max Seat #2 is the button
Seat 1: KUZNEC111 ($119.28 in chips)
Seat 2: mdif ($152.86 in chips)
mdif: posts small blind $1
KUZNEC111: posts big blind $3
*** HOLE CARDS ***
mdif: raises $3 to $6
KUZNEC111: calls $3
*** FLOP *** [9h 6s 3c]
KUZNEC111: checks
mdif: bets $3
KUZNEC111: calls $3
*** TURN *** [9h 6s 3c] [3d]
KUZNEC111: checks
mdif: checks
*** RIVER *** [9h 6s 3c 3d] [4d]
KUZNEC111: bets $6
mdif: calls $6
*** SHOW DOWN ***
KUZNEC111: shows [2c 6c] (two pair, Sixes and Threes)
mdif: mucks hand
KUZNEC111 collected $29.50 from pot
*** SUMMARY ***
Total pot $30 | Rake $0.50
Board [9h 6s 3c 3d 4d]
Seat 1: KUZNEC111 (big blind) showed [2c 6c] and won ($29.50) with two pair, Sixes and Threes
Seat 2: mdif (button) (small blind) mucked


PokerStars Hand #145978212066:  Hold'em Limit ($3/$6 USD) - 2015/12/26 20:36:41 ET
Table 'Cline' 2-max Seat #1 is the button
Seat 1: KUZNEC111 ($116.28 in chips)
Seat 2: mdif ($155.86 in chips)
KUZNEC111: posts small blind $1
mdif: posts big blind $3
*** HOLE CARDS ***
KUZNEC111: raises $3 to $6
mdif: folds
Uncalled bet ($3) returned to KUZNEC111
KUZNEC111 collected $6 from pot
KUZNEC111: doesn't show hand
*** SUMMARY ***
Total pot $6 | Rake $0
Seat 1: KUZNEC111 (button) (small blind) collected ($6)
Seat 2: mdif (big blind) folded before Flop


PokerStars Hand #145978209588:  Hold'em Limit ($3/$6 USD) - 2015/12/26 20:36:36 ET
Table 'Cline' 2-max Seat #2 is the button
Seat 1: KUZNEC111 ($115.28 in chips)
Seat 2: mdif ($156.86 in chips)
mdif: posts small blind $1
KUZNEC111: posts big blind $3
*** HOLE CARDS ***
mdif: folds
Uncalled bet ($2) returned to KUZNEC111
KUZNEC111 collected $2 from pot
KUZNEC111: doesn't show hand
*** SUMMARY ***
Total pot $2 | Rake $0
Seat 1: KUZNEC111 (big blind) collected ($2)
Seat 2: mdif (button) (small blind) folded before Flop


PokerStars Hand #145978199899:  Hold'em Limit ($3/$6 USD) - 2015/12/26 20:36:19 ET
Table 'Cline' 2-max Seat #1 is the button
Seat 1: KUZNEC111 ($106.64 in chips)
Seat 2: mdif ($165.86 in chips)
KUZNEC111: posts small blind $1
mdif: posts big blind $3
*** HOLE CARDS ***
KUZNEC111: calls $2
mdif: raises $3 to $6
KUZNEC111: calls $3
*** FLOP *** [As 5d Jd]
mdif: bets $3
KUZNEC111: calls $3
*** TURN *** [As 5d Jd] [4d]
mdif: checks
KUZNEC111: bets $6
mdif: folds
Uncalled bet ($6) returned to KUZNEC111
KUZNEC111 collected $17.64 from pot
KUZNEC111: doesn't show hand
*** SUMMARY ***
Total pot $18 | Rake $0.36
Board [As 5d Jd 4d]
Seat 1: KUZNEC111 (button) (small blind) collected ($17.64)
Seat 2: mdif (big blind) folded on the Turn


PokerStars Hand #145978257650:  Hold'em Limit ($3/$6 USD) - 2015/12/26 20:38:03 ET
Table 'Cline' 2-max Seat #2 is the button
Seat 1: KUZNEC111 ($153.80 in chips)
Seat 2: mdif ($120 in chips)
mdif: posts small blind $1
KUZNEC111: posts big blind $3
*** HOLE CARDS ***
mdif: raises $3 to $6
KUZNEC111: calls $3
*** FLOP *** [5c Td 6h]
KUZNEC111: checks
mdif: bets $3
KUZNEC111: calls $3
*** TURN *** [5c Td 6h] [7d]
KUZNEC111: checks
mdif: bets $6
KUZNEC111: calls $6
*** RIVER *** [5c Td 6h 7d] [Qs]
KUZNEC111: bets $6
mdif: calls $6
*** SHOW DOWN ***
KUZNEC111: shows [Th 6d] (two pair, Tens and Sixes)
mdif: mucks hand
KUZNEC111 collected $41.50 from pot
*** SUMMARY ***
Total pot $42 | Rake $0.50
Board [5c Td 6h 7d Qs]
Seat 1: KUZNEC111 (big blind) showed [Th 6d] and won ($41.50) with two pair, Tens and Sixes
Seat 2: mdif (button) (small blind) mucked


PokerStars Hand #145978251143:  Hold'em Limit ($3/$6 USD) - 2015/12/26 20:37:51 ET
Table 'Cline' 2-max Seat #1 is the button
Seat 1: KUZNEC111 ($148.04 in chips)
Seat 2: mdif ($122.62 in chips)
KUZNEC111: posts small blind $1
mdif: posts big blind $3
*** HOLE CARDS ***
KUZNEC111: raises $3 to $6
mdif: calls $3
*** FLOP *** [5h Ad 2s]
mdif: checks
KUZNEC111: bets $3
mdif: folds
Uncalled bet ($3) returned to KUZNEC111
KUZNEC111 collected $11.76 from pot
KUZNEC111: doesn't show hand
*** SUMMARY ***
Total pot $12 | Rake $0.24
Board [5h Ad 2s]
Seat 1: KUZNEC111 (button) (small blind) collected ($11.76)
Seat 2: mdif (big blind) folded on the Flop


PokerStars Hand #145978239102:  Hold'em Limit ($3/$6 USD) - 2015/12/26 20:37:30 ET
Table 'Cline' 2-max Seat #2 is the button
Seat 1: KUZNEC111 ($133.54 in chips)
Seat 2: mdif ($137.62 in chips)
mdif: posts small blind $1
KUZNEC111: posts big blind $3
*** HOLE CARDS ***
mdif: raises $3 to $6
KUZNEC111: calls $3
*** FLOP *** [7c 8h Kc]
KUZNEC111: checks
mdif: bets $3
KUZNEC111: calls $3
*** TURN *** [7c 8h Kc] [6d]
KUZNEC111: checks
mdif: checks
*** RIVER *** [7c 8h Kc 6d] [3h]
KUZNEC111: bets $6
mdif: calls $6
*** SHOW DOWN ***
KUZNEC111: shows [Qd Kh] (a pair of Kings)
mdif: mucks hand
KUZNEC111 collected $29.50 from pot
*** SUMMARY ***
Total pot $30 | Rake $0.50
Board [7c 8h Kc 6d 3h]
Seat 1: KUZNEC111 (big blind) showed [Qd Kh] and won ($29.50) with a pair of Kings
Seat 2: mdif (button) (small blind) mucked


PokerStars Hand #145978227125:  Hold'em Limit ($3/$6 USD) - 2015/12/26 20:37:08 ET
Table 'Cline' 2-max Seat #1 is the button
Seat 1: KUZNEC111 ($133.78 in chips)
Seat 2: mdif ($137.86 in chips)
KUZNEC111: posts small blind $1
mdif: posts big blind $3
*** HOLE CARDS ***
KUZNEC111: calls $2
mdif: checks
*** FLOP *** [6d 4s Ac]
mdif: bets $3
KUZNEC111: calls $3
*** TURN *** [6d 4s Ac] [6c]
mdif: checks
KUZNEC111: checks
*** RIVER *** [6d 4s Ac 6c] [9s]
mdif: checks
KUZNEC111: bets $6
mdif: calls $6
*** SHOW DOWN ***
KUZNEC111: shows [Qd 4h] (two pair, Sixes and Fours)
mdif: shows [4d Tc] (two pair, Sixes and Fours)
mdif collected $11.76 from pot
KUZNEC111 collected $11.76 from pot
*** SUMMARY ***
Total pot $24 | Rake $0.48
Board [6d 4s Ac 6c 9s]
Seat 1: KUZNEC111 (button) (small blind) showed [Qd 4h] and won ($11.76) with two pair, Sixes and Fours
Seat 2: mdif (big blind) showed [4d Tc] and won ($11.76) with two pair, Sixes and Fours


PokerStars Hand #145978287485:  Hold'em Limit ($3/$6 USD) - 2015/12/26 20:38:58 ET
Table 'Cline' 2-max Seat #1 is the button
Seat 1: KUZNEC111 ($154.30 in chips)
Seat 2: mdif ($139.50 in chips)
KUZNEC111: posts small blind $1
mdif: posts big blind $3
*** HOLE CARDS ***
KUZNEC111: calls $2
mdif: checks
*** FLOP *** [Qs Ts 8h]
mdif: checks
KUZNEC111: checks
*** TURN *** [Qs Ts 8h] [As]
mdif: checks
KUZNEC111: checks
*** RIVER *** [Qs Ts 8h As] [Th]
mdif: bets $6
KUZNEC111: calls $6
*** SHOW DOWN ***
mdif: shows [5d 3s] (a pair of Tens)
KUZNEC111: shows [5c Qd] (two pair, Queens and Tens)
KUZNEC111 collected $17.64 from pot
*** SUMMARY ***
Total pot $18 | Rake $0.36
Board [Qs Ts 8h As Th]
Seat 1: KUZNEC111 (button) (small blind) showed [5c Qd] and won ($17.64) with two pair, Queens and Tens
Seat 2: mdif (big blind) showed [5d 3s] and lost with a pair of Tens


PokerStars Hand #145978284867:  Hold'em Limit ($3/$6 USD) - 2015/12/26 20:38:54 ET
Table 'Cline' 2-max Seat #2 is the button
Seat 1: KUZNEC111 ($153.30 in chips)
Seat 2: mdif ($140.50 in chips)
mdif: posts small blind $1
KUZNEC111: posts big blind $3
*** HOLE CARDS ***
mdif: folds
Uncalled bet ($2) returned to KUZNEC111
KUZNEC111 collected $2 from pot
KUZNEC111: doesn't show hand
*** SUMMARY ***
Total pot $2 | Rake $0
Seat 1: KUZNEC111 (big blind) collected ($2)
Seat 2: mdif (button) (small blind) folded before Flop


PokerStars Hand #145978270480:  Hold'em Limit ($3/$6 USD) - 2015/12/26 20:38:27 ET
Table 'Cline' 2-max Seat #1 is the button
Seat 1: KUZNEC111 ($174.30 in chips)
Seat 2: mdif ($120 in chips)
KUZNEC111: posts small blind $1
mdif: posts big blind $3
*** HOLE CARDS ***
KUZNEC111: raises $3 to $6
mdif: calls $3
*** FLOP *** [2d 7d 9d]
mdif: bets $3
KUZNEC111: calls $3
*** TURN *** [2d 7d 9d] [Ks]
mdif: bets $6
KUZNEC111: calls $6
*** RIVER *** [2d 7d 9d Ks] [7s]
mdif: bets $6
KUZNEC111: calls $6
*** SHOW DOWN ***
mdif: shows [Jd 7h] (three of a kind, Sevens)
KUZNEC111: mucks hand
mdif collected $41.50 from pot
*** SUMMARY ***
Total pot $42 | Rake $0.50
Board [2d 7d 9d Ks 7s]
Seat 1: KUZNEC111 (button) (small blind) mucked
Seat 2: mdif (big blind) showed [Jd 7h] and won ($41.50) with three of a kind, Sevens


PokerStars Hand #145978316867:  Hold'em Limit ($3/$6 USD) - 2015/12/26 20:39:53 ET
Table 'Cline' 2-max Seat #2 is the button
Seat 1: KUZNEC111 ($147.94 in chips)
Seat 2: mdif ($145 in chips)
mdif: posts small blind $1
KUZNEC111: posts big blind $3
*** HOLE CARDS ***
mdif: raises $3 to $6
KUZNEC111: calls $3
*** FLOP *** [2h 2c 4c]
KUZNEC111: checks
mdif: bets $3
KUZNEC111: calls $3
*** TURN *** [2h 2c 4c] [3s]
KUZNEC111: checks
mdif: checks
*** RIVER *** [2h 2c 4c 3s] [Qd]
KUZNEC111: bets $6
mdif: folds
Uncalled bet ($6) returned to KUZNEC111
KUZNEC111 collected $17.64 from pot
KUZNEC111: doesn't show hand
*** SUMMARY ***
Total pot $18 | Rake $0.36
Board [2h 2c 4c 3s Qd]
Seat 1: KUZNEC111 (big blind) collected ($17.64)
Seat 2: mdif (button) (small blind) folded on the River


PokerStars Hand #145978312410:  Hold'em Limit ($3/$6 USD) - 2015/12/26 20:39:45 ET
Table 'Cline' 2-max Seat #1 is the button
Seat 1: KUZNEC111 ($144.94 in chips)
Seat 2: mdif ($148 in chips)
KUZNEC111: posts small blind $1
mdif: posts big blind $3
*** HOLE CARDS ***
KUZNEC111: raises $3 to $6
mdif: folds
Uncalled bet ($3) returned to KUZNEC111
KUZNEC111 collected $6 from pot
KUZNEC111: doesn't show hand
*** SUMMARY ***
Total pot $6 | Rake $0
Seat 1: KUZNEC111 (button) (small blind) collected ($6)
Seat 2: mdif (big blind) folded before Flop


PokerStars Hand #145978297528:  Hold'em Limit ($3/$6 USD) - 2015/12/26 20:39:17 ET
Table 'Cline' 2-max Seat #2 is the button
Seat 1: KUZNEC111 ($162.94 in chips)
Seat 2: mdif ($130.50 in chips)
mdif: posts small blind $1
KUZNEC111: posts big blind $3
*** HOLE CARDS ***
mdif: raises $3 to $6
KUZNEC111: calls $3
*** FLOP *** [5s 6s 2h]
KUZNEC111: bets $3
mdif: raises $3 to $6
KUZNEC111: calls $3
*** TURN *** [5s 6s 2h] [7c]
KUZNEC111: checks
mdif: bets $6
KUZNEC111: calls $6
*** RIVER *** [5s 6s 2h 7c] [8c]
KUZNEC111: checks
mdif: checks
*** SHOW DOWN ***
KUZNEC111: shows [3c Jc] (high card Jack)
mdif: shows [Ks 8d] (a pair of Eights)
mdif collected $35.50 from pot
*** SUMMARY ***
Total pot $36 | Rake $0.50
Board [5s 6s 2h 7c 8c]
Seat 1: KUZNEC111 (big blind) showed [3c Jc] and lost with high card Jack
Seat 2: mdif (button) (small blind) showed [Ks 8d] and won ($35.50) with a pair of Eights


PokerStars Hand #145978360132:  Hold'em Limit ($3/$6 USD) - 2015/12/26 20:41:13 ET
Table 'Cline' 2-max Seat #1 is the button
Seat 1: KUZNEC111 ($176.83 in chips)
Seat 2: mdif ($120 in chips)
KUZNEC111: posts small blind $1
mdif: posts big blind $3
*** HOLE CARDS ***
KUZNEC111: calls $2
mdif: raises $3 to $6
KUZNEC111: calls $3
*** FLOP *** [Qs 5s Qc]
mdif: bets $3
KUZNEC111: folds
Uncalled bet ($3) returned to mdif
mdif collected $11.76 from pot
mdif: doesn't show hand
*** SUMMARY ***
Total pot $12 | Rake $0.24
Board [Qs 5s Qc]
Seat 1: KUZNEC111 (button) (small blind) folded on the Flop
Seat 2: mdif (big blind) collected ($11.76)


PokerStars Hand #145978342774:  Hold'em Limit ($3/$6 USD) - 2015/12/26 20:40:41 ET
Table 'Cline' 2-max Seat #2 is the button
Seat 1: KUZNEC111 ($156.33 in chips)
Seat 2: mdif ($135.75 in chips)
mdif: posts small blind $1
KUZNEC111: posts big blind $3
*** HOLE CARDS ***
mdif: raises $3 to $6
KUZNEC111: calls $3
*** FLOP *** [9d 7d 8h]
KUZNEC111: checks
mdif: bets $3
KUZNEC111: calls $3
*** TURN *** [9d 7d 8h] [Ts]
KUZNEC111: checks
mdif: bets $6
KUZNEC111: calls $6
*** RIVER *** [9d 7d 8h Ts] [7h]
KUZNEC111: bets $6
mdif: calls $6
*** SHOW DOWN ***
KUZNEC111: shows [Jd Th] (a straight, Seven to Jack)
mdif: mucks hand
KUZNEC111 collected $41.50 from pot
*** SUMMARY ***
Total pot $42 | Rake $0.50
Board [9d 7d 8h Ts 7h]
Seat 1: KUZNEC111 (big blind) showed [Jd Th] and won ($41.50) with a straight, Seven to Jack
Seat 2: mdif (button) (small blind) mucked


PokerStars Hand #145978330219:  Hold'em Limit ($3/$6 USD) - 2015/12/26 20:40:17 ET
Table 'Cline' 2-max Seat #1 is the button
Seat 1: KUZNEC111 ($156.58 in chips)
Seat 2: mdif ($136 in chips)
KUZNEC111: posts small blind $1
mdif: posts big blind $3
*** HOLE CARDS ***
KUZNEC111: calls $2
mdif: raises $3 to $6
KUZNEC111: calls $3
*** FLOP *** [Jh Qh 9d]
mdif: bets $3
KUZNEC111: calls $3
*** TURN *** [Jh Qh 9d] [8d]
mdif: checks
KUZNEC111: checks
*** RIVER *** [Jh Qh 9d 8d] [Th]
mdif: checks
KUZNEC111: bets $6
mdif: calls $6
*** SHOW DOWN ***
KUZNEC111: shows [5h Tc] (a straight, Eight to Queen)
mdif: shows [Ah 3d] (a straight, Eight to Queen)
mdif collected $14.75 from pot
KUZNEC111 collected $14.75 from pot
*** SUMMARY ***
Total pot $30 | Rake $0.50
Board [Jh Qh 9d 8d Th]
Seat 1: KUZNEC111 (button) (small blind) showed [5h Tc] and won ($14.75) with a straight, Eight to Queen
Seat 2: mdif (big blind) showed [Ah 3d] and won ($14.75) with a straight, Eight to Queen


PokerStars Hand #145978376960:  Hold'em Limit ($3/$6 USD) - 2015/12/26 20:41:44 ET
Table 'Cline' 2-max Seat #1 is the button
Seat 1: KUZNEC111 ($176.59 in chips)
Seat 2: mdif ($120 in chips)
KUZNEC111: posts small blind $1
mdif: posts big blind $3
*** HOLE CARDS ***
KUZNEC111: raises $3 to $6
mdif: calls $3
*** FLOP *** [6d 9c 4s]
mdif: checks
KUZNEC111: checks
*** TURN *** [6d 9c 4s] [8s]
mdif: checks
KUZNEC111: bets $6
mdif: calls $6
*** RIVER *** [6d 9c 4s 8s] [Tc]
mdif: bets $6
KUZNEC111: calls $6
*** SHOW DOWN ***
mdif: shows [Qc Td] (a pair of Tens)
KUZNEC111: mucks hand
mdif collected $35.50 from pot
*** SUMMARY ***
Total pot $36 | Rake $0.50
Board [6d 9c 4s 8s Tc]
Seat 1: KUZNEC111 (button) (small blind) mucked
Seat 2: mdif (big blind) showed [Qc Td] and won ($35.50) with a pair of Tens


PokerStars Hand #145978368583:  Hold'em Limit ($3/$6 USD) - 2015/12/26 20:41:28 ET
Table 'Cline' 2-max Seat #2 is the button
Seat 1: KUZNEC111 ($170.83 in chips)
Seat 2: mdif ($125.76 in chips)
mdif: posts small blind $1
KUZNEC111: posts big blind $3
*** HOLE CARDS ***
mdif: raises $3 to $6
KUZNEC111: calls $3
*** FLOP *** [3h Qh 2h]
KUZNEC111: bets $3
mdif: folds
Uncalled bet ($3) returned to KUZNEC111
KUZNEC111 collected $11.76 from pot
KUZNEC111: doesn't show hand
*** SUMMARY ***
Total pot $12 | Rake $0.24
Board [3h Qh 2h]
Seat 1: KUZNEC111 (big blind) collected ($11.76)
Seat 2: mdif (button) (small blind) folded on the Flop


PokerStars Hand #145978417380:  Hold'em Limit ($3/$6 USD) - 2015/12/26 20:42:59 ET
Table 'Cline' 2-max Seat #2 is the button
Seat 1: KUZNEC111 ($176.09 in chips)
Seat 2: mdif ($120 in chips)
mdif: posts small blind $1
KUZNEC111: posts big blind $3
*** HOLE CARDS ***
mdif: raises $3 to $6
KUZNEC111: calls $3
*** FLOP *** [Tc 3d 5c]
KUZNEC111: checks
mdif: checks
*** TURN *** [Tc 3d 5c] [4h]
KUZNEC111: checks
mdif: checks
*** RIVER *** [Tc 3d 5c 4h] [Ts]
KUZNEC111: checks
mdif: checks
*** SHOW DOWN ***
KUZNEC111: shows [3h 7d] (two pair, Tens and Threes)
mdif: mucks hand
KUZNEC111 collected $11.76 from pot
*** SUMMARY ***
Total pot $12 | Rake $0.24
Board [Tc 3d 5c 4h Ts]
Seat 1: KUZNEC111 (big blind) showed [3h 7d] and won ($11.76) with two pair, Tens and Threes
Seat 2: mdif (button) (small blind) mucked


PokerStars Hand #145978403372:  Hold'em Limit ($3/$6 USD) - 2015/12/26 20:42:33 ET
Table 'Cline' 2-max Seat #1 is the button
Seat 1: KUZNEC111 ($152.59 in chips)
Seat 2: mdif ($143.26 in chips)
KUZNEC111: posts small blind $1
mdif: posts big blind $3
*** HOLE CARDS ***
KUZNEC111: raises $3 to $6
mdif: calls $3
*** FLOP *** [5h Qs 8d]
mdif: checks
KUZNEC111: bets $3
mdif: raises $3 to $6
KUZNEC111: calls $3
*** TURN *** [5h Qs 8d] [4d]
mdif: bets $6
KUZNEC111: calls $6
*** RIVER *** [5h Qs 8d 4d] [As]
mdif: bets $6
KUZNEC111: calls $6
*** SHOW DOWN ***
mdif: shows [Th Js] (high card Ace)
KUZNEC111: shows [7c Ah] (a pair of Aces)
KUZNEC111 collected $47.50 from pot
*** SUMMARY ***
Total pot $48 | Rake $0.50
Board [5h Qs 8d 4d As]
Seat 1: KUZNEC111 (button) (small blind) showed [7c Ah] and won ($47.50) with a pair of Aces
Seat 2: mdif (big blind) showed [Th Js] and lost with high card Ace


PokerStars Hand #145978395262:  Hold'em Limit ($3/$6 USD) - 2015/12/26 20:42:18 ET
Table 'Cline' 2-max Seat #2 is the button
Seat 1: KUZNEC111 ($158.59 in chips)
Seat 2: mdif ($137.50 in chips)
mdif: posts small blind $1
KUZNEC111: posts big blind $3
*** HOLE CARDS ***
mdif: raises $3 to $6
KUZNEC111: calls $3
*** FLOP *** [6h Th 9d]
KUZNEC111: checks
mdif: bets $3
KUZNEC111: folds
Uncalled bet ($3) returned to mdif
mdif collected $11.76 from pot
mdif: doesn't show hand
*** SUMMARY ***
Total pot $12 | Rake $0.24
Board [6h Th 9d]
Seat 1: KUZNEC111 (big blind) folded on the Flop
Seat 2: mdif (button) (small blind) collected ($11.76)


PokerStars Hand #145978451035:  Hold'em Limit ($3/$6 USD) - 2015/12/26 20:44:02 ET
Table 'Cline' 2-max Seat #1 is the button
Seat 1: KUZNEC111 ($172.61 in chips)
Seat 2: mdif ($134.50 in chips)
KUZNEC111: posts small blind $1
mdif: posts big blind $3
*** HOLE CARDS ***
KUZNEC111: calls $2
mdif: checks
*** FLOP *** [As 2s 5d]
mdif: checks
KUZNEC111: checks
*** TURN *** [As 2s 5d] [7h]
mdif: bets $6
KUZNEC111: folds
Uncalled bet ($6) returned to mdif
mdif collected $5.88 from pot
mdif: doesn't show hand
*** SUMMARY ***
Total pot $6 | Rake $0.12
Board [As 2s 5d 7h]
Seat 1: KUZNEC111 (button) (small blind) folded on the Turn
Seat 2: mdif (big blind) collected ($5.88)


PokerStars Hand #145978434831:  Hold'em Limit ($3/$6 USD) - 2015/12/26 20:43:32 ET
Table 'Cline' 2-max Seat #2 is the button
Seat 1: KUZNEC111 ($187.61 in chips)
Seat 2: mdif ($120 in chips)
mdif: posts small blind $1
KUZNEC111: posts big blind $3
*** HOLE CARDS ***
mdif: raises $3 to $6
KUZNEC111: calls $3
*** FLOP *** [9d 6h 9c]
KUZNEC111: checks
mdif: bets $3
KUZNEC111: calls $3
*** TURN *** [9d 6h 9c] [6d]
KUZNEC111: checks
mdif: bets $6
KUZNEC111: calls $6
*** RIVER *** [9d 6h 9c 6d] [Ad]
KUZNEC111: checks
mdif: bets $6
KUZNEC111: folds
Uncalled bet ($6) returned to mdif
mdif collected $29.50 from pot
mdif: doesn't show hand
*** SUMMARY ***
Total pot $30 | Rake $0.50
Board [9d 6h 9c 6d Ad]
Seat 1: KUZNEC111 (big blind) folded on the River
Seat 2: mdif (button) (small blind) collected ($29.50)


PokerStars Hand #145978427691:  Hold'em Limit ($3/$6 USD) - 2015/12/26 20:43:18 ET
Table 'Cline' 2-max Seat #1 is the button
Seat 1: KUZNEC111 ($181.85 in chips)
Seat 2: mdif ($120 in chips)
KUZNEC111: posts small blind $1
mdif: posts big blind $3
*** HOLE CARDS ***
KUZNEC111: raises $3 to $6
mdif: calls $3
*** FLOP *** [7s As 3s]
mdif: checks
KUZNEC111: bets $3
mdif: folds
Uncalled bet ($3) returned to KUZNEC111
KUZNEC111 collected $11.76 from pot
KUZNEC111: doesn't show hand
*** SUMMARY ***
Total pot $12 | Rake $0.24
Board [7s As 3s]
Seat 1: KUZNEC111 (button) (small blind) collected ($11.76)
Seat 2: mdif (big blind) folded on the Flop


PokerStars Hand #145978485578:  Hold'em Limit ($3/$6 USD) - 2015/12/26 20:45:07 ET
Table 'Cline' 2-max Seat #2 is the button
Seat 1: KUZNEC111 ($166.49 in chips)
Seat 2: mdif ($140.14 in chips)
mdif: posts small blind $1
KUZNEC111: posts big blind $3
*** HOLE CARDS ***
mdif: raises $3 to $6
KUZNEC111: calls $3
*** FLOP *** [8h 3c Ts]
KUZNEC111: checks
mdif: bets $3
KUZNEC111: calls $3
*** TURN *** [8h 3c Ts] [Ah]
KUZNEC111: checks
mdif: checks
*** RIVER *** [8h 3c Ts Ah] [4h]
KUZNEC111: checks
mdif: checks
*** SHOW DOWN ***
KUZNEC111: shows [6d Qh] (high card Ace)
mdif: mucks hand
KUZNEC111 collected $17.64 from pot
*** SUMMARY ***
Total pot $18 | Rake $0.36
Board [8h 3c Ts Ah 4h]
Seat 1: KUZNEC111 (big blind) showed [6d Qh] and won ($17.64) with high card Ace
Seat 2: mdif (button) (small blind) mucked


PokerStars Hand #145978473688:  Hold'em Limit ($3/$6 USD) - 2015/12/26 20:44:44 ET
Table 'Cline' 2-max Seat #1 is the button
Seat 1: KUZNEC111 ($163.61 in chips)
Seat 2: mdif ($143.14 in chips)
KUZNEC111: posts small blind $1
mdif: posts big blind $3
*** HOLE CARDS ***
KUZNEC111: calls $2
mdif: checks
*** FLOP *** [Qc 6d 6s]
mdif: checks
KUZNEC111: checks
*** TURN *** [Qc 6d 6s] [Tc]
mdif: checks
KUZNEC111: checks
*** RIVER *** [Qc 6d 6s Tc] [3c]
mdif: checks
KUZNEC111: checks
*** SHOW DOWN ***
mdif: shows [4c 7d] (a pair of Sixes)
KUZNEC111: shows [Ad Kc] (a pair of Sixes - Ace kicker)
KUZNEC111 collected $5.88 from pot
*** SUMMARY ***
Total pot $6 | Rake $0.12
Board [Qc 6d 6s Tc 3c]
Seat 1: KUZNEC111 (button) (small blind) showed [Ad Kc] and won ($5.88) with a pair of Sixes
Seat 2: mdif (big blind) showed [4c 7d] and lost with a pair of Sixes


PokerStars Hand #145978463031:  Hold'em Limit ($3/$6 USD) - 2015/12/26 20:44:24 ET
Table 'Cline' 2-max Seat #2 is the button
Seat 1: KUZNEC111 ($169.61 in chips)
Seat 2: mdif ($137.38 in chips)
mdif: posts small blind $1
KUZNEC111: posts big blind $3
*** HOLE CARDS ***
mdif: raises $3 to $6
KUZNEC111: calls $3
*** FLOP *** [Qh 8h 2d]
KUZNEC111: checks
mdif: bets $3
KUZNEC111: folds
Uncalled bet ($3) returned to mdif
mdif collected $11.76 from pot
mdif: doesn't show hand
*** SUMMARY ***
Total pot $12 | Rake $0.24
Board [Qh 8h 2d]
Seat 1: KUZNEC111 (big blind) folded on the Flop
Seat 2: mdif (button) (small blind) collected ($11.76)


PokerStars Hand #145978498467:  Hold'em Limit ($3/$6 USD) - 2015/12/26 20:45:30 ET
Table 'Cline' 2-max Seat #1 is the button
Seat 1: KUZNEC111 ($175.13 in chips)
Seat 2: mdif ($131.14 in chips)
KUZNEC111: posts small blind $1
mdif: posts big blind $3
*** HOLE CARDS ***
KUZNEC111: calls $2
mdif: raises $3 to $6
KUZNEC111: calls $3
*** FLOP *** [4d 6d Kh]
mdif: bets $3
KUZNEC111: folds
Uncalled bet ($3) returned to mdif
mdif collected $11.76 from pot
mdif: doesn't show hand
*** SUMMARY ***
Total pot $12 | Rake $0.24
Board [4d 6d Kh]
Seat 1: KUZNEC111 (button) (small blind) folded on the Flop
Seat 2: mdif (big blind) collected ($11.76)


