PokerStars Hand #145879463710:  Hold'em Limit ($3/$6 USD) - 2015/12/25 1:17:17 ET
Table 'Clivia' 6-max Seat #1 is the button
Seat 1: VolkovDmitri ($120 in chips)
Seat 3: sawka1995 ($80 in chips)
VolkovDmitri: posts small blind $1
sawka1995: posts big blind $3
*** HOLE CARDS ***
VolkovDmitri: raises $3 to $6
sawka1995: calls $3
*** FLOP *** [2c 4c 4h]
sawka1995: checks
VolkovDmitri: bets $3
sawka1995: calls $3
*** TURN *** [2c 4c 4h] [Th]
sawka1995: checks
VolkovDmitri: checks
*** RIVER *** [2c 4c 4h Th] [6c]
sawka1995: bets $6
VolkovDmitri: calls $6
*** SHOW DOWN ***
sawka1995: shows [2d As] (two pair, Fours and Deuces)
VolkovDmitri: mucks hand
sawka1995 collected $29.50 from pot
*** SUMMARY ***
Total pot $30 | Rake $0.50
Board [2c 4c 4h Th 6c]
Seat 1: VolkovDmitri (button) (small blind) mucked
Seat 3: sawka1995 (big blind) showed [2d As] and won ($29.50) with two pair, Fours and Deuces


PokerStars Hand #145879471280:  Hold'em Limit ($3/$6 USD) - 2015/12/25 1:17:45 ET
Table 'Clivia' 6-max Seat #3 is the button
Seat 1: VolkovDmitri ($120 in chips)
Seat 3: sawka1995 ($94.50 in chips)
sawka1995: posts small blind $1
VolkovDmitri: posts big blind $3
*** HOLE CARDS ***
sawka1995: raises $3 to $6
VolkovDmitri: calls $3
*** FLOP *** [7d 5d 4d]
VolkovDmitri: checks
sawka1995: bets $3
VolkovDmitri: calls $3
*** TURN *** [7d 5d 4d] [Jh]
VolkovDmitri: checks
sawka1995: bets $6
VolkovDmitri: folds
Uncalled bet ($6) returned to sawka1995
sawka1995 collected $17.64 from pot
sawka1995: doesn't show hand
*** SUMMARY ***
Total pot $18 | Rake $0.36
Board [7d 5d 4d Jh]
Seat 1: VolkovDmitri (big blind) folded on the Turn
Seat 3: sawka1995 (button) (small blind) collected ($17.64)


PokerStars Hand #145879476249:  Hold'em Limit ($3/$6 USD) - 2015/12/25 1:18:03 ET
Table 'Clivia' 6-max Seat #1 is the button
Seat 1: VolkovDmitri ($120 in chips)
Seat 3: sawka1995 ($103.14 in chips)
VolkovDmitri: posts small blind $1
sawka1995: posts big blind $3
*** HOLE CARDS ***
VolkovDmitri: raises $3 to $6
sawka1995: raises $3 to $9
VolkovDmitri: calls $3
*** FLOP *** [2c Tc Kc]
sawka1995: bets $3
VolkovDmitri: calls $3
*** TURN *** [2c Tc Kc] [8h]
sawka1995: bets $6
VolkovDmitri: calls $6
*** RIVER *** [2c Tc Kc 8h] [3h]
Fantomet joins the table at seat #4
sawka1995: bets $6
VolkovDmitri: folds
Uncalled bet ($6) returned to sawka1995
sawka1995 collected $35.50 from pot
sawka1995: doesn't show hand
*** SUMMARY ***
Total pot $36 | Rake $0.50
Board [2c Tc Kc 8h 3h]
Seat 1: VolkovDmitri (button) (small blind) folded on the River
Seat 3: sawka1995 (big blind) collected ($35.50)


PokerStars Hand #145879751309:  Hold'em Limit ($3/$6 USD) - 2015/12/25 1:35:06 ET
Table 'Clivia' 6-max Seat #4 is the button
Seat 2: FooJaws ($124.61 in chips)
Seat 4: Fantomet ($75.76 in chips)
Fantomet: posts small blind $1
FooJaws: posts big blind $3
*** HOLE CARDS ***
cvillegurl joins the table at seat #3
Fantomet: raises $3 to $6
FooJaws: raises $3 to $9
Fantomet: calls $3
*** FLOP *** [7d 6d 5d]
FooJaws: bets $3
Fantomet: calls $3
*** TURN *** [7d 6d 5d] [3s]
FooJaws: bets $6
Fantomet: calls $6
*** RIVER *** [7d 6d 5d 3s] [3h]
FooJaws: bets $6
Fantomet: calls $6
*** SHOW DOWN ***
FooJaws: shows [Js Tc] (a pair of Threes)
Fantomet: shows [As 9s] (a pair of Threes - Ace kicker)
Fantomet collected $47.50 from pot
*** SUMMARY ***
Total pot $48 | Rake $0.50
Board [7d 6d 5d 3s 3h]
Seat 2: FooJaws (big blind) showed [Js Tc] and lost with a pair of Threes
Seat 4: Fantomet (button) (small blind) showed [As 9s] and won ($47.50) with a pair of Threes


PokerStars Hand #145881133421:  Hold'em Limit ($3/$6 USD) - 2015/12/25 2:56:50 ET
Table 'Clivia' 6-max Seat #4 is the button
Seat 3: ManicSmokey ($56.76 in chips)
Seat 4: scorpio04 ($215.76 in chips)
scorpio04: posts small blind $1
ManicSmokey: posts big blind $3
*** HOLE CARDS ***
SALZHERZ leaves the table
scorpio04: raises $3 to $6
ManicSmokey: calls $3
*** FLOP *** [Ks 9s Qc]
ManicSmokey: checks
scorpio04: bets $3
ManicSmokey: folds
Uncalled bet ($3) returned to scorpio04
scorpio04 collected $11.76 from pot
scorpio04: doesn't show hand
*** SUMMARY ***
Total pot $12 | Rake $0.24
Board [Ks 9s Qc]
Seat 3: ManicSmokey (big blind) folded on the Flop
Seat 4: scorpio04 (button) (small blind) collected ($11.76)


PokerStars Hand #145881141477:  Hold'em Limit ($3/$6 USD) - 2015/12/25 2:57:19 ET
Table 'Clivia' 6-max Seat #4 is the button
Seat 3: ManicSmokey ($49.76 in chips)
Seat 4: scorpio04 ($222.52 in chips)
scorpio04: posts small blind $1
ManicSmokey: posts big blind $3
*** HOLE CARDS ***
scorpio04: raises $3 to $6
ManicSmokey: folds
Uncalled bet ($3) returned to scorpio04
scorpio04 collected $6 from pot
scorpio04: doesn't show hand
*** SUMMARY ***
Total pot $6 | Rake $0
Seat 3: ManicSmokey (big blind) folded before Flop
Seat 4: scorpio04 (button) (small blind) collected ($6)


PokerStars Hand #145881140147:  Hold'em Limit ($3/$6 USD) - 2015/12/25 2:57:15 ET
Table 'Clivia' 6-max Seat #3 is the button
Seat 3: ManicSmokey ($50.76 in chips)
Seat 4: scorpio04 ($221.52 in chips)
ManicSmokey: posts small blind $1
scorpio04: posts big blind $3
*** HOLE CARDS ***
ManicSmokey: folds
Uncalled bet ($2) returned to scorpio04
scorpio04 collected $2 from pot
scorpio04: doesn't show hand
*** SUMMARY ***
Total pot $2 | Rake $0
Seat 3: ManicSmokey (button) (small blind) folded before Flop
Seat 4: scorpio04 (big blind) collected ($2)


PokerStars Hand #145881149450:  Hold'em Limit ($3/$6 USD) - 2015/12/25 2:57:49 ET
Table 'Clivia' 6-max Seat #4 is the button
Seat 3: ManicSmokey ($76.26 in chips)
Seat 4: scorpio04 ($195.52 in chips)
scorpio04: posts small blind $1
ManicSmokey: posts big blind $3
*** HOLE CARDS ***
scorpio04: raises $3 to $6
ManicSmokey: folds
Uncalled bet ($3) returned to scorpio04
scorpio04 collected $6 from pot
scorpio04: doesn't show hand
*** SUMMARY ***
Total pot $6 | Rake $0
Seat 3: ManicSmokey (big blind) folded before Flop
Seat 4: scorpio04 (button) (small blind) collected ($6)


PokerStars Hand #145881144087:  Hold'em Limit ($3/$6 USD) - 2015/12/25 2:57:29 ET
Table 'Clivia' 6-max Seat #3 is the button
Seat 3: ManicSmokey ($46.76 in chips)
Seat 4: scorpio04 ($225.52 in chips)
ManicSmokey: posts small blind $1
scorpio04: posts big blind $3
*** HOLE CARDS ***
ManicSmokey: raises $3 to $6
scorpio04: raises $3 to $9
ManicSmokey: calls $3
*** FLOP *** [Kh 3d 2c]
scorpio04: bets $3
ManicSmokey: calls $3
*** TURN *** [Kh 3d 2c] [7c]
scorpio04: bets $6
ManicSmokey: calls $6
*** RIVER *** [Kh 3d 2c 7c] [4c]
scorpio04: bets $6
ManicSmokey: raises $6 to $12
scorpio04: calls $6
*** SHOW DOWN ***
ManicSmokey: shows [5d 6s] (a straight, Three to Seven)
scorpio04: mucks hand
ManicSmokey collected $59.50 from pot
*** SUMMARY ***
Total pot $60 | Rake $0.50
Board [Kh 3d 2c 7c 4c]
Seat 3: ManicSmokey (button) (small blind) showed [5d 6s] and won ($59.50) with a straight, Three to Seven
Seat 4: scorpio04 (big blind) mucked


PokerStars Hand #145881150988:  Hold'em Limit ($3/$6 USD) - 2015/12/25 2:57:54 ET
Table 'Clivia' 6-max Seat #3 is the button
Seat 3: ManicSmokey ($73.26 in chips)
Seat 4: scorpio04 ($198.52 in chips)
ManicSmokey: posts small blind $1
scorpio04: posts big blind $3
*** HOLE CARDS ***
ManicSmokey: folds
Uncalled bet ($2) returned to scorpio04
scorpio04 collected $2 from pot
scorpio04: doesn't show hand
*** SUMMARY ***
Total pot $2 | Rake $0
Seat 3: ManicSmokey (button) (small blind) folded before Flop
Seat 4: scorpio04 (big blind) collected ($2)


PokerStars Hand #145881152455:  Hold'em Limit ($3/$6 USD) - 2015/12/25 2:57:59 ET
Table 'Clivia' 6-max Seat #4 is the button
Seat 3: ManicSmokey ($72.26 in chips)
Seat 4: scorpio04 ($199.52 in chips)
scorpio04: posts small blind $1
ManicSmokey: posts big blind $3
*** HOLE CARDS ***
scorpio04: raises $3 to $6
ManicSmokey: calls $3
*** FLOP *** [3s 7h 7c]
ManicSmokey: checks
scorpio04: checks
*** TURN *** [3s 7h 7c] [7d]
ManicSmokey: checks
scorpio04: checks
*** RIVER *** [3s 7h 7c 7d] [4h]
ManicSmokey: checks
scorpio04: checks
*** SHOW DOWN ***
ManicSmokey: shows [Kd Th] (three of a kind, Sevens)
scorpio04: mucks hand
ManicSmokey collected $11.76 from pot
*** SUMMARY ***
Total pot $12 | Rake $0.24
Board [3s 7h 7c 7d 4h]
Seat 3: ManicSmokey (big blind) showed [Kd Th] and won ($11.76) with three of a kind, Sevens
Seat 4: scorpio04 (button) (small blind) mucked


PokerStars Hand #145881156714:  Hold'em Limit ($3/$6 USD) - 2015/12/25 2:58:15 ET
Table 'Clivia' 6-max Seat #3 is the button
Seat 3: ManicSmokey ($78.02 in chips)
Seat 4: scorpio04 ($193.52 in chips)
ManicSmokey: posts small blind $1
scorpio04: posts big blind $3
*** HOLE CARDS ***
ManicSmokey: raises $3 to $6
scorpio04: calls $3
*** FLOP *** [7h 5d 2h]
scorpio04: checks
ManicSmokey: checks
*** TURN *** [7h 5d 2h] [Qd]
scorpio04: bets $6
ManicSmokey: calls $6
*** RIVER *** [7h 5d 2h Qd] [Td]
scorpio04: bets $6
ManicSmokey: folds
Uncalled bet ($6) returned to scorpio04
scorpio04 collected $23.52 from pot
scorpio04: doesn't show hand
*** SUMMARY ***
Total pot $24 | Rake $0.48
Board [7h 5d 2h Qd Td]
Seat 3: ManicSmokey (button) (small blind) folded on the River
Seat 4: scorpio04 (big blind) collected ($23.52)


PokerStars Hand #145881166555:  Hold'em Limit ($3/$6 USD) - 2015/12/25 2:58:50 ET
Table 'Clivia' 6-max Seat #4 is the button
Seat 3: ManicSmokey ($59.02 in chips)
Seat 4: scorpio04 ($211.80 in chips)
scorpio04: posts small blind $1
ManicSmokey: posts big blind $3
*** HOLE CARDS ***
scorpio04: folds
Uncalled bet ($2) returned to ManicSmokey
ManicSmokey collected $2 from pot
ManicSmokey: doesn't show hand
*** SUMMARY ***
Total pot $2 | Rake $0
Seat 3: ManicSmokey (big blind) collected ($2)
Seat 4: scorpio04 (button) (small blind) folded before Flop


PokerStars Hand #145881165084:  Hold'em Limit ($3/$6 USD) - 2015/12/25 2:58:44 ET
Table 'Clivia' 6-max Seat #3 is the button
Seat 3: ManicSmokey ($60.02 in chips)
Seat 4: scorpio04 ($210.80 in chips)
ManicSmokey: posts small blind $1
scorpio04: posts big blind $3
*** HOLE CARDS ***
ManicSmokey: folds
Uncalled bet ($2) returned to scorpio04
scorpio04 collected $2 from pot
scorpio04: doesn't show hand
*** SUMMARY ***
Total pot $2 | Rake $0
Seat 3: ManicSmokey (button) (small blind) folded before Flop
Seat 4: scorpio04 (big blind) collected ($2)


PokerStars Hand #145881167667:  Hold'em Limit ($3/$6 USD) - 2015/12/25 2:58:54 ET
Table 'Clivia' 6-max Seat #3 is the button
Seat 3: ManicSmokey ($60.02 in chips)
Seat 4: scorpio04 ($210.80 in chips)
ManicSmokey: posts small blind $1
scorpio04: posts big blind $3
*** HOLE CARDS ***
ManicSmokey: folds
Uncalled bet ($2) returned to scorpio04
scorpio04 collected $2 from pot
scorpio04: doesn't show hand
*** SUMMARY ***
Total pot $2 | Rake $0
Seat 3: ManicSmokey (button) (small blind) folded before Flop
Seat 4: scorpio04 (big blind) collected ($2)


PokerStars Hand #145881174595:  Hold'em Limit ($3/$6 USD) - 2015/12/25 2:59:19 ET
Table 'Clivia' 6-max Seat #3 is the button
Seat 3: ManicSmokey ($76.52 in chips)
Seat 4: scorpio04 ($193.80 in chips)
ManicSmokey: posts small blind $1
scorpio04: posts big blind $3
*** HOLE CARDS ***
ManicSmokey: folds
Uncalled bet ($2) returned to scorpio04
scorpio04 collected $2 from pot
scorpio04: doesn't show hand
*** SUMMARY ***
Total pot $2 | Rake $0
Seat 3: ManicSmokey (button) (small blind) folded before Flop
Seat 4: scorpio04 (big blind) collected ($2)


PokerStars Hand #145881169042:  Hold'em Limit ($3/$6 USD) - 2015/12/25 2:58:59 ET
Table 'Clivia' 6-max Seat #4 is the button
Seat 3: ManicSmokey ($59.02 in chips)
Seat 4: scorpio04 ($211.80 in chips)
scorpio04: posts small blind $1
ManicSmokey: posts big blind $3
*** HOLE CARDS ***
scorpio04: raises $3 to $6
ManicSmokey: calls $3
*** FLOP *** [4h Kc 7s]
ManicSmokey: checks
scorpio04: bets $3
ManicSmokey: raises $3 to $6
scorpio04: calls $3
*** TURN *** [4h Kc 7s] [2d]
ManicSmokey: bets $6
scorpio04: calls $6
*** RIVER *** [4h Kc 7s 2d] [5h]
ManicSmokey: checks
scorpio04: checks
*** SHOW DOWN ***
ManicSmokey: shows [Qc 7d] (a pair of Sevens)
scorpio04: mucks hand
ManicSmokey collected $35.50 from pot
*** SUMMARY ***
Total pot $36 | Rake $0.50
Board [4h Kc 7s 2d 5h]
Seat 3: ManicSmokey (big blind) showed [Qc 7d] and won ($35.50) with a pair of Sevens
Seat 4: scorpio04 (button) (small blind) mucked


PokerStars Hand #145881185678:  Hold'em Limit ($3/$6 USD) - 2015/12/25 2:59:59 ET
Table 'Clivia' 6-max Seat #3 is the button
Seat 3: ManicSmokey ($77.16 in chips)
Seat 4: scorpio04 ($192.56 in chips)
ManicSmokey: posts small blind $1
scorpio04: posts big blind $3
*** HOLE CARDS ***
ManicSmokey: raises $3 to $6
scorpio04: calls $3
*** FLOP *** [Jd Ad 6s]
scorpio04: checks
ManicSmokey: checks
*** TURN *** [Jd Ad 6s] [4h]
scorpio04: checks
ManicSmokey: bets $6
scorpio04: folds
Uncalled bet ($6) returned to ManicSmokey
ManicSmokey collected $11.76 from pot
ManicSmokey: doesn't show hand
*** SUMMARY ***
Total pot $12 | Rake $0.24
Board [Jd Ad 6s 4h]
Seat 3: ManicSmokey (button) (small blind) collected ($11.76)
Seat 4: scorpio04 (big blind) folded on the Turn


PokerStars Hand #145881180609:  Hold'em Limit ($3/$6 USD) - 2015/12/25 2:59:41 ET
Table 'Clivia' 6-max Seat #3 is the button
Seat 3: ManicSmokey ($69.52 in chips)
Seat 4: scorpio04 ($200.56 in chips)
ManicSmokey: posts small blind $1
scorpio04: posts big blind $3
*** HOLE CARDS ***
ManicSmokey: folds
Uncalled bet ($2) returned to scorpio04
scorpio04 collected $2 from pot
scorpio04: doesn't show hand
*** SUMMARY ***
Total pot $2 | Rake $0
Seat 3: ManicSmokey (button) (small blind) folded before Flop
Seat 4: scorpio04 (big blind) collected ($2)


PokerStars Hand #145881182436:  Hold'em Limit ($3/$6 USD) - 2015/12/25 2:59:47 ET
Table 'Clivia' 6-max Seat #4 is the button
Seat 3: ManicSmokey ($68.52 in chips)
Seat 4: scorpio04 ($201.56 in chips)
scorpio04: posts small blind $1
ManicSmokey: posts big blind $3
*** HOLE CARDS ***
scorpio04: raises $3 to $6
ManicSmokey: raises $3 to $9
scorpio04: calls $3
*** FLOP *** [Qs 2c 5c]
ManicSmokey: bets $3
scorpio04: folds
Uncalled bet ($3) returned to ManicSmokey
ManicSmokey collected $17.64 from pot
ManicSmokey: doesn't show hand
*** SUMMARY ***
Total pot $18 | Rake $0.36
Board [Qs 2c 5c]
Seat 3: ManicSmokey (big blind) collected ($17.64)
Seat 4: scorpio04 (button) (small blind) folded on the Flop


PokerStars Hand #145881192678:  Hold'em Limit ($3/$6 USD) - 2015/12/25 3:00:24 ET
Table 'Clivia' 6-max Seat #3 is the button
Seat 3: ManicSmokey ($79.92 in chips)
Seat 4: scorpio04 ($189.56 in chips)
ManicSmokey: posts small blind $1
scorpio04: posts big blind $3
*** HOLE CARDS ***
ManicSmokey: raises $3 to $6
scorpio04: calls $3
*** FLOP *** [2d 6s 3h]
scorpio04: checks
ManicSmokey: bets $3
scorpio04: calls $3
*** TURN *** [2d 6s 3h] [9s]
scorpio04: checks
ManicSmokey: checks
*** RIVER *** [2d 6s 3h 9s] [8h]
scorpio04: bets $6
ManicSmokey: folds
Uncalled bet ($6) returned to scorpio04
scorpio04 collected $17.64 from pot
scorpio04: doesn't show hand
*** SUMMARY ***
Total pot $18 | Rake $0.36
Board [2d 6s 3h 9s 8h]
Seat 3: ManicSmokey (button) (small blind) folded on the River
Seat 4: scorpio04 (big blind) collected ($17.64)


PokerStars Hand #145881203306:  Hold'em Limit ($3/$6 USD) - 2015/12/25 3:01:00 ET
Table 'Clivia' 6-max Seat #3 is the button
Seat 3: ManicSmokey ($88.42 in chips)
Seat 4: scorpio04 ($180.20 in chips)
ManicSmokey: posts small blind $1
scorpio04: posts big blind $3
*** HOLE CARDS ***
ManicSmokey: raises $3 to $6
scorpio04: raises $3 to $9
ManicSmokey: calls $3
*** FLOP *** [3h 7c 2d]
scorpio04: bets $3
ManicSmokey: raises $3 to $6
scorpio04: calls $3
*** TURN *** [3h 7c 2d] [Ks]
scorpio04: checks
ManicSmokey: checks
*** RIVER *** [3h 7c 2d Ks] [5s]
scorpio04: checks
ManicSmokey: bets $6
scorpio04: folds
Uncalled bet ($6) returned to ManicSmokey
ManicSmokey collected $29.50 from pot
ManicSmokey: doesn't show hand
*** SUMMARY ***
Total pot $30 | Rake $0.50
Board [3h 7c 2d Ks 5s]
Seat 3: ManicSmokey (button) (small blind) collected ($29.50)
Seat 4: scorpio04 (big blind) folded on the River


PokerStars Hand #145881197685:  Hold'em Limit ($3/$6 USD) - 2015/12/25 3:00:41 ET
Table 'Clivia' 6-max Seat #4 is the button
Seat 3: ManicSmokey ($70.92 in chips)
Seat 4: scorpio04 ($198.20 in chips)
scorpio04: posts small blind $1
ManicSmokey: posts big blind $3
*** HOLE CARDS ***
scorpio04: raises $3 to $6
ManicSmokey: calls $3
*** FLOP *** [3h 7h Kc]
ManicSmokey: checks
scorpio04: bets $3
ManicSmokey: raises $3 to $6
scorpio04: calls $3
*** TURN *** [3h 7h Kc] [4h]
ManicSmokey: bets $6
scorpio04: calls $6
*** RIVER *** [3h 7h Kc 4h] [9s]
ManicSmokey: checks
scorpio04: checks
*** SHOW DOWN ***
ManicSmokey: shows [Qd 7d] (a pair of Sevens)
scorpio04: mucks hand
ManicSmokey collected $35.50 from pot
*** SUMMARY ***
Total pot $36 | Rake $0.50
Board [3h 7h Kc 4h 9s]
Seat 3: ManicSmokey (big blind) showed [Qd 7d] and won ($35.50) with a pair of Sevens
Seat 4: scorpio04 (button) (small blind) mucked


PokerStars Hand #145881224808:  Hold'em Limit ($3/$6 USD) - 2015/12/25 3:02:11 ET
Table 'Clivia' 6-max Seat #3 is the button
Seat 3: ManicSmokey ($86.67 in chips)
Seat 4: scorpio04 ($180.45 in chips)
ManicSmokey: posts small blind $1
scorpio04: posts big blind $3
*** HOLE CARDS ***
ManicSmokey: raises $3 to $6
scorpio04: calls $3
*** FLOP *** [Jh 2h 4h]
scorpio04: bets $3
ManicSmokey: calls $3
*** TURN *** [Jh 2h 4h] [Ah]
scorpio04: checks
ManicSmokey: checks
*** RIVER *** [Jh 2h 4h Ah] [9s]
scorpio04: bets $6
ManicSmokey: folds
Uncalled bet ($6) returned to scorpio04
scorpio04 collected $17.64 from pot
scorpio04: doesn't show hand
*** SUMMARY ***
Total pot $18 | Rake $0.36
Board [Jh 2h 4h Ah 9s]
Seat 3: ManicSmokey (button) (small blind) folded on the River
Seat 4: scorpio04 (big blind) collected ($17.64)


PokerStars Hand #145881215107:  Hold'em Limit ($3/$6 USD) - 2015/12/25 3:01:39 ET
Table 'Clivia' 6-max Seat #3 is the button
Seat 3: ManicSmokey ($102.67 in chips)
Seat 4: scorpio04 ($164.95 in chips)
ManicSmokey: posts small blind $1
scorpio04: posts big blind $3
*** HOLE CARDS ***
ManicSmokey: folds
Uncalled bet ($2) returned to scorpio04
scorpio04 collected $2 from pot
scorpio04: doesn't show hand
*** SUMMARY ***
Total pot $2 | Rake $0
Seat 3: ManicSmokey (button) (small blind) folded before Flop
Seat 4: scorpio04 (big blind) collected ($2)


PokerStars Hand #145881209487:  Hold'em Limit ($3/$6 USD) - 2015/12/25 3:01:21 ET
Table 'Clivia' 6-max Seat #4 is the button
Seat 3: ManicSmokey ($102.92 in chips)
Seat 4: scorpio04 ($165.20 in chips)
scorpio04: posts small blind $1
ManicSmokey: posts big blind $3
*** HOLE CARDS ***
scorpio04: raises $3 to $6
ManicSmokey: calls $3
*** FLOP *** [Jc Js 8h]
ManicSmokey: checks
scorpio04: bets $3
ManicSmokey: calls $3
*** TURN *** [Jc Js 8h] [Jd]
ManicSmokey: checks
scorpio04: bets $6
ManicSmokey: calls $6
*** RIVER *** [Jc Js 8h Jd] [Td]
ManicSmokey: checks
scorpio04: bets $6
ManicSmokey: calls $6
*** SHOW DOWN ***
scorpio04: shows [8s 5d] (a full house, Jacks full of Eights)
ManicSmokey: shows [8c Ah] (a full house, Jacks full of Eights)
ManicSmokey collected $20.75 from pot
scorpio04 collected $20.75 from pot
*** SUMMARY ***
Total pot $42 | Rake $0.50
Board [Jc Js 8h Jd Td]
Seat 3: ManicSmokey (big blind) showed [8c Ah] and won ($20.75) with a full house, Jacks full of Eights
Seat 4: scorpio04 (button) (small blind) showed [8s 5d] and won ($20.75) with a full house, Jacks full of Eights


PokerStars Hand #145881216480:  Hold'em Limit ($3/$6 USD) - 2015/12/25 3:01:44 ET
Table 'Clivia' 6-max Seat #4 is the button
Seat 3: ManicSmokey ($101.67 in chips)
Seat 4: scorpio04 ($165.95 in chips)
scorpio04: posts small blind $1
ManicSmokey: posts big blind $3
*** HOLE CARDS ***
scorpio04: raises $3 to $6
ManicSmokey: raises $3 to $9
scorpio04: calls $3
*** FLOP *** [5h 8d 6d]
ManicSmokey: bets $3
scorpio04: raises $3 to $6
ManicSmokey: calls $3
*** TURN *** [5h 8d 6d] [3d]
ManicSmokey: checks
scorpio04: bets $6
ManicSmokey: folds
Uncalled bet ($6) returned to scorpio04
scorpio04 collected $29.50 from pot
scorpio04: doesn't show hand
*** SUMMARY ***
Total pot $30 | Rake $0.50
Board [5h 8d 6d 3d]
Seat 3: ManicSmokey (big blind) folded on the Turn
Seat 4: scorpio04 (button) (small blind) collected ($29.50)


PokerStars Hand #145881229861:  Hold'em Limit ($3/$6 USD) - 2015/12/25 3:02:27 ET
Table 'Clivia' 6-max Seat #4 is the button
Seat 3: ManicSmokey ($77.67 in chips)
Seat 4: scorpio04 ($189.09 in chips)
scorpio04: posts small blind $1
ManicSmokey: posts big blind $3
*** HOLE CARDS ***
scorpio04: raises $3 to $6
ManicSmokey: calls $3
*** FLOP *** [Jc 8d Ts]
ManicSmokey: checks
scorpio04: checks
*** TURN *** [Jc 8d Ts] [Ac]
ManicSmokey: bets $6
scorpio04: calls $6
*** RIVER *** [Jc 8d Ts Ac] [Ks]
ManicSmokey: bets $6
scorpio04: raises $6 to $12
ManicSmokey: calls $6
*** SHOW DOWN ***
scorpio04: shows [Qs 6h] (a straight, Ten to Ace)
ManicSmokey: shows [7h Qd] (a straight, Ten to Ace)
ManicSmokey collected $23.75 from pot
scorpio04 collected $23.75 from pot
*** SUMMARY ***
Total pot $48 | Rake $0.50
Board [Jc 8d Ts Ac Ks]
Seat 3: ManicSmokey (big blind) showed [7h Qd] and won ($23.75) with a straight, Ten to Ace
Seat 4: scorpio04 (button) (small blind) showed [Qs 6h] and won ($23.75) with a straight, Ten to Ace


PokerStars Hand #145881240141:  Hold'em Limit ($3/$6 USD) - 2015/12/25 3:03:00 ET
Table 'Clivia' 6-max Seat #3 is the button
Seat 3: ManicSmokey ($80.18 in chips)
Seat 4: scorpio04 ($185.84 in chips)
ManicSmokey: posts small blind $1
scorpio04: posts big blind $3
*** HOLE CARDS ***
ManicSmokey: raises $3 to $6
scorpio04: raises $3 to $9
ManicSmokey: calls $3
*** FLOP *** [9s Jh 5h]
scorpio04: bets $3
ManicSmokey: calls $3
*** TURN *** [9s Jh 5h] [Tc]
scorpio04: checks
ManicSmokey: bets $6
scorpio04: calls $6
*** RIVER *** [9s Jh 5h Tc] [8h]
scorpio04: bets $6
ManicSmokey: calls $6
*** SHOW DOWN ***
scorpio04: shows [Ah 9h] (a flush, Ace high)
ManicSmokey: mucks hand
scorpio04 collected $47.50 from pot
*** SUMMARY ***
Total pot $48 | Rake $0.50
Board [9s Jh 5h Tc 8h]
Seat 3: ManicSmokey (button) (small blind) mucked
Seat 4: scorpio04 (big blind) showed [Ah 9h] and won ($47.50) with a flush, Ace high


PokerStars Hand #145881252430:  Hold'em Limit ($3/$6 USD) - 2015/12/25 3:03:39 ET
Table 'Clivia' 6-max Seat #3 is the button
Seat 3: ManicSmokey ($79.68 in chips)
Seat 4: scorpio04 ($185.34 in chips)
ManicSmokey: posts small blind $1
scorpio04: posts big blind $3
*** HOLE CARDS ***
ManicSmokey: folds
Uncalled bet ($2) returned to scorpio04
scorpio04 collected $2 from pot
scorpio04: doesn't show hand
*** SUMMARY ***
Total pot $2 | Rake $0
Seat 3: ManicSmokey (button) (small blind) folded before Flop
Seat 4: scorpio04 (big blind) collected ($2)


PokerStars Hand #145881245943:  Hold'em Limit ($3/$6 USD) - 2015/12/25 3:03:18 ET
Table 'Clivia' 6-max Seat #4 is the button
Seat 3: ManicSmokey ($56.18 in chips)
Seat 4: scorpio04 ($209.34 in chips)
scorpio04: posts small blind $1
ManicSmokey: posts big blind $3
*** HOLE CARDS ***
scorpio04: raises $3 to $6
ManicSmokey: raises $3 to $9
scorpio04: calls $3
*** FLOP *** [2h 9d 3h]
ManicSmokey: bets $3
scorpio04: calls $3
*** TURN *** [2h 9d 3h] [8s]
ManicSmokey: bets $6
scorpio04: calls $6
*** RIVER *** [2h 9d 3h 8s] [Qh]
ManicSmokey: bets $6
scorpio04: calls $6
*** SHOW DOWN ***
ManicSmokey: shows [Qd Qc] (three of a kind, Queens)
scorpio04: mucks hand
ManicSmokey collected $47.50 from pot
playergains joins the table at seat #2
*** SUMMARY ***
Total pot $48 | Rake $0.50
Board [2h 9d 3h 8s Qh]
Seat 3: ManicSmokey (big blind) showed [Qd Qc] and won ($47.50) with three of a kind, Queens
Seat 4: scorpio04 (button) (small blind) mucked


PokerStars Hand #145881971222:  Hold'em Limit ($3/$6 USD) - 2015/12/25 3:40:37 ET
Table 'Clivia' 6-max Seat #4 is the button
Seat 2: bentinck113 ($75.85 in chips)
Seat 4: scorpio04 ($307.79 in chips)
scorpio04: posts small blind $1
MTails: is sitting out
bentinck113: posts big blind $3
*** HOLE CARDS ***
scorpio04: folds
Uncalled bet ($2) returned to bentinck113
bentinck113 collected $2 from pot
bentinck113: doesn't show hand
MTails leaves the table
*** SUMMARY ***
Total pot $2 | Rake $0
Seat 2: bentinck113 (big blind) collected ($2)
Seat 4: scorpio04 (button) (small blind) folded before Flop


