PokerStars Hand #160771860772:  Hold'em Limit ($3/$6 USD) - 2016/11/01 22:26:13 ET
Table 'Cloanthus' 6-max Seat #2 is the button
Seat 2: whattfook ($30 in chips)
Seat 4: assitoni ($72 in chips)
whattfook: posts small blind $1
assitoni: posts big blind $3
*** HOLE CARDS ***
whattfook: calls $2
assitoni: checks
*** FLOP *** [Kd As 3s]
assitoni: checks
whattfook: bets $3
assitoni: folds
Uncalled bet ($3) returned to whattfook
whattfook collected $5.88 from pot
whattfook: doesn't show hand
*** SUMMARY ***
Total pot $6 | Rake $0.12
Board [Kd As 3s]
Seat 2: whattfook (button) (small blind) collected ($5.88)
Seat 4: assitoni (big blind) folded on the Flop


PokerStars Hand #160771871480:  Hold'em Limit ($3/$6 USD) - 2016/11/01 22:26:41 ET
Table 'Cloanthus' 6-max Seat #4 is the button
Seat 2: whattfook ($32.88 in chips)
Seat 4: assitoni ($72 in chips)
assitoni: posts small blind $1
whattfook: posts big blind $3
*** HOLE CARDS ***
assitoni: raises $3 to $6
whattfook: calls $3
*** FLOP *** [3s 9c 2c]
whattfook: checks
assitoni: bets $3
whattfook: calls $3
*** TURN *** [3s 9c 2c] [Jc]
whattfook: checks
assitoni: bets $6
whattfook: calls $6
*** RIVER *** [3s 9c 2c Jc] [8s]
whattfook: checks
assitoni: bets $6
whattfook: folds
Uncalled bet ($6) returned to assitoni
assitoni collected $29.50 from pot
assitoni: doesn't show hand
*** SUMMARY ***
Total pot $30 | Rake $0.50
Board [3s 9c 2c Jc 8s]
Seat 2: whattfook (big blind) folded on the River
Seat 4: assitoni (button) (small blind) collected ($29.50)


PokerStars Hand #160771892358:  Hold'em Limit ($3/$6 USD) - 2016/11/01 22:27:35 ET
Table 'Cloanthus' 6-max Seat #2 is the button
Seat 2: whattfook ($17.88 in chips)
Seat 4: assitoni ($86.50 in chips)
whattfook: posts small blind $1
assitoni: posts big blind $3
*** HOLE CARDS ***
whattfook: raises $3 to $6
assitoni: raises $3 to $9
whattfook: calls $3
*** FLOP *** [7d Ts Js]
assitoni: bets $3
whattfook: calls $3
*** TURN *** [7d Ts Js] [6h]
assitoni: bets $6
whattfook: calls $5.88 and is all-in
Uncalled bet ($0.12) returned to assitoni
*** RIVER *** [7d Ts Js 6h] [5h]
*** SHOW DOWN ***
assitoni: shows [8h Ac] (high card Ace)
whattfook: shows [5s 6s] (two pair, Sixes and Fives)
whattfook collected $35.26 from pot
*** SUMMARY ***
Total pot $35.76 | Rake $0.50
Board [7d Ts Js 6h 5h]
Seat 2: whattfook (button) (small blind) showed [5s 6s] and won ($35.26) with two pair, Sixes and Fives
Seat 4: assitoni (big blind) showed [8h Ac] and lost with high card Ace


PokerStars Hand #160771908823:  Hold'em Limit ($3/$6 USD) - 2016/11/01 22:28:18 ET
Table 'Cloanthus' 6-max Seat #2 is the button
Seat 2: whattfook ($41.02 in chips)
Seat 4: assitoni ($72 in chips)
whattfook: posts small blind $1
assitoni: posts big blind $3
*** HOLE CARDS ***
whattfook: raises $3 to $6
assitoni: folds
Uncalled bet ($3) returned to whattfook
whattfook collected $6 from pot
whattfook: doesn't show hand
*** SUMMARY ***
Total pot $6 | Rake $0
Seat 2: whattfook (button) (small blind) collected ($6)
Seat 4: assitoni (big blind) folded before Flop


PokerStars Hand #160771901841:  Hold'em Limit ($3/$6 USD) - 2016/11/01 22:27:59 ET
Table 'Cloanthus' 6-max Seat #4 is the button
Seat 2: whattfook ($35.26 in chips)
Seat 4: assitoni ($72 in chips)
assitoni: posts small blind $1
whattfook: posts big blind $3
*** HOLE CARDS ***
assitoni: raises $3 to $6
whattfook: calls $3
*** FLOP *** [8h 2c 7h]
whattfook: bets $3
assitoni: folds
Uncalled bet ($3) returned to whattfook
whattfook collected $11.76 from pot
whattfook: doesn't show hand
*** SUMMARY ***
Total pot $12 | Rake $0.24
Board [8h 2c 7h]
Seat 2: whattfook (big blind) collected ($11.76)
Seat 4: assitoni (button) (small blind) folded on the Flop


PokerStars Hand #160771932436:  Hold'em Limit ($3/$6 USD) - 2016/11/01 22:29:19 ET
Table 'Cloanthus' 6-max Seat #2 is the button
Seat 2: whattfook ($23.02 in chips)
Seat 4: assitoni ($92.50 in chips)
whattfook: posts small blind $1
assitoni: posts big blind $3
*** HOLE CARDS ***
whattfook: calls $2
assitoni: raises $3 to $6
whattfook: calls $3
*** FLOP *** [Td 8s Qd]
assitoni: bets $3
whattfook: calls $3
*** TURN *** [Td 8s Qd] [Ad]
assitoni: bets $6
whattfook: calls $6
*** RIVER *** [Td 8s Qd Ad] [5h]
assitoni: bets $6
whattfook: calls $6
*** SHOW DOWN ***
assitoni: shows [5d 5s] (three of a kind, Fives)
whattfook: mucks hand
assitoni collected $41.50 from pot
*** SUMMARY ***
Total pot $42 | Rake $0.50
Board [Td 8s Qd Ad 5h]
Seat 2: whattfook (button) (small blind) mucked
Seat 4: assitoni (big blind) showed [5d 5s] and won ($41.50) with three of a kind, Fives


PokerStars Hand #160771914406:  Hold'em Limit ($3/$6 USD) - 2016/11/01 22:28:32 ET
Table 'Cloanthus' 6-max Seat #4 is the button
Seat 2: whattfook ($44.02 in chips)
Seat 4: assitoni ($72 in chips)
assitoni: posts small blind $1
whattfook: posts big blind $3
*** HOLE CARDS ***
assitoni: raises $3 to $6
whattfook: calls $3
*** FLOP *** [3d Qc Tc]
whattfook: checks
assitoni: bets $3
whattfook: calls $3
*** TURN *** [3d Qc Tc] [Ac]
whattfook: checks
assitoni: bets $6
whattfook: calls $6
*** RIVER *** [3d Qc Tc Ac] [Ad]
whattfook: checks
assitoni: bets $6
whattfook: calls $6
*** SHOW DOWN ***
assitoni: shows [Jd Qs] (two pair, Aces and Queens)
whattfook: mucks hand
assitoni collected $41.50 from pot
*** SUMMARY ***
Total pot $42 | Rake $0.50
Board [3d Qc Tc Ac Ad]
Seat 2: whattfook (big blind) mucked
Seat 4: assitoni (button) (small blind) showed [Jd Qs] and won ($41.50) with two pair, Aces and Queens


PokerStars Hand #160771962026:  Hold'em Limit ($3/$6 USD) - 2016/11/01 22:30:36 ET
Table 'Cloanthus' 6-max Seat #4 is the button
Seat 2: whattfook ($30 in chips)
Seat 4: assitoni ($113 in chips)
assitoni: posts small blind $1
whattfook: posts big blind $3
*** HOLE CARDS ***
assitoni: raises $3 to $6
whattfook: raises $3 to $9
assitoni: calls $3
*** FLOP *** [5d 7d Jd]
whattfook: bets $3
assitoni: folds
Uncalled bet ($3) returned to whattfook
whattfook collected $17.64 from pot
whattfook: doesn't show hand
*** SUMMARY ***
Total pot $18 | Rake $0.36
Board [5d 7d Jd]
Seat 2: whattfook (big blind) collected ($17.64)
Seat 4: assitoni (button) (small blind) folded on the Flop


PokerStars Hand #160771973239:  Hold'em Limit ($3/$6 USD) - 2016/11/01 22:31:05 ET
Table 'Cloanthus' 6-max Seat #2 is the button
Seat 2: whattfook ($38.64 in chips)
Seat 4: assitoni ($104 in chips)
whattfook: posts small blind $1
assitoni: posts big blind $3
*** HOLE CARDS ***
whattfook: folds
Uncalled bet ($2) returned to assitoni
assitoni collected $2 from pot
assitoni: doesn't show hand
*** SUMMARY ***
Total pot $2 | Rake $0
Seat 2: whattfook (button) (small blind) folded before Flop
Seat 4: assitoni (big blind) collected ($2)


PokerStars Hand #160771975108:  Hold'em Limit ($3/$6 USD) - 2016/11/01 22:31:10 ET
Table 'Cloanthus' 6-max Seat #4 is the button
Seat 2: whattfook ($37.64 in chips)
Seat 4: assitoni ($105 in chips)
assitoni: posts small blind $1
whattfook: posts big blind $3
*** HOLE CARDS ***
assitoni: raises $3 to $6
whattfook: calls $3
*** FLOP *** [Qc Qh 2d]
whattfook: checks
assitoni: bets $3
whattfook: folds
Uncalled bet ($3) returned to assitoni
assitoni collected $11.76 from pot
assitoni: doesn't show hand
*** SUMMARY ***
Total pot $12 | Rake $0.24
Board [Qc Qh 2d]
Seat 2: whattfook (big blind) folded on the Flop
Seat 4: assitoni (button) (small blind) collected ($11.76)


PokerStars Hand #160772003777:  Hold'em Limit ($3/$6 USD) - 2016/11/01 22:32:25 ET
Table 'Cloanthus' 6-max Seat #4 is the button
Seat 2: whattfook ($7.64 in chips)
Seat 4: assitoni ($134.26 in chips)
assitoni: posts small blind $1
whattfook: posts big blind $3
*** HOLE CARDS ***
assitoni: raises $3 to $6
whattfook: calls $3
*** FLOP *** [7s 6h 4s]
whattfook: checks
assitoni: bets $3
whattfook: calls $1.64 and is all-in
Uncalled bet ($1.36) returned to assitoni
*** TURN *** [7s 6h 4s] [9c]
*** RIVER *** [7s 6h 4s 9c] [3h]
*** SHOW DOWN ***
whattfook: shows [8d 5h] (a straight, Five to Nine)
assitoni: shows [8h Jh] (high card Jack)
whattfook collected $14.97 from pot
*** SUMMARY ***
Total pot $15.28 | Rake $0.31
Board [7s 6h 4s 9c 3h]
Seat 2: whattfook (big blind) showed [8d 5h] and won ($14.97) with a straight, Five to Nine
Seat 4: assitoni (button) (small blind) showed [8h Jh] and lost with high card Jack


PokerStars Hand #160771988990:  Hold'em Limit ($3/$6 USD) - 2016/11/01 22:31:46 ET
Table 'Cloanthus' 6-max Seat #2 is the button
Seat 2: whattfook ($31.64 in chips)
Seat 4: assitoni ($110.76 in chips)
whattfook: posts small blind $1
assitoni: posts big blind $3
*** HOLE CARDS ***
whattfook: raises $3 to $6
assitoni: raises $3 to $9
whattfook: calls $3
*** FLOP *** [Kh Th 9d]
assitoni: bets $3
whattfook: calls $3
*** TURN *** [Kh Th 9d] [5d]
assitoni: checks
whattfook: bets $6
assitoni: calls $6
*** RIVER *** [Kh Th 9d 5d] [3d]
assitoni: checks
whattfook: bets $6
assitoni: calls $6
*** SHOW DOWN ***
whattfook: shows [5h Ah] (a pair of Fives)
assitoni: shows [6s 6h] (a pair of Sixes)
assitoni collected $47.50 from pot
*** SUMMARY ***
Total pot $48 | Rake $0.50
Board [Kh Th 9d 5d 3d]
Seat 2: whattfook (button) (small blind) showed [5h Ah] and lost with a pair of Fives
Seat 4: assitoni (big blind) showed [6s 6h] and won ($47.50) with a pair of Sixes


PokerStars Hand #160772017091:  Hold'em Limit ($3/$6 USD) - 2016/11/01 22:32:59 ET
Table 'Cloanthus' 6-max Seat #2 is the button
Seat 2: whattfook ($14.97 in chips)
Seat 4: assitoni ($126.62 in chips)
whattfook: posts small blind $1
assitoni: posts big blind $3
*** HOLE CARDS ***
whattfook: calls $2
assitoni: raises $3 to $6
whattfook: calls $3
*** FLOP *** [Qd 6h 9d]
assitoni: bets $3
whattfook: folds
Uncalled bet ($3) returned to assitoni
assitoni collected $11.76 from pot
assitoni: doesn't show hand
*** SUMMARY ***
Total pot $12 | Rake $0.24
Board [Qd 6h 9d]
Seat 2: whattfook (button) (small blind) folded on the Flop
Seat 4: assitoni (big blind) collected ($11.76)


PokerStars Hand #160772028184:  Hold'em Limit ($3/$6 USD) - 2016/11/01 22:33:29 ET
Table 'Cloanthus' 6-max Seat #4 is the button
Seat 2: whattfook ($8.97 in chips)
Seat 4: assitoni ($132.38 in chips)
assitoni: posts small blind $1
whattfook: posts big blind $3
*** HOLE CARDS ***
assitoni: raises $3 to $6
whattfook: calls $3
*** FLOP *** [2h Tc As]
assitoni said, "(^^^)"
whattfook: checks
assitoni: bets $3
whattfook: calls $2.97 and is all-in
Uncalled bet ($0.03) returned to assitoni
*** TURN *** [2h Tc As] [Th]
*** RIVER *** [2h Tc As Th] [5d]
*** SHOW DOWN ***
whattfook: shows [6s 9h] (a pair of Tens)
assitoni: shows [5h Qs] (two pair, Tens and Fives)
assitoni collected $17.58 from pot
*** SUMMARY ***
Total pot $17.94 | Rake $0.36
Board [2h Tc As Th 5d]
Seat 2: whattfook (big blind) showed [6s 9h] and lost with a pair of Tens
Seat 4: assitoni (button) (small blind) showed [5h Qs] and won ($17.58) with two pair, Tens and Fives


