PokerStars Hand #160201439259:  Hold'em Limit ($3/$6 USD) - 2016/10/20 15:05:12 ET
Table 'Cloanthus' 10-max Seat #6 is the button
Seat 5: chetos1994 ($100.51 in chips)
Seat 6: assitoni ($72 in chips)
assitoni: posts small blind $1
chetos1994: posts big blind $3
*** HOLE CARDS ***
assitoni: raises $3 to $6
chetos1994: folds
Uncalled bet ($3) returned to assitoni
assitoni collected $6 from pot
assitoni: doesn't show hand
*** SUMMARY ***
Total pot $6 | Rake $0
Seat 5: chetos1994 (big blind) folded before Flop
Seat 6: assitoni (button) (small blind) collected ($6)


PokerStars Hand #160201397876:  Hold'em Limit ($3/$6 USD) - 2016/10/20 15:04:24 ET
Table 'Cloanthus' 10-max Seat #5 is the button
Seat 5: chetos1994 ($88.99 in chips)
Seat 6: assitoni ($72 in chips)
chetos1994: posts small blind $1
assitoni: posts big blind $3
*** HOLE CARDS ***
chetos1994: raises $3 to $6
assitoni: calls $3
*** FLOP *** [Jd Jc 6c]
vestimokrec joins the table at seat #7
assitoni: checks
chetos1994: checks
*** TURN *** [Jd Jc 6c] [Tc]
assitoni: checks
chetos1994: bets $6
assitoni: calls $6
*** RIVER *** [Jd Jc 6c Tc] [Ah]
assitoni: checks
chetos1994: bets $6
assitoni: folds
Uncalled bet ($6) returned to chetos1994
chetos1994 collected $23.52 from pot
*** SUMMARY ***
Total pot $24 | Rake $0.48
Board [Jd Jc 6c Tc Ah]
Seat 5: chetos1994 (button) (small blind) collected ($23.52)
Seat 6: assitoni (big blind) folded on the River


PokerStars Hand #160201446372:  Hold'em Limit ($3/$6 USD) - 2016/10/20 15:05:20 ET
Table 'Cloanthus' 10-max Seat #5 is the button
Seat 5: chetos1994 ($97.51 in chips)
Seat 6: assitoni ($75 in chips)
chetos1994: posts small blind $1
assitoni: posts big blind $3
*** HOLE CARDS ***
chetos1994: raises $3 to $6
assitoni: calls $3
*** FLOP *** [3c Kh 3d]
assitoni: checks
chetos1994: bets $3
assitoni: folds
Uncalled bet ($3) returned to chetos1994
chetos1994 collected $11.76 from pot
*** SUMMARY ***
Total pot $12 | Rake $0.24
Board [3c Kh 3d]
Seat 5: chetos1994 (button) (small blind) collected ($11.76)
Seat 6: assitoni (big blind) folded on the Flop


PokerStars Hand #160201467821:  Hold'em Limit ($3/$6 USD) - 2016/10/20 15:05:45 ET
Table 'Cloanthus' 10-max Seat #6 is the button
Seat 5: chetos1994 ($103.27 in chips)
Seat 6: assitoni ($72 in chips)
assitoni: posts small blind $1
chetos1994: posts big blind $3
*** HOLE CARDS ***
assitoni: raises $3 to $6
chetos1994: folds
Uncalled bet ($3) returned to assitoni
assitoni collected $6 from pot
assitoni: doesn't show hand
*** SUMMARY ***
Total pot $6 | Rake $0
Seat 5: chetos1994 (big blind) folded before Flop
Seat 6: assitoni (button) (small blind) collected ($6)


