PokerStars Hand #150526394412:  Hold'em Limit ($3/$6 USD) - 2016/03/18 2:39:32 ET
Table 'Cloanthus' 6-max Seat #6 is the button
Seat 4: Agrotait ($101.50 in chips)
Seat 6: kr.poker8029 ($90 in chips)
kr.poker8029: posts small blind $1
Agrotait: posts big blind $3
*** HOLE CARDS ***
kr.poker8029: raises $3 to $6
Agrotait: calls $3
*** FLOP *** [5c 7h 5d]
Agrotait: checks
kr.poker8029: checks
*** TURN *** [5c 7h 5d] [Qs]
Agrotait: bets $6
kr.poker8029: folds
Uncalled bet ($6) returned to Agrotait
Agrotait collected $11.76 from pot
Agrotait: doesn't show hand
*** SUMMARY ***
Total pot $12 | Rake $0.24
Board [5c 7h 5d Qs]
Seat 4: Agrotait (big blind) collected ($11.76)
Seat 6: kr.poker8029 (button) (small blind) folded on the Turn


PokerStars Hand #150526392815:  Hold'em Limit ($3/$6 USD) - 2016/03/18 2:39:25 ET
Table 'Cloanthus' 6-max Seat #4 is the button
Seat 4: Agrotait ($98.50 in chips)
Seat 6: kr.poker8029 ($93 in chips)
Agrotait: posts small blind $1
kr.poker8029: posts big blind $3
*** HOLE CARDS ***
Agrotait: raises $3 to $6
kr.poker8029: folds
Uncalled bet ($3) returned to Agrotait
Agrotait collected $6 from pot
Agrotait: doesn't show hand
*** SUMMARY ***
Total pot $6 | Rake $0
Seat 4: Agrotait (button) (small blind) collected ($6)
Seat 6: kr.poker8029 (big blind) folded before Flop


PokerStars Hand #150526381549:  Hold'em Limit ($3/$6 USD) - 2016/03/18 2:38:42 ET
Table 'Cloanthus' 6-max Seat #6 is the button
Seat 4: Agrotait ($72 in chips)
Seat 6: kr.poker8029 ($120 in chips)
kr.poker8029: posts small blind $1
Agrotait: posts big blind $3
*** HOLE CARDS ***
kr.poker8029: raises $3 to $6
Agrotait: calls $3
*** FLOP *** [2s Kc Kh]
Agrotait: checks
kr.poker8029: bets $3
Agrotait: calls $3
*** TURN *** [2s Kc Kh] [7d]
Agrotait: checks
kr.poker8029: bets $6
Agrotait: raises $6 to $12
kr.poker8029: calls $6
*** RIVER *** [2s Kc Kh 7d] [Td]
Agrotait: bets $6
kr.poker8029: calls $6
*** SHOW DOWN ***
Agrotait: shows [7s Jc] (two pair, Kings and Sevens)
kr.poker8029: mucks hand
Agrotait collected $53.50 from pot
*** SUMMARY ***
Total pot $54 | Rake $0.50
Board [2s Kc Kh 7d Td]
Seat 4: Agrotait (big blind) showed [7s Jc] and won ($53.50) with two pair, Kings and Sevens
Seat 6: kr.poker8029 (button) (small blind) mucked


PokerStars Hand #150526398809:  Hold'em Limit ($3/$6 USD) - 2016/03/18 2:39:48 ET
Table 'Cloanthus' 6-max Seat #4 is the button
Seat 4: Agrotait ($107.26 in chips)
Seat 6: kr.poker8029 ($84 in chips)
Agrotait: posts small blind $1
kr.poker8029: posts big blind $3
*** HOLE CARDS ***
Agrotait: raises $3 to $6
kr.poker8029: calls $3
*** FLOP *** [Tc 8s Ah]
kr.poker8029: checks
Agrotait: bets $3
kr.poker8029: folds
Uncalled bet ($3) returned to Agrotait
Agrotait collected $11.76 from pot
Agrotait: doesn't show hand
*** SUMMARY ***
Total pot $12 | Rake $0.24
Board [Tc 8s Ah]
Seat 4: Agrotait (button) (small blind) collected ($11.76)
Seat 6: kr.poker8029 (big blind) folded on the Flop


PokerStars Hand #150526403763:  Hold'em Limit ($3/$6 USD) - 2016/03/18 2:40:08 ET
Table 'Cloanthus' 6-max Seat #6 is the button
Seat 4: Agrotait ($113.02 in chips)
Seat 6: kr.poker8029 ($78 in chips)
kr.poker8029: posts small blind $1
Agrotait: posts big blind $3
*** HOLE CARDS ***
kr.poker8029: raises $3 to $6
Agrotait: calls $3
*** FLOP *** [Js Th 9h]
Agrotait: checks
kr.poker8029: bets $3
Agrotait: folds
Uncalled bet ($3) returned to kr.poker8029
kr.poker8029 collected $11.76 from pot
*** SUMMARY ***
Total pot $12 | Rake $0.24
Board [Js Th 9h]
Seat 4: Agrotait (big blind) folded on the Flop
Seat 6: kr.poker8029 (button) (small blind) collected ($11.76)


PokerStars Hand #150526409973:  Hold'em Limit ($3/$6 USD) - 2016/03/18 2:40:31 ET
Table 'Cloanthus' 6-max Seat #4 is the button
Seat 4: Agrotait ($107.02 in chips)
Seat 6: kr.poker8029 ($83.76 in chips)
Agrotait: posts small blind $1
kr.poker8029: posts big blind $3
*** HOLE CARDS ***
Agrotait: raises $3 to $6
kr.poker8029: calls $3
*** FLOP *** [4h 6d Ts]
kr.poker8029: checks
Agrotait: bets $3
kr.poker8029: calls $3
*** TURN *** [4h 6d Ts] [2s]
kr.poker8029: checks
Agrotait: checks
*** RIVER *** [4h 6d Ts 2s] [4d]
kr.poker8029: bets $6
Agrotait: folds
Uncalled bet ($6) returned to kr.poker8029
kr.poker8029 collected $17.64 from pot
*** SUMMARY ***
Total pot $18 | Rake $0.36
Board [4h 6d Ts 2s 4d]
Seat 4: Agrotait (button) (small blind) folded on the River
Seat 6: kr.poker8029 (big blind) collected ($17.64)


PokerStars Hand #150526438076:  Hold'em Limit ($3/$6 USD) - 2016/03/18 2:42:18 ET
Table 'Cloanthus' 6-max Seat #6 is the button
Seat 4: Agrotait ($91.52 in chips)
Seat 6: kr.poker8029 ($97.90 in chips)
kr.poker8029: posts small blind $1
Agrotait: posts big blind $3
*** HOLE CARDS ***
kr.poker8029: raises $3 to $6
Agrotait: calls $3
*** FLOP *** [6c 9d Ks]
Agrotait: checks
kr.poker8029: checks
*** TURN *** [6c 9d Ks] [As]
Agrotait: bets $6
kr.poker8029: raises $6 to $12
Agrotait: calls $6
*** RIVER *** [6c 9d Ks As] [4d]
Agrotait: checks
kr.poker8029: bets $6
Agrotait: folds
Uncalled bet ($6) returned to kr.poker8029
kr.poker8029 collected $35.50 from pot
*** SUMMARY ***
Total pot $36 | Rake $0.50
Board [6c 9d Ks As 4d]
Seat 4: Agrotait (big blind) folded on the River
Seat 6: kr.poker8029 (button) (small blind) collected ($35.50)


PokerStars Hand #150526433206:  Hold'em Limit ($3/$6 USD) - 2016/03/18 2:41:59 ET
Table 'Cloanthus' 6-max Seat #4 is the button
Seat 4: Agrotait ($115.52 in chips)
Seat 6: kr.poker8029 ($74.40 in chips)
Agrotait: posts small blind $1
kr.poker8029: posts big blind $3
*** HOLE CARDS ***
Agrotait: raises $3 to $6
kr.poker8029: raises $3 to $9
Agrotait: calls $3
*** FLOP *** [Ah 8c 4c]
kr.poker8029: bets $3
Agrotait: calls $3
*** TURN *** [Ah 8c 4c] [2h]
kr.poker8029: bets $6
Agrotait: calls $6
*** RIVER *** [Ah 8c 4c 2h] [9d]
kr.poker8029: bets $6
Agrotait: calls $6
*** SHOW DOWN ***
kr.poker8029: shows [5s 5h] (a pair of Fives)
Agrotait: mucks hand
kr.poker8029 collected $47.50 from pot
*** SUMMARY ***
Total pot $48 | Rake $0.50
Board [Ah 8c 4c 2h 9d]
Seat 4: Agrotait (button) (small blind) mucked
Seat 6: kr.poker8029 (big blind) showed [5s 5h] and won ($47.50) with a pair of Fives


PokerStars Hand #150526446040:  Hold'em Limit ($3/$6 USD) - 2016/03/18 2:42:47 ET
Table 'Cloanthus' 6-max Seat #6 is the button
Seat 4: Agrotait ($79.28 in chips)
Seat 6: kr.poker8029 ($109.40 in chips)
kr.poker8029: posts small blind $1
Agrotait: posts big blind $3
*** HOLE CARDS ***
kr.poker8029: folds
Uncalled bet ($2) returned to Agrotait
Agrotait collected $2 from pot
Agrotait: doesn't show hand
*** SUMMARY ***
Total pot $2 | Rake $0
Seat 4: Agrotait (big blind) collected ($2)
Seat 6: kr.poker8029 (button) (small blind) folded before Flop


PokerStars Hand #150526443253:  Hold'em Limit ($3/$6 USD) - 2016/03/18 2:42:37 ET
Table 'Cloanthus' 6-max Seat #4 is the button
Seat 4: Agrotait ($73.52 in chips)
Seat 6: kr.poker8029 ($115.40 in chips)
Agrotait: posts small blind $1
kr.poker8029: posts big blind $3
*** HOLE CARDS ***
Agrotait: raises $3 to $6
kr.poker8029: calls $3
*** FLOP *** [Jd 9h 9s]
kr.poker8029: checks
Agrotait: bets $3
kr.poker8029: folds
Uncalled bet ($3) returned to Agrotait
Agrotait collected $11.76 from pot
Agrotait: doesn't show hand
*** SUMMARY ***
Total pot $12 | Rake $0.24
Board [Jd 9h 9s]
Seat 4: Agrotait (button) (small blind) collected ($11.76)
Seat 6: kr.poker8029 (big blind) folded on the Flop


PokerStars Hand #150526424649:  Hold'em Limit ($3/$6 USD) - 2016/03/18 2:41:27 ET
Table 'Cloanthus' 6-max Seat #6 is the button
Seat 4: Agrotait ($98.02 in chips)
Seat 6: kr.poker8029 ($92.40 in chips)
kr.poker8029: posts small blind $1
Agrotait: posts big blind $3
*** HOLE CARDS ***
kr.poker8029: calls $2
Agrotait: checks
*** FLOP *** [4s Qc 9h]
Agrotait: bets $3
kr.poker8029: calls $3
*** TURN *** [4s Qc 9h] [4h]
Agrotait: bets $6
kr.poker8029: raises $6 to $12
Agrotait: raises $6 to $18
kr.poker8029: folds
Uncalled bet ($6) returned to Agrotait
Agrotait collected $35.50 from pot
Agrotait: doesn't show hand
*** SUMMARY ***
Total pot $36 | Rake $0.50
Board [4s Qc 9h 4h]
Seat 4: Agrotait (big blind) collected ($35.50)
Seat 6: kr.poker8029 (button) (small blind) folded on the Turn


PokerStars Hand #150526461977:  Hold'em Limit ($3/$6 USD) - 2016/03/18 2:43:48 ET
Table 'Cloanthus' 6-max Seat #6 is the button
Seat 4: Agrotait ($70.78 in chips)
Seat 6: kr.poker8029 ($116.42 in chips)
kr.poker8029: posts small blind $1
Agrotait: posts big blind $3
*** HOLE CARDS ***
kr.poker8029: folds
Uncalled bet ($2) returned to Agrotait
Agrotait collected $2 from pot
Agrotait: doesn't show hand
*** SUMMARY ***
Total pot $2 | Rake $0
Seat 4: Agrotait (big blind) collected ($2)
Seat 6: kr.poker8029 (button) (small blind) folded before Flop


PokerStars Hand #150526456744:  Hold'em Limit ($3/$6 USD) - 2016/03/18 2:43:28 ET
Table 'Cloanthus' 6-max Seat #4 is the button
Seat 4: Agrotait ($82.78 in chips)
Seat 6: kr.poker8029 ($104.90 in chips)
Agrotait: posts small blind $1
kr.poker8029: posts big blind $3
*** HOLE CARDS ***
Agrotait: raises $3 to $6
kr.poker8029: raises $3 to $9
Agrotait: calls $3
*** FLOP *** [Qc 6c 2c]
kr.poker8029: bets $3
Agrotait: calls $3
*** TURN *** [Qc 6c 2c] [3c]
kr.poker8029: bets $6
Agrotait: folds
Uncalled bet ($6) returned to kr.poker8029
kr.poker8029 collected $23.52 from pot
*** SUMMARY ***
Total pot $24 | Rake $0.48
Board [Qc 6c 2c 3c]
Seat 4: Agrotait (button) (small blind) folded on the Turn
Seat 6: kr.poker8029 (big blind) collected ($23.52)


PokerStars Hand #150526451604:  Hold'em Limit ($3/$6 USD) - 2016/03/18 2:43:08 ET
Table 'Cloanthus' 6-max Seat #6 is the button
Seat 4: Agrotait ($65.28 in chips)
Seat 6: kr.poker8029 ($122.90 in chips)
kr.poker8029: posts small blind $1
Agrotait: posts big blind $3
*** HOLE CARDS ***
kr.poker8029: raises $3 to $6
Agrotait: raises $3 to $9
kr.poker8029: calls $3
*** FLOP *** [4h 4c 9h]
Agrotait: bets $3
kr.poker8029: calls $3
*** TURN *** [4h 4c 9h] [6c]
Agrotait: bets $6
kr.poker8029: calls $6
*** RIVER *** [4h 4c 9h 6c] [9s]
Agrotait: bets $6
kr.poker8029: folds
Uncalled bet ($6) returned to Agrotait
Agrotait collected $35.50 from pot
Agrotait: doesn't show hand
*** SUMMARY ***
Total pot $36 | Rake $0.50
Board [4h 4c 9h 6c 9s]
Seat 4: Agrotait (big blind) collected ($35.50)
Seat 6: kr.poker8029 (button) (small blind) folded on the River


PokerStars Hand #150526447408:  Hold'em Limit ($3/$6 USD) - 2016/03/18 2:42:52 ET
Table 'Cloanthus' 6-max Seat #4 is the button
Seat 4: Agrotait ($80.28 in chips)
Seat 6: kr.poker8029 ($108.40 in chips)
Agrotait: posts small blind $1
kr.poker8029: posts big blind $3
*** HOLE CARDS ***
Agrotait: raises $3 to $6
kr.poker8029: calls $3
*** FLOP *** [Kd 4h 6c]
kr.poker8029: checks
Agrotait: bets $3
kr.poker8029: calls $3
*** TURN *** [Kd 4h 6c] [Qd]
kr.poker8029: checks
Agrotait: checks
*** RIVER *** [Kd 4h 6c Qd] [4s]
kr.poker8029: bets $6
Agrotait: calls $6
*** SHOW DOWN ***
kr.poker8029: shows [Td Kc] (two pair, Kings and Fours)
Agrotait: mucks hand
kr.poker8029 collected $29.50 from pot
*** SUMMARY ***
Total pot $30 | Rake $0.50
Board [Kd 4h 6c Qd 4s]
Seat 4: Agrotait (button) (small blind) mucked
Seat 6: kr.poker8029 (big blind) showed [Td Kc] and won ($29.50) with two pair, Kings and Fours


PokerStars Hand #150526469223:  Hold'em Limit ($3/$6 USD) - 2016/03/18 2:44:16 ET
Table 'Cloanthus' 6-max Seat #6 is the button
Seat 4: Agrotait ($77.54 in chips)
Seat 6: kr.poker8029 ($109.42 in chips)
kr.poker8029: posts small blind $1
Agrotait: posts big blind $3
*** HOLE CARDS ***
kr.poker8029: raises $3 to $6
Agrotait: raises $3 to $9
kr.poker8029: calls $3
*** FLOP *** [5h As 2h]
Agrotait: bets $3
kr.poker8029: calls $3
*** TURN *** [5h As 2h] [Qh]
Agrotait: bets $6
kr.poker8029: calls $6
*** RIVER *** [5h As 2h Qh] [7s]
Agrotait: bets $6
kr.poker8029: calls $6
*** SHOW DOWN ***
Agrotait: shows [Qc Th] (a pair of Queens)
kr.poker8029: shows [Kd Kh] (a pair of Kings)
kr.poker8029 collected $47.50 from pot
*** SUMMARY ***
Total pot $48 | Rake $0.50
Board [5h As 2h Qh 7s]
Seat 4: Agrotait (big blind) showed [Qc Th] and lost with a pair of Queens
Seat 6: kr.poker8029 (button) (small blind) showed [Kd Kh] and won ($47.50) with a pair of Kings


PokerStars Hand #150526463265:  Hold'em Limit ($3/$6 USD) - 2016/03/18 2:43:53 ET
Table 'Cloanthus' 6-max Seat #4 is the button
Seat 4: Agrotait ($71.78 in chips)
Seat 6: kr.poker8029 ($115.42 in chips)
Agrotait: posts small blind $1
kr.poker8029: posts big blind $3
*** HOLE CARDS ***
Agrotait: raises $3 to $6
kr.poker8029: calls $3
*** FLOP *** [4c 2c 9s]
kr.poker8029: checks
Agrotait: bets $3
kr.poker8029: folds
Uncalled bet ($3) returned to Agrotait
Agrotait collected $11.76 from pot
Agrotait: doesn't show hand
*** SUMMARY ***
Total pot $12 | Rake $0.24
Board [4c 2c 9s]
Seat 4: Agrotait (button) (small blind) collected ($11.76)
Seat 6: kr.poker8029 (big blind) folded on the Flop


PokerStars Hand #150526480321:  Hold'em Limit ($3/$6 USD) - 2016/03/18 2:44:58 ET
Table 'Cloanthus' 6-max Seat #6 is the button
Seat 4: Agrotait ($72 in chips)
Seat 6: kr.poker8029 ($150.42 in chips)
kr.poker8029: posts small blind $1
Agrotait: posts big blind $3
*** HOLE CARDS ***
kr.poker8029: raises $3 to $6
Agrotait: calls $3
*** FLOP *** [6h Ad 9c]
Agrotait: checks
kr.poker8029: bets $3
Agrotait: calls $3
*** TURN *** [6h Ad 9c] [3d]
anetkaapro joins the table at seat #1
Agrotait: checks
kr.poker8029: checks
*** RIVER *** [6h Ad 9c 3d] [2d]
Agrotait: bets $6
kr.poker8029: calls $6
*** SHOW DOWN ***
Agrotait: shows [Ks 6d] (a pair of Sixes)
kr.poker8029: mucks hand
Agrotait collected $29.50 from pot
*** SUMMARY ***
Total pot $30 | Rake $0.50
Board [6h Ad 9c 3d 2d]
Seat 4: Agrotait (big blind) showed [Ks 6d] and won ($29.50) with a pair of Sixes
Seat 6: kr.poker8029 (button) (small blind) mucked


PokerStars Hand #150526475703:  Hold'em Limit ($3/$6 USD) - 2016/03/18 2:44:41 ET
Table 'Cloanthus' 6-max Seat #4 is the button
Seat 4: Agrotait ($72 in chips)
Seat 6: kr.poker8029 ($132.92 in chips)
Agrotait: posts small blind $1
kr.poker8029: posts big blind $3
*** HOLE CARDS ***
Agrotait: raises $3 to $6
kr.poker8029: calls $3
*** FLOP *** [8h 7s Ts]
kr.poker8029: checks
Agrotait: checks
*** TURN *** [8h 7s Ts] [Th]
kr.poker8029: bets $6
Agrotait: calls $6
*** RIVER *** [8h 7s Ts Th] [8d]
kr.poker8029: bets $6
Agrotait: calls $6
*** SHOW DOWN ***
kr.poker8029: shows [9h Td] (a full house, Tens full of Eights)
Agrotait: mucks hand
kr.poker8029 collected $35.50 from pot
*** SUMMARY ***
Total pot $36 | Rake $0.50
Board [8h 7s Ts Th 8d]
Seat 4: Agrotait (button) (small blind) mucked
Seat 6: kr.poker8029 (big blind) showed [9h Td] and won ($35.50) with a full house, Tens full of Eights


PokerStars Hand #150526506786:  Hold'em Limit ($3/$6 USD) - 2016/03/18 2:46:40 ET
Table 'Cloanthus' 6-max Seat #1 is the button
Seat 1: anetkaapro ($72 in chips)
Seat 6: kr.poker8029 ($199.46 in chips)
anetkaapro: posts small blind $1
kr.poker8029: posts big blind $3
*** HOLE CARDS ***
anetkaapro: raises $3 to $6
kr.poker8029: folds
Uncalled bet ($3) returned to anetkaapro
anetkaapro collected $6 from pot
anetkaapro: doesn't show hand
*** SUMMARY ***
Total pot $6 | Rake $0
Seat 1: anetkaapro (button) (small blind) collected ($6)
Seat 6: kr.poker8029 (big blind) folded before Flop


PokerStars Hand #150526502928:  Hold'em Limit ($3/$6 USD) - 2016/03/18 2:46:25 ET
Table 'Cloanthus' 6-max Seat #6 is the button
Seat 1: anetkaapro ($72 in chips)
Seat 6: kr.poker8029 ($187.94 in chips)
kr.poker8029: posts small blind $1
anetkaapro: posts big blind $3
*** HOLE CARDS ***
kr.poker8029: raises $3 to $6
anetkaapro: raises $3 to $9
kr.poker8029: calls $3
*** FLOP *** [5c Th 6s]
anetkaapro: bets $3
kr.poker8029: calls $3
*** TURN *** [5c Th 6s] [6c]
anetkaapro: checks
kr.poker8029: checks
*** RIVER *** [5c Th 6s 6c] [7c]
anetkaapro: checks
kr.poker8029: checks
*** SHOW DOWN ***
anetkaapro: shows [Jd Qd] (a pair of Sixes)
kr.poker8029: shows [Kd 9s] (a pair of Sixes - King kicker)
kr.poker8029 collected $23.52 from pot
*** SUMMARY ***
Total pot $24 | Rake $0.48
Board [5c Th 6s 6c 7c]
Seat 1: anetkaapro (big blind) showed [Jd Qd] and lost with a pair of Sixes
Seat 6: kr.poker8029 (button) (small blind) showed [Kd 9s] and won ($23.52) with a pair of Sixes


PokerStars Hand #150526494423:  Hold'em Limit ($3/$6 USD) - 2016/03/18 2:45:52 ET
Table 'Cloanthus' 6-max Seat #6 is the button
Seat 1: anetkaapro ($72 in chips)
Seat 6: kr.poker8029 ($146.94 in chips)
kr.poker8029: posts small blind $1
anetkaapro: posts big blind $3
*** HOLE CARDS ***
kr.poker8029: raises $3 to $6
anetkaapro: raises $3 to $9
kr.poker8029: calls $3
*** FLOP *** [Kd 7s Ts]
anetkaapro: bets $3
kr.poker8029: calls $3
*** TURN *** [Kd 7s Ts] [Ks]
anetkaapro: checks
kr.poker8029: checks
*** RIVER *** [Kd 7s Ts Ks] [8c]
anetkaapro: checks
kr.poker8029: bets $6
anetkaapro: calls $6
*** SHOW DOWN ***
kr.poker8029: shows [Jd 8d] (two pair, Kings and Eights)
anetkaapro: mucks hand
kr.poker8029 collected $35.50 from pot
*** SUMMARY ***
Total pot $36 | Rake $0.50
Board [Kd 7s Ts Ks 8c]
Seat 1: anetkaapro (big blind) mucked
Seat 6: kr.poker8029 (button) (small blind) showed [Jd 8d] and won ($35.50) with two pair, Kings and Eights


PokerStars Hand #150526498735:  Hold'em Limit ($3/$6 USD) - 2016/03/18 2:46:09 ET
Table 'Cloanthus' 6-max Seat #1 is the button
Seat 1: anetkaapro ($72 in chips)
Seat 6: kr.poker8029 ($164.44 in chips)
anetkaapro: posts small blind $1
kr.poker8029: posts big blind $3
*** HOLE CARDS ***
anetkaapro: raises $3 to $6
kr.poker8029: calls $3
*** FLOP *** [5c 6s Js]
kr.poker8029: checks
anetkaapro: bets $3
kr.poker8029: raises $3 to $6
anetkaapro: calls $3
*** TURN *** [5c 6s Js] [7d]
kr.poker8029: bets $6
anetkaapro: calls $6
*** RIVER *** [5c 6s Js 7d] [9s]
kr.poker8029: bets $6
anetkaapro: calls $6
*** SHOW DOWN ***
kr.poker8029: shows [Jh Kd] (a pair of Jacks)
anetkaapro: mucks hand
kr.poker8029 collected $47.50 from pot
*** SUMMARY ***
Total pot $48 | Rake $0.50
Board [5c 6s Js 7d 9s]
Seat 1: anetkaapro (button) (small blind) mucked
Seat 6: kr.poker8029 (big blind) showed [Jh Kd] and won ($47.50) with a pair of Jacks


PokerStars Hand #150526521948:  Hold'em Limit ($3/$6 USD) - 2016/03/18 2:47:38 ET
Table 'Cloanthus' 6-max Seat #6 is the button
Seat 1: anetkaapro ($72 in chips)
Seat 6: kr.poker8029 ($234.22 in chips)
kr.poker8029: posts small blind $1
anetkaapro: posts big blind $3
*** HOLE CARDS ***
kr.poker8029: raises $3 to $6
anetkaapro: folds
Uncalled bet ($3) returned to kr.poker8029
kr.poker8029 collected $6 from pot
*** SUMMARY ***
Total pot $6 | Rake $0
Seat 1: anetkaapro (big blind) folded before Flop
Seat 6: kr.poker8029 (button) (small blind) collected ($6)


PokerStars Hand #150526516415:  Hold'em Limit ($3/$6 USD) - 2016/03/18 2:47:17 ET
Table 'Cloanthus' 6-max Seat #1 is the button
Seat 1: anetkaapro ($72 in chips)
Seat 6: kr.poker8029 ($210.72 in chips)
anetkaapro: posts small blind $1
kr.poker8029: posts big blind $3
*** HOLE CARDS ***
anetkaapro: raises $3 to $6
kr.poker8029: calls $3
*** FLOP *** [6s 8h 5c]
kr.poker8029: checks
anetkaapro: bets $3
kr.poker8029: raises $3 to $6
anetkaapro: calls $3
*** TURN *** [6s 8h 5c] [2c]
kr.poker8029: bets $6
anetkaapro: calls $6
*** RIVER *** [6s 8h 5c 2c] [Jd]
kr.poker8029: bets $6
anetkaapro: calls $6
*** SHOW DOWN ***
kr.poker8029: shows [8s Ac] (a pair of Eights)
anetkaapro: mucks hand
kr.poker8029 collected $47.50 from pot
*** SUMMARY ***
Total pot $48 | Rake $0.50
Board [6s 8h 5c 2c Jd]
Seat 1: anetkaapro (button) (small blind) mucked
Seat 6: kr.poker8029 (big blind) showed [8s Ac] and won ($47.50) with a pair of Eights


PokerStars Hand #150526514114:  Hold'em Limit ($3/$6 USD) - 2016/03/18 2:47:08 ET
Table 'Cloanthus' 6-max Seat #6 is the button
Seat 1: anetkaapro ($77.76 in chips)
Seat 6: kr.poker8029 ($204.96 in chips)
kr.poker8029: posts small blind $1
anetkaapro: posts big blind $3
*** HOLE CARDS ***
kr.poker8029: raises $3 to $6
anetkaapro: calls $3
*** FLOP *** [7h 3c Ad]
anetkaapro: checks
kr.poker8029: bets $3
anetkaapro: folds
Uncalled bet ($3) returned to kr.poker8029
kr.poker8029 collected $11.76 from pot
*** SUMMARY ***
Total pot $12 | Rake $0.24
Board [7h 3c Ad]
Seat 1: anetkaapro (big blind) folded on the Flop
Seat 6: kr.poker8029 (button) (small blind) collected ($11.76)


PokerStars Hand #150526511772:  Hold'em Limit ($3/$6 USD) - 2016/03/18 2:46:59 ET
Table 'Cloanthus' 6-max Seat #1 is the button
Seat 1: anetkaapro ($72 in chips)
Seat 6: kr.poker8029 ($210.96 in chips)
anetkaapro: posts small blind $1
kr.poker8029: posts big blind $3
*** HOLE CARDS ***
anetkaapro: raises $3 to $6
kr.poker8029: calls $3
*** FLOP *** [Jh As Jc]
kr.poker8029: checks
anetkaapro: bets $3
kr.poker8029: folds
Uncalled bet ($3) returned to anetkaapro
anetkaapro collected $11.76 from pot
anetkaapro: doesn't show hand
*** SUMMARY ***
Total pot $12 | Rake $0.24
Board [Jh As Jc]
Seat 1: anetkaapro (button) (small blind) collected ($11.76)
Seat 6: kr.poker8029 (big blind) folded on the Flop


PokerStars Hand #150526527905:  Hold'em Limit ($3/$6 USD) - 2016/03/18 2:48:01 ET
Table 'Cloanthus' 6-max Seat #6 is the button
Seat 1: anetkaapro ($72 in chips)
Seat 6: kr.poker8029 ($248.74 in chips)
kr.poker8029: posts small blind $1
anetkaapro: posts big blind $3
*** HOLE CARDS ***
kr.poker8029: folds
Uncalled bet ($2) returned to anetkaapro
anetkaapro collected $2 from pot
anetkaapro: doesn't show hand
*** SUMMARY ***
Total pot $2 | Rake $0
Seat 1: anetkaapro (big blind) collected ($2)
Seat 6: kr.poker8029 (button) (small blind) folded before Flop


PokerStars Hand #150526523353:  Hold'em Limit ($3/$6 USD) - 2016/03/18 2:47:43 ET
Table 'Cloanthus' 6-max Seat #1 is the button
Seat 1: anetkaapro ($72 in chips)
Seat 6: kr.poker8029 ($237.22 in chips)
anetkaapro: posts small blind $1
kr.poker8029: posts big blind $3
*** HOLE CARDS ***
anetkaapro: raises $3 to $6
kr.poker8029: calls $3
*** FLOP *** [6h 2c 4c]
kr.poker8029: checks
anetkaapro: checks
*** TURN *** [6h 2c 4c] [7d]
kr.poker8029: bets $6
anetkaapro: calls $6
*** RIVER *** [6h 2c 4c 7d] [Qc]
kr.poker8029: bets $6
anetkaapro: folds
Uncalled bet ($6) returned to kr.poker8029
kr.poker8029 collected $23.52 from pot
*** SUMMARY ***
Total pot $24 | Rake $0.48
Board [6h 2c 4c 7d Qc]
Seat 1: anetkaapro (button) (small blind) folded on the River
Seat 6: kr.poker8029 (big blind) collected ($23.52)


PokerStars Hand #150526534161:  Hold'em Limit ($3/$6 USD) - 2016/03/18 2:48:25 ET
Table 'Cloanthus' 6-max Seat #6 is the button
Seat 1: anetkaapro ($102.50 in chips)
Seat 6: kr.poker8029 ($217.74 in chips)
kr.poker8029: posts small blind $1
anetkaapro: posts big blind $3
*** HOLE CARDS ***
kr.poker8029: raises $3 to $6
anetkaapro: calls $3
*** FLOP *** [3c Jc 3s]
anetkaapro: checks
kr.poker8029: bets $3
anetkaapro: calls $3
*** TURN *** [3c Jc 3s] [7s]
anetkaapro: checks
kr.poker8029: checks
*** RIVER *** [3c Jc 3s 7s] [4s]
anetkaapro: checks
kr.poker8029: checks
*** SHOW DOWN ***
anetkaapro: shows [Ks 6d] (a pair of Threes)
kr.poker8029: shows [As 5d] (a pair of Threes - Ace kicker)
kr.poker8029 collected $17.64 from pot
*** SUMMARY ***
Total pot $18 | Rake $0.36
Board [3c Jc 3s 7s 4s]
Seat 1: anetkaapro (big blind) showed [Ks 6d] and lost with a pair of Threes
Seat 6: kr.poker8029 (button) (small blind) showed [As 5d] and won ($17.64) with a pair of Threes


PokerStars Hand #150526529370:  Hold'em Limit ($3/$6 USD) - 2016/03/18 2:48:06 ET
Table 'Cloanthus' 6-max Seat #1 is the button
Seat 1: anetkaapro ($73 in chips)
Seat 6: kr.poker8029 ($247.74 in chips)
anetkaapro: posts small blind $1
kr.poker8029: posts big blind $3
*** HOLE CARDS ***
anetkaapro: raises $3 to $6
kr.poker8029: calls $3
*** FLOP *** [2h Qs 8s]
kr.poker8029: checks
anetkaapro: bets $3
kr.poker8029: raises $3 to $6
anetkaapro: calls $3
*** TURN *** [2h Qs 8s] [Ts]
kr.poker8029: bets $6
anetkaapro: raises $6 to $12
kr.poker8029: calls $6
*** RIVER *** [2h Qs 8s Ts] [5h]
kr.poker8029: checks
anetkaapro: bets $6
kr.poker8029: calls $6
*** SHOW DOWN ***
anetkaapro: shows [Jc Jd] (a pair of Jacks)
kr.poker8029: mucks hand
anetkaapro collected $59.50 from pot
*** SUMMARY ***
Total pot $60 | Rake $0.50
Board [2h Qs 8s Ts 5h]
Seat 1: anetkaapro (button) (small blind) showed [Jc Jd] and won ($59.50) with a pair of Jacks
Seat 6: kr.poker8029 (big blind) mucked


PokerStars Hand #150526537384:  Hold'em Limit ($3/$6 USD) - 2016/03/18 2:48:37 ET
Table 'Cloanthus' 6-max Seat #1 is the button
Seat 1: anetkaapro ($93.50 in chips)
Seat 6: kr.poker8029 ($226.38 in chips)
anetkaapro: posts small blind $1
kr.poker8029: posts big blind $3
*** HOLE CARDS ***
anetkaapro: raises $3 to $6
kr.poker8029: raises $3 to $9
anetkaapro: calls $3
*** FLOP *** [Ac 7h Qc]
kr.poker8029: bets $3
anetkaapro: folds
Uncalled bet ($3) returned to kr.poker8029
kr.poker8029 collected $17.64 from pot
*** SUMMARY ***
Total pot $18 | Rake $0.36
Board [Ac 7h Qc]
Seat 1: anetkaapro (button) (small blind) folded on the Flop
Seat 6: kr.poker8029 (big blind) collected ($17.64)


PokerStars Hand #150526559145:  Hold'em Limit ($3/$6 USD) - 2016/03/18 2:49:59 ET
Table 'Cloanthus' 6-max Seat #1 is the button
Seat 1: anetkaapro ($78.76 in chips)
Seat 6: kr.poker8029 ($254.52 in chips)
anetkaapro: posts small blind $1
kr.poker8029: posts big blind $3
*** HOLE CARDS ***
anetkaapro: raises $3 to $6
kr.poker8029: raises $3 to $9
anetkaapro: calls $3
*** FLOP *** [5h 8d 8c]
kr.poker8029: bets $3
anetkaapro: raises $3 to $6
kr.poker8029: calls $3
*** TURN *** [5h 8d 8c] [6s]
kr.poker8029: checks
anetkaapro: bets $6
kr.poker8029: calls $6
*** RIVER *** [5h 8d 8c 6s] [2h]
kr.poker8029: checks
anetkaapro: bets $6
kr.poker8029: calls $6
*** SHOW DOWN ***
anetkaapro: shows [5d Td] (two pair, Eights and Fives)
kr.poker8029: mucks hand
anetkaapro collected $53.50 from pot
*** SUMMARY ***
Total pot $54 | Rake $0.50
Board [5h 8d 8c 6s 2h]
Seat 1: anetkaapro (button) (small blind) showed [5d Td] and won ($53.50) with two pair, Eights and Fives
Seat 6: kr.poker8029 (big blind) mucked


PokerStars Hand #150526564382:  Hold'em Limit ($3/$6 USD) - 2016/03/18 2:50:20 ET
Table 'Cloanthus' 6-max Seat #6 is the button
Seat 1: anetkaapro ($105.26 in chips)
Seat 6: kr.poker8029 ($227.52 in chips)
kr.poker8029: posts small blind $1
anetkaapro: posts big blind $3
*** HOLE CARDS ***
kr.poker8029: raises $3 to $6
anetkaapro: calls $3
*** FLOP *** [9h 2s Kh]
anetkaapro: checks
kr.poker8029: bets $3
anetkaapro: folds
Uncalled bet ($3) returned to kr.poker8029
kr.poker8029 collected $11.76 from pot
*** SUMMARY ***
Total pot $12 | Rake $0.24
Board [9h 2s Kh]
Seat 1: anetkaapro (big blind) folded on the Flop
Seat 6: kr.poker8029 (button) (small blind) collected ($11.76)


PokerStars Hand #150526540675:  Hold'em Limit ($3/$6 USD) - 2016/03/18 2:48:50 ET
Table 'Cloanthus' 6-max Seat #6 is the button
Seat 1: anetkaapro ($84.50 in chips)
Seat 6: kr.poker8029 ($235.02 in chips)
kr.poker8029: posts small blind $1
anetkaapro: posts big blind $3
*** HOLE CARDS ***
kr.poker8029: raises $3 to $6
anetkaapro: calls $3
*** FLOP *** [9h 3h 4d]
anetkaapro: checks
kr.poker8029: checks
*** TURN *** [9h 3h 4d] [4h]
anetkaapro: bets $6
kr.poker8029: calls $6
*** RIVER *** [9h 3h 4d 4h] [Ts]
anetkaapro: bets $6
kr.poker8029: folds
Uncalled bet ($6) returned to anetkaapro
anetkaapro collected $23.52 from pot
anetkaapro: doesn't show hand
*** SUMMARY ***
Total pot $24 | Rake $0.48
Board [9h 3h 4d 4h Ts]
Seat 1: anetkaapro (big blind) collected ($23.52)
Seat 6: kr.poker8029 (button) (small blind) folded on the River


PokerStars Hand #150526546116:  Hold'em Limit ($3/$6 USD) - 2016/03/18 2:49:10 ET
Table 'Cloanthus' 6-max Seat #6 is the button
Seat 1: anetkaapro ($95.02 in chips)
Seat 6: kr.poker8029 ($224.02 in chips)
kr.poker8029: posts small blind $1
anetkaapro: posts big blind $3
*** HOLE CARDS ***
kr.poker8029: folds
Uncalled bet ($2) returned to anetkaapro
anetkaapro collected $2 from pot
anetkaapro: doesn't show hand
*** SUMMARY ***
Total pot $2 | Rake $0
Seat 1: anetkaapro (big blind) collected ($2)
Seat 6: kr.poker8029 (button) (small blind) folded before Flop


PokerStars Hand #150526544969:  Hold'em Limit ($3/$6 USD) - 2016/03/18 2:49:06 ET
Table 'Cloanthus' 6-max Seat #1 is the button
Seat 1: anetkaapro ($96.02 in chips)
Seat 6: kr.poker8029 ($223.02 in chips)
anetkaapro: posts small blind $1
kr.poker8029: posts big blind $3
*** HOLE CARDS ***
anetkaapro: folds
Uncalled bet ($2) returned to kr.poker8029
kr.poker8029 collected $2 from pot
*** SUMMARY ***
Total pot $2 | Rake $0
Seat 1: anetkaapro (button) (small blind) folded before Flop
Seat 6: kr.poker8029 (big blind) collected ($2)


PokerStars Hand #150526547494:  Hold'em Limit ($3/$6 USD) - 2016/03/18 2:49:15 ET
Table 'Cloanthus' 6-max Seat #1 is the button
Seat 1: anetkaapro ($96.02 in chips)
Seat 6: kr.poker8029 ($223.02 in chips)
anetkaapro: posts small blind $1
kr.poker8029: posts big blind $3
*** HOLE CARDS ***
anetkaapro: raises $3 to $6
kr.poker8029: folds
Uncalled bet ($3) returned to anetkaapro
anetkaapro collected $6 from pot
anetkaapro: doesn't show hand
*** SUMMARY ***
Total pot $6 | Rake $0
Seat 1: anetkaapro (button) (small blind) collected ($6)
Seat 6: kr.poker8029 (big blind) folded before Flop


PokerStars Hand #150526548891:  Hold'em Limit ($3/$6 USD) - 2016/03/18 2:49:20 ET
Table 'Cloanthus' 6-max Seat #6 is the button
Seat 1: anetkaapro ($99.02 in chips)
Seat 6: kr.poker8029 ($220.02 in chips)
kr.poker8029: posts small blind $1
anetkaapro: posts big blind $3
*** HOLE CARDS ***
kr.poker8029: raises $3 to $6
anetkaapro: raises $3 to $9
kr.poker8029: calls $3
*** FLOP *** [Ts 6s 2h]
anetkaapro: bets $3
kr.poker8029: calls $3
*** TURN *** [Ts 6s 2h] [8c]
anetkaapro: bets $6
kr.poker8029: calls $6
*** RIVER *** [Ts 6s 2h 8c] [Ad]
anetkaapro: bets $6
kr.poker8029: raises $6 to $12
anetkaapro: raises $6 to $18
kr.poker8029: raises $6 to $24
Betting is capped
anetkaapro: calls $6
*** SHOW DOWN ***
kr.poker8029: shows [2d 2c] (three of a kind, Deuces)
anetkaapro: mucks hand
kr.poker8029 collected $83.50 from pot
*** SUMMARY ***
Total pot $84 | Rake $0.50
Board [Ts 6s 2h 8c Ad]
Seat 1: anetkaapro (big blind) mucked
Seat 6: kr.poker8029 (button) (small blind) showed [2d 2c] and won ($83.50) with three of a kind, Deuces


PokerStars Hand #150526552960:  Hold'em Limit ($3/$6 USD) - 2016/03/18 2:49:36 ET
Table 'Cloanthus' 6-max Seat #1 is the button
Seat 1: anetkaapro ($72 in chips)
Seat 6: kr.poker8029 ($261.52 in chips)
anetkaapro: posts small blind $1
kr.poker8029: posts big blind $3
*** HOLE CARDS ***
anetkaapro: raises $3 to $6
kr.poker8029: calls $3
*** FLOP *** [8h Ts Js]
kr.poker8029: checks
anetkaapro: bets $3
kr.poker8029: folds
Uncalled bet ($3) returned to anetkaapro
anetkaapro collected $11.76 from pot
anetkaapro: doesn't show hand
*** SUMMARY ***
Total pot $12 | Rake $0.24
Board [8h Ts Js]
Seat 1: anetkaapro (button) (small blind) collected ($11.76)
Seat 6: kr.poker8029 (big blind) folded on the Flop


PokerStars Hand #150526556520:  Hold'em Limit ($3/$6 USD) - 2016/03/18 2:49:49 ET
Table 'Cloanthus' 6-max Seat #1 is the button
Seat 1: anetkaapro ($78.76 in chips)
Seat 6: kr.poker8029 ($254.52 in chips)
anetkaapro: posts small blind $1
kr.poker8029: posts big blind $3
*** HOLE CARDS ***
anetkaapro: folds
Uncalled bet ($2) returned to kr.poker8029
kr.poker8029 collected $2 from pot
*** SUMMARY ***
Total pot $2 | Rake $0
Seat 1: anetkaapro (button) (small blind) folded before Flop
Seat 6: kr.poker8029 (big blind) collected ($2)


PokerStars Hand #150526555150:  Hold'em Limit ($3/$6 USD) - 2016/03/18 2:49:44 ET
Table 'Cloanthus' 6-max Seat #6 is the button
Seat 1: anetkaapro ($77.76 in chips)
Seat 6: kr.poker8029 ($255.52 in chips)
kr.poker8029: posts small blind $1
anetkaapro: posts big blind $3
*** HOLE CARDS ***
kr.poker8029: folds
Uncalled bet ($2) returned to anetkaapro
anetkaapro collected $2 from pot
anetkaapro: doesn't show hand
*** SUMMARY ***
Total pot $2 | Rake $0
Seat 1: anetkaapro (big blind) collected ($2)
Seat 6: kr.poker8029 (button) (small blind) folded before Flop


PokerStars Hand #150526557850:  Hold'em Limit ($3/$6 USD) - 2016/03/18 2:49:54 ET
Table 'Cloanthus' 6-max Seat #6 is the button
Seat 1: anetkaapro ($77.76 in chips)
Seat 6: kr.poker8029 ($255.52 in chips)
kr.poker8029: posts small blind $1
anetkaapro: posts big blind $3
*** HOLE CARDS ***
kr.poker8029: folds
Uncalled bet ($2) returned to anetkaapro
anetkaapro collected $2 from pot
anetkaapro: doesn't show hand
*** SUMMARY ***
Total pot $2 | Rake $0
Seat 1: anetkaapro (big blind) collected ($2)
Seat 6: kr.poker8029 (button) (small blind) folded before Flop


PokerStars Hand #150526574766:  Hold'em Limit ($3/$6 USD) - 2016/03/18 2:50:59 ET
Table 'Cloanthus' 6-max Seat #1 is the button
Seat 1: anetkaapro ($99.26 in chips)
Seat 6: kr.poker8029 ($233.28 in chips)
anetkaapro: posts small blind $1
kr.poker8029: posts big blind $3
*** HOLE CARDS ***
anetkaapro: raises $3 to $6
kr.poker8029: calls $3
*** FLOP *** [Qc Td 5h]
kr.poker8029: checks
anetkaapro: bets $3
kr.poker8029: calls $3
*** TURN *** [Qc Td 5h] [2d]
kr.poker8029: checks
anetkaapro: bets $6
kr.poker8029: calls $6
*** RIVER *** [Qc Td 5h 2d] [5d]
kr.poker8029: checks
anetkaapro: bets $6
kr.poker8029: calls $6
*** SHOW DOWN ***
anetkaapro: shows [2s 9s] (two pair, Fives and Deuces)
kr.poker8029: mucks hand
anetkaapro collected $41.50 from pot
*** SUMMARY ***
Total pot $42 | Rake $0.50
Board [Qc Td 5h 2d 5d]
Seat 1: anetkaapro (button) (small blind) showed [2s 9s] and won ($41.50) with two pair, Fives and Deuces
Seat 6: kr.poker8029 (big blind) mucked


PokerStars Hand #150526573356:  Hold'em Limit ($3/$6 USD) - 2016/03/18 2:50:53 ET
Table 'Cloanthus' 6-max Seat #6 is the button
Seat 1: anetkaapro ($102.26 in chips)
Seat 6: kr.poker8029 ($230.28 in chips)
kr.poker8029: posts small blind $1
anetkaapro: posts big blind $3
*** HOLE CARDS ***
kr.poker8029: raises $3 to $6
anetkaapro: folds
Uncalled bet ($3) returned to kr.poker8029
kr.poker8029 collected $6 from pot
*** SUMMARY ***
Total pot $6 | Rake $0
Seat 1: anetkaapro (big blind) folded before Flop
Seat 6: kr.poker8029 (button) (small blind) collected ($6)


PokerStars Hand #150526572273:  Hold'em Limit ($3/$6 USD) - 2016/03/18 2:50:49 ET
Table 'Cloanthus' 6-max Seat #1 is the button
Seat 1: anetkaapro ($103.26 in chips)
Seat 6: kr.poker8029 ($229.28 in chips)
anetkaapro: posts small blind $1
kr.poker8029: posts big blind $3
*** HOLE CARDS ***
anetkaapro: folds
Uncalled bet ($2) returned to kr.poker8029
kr.poker8029 collected $2 from pot
*** SUMMARY ***
Total pot $2 | Rake $0
Seat 1: anetkaapro (button) (small blind) folded before Flop
Seat 6: kr.poker8029 (big blind) collected ($2)


PokerStars Hand #150526570885:  Hold'em Limit ($3/$6 USD) - 2016/03/18 2:50:44 ET
Table 'Cloanthus' 6-max Seat #6 is the button
Seat 1: anetkaapro ($102.26 in chips)
Seat 6: kr.poker8029 ($230.28 in chips)
kr.poker8029: posts small blind $1
anetkaapro: posts big blind $3
*** HOLE CARDS ***
kr.poker8029: folds
Uncalled bet ($2) returned to anetkaapro
anetkaapro collected $2 from pot
anetkaapro: doesn't show hand
*** SUMMARY ***
Total pot $2 | Rake $0
Seat 1: anetkaapro (big blind) collected ($2)
Seat 6: kr.poker8029 (button) (small blind) folded before Flop


PokerStars Hand #150526569531:  Hold'em Limit ($3/$6 USD) - 2016/03/18 2:50:39 ET
Table 'Cloanthus' 6-max Seat #1 is the button
Seat 1: anetkaapro ($99.26 in chips)
Seat 6: kr.poker8029 ($233.28 in chips)
anetkaapro: posts small blind $1
kr.poker8029: posts big blind $3
*** HOLE CARDS ***
anetkaapro: raises $3 to $6
kr.poker8029: folds
Uncalled bet ($3) returned to anetkaapro
anetkaapro collected $6 from pot
anetkaapro: doesn't show hand
*** SUMMARY ***
Total pot $6 | Rake $0
Seat 1: anetkaapro (button) (small blind) collected ($6)
Seat 6: kr.poker8029 (big blind) folded before Flop


PokerStars Hand #150526584378:  Hold'em Limit ($3/$6 USD) - 2016/03/18 2:51:35 ET
Table 'Cloanthus' 6-max Seat #1 is the button
Seat 1: anetkaapro ($131.28 in chips)
Seat 6: kr.poker8029 ($200.28 in chips)
anetkaapro: posts small blind $1
kr.poker8029: posts big blind $3
*** HOLE CARDS ***
anetkaapro: folds
Uncalled bet ($2) returned to kr.poker8029
kr.poker8029 collected $2 from pot
*** SUMMARY ***
Total pot $2 | Rake $0
Seat 1: anetkaapro (button) (small blind) folded before Flop
Seat 6: kr.poker8029 (big blind) collected ($2)


PokerStars Hand #150526581376:  Hold'em Limit ($3/$6 USD) - 2016/03/18 2:51:24 ET
Table 'Cloanthus' 6-max Seat #6 is the button
Seat 1: anetkaapro ($119.76 in chips)
Seat 6: kr.poker8029 ($212.28 in chips)
kr.poker8029: posts small blind $1
anetkaapro: posts big blind $3
*** HOLE CARDS ***
kr.poker8029: raises $3 to $6
anetkaapro: calls $3
*** FLOP *** [Th Jh 5d]
anetkaapro: checks
kr.poker8029: bets $3
anetkaapro: raises $3 to $6
kr.poker8029: calls $3
*** TURN *** [Th Jh 5d] [5s]
anetkaapro: bets $6
kr.poker8029: folds
Uncalled bet ($6) returned to anetkaapro
anetkaapro collected $23.52 from pot
anetkaapro: doesn't show hand
*** SUMMARY ***
Total pot $24 | Rake $0.48
Board [Th Jh 5d 5s]
Seat 1: anetkaapro (big blind) collected ($23.52)
Seat 6: kr.poker8029 (button) (small blind) folded on the Turn


PokerStars Hand #150526585516:  Hold'em Limit ($3/$6 USD) - 2016/03/18 2:51:39 ET
Table 'Cloanthus' 6-max Seat #6 is the button
Seat 1: anetkaapro ($130.28 in chips)
Seat 6: kr.poker8029 ($201.28 in chips)
kr.poker8029: posts small blind $1
anetkaapro: posts big blind $3
*** HOLE CARDS ***
kr.poker8029: raises $3 to $6
anetkaapro: raises $3 to $9
kr.poker8029: calls $3
*** FLOP *** [8h Ad Ks]
anetkaapro: bets $3
kr.poker8029: calls $3
*** TURN *** [8h Ad Ks] [3h]
anetkaapro: bets $6
kr.poker8029: calls $6
*** RIVER *** [8h Ad Ks 3h] [2s]
anetkaapro: bets $6
kr.poker8029: folds
Uncalled bet ($6) returned to anetkaapro
anetkaapro collected $35.50 from pot
anetkaapro: doesn't show hand
Grieserix joins the table at seat #5
*** SUMMARY ***
Total pot $36 | Rake $0.50
Board [8h Ad Ks 3h 2s]
Seat 1: anetkaapro (big blind) collected ($35.50)
Seat 6: kr.poker8029 (button) (small blind) folded on the River


PokerStars Hand #150529195282:  Hold'em Limit ($3/$6 USD) - 2016/03/18 5:12:36 ET
Table 'Cloanthus' 6-max Seat #6 is the button
Seat 4: icebookman ($60.15 in chips)
Seat 6: HAL9QQQ ($224.99 in chips)
HAL9QQQ: posts small blind $1
icebookman: posts big blind $3
*** HOLE CARDS ***
HAL9QQQ: raises $3 to $6
icebookman: raises $3 to $9
HAL9QQQ: calls $3
*** FLOP *** [Ks 5s Qh]
icebookman: bets $3
HAL9QQQ: folds
Uncalled bet ($3) returned to icebookman
icebookman collected $17.64 from pot
icebookman: doesn't show hand
*** SUMMARY ***
Total pot $18 | Rake $0.36
Board [Ks 5s Qh]
Seat 4: icebookman (big blind) collected ($17.64)
Seat 6: HAL9QQQ (button) (small blind) folded on the Flop


