PokerStars Hand #146791235599:  Hold'em Limit ($3/$6 USD) - 2016/01/10 7:48:26 ET
Table 'Cloelia' 2-max Seat #1 is the button
Seat 1: GO99APE ($117 in chips)
Seat 2: -koen-2011 ($123 in chips)
GO99APE: posts small blind $1
-koen-2011: posts big blind $3
*** HOLE CARDS ***
GO99APE: folds
Uncalled bet ($2) returned to -koen-2011
-koen-2011 collected $2 from pot
-koen-2011: doesn't show hand
*** SUMMARY ***
Total pot $2 | Rake $0
Seat 1: GO99APE (button) (small blind) folded before Flop
Seat 2: -koen-2011 (big blind) collected ($2)


PokerStars Hand #146791224366:  Hold'em Limit ($3/$6 USD) - 2016/01/10 7:48:10 ET
Table 'Cloelia' 2-max Seat #2 is the button
Seat 1: GO99APE ($116 in chips)
Seat 2: -koen-2011 ($124 in chips)
-koen-2011: posts small blind $1
GO99APE: posts big blind $3
*** HOLE CARDS ***
-koen-2011: folds
Uncalled bet ($2) returned to GO99APE
GO99APE collected $2 from pot
GO99APE: doesn't show hand
*** SUMMARY ***
Total pot $2 | Rake $0
Seat 1: GO99APE (big blind) collected ($2)
Seat 2: -koen-2011 (button) (small blind) folded before Flop


PokerStars Hand #146791220620:  Hold'em Limit ($3/$6 USD) - 2016/01/10 7:48:05 ET
Table 'Cloelia' 2-max Seat #1 is the button
Seat 1: GO99APE ($117 in chips)
Seat 2: -koen-2011 ($123 in chips)
GO99APE: posts small blind $1
-koen-2011: posts big blind $3
*** HOLE CARDS ***
GO99APE: folds
Uncalled bet ($2) returned to -koen-2011
-koen-2011 collected $2 from pot
-koen-2011: doesn't show hand
*** SUMMARY ***
Total pot $2 | Rake $0
Seat 1: GO99APE (button) (small blind) folded before Flop
Seat 2: -koen-2011 (big blind) collected ($2)


PokerStars Hand #146791202701:  Hold'em Limit ($3/$6 USD) - 2016/01/10 7:47:41 ET
Table 'Cloelia' 2-max Seat #2 is the button
Seat 1: GO99APE ($120 in chips)
Seat 2: -koen-2011 ($120 in chips)
-koen-2011: posts small blind $1
GO99APE: posts big blind $3
*** HOLE CARDS ***
-koen-2011: raises $3 to $6
GO99APE: folds
Uncalled bet ($3) returned to -koen-2011
-koen-2011 collected $6 from pot
-koen-2011: doesn't show hand
*** SUMMARY ***
Total pot $6 | Rake $0
Seat 1: GO99APE (big blind) folded before Flop
Seat 2: -koen-2011 (button) (small blind) collected ($6)


PokerStars Hand #146791285432:  Hold'em Limit ($3/$6 USD) - 2016/01/10 7:49:38 ET
Table 'Cloelia' 2-max Seat #2 is the button
Seat 1: GO99APE ($139.38 in chips)
Seat 2: -koen-2011 ($122.76 in chips)
-koen-2011: posts small blind $1
GO99APE: posts big blind $3
*** HOLE CARDS ***
-koen-2011: folds
Uncalled bet ($2) returned to GO99APE
GO99APE collected $2 from pot
GO99APE: doesn't show hand
*** SUMMARY ***
Total pot $2 | Rake $0
Seat 1: GO99APE (big blind) collected ($2)
Seat 2: -koen-2011 (button) (small blind) folded before Flop


PokerStars Hand #146791280363:  Hold'em Limit ($3/$6 USD) - 2016/01/10 7:49:30 ET
Table 'Cloelia' 2-max Seat #1 is the button
Seat 1: GO99APE ($136.38 in chips)
Seat 2: -koen-2011 ($125.76 in chips)
GO99APE: posts small blind $1
-koen-2011: posts big blind $3
*** HOLE CARDS ***
GO99APE: raises $3 to $6
-koen-2011: folds
Uncalled bet ($3) returned to GO99APE
GO99APE collected $6 from pot
GO99APE: doesn't show hand
*** SUMMARY ***
Total pot $6 | Rake $0
Seat 1: GO99APE (button) (small blind) collected ($6)
Seat 2: -koen-2011 (big blind) folded before Flop


PokerStars Hand #146791271568:  Hold'em Limit ($3/$6 USD) - 2016/01/10 7:49:18 ET
Table 'Cloelia' 2-max Seat #2 is the button
Seat 1: GO99APE ($142.38 in chips)
Seat 2: -koen-2011 ($120 in chips)
-koen-2011: posts small blind $1
GO99APE: posts big blind $3
*** HOLE CARDS ***
-koen-2011: raises $3 to $6
GO99APE: calls $3
*** FLOP *** [4d 8c 3d]
GO99APE: checks
-koen-2011: bets $3
GO99APE: folds
Uncalled bet ($3) returned to -koen-2011
-koen-2011 collected $11.76 from pot
-koen-2011: doesn't show hand
*** SUMMARY ***
Total pot $12 | Rake $0.24
Board [4d 8c 3d]
Seat 1: GO99APE (big blind) folded on the Flop
Seat 2: -koen-2011 (button) (small blind) collected ($11.76)


PokerStars Hand #146791257616:  Hold'em Limit ($3/$6 USD) - 2016/01/10 7:48:58 ET
Table 'Cloelia' 2-max Seat #1 is the button
Seat 1: GO99APE ($139.50 in chips)
Seat 2: -koen-2011 ($120 in chips)
GO99APE: posts small blind $1
-koen-2011: posts big blind $3
*** HOLE CARDS ***
GO99APE: calls $2
-koen-2011: checks
*** FLOP *** [3c 9h Kc]
-koen-2011: checks
GO99APE: checks
*** TURN *** [3c 9h Kc] [9s]
-koen-2011: checks
GO99APE: bets $6
-koen-2011: folds
Uncalled bet ($6) returned to GO99APE
GO99APE collected $5.88 from pot
GO99APE: doesn't show hand
*** SUMMARY ***
Total pot $6 | Rake $0.12
Board [3c 9h Kc 9s]
Seat 1: GO99APE (button) (small blind) collected ($5.88)
Seat 2: -koen-2011 (big blind) folded on the Turn


PokerStars Hand #146791239103:  Hold'em Limit ($3/$6 USD) - 2016/01/10 7:48:31 ET
Table 'Cloelia' 2-max Seat #2 is the button
Seat 1: GO99APE ($116 in chips)
Seat 2: -koen-2011 ($124 in chips)
-koen-2011: posts small blind $1
GO99APE: posts big blind $3
*** HOLE CARDS ***
-koen-2011: raises $3 to $6
GO99APE: calls $3
*** FLOP *** [9h Jh 5d]
GO99APE: checks
-koen-2011: bets $3
GO99APE: raises $3 to $6
-koen-2011: calls $3
*** TURN *** [9h Jh 5d] [Ac]
GO99APE: bets $6
-koen-2011: calls $6
*** RIVER *** [9h Jh 5d Ac] [5h]
GO99APE: bets $6
-koen-2011: calls $6
*** SHOW DOWN ***
GO99APE: shows [Ks Jd] (two pair, Jacks and Fives)
-koen-2011: mucks hand
GO99APE collected $47.50 from pot
*** SUMMARY ***
Total pot $48 | Rake $0.50
Board [9h Jh 5d Ac 5h]
Seat 1: GO99APE (big blind) showed [Ks Jd] and won ($47.50) with two pair, Jacks and Fives
Seat 2: -koen-2011 (button) (small blind) mucked


PokerStars Hand #146791330947:  Hold'em Limit ($3/$6 USD) - 2016/01/10 7:50:43 ET
Table 'Cloelia' 2-max Seat #2 is the button
Seat 1: GO99APE ($150.88 in chips)
Seat 2: -koen-2011 ($126.76 in chips)
-koen-2011: posts small blind $1
GO99APE: posts big blind $3
*** HOLE CARDS ***
-koen-2011: raises $3 to $6
GO99APE: folds
Uncalled bet ($3) returned to -koen-2011
-koen-2011 collected $6 from pot
-koen-2011: doesn't show hand
*** SUMMARY ***
Total pot $6 | Rake $0
Seat 1: GO99APE (big blind) folded before Flop
Seat 2: -koen-2011 (button) (small blind) collected ($6)


PokerStars Hand #146791326111:  Hold'em Limit ($3/$6 USD) - 2016/01/10 7:50:36 ET
Table 'Cloelia' 2-max Seat #1 is the button
Seat 1: GO99APE ($147.88 in chips)
Seat 2: -koen-2011 ($129.76 in chips)
GO99APE: posts small blind $1
-koen-2011: posts big blind $3
*** HOLE CARDS ***
GO99APE: raises $3 to $6
-koen-2011: folds
Uncalled bet ($3) returned to GO99APE
GO99APE collected $6 from pot
GO99APE: doesn't show hand
*** SUMMARY ***
Total pot $6 | Rake $0
Seat 1: GO99APE (button) (small blind) collected ($6)
Seat 2: -koen-2011 (big blind) folded before Flop


PokerStars Hand #146791321030:  Hold'em Limit ($3/$6 USD) - 2016/01/10 7:50:29 ET
Table 'Cloelia' 2-max Seat #2 is the button
Seat 1: GO99APE ($150.88 in chips)
Seat 2: -koen-2011 ($126.76 in chips)
-koen-2011: posts small blind $1
GO99APE: posts big blind $3
*** HOLE CARDS ***
-koen-2011: raises $3 to $6
GO99APE: folds
Uncalled bet ($3) returned to -koen-2011
-koen-2011 collected $6 from pot
-koen-2011: doesn't show hand
*** SUMMARY ***
Total pot $6 | Rake $0
Seat 1: GO99APE (big blind) folded before Flop
Seat 2: -koen-2011 (button) (small blind) collected ($6)


PokerStars Hand #146791317638:  Hold'em Limit ($3/$6 USD) - 2016/01/10 7:50:24 ET
Table 'Cloelia' 2-max Seat #1 is the button
Seat 1: GO99APE ($151.88 in chips)
Seat 2: -koen-2011 ($125.76 in chips)
GO99APE: posts small blind $1
-koen-2011: posts big blind $3
*** HOLE CARDS ***
GO99APE: folds
Uncalled bet ($2) returned to -koen-2011
-koen-2011 collected $2 from pot
-koen-2011: doesn't show hand
*** SUMMARY ***
Total pot $2 | Rake $0
Seat 1: GO99APE (button) (small blind) folded before Flop
Seat 2: -koen-2011 (big blind) collected ($2)


PokerStars Hand #146791314178:  Hold'em Limit ($3/$6 USD) - 2016/01/10 7:50:19 ET
Table 'Cloelia' 2-max Seat #2 is the button
Seat 1: GO99APE ($150.88 in chips)
Seat 2: -koen-2011 ($126.76 in chips)
-koen-2011: posts small blind $1
GO99APE: posts big blind $3
*** HOLE CARDS ***
-koen-2011: folds
Uncalled bet ($2) returned to GO99APE
GO99APE collected $2 from pot
GO99APE: doesn't show hand
*** SUMMARY ***
Total pot $2 | Rake $0
Seat 1: GO99APE (big blind) collected ($2)
Seat 2: -koen-2011 (button) (small blind) folded before Flop


PokerStars Hand #146791310754:  Hold'em Limit ($3/$6 USD) - 2016/01/10 7:50:14 ET
Table 'Cloelia' 2-max Seat #1 is the button
Seat 1: GO99APE ($151.88 in chips)
Seat 2: -koen-2011 ($125.76 in chips)
GO99APE: posts small blind $1
-koen-2011: posts big blind $3
*** HOLE CARDS ***
GO99APE: folds
Uncalled bet ($2) returned to -koen-2011
-koen-2011 collected $2 from pot
-koen-2011: doesn't show hand
*** SUMMARY ***
Total pot $2 | Rake $0
Seat 1: GO99APE (button) (small blind) folded before Flop
Seat 2: -koen-2011 (big blind) collected ($2)


PokerStars Hand #146791303267:  Hold'em Limit ($3/$6 USD) - 2016/01/10 7:50:03 ET
Table 'Cloelia' 2-max Seat #2 is the button
Seat 1: GO99APE ($157.88 in chips)
Seat 2: -koen-2011 ($120 in chips)
-koen-2011: posts small blind $1
GO99APE: posts big blind $3
*** HOLE CARDS ***
-koen-2011: raises $3 to $6
GO99APE: calls $3
*** FLOP *** [Qc Th Jh]
GO99APE: checks
-koen-2011: bets $3
GO99APE: folds
Uncalled bet ($3) returned to -koen-2011
-koen-2011 collected $11.76 from pot
-koen-2011: doesn't show hand
*** SUMMARY ***
Total pot $12 | Rake $0.24
Board [Qc Th Jh]
Seat 1: GO99APE (big blind) folded on the Flop
Seat 2: -koen-2011 (button) (small blind) collected ($11.76)


PokerStars Hand #146791289429:  Hold'em Limit ($3/$6 USD) - 2016/01/10 7:49:43 ET
Table 'Cloelia' 2-max Seat #1 is the button
Seat 1: GO99APE ($140.38 in chips)
Seat 2: -koen-2011 ($121.76 in chips)
GO99APE: posts small blind $1
-koen-2011: posts big blind $3
*** HOLE CARDS ***
GO99APE: raises $3 to $6
-koen-2011: calls $3
*** FLOP *** [2s 2d Td]
-koen-2011: checks
GO99APE: checks
*** TURN *** [2s 2d Td] [7d]
-koen-2011: bets $6
GO99APE: calls $6
*** RIVER *** [2s 2d Td 7d] [Js]
-koen-2011: bets $6
GO99APE: calls $6
*** SHOW DOWN ***
-koen-2011: shows [9s Kd] (a pair of Deuces)
GO99APE: shows [7h Qs] (two pair, Sevens and Deuces)
GO99APE collected $35.50 from pot
*** SUMMARY ***
Total pot $36 | Rake $0.50
Board [2s 2d Td 7d Js]
Seat 1: GO99APE (button) (small blind) showed [7h Qs] and won ($35.50) with two pair, Sevens and Deuces
Seat 2: -koen-2011 (big blind) showed [9s Kd] and lost with a pair of Deuces


PokerStars Hand #146791410804:  Hold'em Limit ($3/$6 USD) - 2016/01/10 7:52:37 ET
Table 'Cloelia' 2-max Seat #2 is the button
Seat 1: GO99APE ($216.88 in chips)
Seat 2: -koen-2011 ($120 in chips)
-koen-2011: posts small blind $1
GO99APE: posts big blind $3
*** HOLE CARDS ***
-koen-2011: raises $3 to $6
GO99APE: folds
Uncalled bet ($3) returned to -koen-2011
-koen-2011 collected $6 from pot
-koen-2011: doesn't show hand
*** SUMMARY ***
Total pot $6 | Rake $0
Seat 1: GO99APE (big blind) folded before Flop
Seat 2: -koen-2011 (button) (small blind) collected ($6)


PokerStars Hand #146791399481:  Hold'em Limit ($3/$6 USD) - 2016/01/10 7:52:21 ET
Table 'Cloelia' 2-max Seat #1 is the button
Seat 1: GO99APE ($199.38 in chips)
Seat 2: -koen-2011 ($120 in chips)
GO99APE: posts small blind $1
-koen-2011: posts big blind $3
*** HOLE CARDS ***
GO99APE: raises $3 to $6
-koen-2011: raises $3 to $9
GO99APE: calls $3
*** FLOP *** [4d Jh Qh]
-koen-2011: bets $3
GO99APE: calls $3
*** TURN *** [4d Jh Qh] [2s]
-koen-2011: bets $6
GO99APE: calls $6
*** RIVER *** [4d Jh Qh 2s] [8h]
-koen-2011: checks
GO99APE: checks
*** SHOW DOWN ***
-koen-2011: shows [9c Ad] (high card Ace)
GO99APE: shows [Qd 9s] (a pair of Queens)
GO99APE collected $35.50 from pot
*** SUMMARY ***
Total pot $36 | Rake $0.50
Board [4d Jh Qh 2s 8h]
Seat 1: GO99APE (button) (small blind) showed [Qd 9s] and won ($35.50) with a pair of Queens
Seat 2: -koen-2011 (big blind) showed [9c Ad] and lost with high card Ace


PokerStars Hand #146791387308:  Hold'em Limit ($3/$6 USD) - 2016/01/10 7:52:04 ET
Table 'Cloelia' 2-max Seat #2 is the button
Seat 1: GO99APE ($172.88 in chips)
Seat 2: -koen-2011 ($121 in chips)
-koen-2011: posts small blind $1
GO99APE: posts big blind $3
*** HOLE CARDS ***
-koen-2011: raises $3 to $6
GO99APE: calls $3
*** FLOP *** [8s 9d Tc]
GO99APE: bets $3
-koen-2011: calls $3
*** TURN *** [8s 9d Tc] [As]
GO99APE: bets $6
-koen-2011: raises $6 to $12
GO99APE: calls $6
*** RIVER *** [8s 9d Tc As] [5c]
GO99APE: checks
-koen-2011: bets $6
GO99APE: calls $6
*** SHOW DOWN ***
-koen-2011: shows [9c 3c] (a pair of Nines)
GO99APE: shows [8c 9s] (two pair, Nines and Eights)
GO99APE collected $53.50 from pot
*** SUMMARY ***
Total pot $54 | Rake $0.50
Board [8s 9d Tc As 5c]
Seat 1: GO99APE (big blind) showed [8c 9s] and won ($53.50) with two pair, Nines and Eights
Seat 2: -koen-2011 (button) (small blind) showed [9c 3c] and lost with a pair of Nines


PokerStars Hand #146791448706:  Hold'em Limit ($3/$6 USD) - 2016/01/10 7:53:32 ET
Table 'Cloelia' 2-max Seat #2 is the button
Seat 1: GO99APE ($187.88 in chips)
Seat 2: -koen-2011 ($148.04 in chips)
-koen-2011: posts small blind $1
GO99APE: posts big blind $3
*** HOLE CARDS ***
-koen-2011: raises $3 to $6
GO99APE: calls $3
*** FLOP *** [Js 3d 5d]
GO99APE: checks
-koen-2011: bets $3
GO99APE: calls $3
*** TURN *** [Js 3d 5d] [Ah]
GO99APE: checks
-koen-2011: bets $6
GO99APE: folds
Uncalled bet ($6) returned to -koen-2011
-koen-2011 collected $17.64 from pot
-koen-2011: doesn't show hand
*** SUMMARY ***
Total pot $18 | Rake $0.36
Board [Js 3d 5d Ah]
Seat 1: GO99APE (big blind) folded on the Turn
Seat 2: -koen-2011 (button) (small blind) collected ($17.64)


PokerStars Hand #146791445527:  Hold'em Limit ($3/$6 USD) - 2016/01/10 7:53:27 ET
Table 'Cloelia' 2-max Seat #1 is the button
Seat 1: GO99APE ($188.88 in chips)
Seat 2: -koen-2011 ($147.04 in chips)
GO99APE: posts small blind $1
-koen-2011: posts big blind $3
*** HOLE CARDS ***
GO99APE: folds
Uncalled bet ($2) returned to -koen-2011
-koen-2011 collected $2 from pot
-koen-2011: doesn't show hand
*** SUMMARY ***
Total pot $2 | Rake $0
Seat 1: GO99APE (button) (small blind) folded before Flop
Seat 2: -koen-2011 (big blind) collected ($2)


PokerStars Hand #146791437877:  Hold'em Limit ($3/$6 USD) - 2016/01/10 7:53:16 ET
Table 'Cloelia' 2-max Seat #2 is the button
Seat 1: GO99APE ($194.88 in chips)
Seat 2: -koen-2011 ($141.28 in chips)
-koen-2011: posts small blind $1
GO99APE: posts big blind $3
*** HOLE CARDS ***
-koen-2011: raises $3 to $6
GO99APE: calls $3
*** FLOP *** [2d 8h 7h]
GO99APE: checks
-koen-2011: bets $3
GO99APE: folds
Uncalled bet ($3) returned to -koen-2011
-koen-2011 collected $11.76 from pot
-koen-2011: doesn't show hand
*** SUMMARY ***
Total pot $12 | Rake $0.24
Board [2d 8h 7h]
Seat 1: GO99APE (big blind) folded on the Flop
Seat 2: -koen-2011 (button) (small blind) collected ($11.76)


PokerStars Hand #146791414991:  Hold'em Limit ($3/$6 USD) - 2016/01/10 7:52:43 ET
Table 'Cloelia' 2-max Seat #1 is the button
Seat 1: GO99APE ($213.88 in chips)
Seat 2: -koen-2011 ($123 in chips)
GO99APE: posts small blind $1
-koen-2011: posts big blind $3
*** HOLE CARDS ***
GO99APE: raises $3 to $6
-koen-2011: raises $3 to $9
GO99APE: calls $3
*** FLOP *** [6c Qd 2c]
-koen-2011: bets $3
GO99APE: calls $3
*** TURN *** [6c Qd 2c] [7d]
-koen-2011: bets $6
GO99APE: folds
Uncalled bet ($6) returned to -koen-2011
-koen-2011 collected $23.52 from pot
-koen-2011: doesn't show hand
*** SUMMARY ***
Total pot $24 | Rake $0.48
Board [6c Qd 2c 7d]
Seat 1: GO99APE (button) (small blind) folded on the Turn
Seat 2: -koen-2011 (big blind) collected ($23.52)


PokerStars Hand #146791434713:  Hold'em Limit ($3/$6 USD) - 2016/01/10 7:53:12 ET
Table 'Cloelia' 2-max Seat #1 is the button
Seat 1: GO99APE ($195.88 in chips)
Seat 2: -koen-2011 ($140.28 in chips)
GO99APE: posts small blind $1
-koen-2011: posts big blind $3
*** HOLE CARDS ***
GO99APE: folds
Uncalled bet ($2) returned to -koen-2011
-koen-2011 collected $2 from pot
-koen-2011: doesn't show hand
*** SUMMARY ***
Total pot $2 | Rake $0
Seat 1: GO99APE (button) (small blind) folded before Flop
Seat 2: -koen-2011 (big blind) collected ($2)


PokerStars Hand #146791424178:  Hold'em Limit ($3/$6 USD) - 2016/01/10 7:52:56 ET
Table 'Cloelia' 2-max Seat #2 is the button
Seat 1: GO99APE ($201.88 in chips)
Seat 2: -koen-2011 ($134.52 in chips)
-koen-2011: posts small blind $1
GO99APE: posts big blind $3
*** HOLE CARDS ***
-koen-2011: raises $3 to $6
GO99APE: calls $3
*** FLOP *** [2s 7s 6c]
GO99APE: checks
-koen-2011: checks
*** TURN *** [2s 7s 6c] [Ad]
GO99APE: checks
-koen-2011: bets $6
GO99APE: folds
Uncalled bet ($6) returned to -koen-2011
-koen-2011 collected $11.76 from pot
-koen-2011: doesn't show hand
*** SUMMARY ***
Total pot $12 | Rake $0.24
Board [2s 7s 6c Ad]
Seat 1: GO99APE (big blind) folded on the Turn
Seat 2: -koen-2011 (button) (small blind) collected ($11.76)


PokerStars Hand #146791336440:  Hold'em Limit ($3/$6 USD) - 2016/01/10 7:50:51 ET
Table 'Cloelia' 2-max Seat #1 is the button
Seat 1: GO99APE ($147.88 in chips)
Seat 2: -koen-2011 ($129.76 in chips)
GO99APE: posts small blind $1
-koen-2011: posts big blind $3
*** HOLE CARDS ***
GO99APE: raises $3 to $6
-koen-2011: raises $3 to $9
GO99APE: calls $3
*** FLOP *** [2d 5h Kd]
-koen-2011: bets $3
GO99APE: calls $3
*** TURN *** [2d 5h Kd] [3h]
-koen-2011: bets $6
GO99APE: calls $6
*** RIVER *** [2d 5h Kd 3h] [Qc]
-koen-2011: bets $6
GO99APE: calls $6
*** SHOW DOWN ***
-koen-2011: shows [Qs Ad] (a pair of Queens)
GO99APE: mucks hand
-koen-2011 collected $47.50 from pot
*** SUMMARY ***
Total pot $48 | Rake $0.50
Board [2d 5h Kd 3h Qc]
Seat 1: GO99APE (button) (small blind) mucked
Seat 2: -koen-2011 (big blind) showed [Qs Ad] and won ($47.50) with a pair of Queens


PokerStars Hand #146791351893:  Hold'em Limit ($3/$6 USD) - 2016/01/10 7:51:13 ET
Table 'Cloelia' 2-max Seat #1 is the button
Seat 1: GO99APE ($124.88 in chips)
Seat 2: -koen-2011 ($152.26 in chips)
GO99APE: posts small blind $1
-koen-2011: posts big blind $3
*** HOLE CARDS ***
GO99APE: folds
Uncalled bet ($2) returned to -koen-2011
-koen-2011 collected $2 from pot
-koen-2011: doesn't show hand
*** SUMMARY ***
Total pot $2 | Rake $0
Seat 1: GO99APE (button) (small blind) folded before Flop
Seat 2: -koen-2011 (big blind) collected ($2)


PokerStars Hand #146791347752:  Hold'em Limit ($3/$6 USD) - 2016/01/10 7:51:07 ET
Table 'Cloelia' 2-max Seat #2 is the button
Seat 1: GO99APE ($123.88 in chips)
Seat 2: -koen-2011 ($153.26 in chips)
-koen-2011: posts small blind $1
GO99APE: posts big blind $3
*** HOLE CARDS ***
-koen-2011: folds
Uncalled bet ($2) returned to GO99APE
GO99APE collected $2 from pot
GO99APE: doesn't show hand
*** SUMMARY ***
Total pot $2 | Rake $0
Seat 1: GO99APE (big blind) collected ($2)
Seat 2: -koen-2011 (button) (small blind) folded before Flop


PokerStars Hand #146791355063:  Hold'em Limit ($3/$6 USD) - 2016/01/10 7:51:17 ET
Table 'Cloelia' 2-max Seat #2 is the button
Seat 1: GO99APE ($123.88 in chips)
Seat 2: -koen-2011 ($153.26 in chips)
-koen-2011: posts small blind $1
GO99APE: posts big blind $3
*** HOLE CARDS ***
-koen-2011: raises $3 to $6
GO99APE: folds
Uncalled bet ($3) returned to -koen-2011
-koen-2011 collected $6 from pot
-koen-2011: doesn't show hand
*** SUMMARY ***
Total pot $6 | Rake $0
Seat 1: GO99APE (big blind) folded before Flop
Seat 2: -koen-2011 (button) (small blind) collected ($6)


PokerStars Hand #146791359076:  Hold'em Limit ($3/$6 USD) - 2016/01/10 7:51:23 ET
Table 'Cloelia' 2-max Seat #1 is the button
Seat 1: GO99APE ($120.88 in chips)
Seat 2: -koen-2011 ($156.26 in chips)
GO99APE: posts small blind $1
-koen-2011: posts big blind $3
*** HOLE CARDS ***
GO99APE: raises $3 to $6
-koen-2011: raises $3 to $9
GO99APE: calls $3
*** FLOP *** [8s 6d 2s]
-koen-2011: bets $3
GO99APE: calls $3
*** TURN *** [8s 6d 2s] [Ah]
-koen-2011: bets $6
GO99APE: raises $6 to $12
-koen-2011: folds
Uncalled bet ($6) returned to GO99APE
GO99APE collected $35.50 from pot
GO99APE: doesn't show hand
*** SUMMARY ***
Total pot $36 | Rake $0.50
Board [8s 6d 2s Ah]
Seat 1: GO99APE (button) (small blind) collected ($35.50)
Seat 2: -koen-2011 (big blind) folded on the Turn


PokerStars Hand #146791460015:  Hold'em Limit ($3/$6 USD) - 2016/01/10 7:53:48 ET
Table 'Cloelia' 2-max Seat #1 is the button
Seat 1: GO99APE ($178.88 in chips)
Seat 2: -koen-2011 ($156.68 in chips)
GO99APE: posts small blind $1
-koen-2011: posts big blind $3
*** HOLE CARDS ***
GO99APE: raises $3 to $6
-koen-2011: calls $3
*** FLOP *** [5d 9c 2h]
-koen-2011: checks
GO99APE: bets $3
-koen-2011: calls $3
*** TURN *** [5d 9c 2h] [2c]
-koen-2011: checks
GO99APE: checks
*** RIVER *** [5d 9c 2h 2c] [9s]
-koen-2011: bets $6
GO99APE: folds
Uncalled bet ($6) returned to -koen-2011
-koen-2011 collected $17.64 from pot
-koen-2011: doesn't show hand
*** SUMMARY ***
Total pot $18 | Rake $0.36
Board [5d 9c 2h 2c 9s]
Seat 1: GO99APE (button) (small blind) folded on the River
Seat 2: -koen-2011 (big blind) collected ($17.64)


PokerStars Hand #146791495896:  Hold'em Limit ($3/$6 USD) - 2016/01/10 7:54:39 ET
Table 'Cloelia' 2-max Seat #1 is the button
Seat 1: GO99APE ($163.52 in chips)
Seat 2: -koen-2011 ($170.84 in chips)
GO99APE: posts small blind $1
-koen-2011: posts big blind $3
*** HOLE CARDS ***
GO99APE: folds
Uncalled bet ($2) returned to -koen-2011
-koen-2011 collected $2 from pot
-koen-2011: doesn't show hand
*** SUMMARY ***
Total pot $2 | Rake $0
Seat 1: GO99APE (button) (small blind) folded before Flop
Seat 2: -koen-2011 (big blind) collected ($2)


PokerStars Hand #146791488503:  Hold'em Limit ($3/$6 USD) - 2016/01/10 7:54:28 ET
Table 'Cloelia' 2-max Seat #2 is the button
Seat 1: GO99APE ($154.88 in chips)
Seat 2: -koen-2011 ($179.84 in chips)
-koen-2011: posts small blind $1
GO99APE: posts big blind $3
*** HOLE CARDS ***
-koen-2011: raises $3 to $6
GO99APE: raises $3 to $9
-koen-2011: calls $3
*** FLOP *** [2s Qh 3s]
GO99APE: bets $3
-koen-2011: folds
Uncalled bet ($3) returned to GO99APE
GO99APE collected $17.64 from pot
GO99APE: doesn't show hand
*** SUMMARY ***
Total pot $18 | Rake $0.36
Board [2s Qh 3s]
Seat 1: GO99APE (big blind) collected ($17.64)
Seat 2: -koen-2011 (button) (small blind) folded on the Flop


PokerStars Hand #146791476797:  Hold'em Limit ($3/$6 USD) - 2016/01/10 7:54:11 ET
Table 'Cloelia' 2-max Seat #1 is the button
Seat 1: GO99APE ($166.88 in chips)
Seat 2: -koen-2011 ($168.32 in chips)
GO99APE: posts small blind $1
-koen-2011: posts big blind $3
*** HOLE CARDS ***
GO99APE: raises $3 to $6
-koen-2011: calls $3
*** FLOP *** [2h 2s 2c]
-koen-2011: checks
GO99APE: checks
*** TURN *** [2h 2s 2c] [5s]
-koen-2011: checks
GO99APE: bets $6
-koen-2011: calls $6
*** RIVER *** [2h 2s 2c 5s] [3h]
-koen-2011: checks
GO99APE: checks
*** SHOW DOWN ***
-koen-2011: shows [7h Ad] (three of a kind, Deuces)
GO99APE: mucks hand
-koen-2011 collected $23.52 from pot
*** SUMMARY ***
Total pot $24 | Rake $0.48
Board [2h 2s 2c 5s 3h]
Seat 1: GO99APE (button) (small blind) mucked
Seat 2: -koen-2011 (big blind) showed [7h Ad] and won ($23.52) with three of a kind, Deuces


PokerStars Hand #146791472903:  Hold'em Limit ($3/$6 USD) - 2016/01/10 7:54:06 ET
Table 'Cloelia' 2-max Seat #2 is the button
Seat 1: GO99APE ($169.88 in chips)
Seat 2: -koen-2011 ($165.32 in chips)
-koen-2011: posts small blind $1
GO99APE: posts big blind $3
*** HOLE CARDS ***
-koen-2011: raises $3 to $6
GO99APE: folds
Uncalled bet ($3) returned to -koen-2011
-koen-2011 collected $6 from pot
-koen-2011: doesn't show hand
*** SUMMARY ***
Total pot $6 | Rake $0
Seat 1: GO99APE (big blind) folded before Flop
Seat 2: -koen-2011 (button) (small blind) collected ($6)


PokerStars Hand #146791503938:  Hold'em Limit ($3/$6 USD) - 2016/01/10 7:54:50 ET
Table 'Cloelia' 2-max Seat #1 is the button
Seat 1: GO99APE ($159.52 in chips)
Seat 2: -koen-2011 ($174.84 in chips)
GO99APE: posts small blind $1
-koen-2011: posts big blind $3
*** HOLE CARDS ***
GO99APE: raises $3 to $6
-koen-2011: raises $3 to $9
GO99APE: calls $3
*** FLOP *** [2h Th Td]
-koen-2011: bets $3
GO99APE: raises $3 to $6
-koen-2011: calls $3
*** TURN *** [2h Th Td] [Qh]
-koen-2011: checks
GO99APE: bets $6
-koen-2011: calls $6
*** RIVER *** [2h Th Td Qh] [5h]
-koen-2011: checks
GO99APE: checks
*** SHOW DOWN ***
-koen-2011: shows [Kd Jd] (a pair of Tens)
GO99APE: shows [Tc Ks] (three of a kind, Tens)
GO99APE collected $41.50 from pot
*** SUMMARY ***
Total pot $42 | Rake $0.50
Board [2h Th Td Qh 5h]
Seat 1: GO99APE (button) (small blind) showed [Tc Ks] and won ($41.50) with three of a kind, Tens
Seat 2: -koen-2011 (big blind) showed [Kd Jd] and lost with a pair of Tens


PokerStars Hand #146791499471:  Hold'em Limit ($3/$6 USD) - 2016/01/10 7:54:44 ET
Table 'Cloelia' 2-max Seat #2 is the button
Seat 1: GO99APE ($162.52 in chips)
Seat 2: -koen-2011 ($171.84 in chips)
-koen-2011: posts small blind $1
GO99APE: posts big blind $3
*** HOLE CARDS ***
-koen-2011: raises $3 to $6
GO99APE: folds
Uncalled bet ($3) returned to -koen-2011
-koen-2011 collected $6 from pot
-koen-2011: doesn't show hand
*** SUMMARY ***
Total pot $6 | Rake $0
Seat 1: GO99APE (big blind) folded before Flop
Seat 2: -koen-2011 (button) (small blind) collected ($6)


PokerStars Hand #146791535313:  Hold'em Limit ($3/$6 USD) - 2016/01/10 7:55:39 ET
Table 'Cloelia' 2-max Seat #2 is the button
Seat 1: GO99APE ($161.54 in chips)
Seat 2: -koen-2011 ($171.34 in chips)
-koen-2011: posts small blind $1
GO99APE: posts big blind $3
*** HOLE CARDS ***
-koen-2011: raises $3 to $6
GO99APE: folds
Uncalled bet ($3) returned to -koen-2011
-koen-2011 collected $6 from pot
-koen-2011: doesn't show hand
*** SUMMARY ***
Total pot $6 | Rake $0
Seat 1: GO99APE (big blind) folded before Flop
Seat 2: -koen-2011 (button) (small blind) collected ($6)


PokerStars Hand #146791528389:  Hold'em Limit ($3/$6 USD) - 2016/01/10 7:55:27 ET
Table 'Cloelia' 2-max Seat #1 is the button
Seat 1: GO99APE ($150.02 in chips)
Seat 2: -koen-2011 ($183.34 in chips)
GO99APE: posts small blind $1
-koen-2011: posts big blind $3
*** HOLE CARDS ***
GO99APE: raises $3 to $6
-koen-2011: raises $3 to $9
GO99APE: raises $3 to $12
Betting is capped
-koen-2011: calls $3
*** FLOP *** [Th 9h Qs]
-koen-2011: checks
GO99APE: bets $3
-koen-2011: folds
Uncalled bet ($3) returned to GO99APE
GO99APE collected $23.52 from pot
GO99APE: doesn't show hand
*** SUMMARY ***
Total pot $24 | Rake $0.48
Board [Th 9h Qs]
Seat 1: GO99APE (button) (small blind) collected ($23.52)
Seat 2: -koen-2011 (big blind) folded on the Flop


PokerStars Hand #146791517674:  Hold'em Limit ($3/$6 USD) - 2016/01/10 7:55:09 ET
Table 'Cloelia' 2-max Seat #2 is the button
Seat 1: GO99APE ($180.02 in chips)
Seat 2: -koen-2011 ($153.84 in chips)
-koen-2011: posts small blind $1
GO99APE: posts big blind $3
*** HOLE CARDS ***
-koen-2011: raises $3 to $6
GO99APE: raises $3 to $9
-koen-2011: calls $3
*** FLOP *** [3s 3c 2s]
GO99APE: bets $3
-koen-2011: calls $3
*** TURN *** [3s 3c 2s] [8h]
GO99APE: bets $6
-koen-2011: calls $6
*** RIVER *** [3s 3c 2s 8h] [5d]
GO99APE: bets $6
-koen-2011: raises $6 to $12
GO99APE: calls $6
*** SHOW DOWN ***
-koen-2011: shows [7c 5h] (two pair, Fives and Threes)
GO99APE: mucks hand
-koen-2011 collected $59.50 from pot
*** SUMMARY ***
Total pot $60 | Rake $0.50
Board [3s 3c 2s 8h 5d]
Seat 1: GO99APE (big blind) mucked
Seat 2: -koen-2011 (button) (small blind) showed [7c 5h] and won ($59.50) with two pair, Fives and Threes


PokerStars Hand #146791542255:  Hold'em Limit ($3/$6 USD) - 2016/01/10 7:55:50 ET
Table 'Cloelia' 2-max Seat #2 is the button
Seat 1: GO99APE ($161.54 in chips)
Seat 2: -koen-2011 ($171.34 in chips)
-koen-2011: posts small blind $1
GO99APE: posts big blind $3
*** HOLE CARDS ***
-koen-2011: raises $3 to $6
GO99APE: calls $3
*** FLOP *** [9d 6s 4d]
GO99APE: checks
-koen-2011: checks
*** TURN *** [9d 6s 4d] [6d]
GO99APE: checks
-koen-2011: checks
*** RIVER *** [9d 6s 4d 6d] [8d]
GO99APE: bets $6
-koen-2011: folds
Uncalled bet ($6) returned to GO99APE
GO99APE collected $11.76 from pot
GO99APE: doesn't show hand
*** SUMMARY ***
Total pot $12 | Rake $0.24
Board [9d 6s 4d 6d 8d]
Seat 1: GO99APE (big blind) collected ($11.76)
Seat 2: -koen-2011 (button) (small blind) folded on the River


PokerStars Hand #146791538762:  Hold'em Limit ($3/$6 USD) - 2016/01/10 7:55:44 ET
Table 'Cloelia' 2-max Seat #1 is the button
Seat 1: GO99APE ($158.54 in chips)
Seat 2: -koen-2011 ($174.34 in chips)
GO99APE: posts small blind $1
-koen-2011: posts big blind $3
*** HOLE CARDS ***
GO99APE: raises $3 to $6
-koen-2011: folds
Uncalled bet ($3) returned to GO99APE
GO99APE collected $6 from pot
GO99APE: doesn't show hand
*** SUMMARY ***
Total pot $6 | Rake $0
Seat 1: GO99APE (button) (small blind) collected ($6)
Seat 2: -koen-2011 (big blind) folded before Flop


PokerStars Hand #146791561850:  Hold'em Limit ($3/$6 USD) - 2016/01/10 7:56:23 ET
Table 'Cloelia' 2-max Seat #1 is the button
Seat 1: GO99APE ($162.30 in chips)
Seat 2: -koen-2011 ($170.10 in chips)
GO99APE: posts small blind $1
-koen-2011: posts big blind $3
*** HOLE CARDS ***
GO99APE: raises $3 to $6
-koen-2011: calls $3
*** FLOP *** [Qd 8d Tc]
-koen-2011: checks
GO99APE: bets $3
-koen-2011: raises $3 to $6
GO99APE: calls $3
*** TURN *** [Qd 8d Tc] [4c]
-koen-2011: bets $6
GO99APE: calls $6
*** RIVER *** [Qd 8d Tc 4c] [Ac]
-koen-2011: bets $6
GO99APE: raises $6 to $12
-koen-2011: raises $6 to $18
GO99APE: calls $6
*** SHOW DOWN ***
-koen-2011: shows [6c 9c] (a flush, Ace high)
GO99APE: mucks hand
-koen-2011 collected $71.50 from pot
*** SUMMARY ***
Total pot $72 | Rake $0.50
Board [Qd 8d Tc 4c Ac]
Seat 1: GO99APE (button) (small blind) mucked
Seat 2: -koen-2011 (big blind) showed [6c 9c] and won ($71.50) with a flush, Ace high


PokerStars Hand #146791559054:  Hold'em Limit ($3/$6 USD) - 2016/01/10 7:56:18 ET
Table 'Cloelia' 2-max Seat #2 is the button
Seat 1: GO99APE ($161.30 in chips)
Seat 2: -koen-2011 ($171.10 in chips)
-koen-2011: posts small blind $1
GO99APE: posts big blind $3
*** HOLE CARDS ***
-koen-2011: folds
Uncalled bet ($2) returned to GO99APE
GO99APE collected $2 from pot
GO99APE: doesn't show hand
*** SUMMARY ***
Total pot $2 | Rake $0
Seat 1: GO99APE (big blind) collected ($2)
Seat 2: -koen-2011 (button) (small blind) folded before Flop


PokerStars Hand #146791551079:  Hold'em Limit ($3/$6 USD) - 2016/01/10 7:56:05 ET
Table 'Cloelia' 2-max Seat #1 is the button
Seat 1: GO99APE ($167.30 in chips)
Seat 2: -koen-2011 ($165.34 in chips)
GO99APE: posts small blind $1
-koen-2011: posts big blind $3
*** HOLE CARDS ***
GO99APE: raises $3 to $6
-koen-2011: calls $3
*** FLOP *** [Ks 4s 5c]
-koen-2011: checks
GO99APE: checks
*** TURN *** [Ks 4s 5c] [Qc]
-koen-2011: bets $6
GO99APE: folds
Uncalled bet ($6) returned to -koen-2011
-koen-2011 collected $11.76 from pot
-koen-2011: doesn't show hand
*** SUMMARY ***
Total pot $12 | Rake $0.24
Board [Ks 4s 5c Qc]
Seat 1: GO99APE (button) (small blind) folded on the Turn
Seat 2: -koen-2011 (big blind) collected ($11.76)


PokerStars Hand #146791609841:  Hold'em Limit ($3/$6 USD) - 2016/01/10 7:57:42 ET
Table 'Cloelia' 2-max Seat #2 is the button
Seat 1: GO99APE ($135.80 in chips)
Seat 2: -koen-2011 ($195.36 in chips)
-koen-2011: posts small blind $1
GO99APE: posts big blind $3
*** HOLE CARDS ***
-koen-2011: folds
Uncalled bet ($2) returned to GO99APE
GO99APE collected $2 from pot
GO99APE: doesn't show hand
*** SUMMARY ***
Total pot $2 | Rake $0
Seat 1: GO99APE (big blind) collected ($2)
Seat 2: -koen-2011 (button) (small blind) folded before Flop


PokerStars Hand #146791606946:  Hold'em Limit ($3/$6 USD) - 2016/01/10 7:57:37 ET
Table 'Cloelia' 2-max Seat #1 is the button
Seat 1: GO99APE ($136.80 in chips)
Seat 2: -koen-2011 ($194.36 in chips)
GO99APE: posts small blind $1
-koen-2011: posts big blind $3
*** HOLE CARDS ***
GO99APE: folds
Uncalled bet ($2) returned to -koen-2011
-koen-2011 collected $2 from pot
-koen-2011: doesn't show hand
*** SUMMARY ***
Total pot $2 | Rake $0
Seat 1: GO99APE (button) (small blind) folded before Flop
Seat 2: -koen-2011 (big blind) collected ($2)


PokerStars Hand #146791578188:  Hold'em Limit ($3/$6 USD) - 2016/01/10 7:56:50 ET
Table 'Cloelia' 2-max Seat #1 is the button
Seat 1: GO99APE ($127.30 in chips)
Seat 2: -koen-2011 ($204.60 in chips)
GO99APE: posts small blind $1
-koen-2011: posts big blind $3
*** HOLE CARDS ***
GO99APE: folds
Uncalled bet ($2) returned to -koen-2011
-koen-2011 collected $2 from pot
-koen-2011: doesn't show hand
*** SUMMARY ***
Total pot $2 | Rake $0
Seat 1: GO99APE (button) (small blind) folded before Flop
Seat 2: -koen-2011 (big blind) collected ($2)


PokerStars Hand #146791574344:  Hold'em Limit ($3/$6 USD) - 2016/01/10 7:56:44 ET
Table 'Cloelia' 2-max Seat #2 is the button
Seat 1: GO99APE ($126.30 in chips)
Seat 2: -koen-2011 ($205.60 in chips)
-koen-2011: posts small blind $1
GO99APE: posts big blind $3
*** HOLE CARDS ***
-koen-2011: folds
Uncalled bet ($2) returned to GO99APE
GO99APE collected $2 from pot
GO99APE: doesn't show hand
*** SUMMARY ***
Total pot $2 | Rake $0
Seat 1: GO99APE (big blind) collected ($2)
Seat 2: -koen-2011 (button) (small blind) folded before Flop


PokerStars Hand #146791603845:  Hold'em Limit ($3/$6 USD) - 2016/01/10 7:57:32 ET
Table 'Cloelia' 2-max Seat #2 is the button
Seat 1: GO99APE ($135.80 in chips)
Seat 2: -koen-2011 ($195.36 in chips)
-koen-2011: posts small blind $1
GO99APE: posts big blind $3
*** HOLE CARDS ***
-koen-2011: folds
Uncalled bet ($2) returned to GO99APE
GO99APE collected $2 from pot
GO99APE: doesn't show hand
*** SUMMARY ***
Total pot $2 | Rake $0
Seat 1: GO99APE (big blind) collected ($2)
Seat 2: -koen-2011 (button) (small blind) folded before Flop


PokerStars Hand #146791594716:  Hold'em Limit ($3/$6 USD) - 2016/01/10 7:57:17 ET
Table 'Cloelia' 2-max Seat #1 is the button
Seat 1: GO99APE ($118.30 in chips)
Seat 2: -koen-2011 ($213.36 in chips)
GO99APE: posts small blind $1
-koen-2011: posts big blind $3
*** HOLE CARDS ***
GO99APE: raises $3 to $6
-koen-2011: raises $3 to $9
GO99APE: calls $3
*** FLOP *** [Ad Kd 2d]
-koen-2011: bets $3
GO99APE: calls $3
*** TURN *** [Ad Kd 2d] [6c]
-koen-2011: bets $6
GO99APE: calls $6
*** RIVER *** [Ad Kd 2d 6c] [7d]
-koen-2011: checks
GO99APE: checks
*** SHOW DOWN ***
-koen-2011: shows [4d 4h] (a flush, Ace high)
GO99APE: shows [Tc 6d] (a flush, Ace high - Six higher)
GO99APE collected $35.50 from pot
*** SUMMARY ***
Total pot $36 | Rake $0.50
Board [Ad Kd 2d 6c 7d]
Seat 1: GO99APE (button) (small blind) showed [Tc 6d] and won ($35.50) with a flush, Ace high
Seat 2: -koen-2011 (big blind) showed [4d 4h] and lost with a flush, Ace high


PokerStars Hand #146791591885:  Hold'em Limit ($3/$6 USD) - 2016/01/10 7:57:13 ET
Table 'Cloelia' 2-max Seat #2 is the button
Seat 1: GO99APE ($117.30 in chips)
Seat 2: -koen-2011 ($214.36 in chips)
-koen-2011: posts small blind $1
GO99APE: posts big blind $3
*** HOLE CARDS ***
-koen-2011: folds
Uncalled bet ($2) returned to GO99APE
GO99APE collected $2 from pot
GO99APE: doesn't show hand
*** SUMMARY ***
Total pot $2 | Rake $0
Seat 1: GO99APE (big blind) collected ($2)
Seat 2: -koen-2011 (button) (small blind) folded before Flop


PokerStars Hand #146791584309:  Hold'em Limit ($3/$6 USD) - 2016/01/10 7:57:00 ET
Table 'Cloelia' 2-max Seat #1 is the button
Seat 1: GO99APE ($123.30 in chips)
Seat 2: -koen-2011 ($208.60 in chips)
GO99APE: posts small blind $1
-koen-2011: posts big blind $3
*** HOLE CARDS ***
GO99APE: raises $3 to $6
-koen-2011: calls $3
*** FLOP *** [8h 7h 4h]
-koen-2011: checks
GO99APE: checks
*** TURN *** [8h 7h 4h] [Jd]
-koen-2011: bets $6
GO99APE: folds
Uncalled bet ($6) returned to -koen-2011
-koen-2011 collected $11.76 from pot
-koen-2011: doesn't show hand
*** SUMMARY ***
Total pot $12 | Rake $0.24
Board [8h 7h 4h Jd]
Seat 1: GO99APE (button) (small blind) folded on the Turn
Seat 2: -koen-2011 (big blind) collected ($11.76)


PokerStars Hand #146791580994:  Hold'em Limit ($3/$6 USD) - 2016/01/10 7:56:55 ET
Table 'Cloelia' 2-max Seat #2 is the button
Seat 1: GO99APE ($126.30 in chips)
Seat 2: -koen-2011 ($205.60 in chips)
-koen-2011: posts small blind $1
GO99APE: posts big blind $3
*** HOLE CARDS ***
-koen-2011: raises $3 to $6
GO99APE: folds
Uncalled bet ($3) returned to -koen-2011
-koen-2011 collected $6 from pot
-koen-2011: doesn't show hand
*** SUMMARY ***
Total pot $6 | Rake $0
Seat 1: GO99APE (big blind) folded before Flop
Seat 2: -koen-2011 (button) (small blind) collected ($6)


PokerStars Hand #146791629011:  Hold'em Limit ($3/$6 USD) - 2016/01/10 7:58:14 ET
Table 'Cloelia' 2-max Seat #2 is the button
Seat 1: GO99APE ($158.30 in chips)
Seat 2: -koen-2011 ($172.36 in chips)
-koen-2011: posts small blind $1
GO99APE: posts big blind $3
*** HOLE CARDS ***
-koen-2011: raises $3 to $6
GO99APE: calls $3
*** FLOP *** [4s Jh 5s]
GO99APE: checks
-koen-2011: bets $3
GO99APE: raises $3 to $6
-koen-2011: calls $3
*** TURN *** [4s Jh 5s] [Qc]
GO99APE: bets $6
-koen-2011: calls $6
*** RIVER *** [4s Jh 5s Qc] [As]
GO99APE: bets $6
-koen-2011: raises $6 to $12
GO99APE: calls $6
*** SHOW DOWN ***
-koen-2011: shows [Tc Ac] (a pair of Aces)
GO99APE: shows [4c 4h] (three of a kind, Fours)
GO99APE collected $59.50 from pot
*** SUMMARY ***
Total pot $60 | Rake $0.50
Board [4s Jh 5s Qc As]
Seat 1: GO99APE (big blind) showed [4c 4h] and won ($59.50) with three of a kind, Fours
Seat 2: -koen-2011 (button) (small blind) showed [Tc Ac] and lost with a pair of Aces


PokerStars Hand #146791625751:  Hold'em Limit ($3/$6 USD) - 2016/01/10 7:58:08 ET
Table 'Cloelia' 2-max Seat #1 is the button
Seat 1: GO99APE ($155.30 in chips)
Seat 2: -koen-2011 ($175.36 in chips)
GO99APE: posts small blind $1
-koen-2011: posts big blind $3
*** HOLE CARDS ***
GO99APE: raises $3 to $6
-koen-2011: folds
Uncalled bet ($3) returned to GO99APE
GO99APE collected $6 from pot
GO99APE: doesn't show hand
*** SUMMARY ***
Total pot $6 | Rake $0
Seat 1: GO99APE (button) (small blind) collected ($6)
Seat 2: -koen-2011 (big blind) folded before Flop


PokerStars Hand #146791643113:  Hold'em Limit ($3/$6 USD) - 2016/01/10 7:58:37 ET
Table 'Cloelia' 2-max Seat #1 is the button
Seat 1: GO99APE ($187.80 in chips)
Seat 2: -koen-2011 ($142.36 in chips)
GO99APE: posts small blind $1
-koen-2011: posts big blind $3
*** HOLE CARDS ***
GO99APE: calls $2
-koen-2011: raises $3 to $6
GO99APE: calls $3
*** FLOP *** [Ts 3d 3c]
-koen-2011: bets $3
GO99APE: folds
Uncalled bet ($3) returned to -koen-2011
-koen-2011 collected $11.76 from pot
-koen-2011: doesn't show hand
*** SUMMARY ***
Total pot $12 | Rake $0.24
Board [Ts 3d 3c]
Seat 1: GO99APE (button) (small blind) folded on the Flop
Seat 2: -koen-2011 (big blind) collected ($11.76)


PokerStars Hand #146791622905:  Hold'em Limit ($3/$6 USD) - 2016/01/10 7:58:04 ET
Table 'Cloelia' 2-max Seat #2 is the button
Seat 1: GO99APE ($154.30 in chips)
Seat 2: -koen-2011 ($176.36 in chips)
-koen-2011: posts small blind $1
GO99APE: posts big blind $3
*** HOLE CARDS ***
-koen-2011: folds
Uncalled bet ($2) returned to GO99APE
GO99APE collected $2 from pot
GO99APE: doesn't show hand
*** SUMMARY ***
Total pot $2 | Rake $0
Seat 1: GO99APE (big blind) collected ($2)
Seat 2: -koen-2011 (button) (small blind) folded before Flop


PokerStars Hand #146791612336:  Hold'em Limit ($3/$6 USD) - 2016/01/10 7:57:46 ET
Table 'Cloelia' 2-max Seat #1 is the button
Seat 1: GO99APE ($136.80 in chips)
Seat 2: -koen-2011 ($194.36 in chips)
GO99APE: posts small blind $1
-koen-2011: posts big blind $3
*** HOLE CARDS ***
GO99APE: raises $3 to $6
-koen-2011: raises $3 to $9
GO99APE: calls $3
*** FLOP *** [2c 8c 3d]
-koen-2011: bets $3
GO99APE: calls $3
*** TURN *** [2c 8c 3d] [Kc]
-koen-2011: bets $6
GO99APE: raises $6 to $12
-koen-2011: folds
Uncalled bet ($6) returned to GO99APE
GO99APE collected $35.50 from pot
GO99APE: doesn't show hand
*** SUMMARY ***
Total pot $36 | Rake $0.50
Board [2c 8c 3d Kc]
Seat 1: GO99APE (button) (small blind) collected ($35.50)
Seat 2: -koen-2011 (big blind) folded on the Turn


PokerStars Hand #146791671733:  Hold'em Limit ($3/$6 USD) - 2016/01/10 7:59:24 ET
Table 'Cloelia' 2-max Seat #1 is the button
Seat 1: GO99APE ($220.80 in chips)
Seat 2: -koen-2011 ($120 in chips)
GO99APE: posts small blind $1
-koen-2011: posts big blind $3
*** HOLE CARDS ***
GO99APE: folds
Uncalled bet ($2) returned to -koen-2011
-koen-2011 collected $2 from pot
-koen-2011: doesn't show hand
*** SUMMARY ***
Total pot $2 | Rake $0
Seat 1: GO99APE (button) (small blind) folded before Flop
Seat 2: -koen-2011 (big blind) collected ($2)


PokerStars Hand #146791662357:  Hold'em Limit ($3/$6 USD) - 2016/01/10 7:59:09 ET
Table 'Cloelia' 2-max Seat #2 is the button
Seat 1: GO99APE ($206.30 in chips)
Seat 2: -koen-2011 ($123.12 in chips)
-koen-2011: posts small blind $1
GO99APE: posts big blind $3
*** HOLE CARDS ***
-koen-2011: raises $3 to $6
GO99APE: calls $3
*** FLOP *** [5d Ad 7d]
GO99APE: checks
-koen-2011: bets $3
GO99APE: calls $3
*** TURN *** [5d Ad 7d] [2d]
GO99APE: checks
-koen-2011: checks
*** RIVER *** [5d Ad 7d 2d] [9h]
GO99APE: bets $6
-koen-2011: calls $6
*** SHOW DOWN ***
GO99APE: shows [6c Kd] (a flush, Ace high)
-koen-2011: mucks hand
GO99APE collected $29.50 from pot
*** SUMMARY ***
Total pot $30 | Rake $0.50
Board [5d Ad 7d 2d 9h]
Seat 1: GO99APE (big blind) showed [6c Kd] and won ($29.50) with a flush, Ace high
Seat 2: -koen-2011 (button) (small blind) mucked


PokerStars Hand #146791653271:  Hold'em Limit ($3/$6 USD) - 2016/01/10 7:58:54 ET
Table 'Cloelia' 2-max Seat #1 is the button
Seat 1: GO99APE ($182.80 in chips)
Seat 2: -koen-2011 ($147.12 in chips)
GO99APE: posts small blind $1
-koen-2011: posts big blind $3
*** HOLE CARDS ***
GO99APE: raises $3 to $6
-koen-2011: raises $3 to $9
GO99APE: calls $3
*** FLOP *** [3h Js Jc]
-koen-2011: bets $3
GO99APE: calls $3
*** TURN *** [3h Js Jc] [4s]
-koen-2011: bets $6
GO99APE: calls $6
*** RIVER *** [3h Js Jc 4s] [7c]
-koen-2011: bets $6
GO99APE: calls $6
*** SHOW DOWN ***
-koen-2011: shows [Tc 8c] (a pair of Jacks)
GO99APE: shows [6h Ah] (a pair of Jacks - Ace kicker)
GO99APE collected $47.50 from pot
*** SUMMARY ***
Total pot $48 | Rake $0.50
Board [3h Js Jc 4s 7c]
Seat 1: GO99APE (button) (small blind) showed [6h Ah] and won ($47.50) with a pair of Jacks
Seat 2: -koen-2011 (big blind) showed [Tc 8c] and lost with a pair of Jacks


PokerStars Hand #146791649465:  Hold'em Limit ($3/$6 USD) - 2016/01/10 7:58:48 ET
Table 'Cloelia' 2-max Seat #2 is the button
Seat 1: GO99APE ($181.80 in chips)
Seat 2: -koen-2011 ($148.12 in chips)
-koen-2011: posts small blind $1
GO99APE: posts big blind $3
*** HOLE CARDS ***
-koen-2011: folds
Uncalled bet ($2) returned to GO99APE
GO99APE collected $2 from pot
GO99APE: doesn't show hand
*** SUMMARY ***
Total pot $2 | Rake $0
Seat 1: GO99APE (big blind) collected ($2)
Seat 2: -koen-2011 (button) (small blind) folded before Flop


PokerStars Hand #146791674620:  Hold'em Limit ($3/$6 USD) - 2016/01/10 7:59:29 ET
Table 'Cloelia' 2-max Seat #2 is the button
Seat 1: GO99APE ($219.80 in chips)
Seat 2: -koen-2011 ($121 in chips)
-koen-2011: posts small blind $1
GO99APE: posts big blind $3
*** HOLE CARDS ***
-koen-2011: raises $3 to $6
GO99APE: calls $3
*** FLOP *** [Qd Jd 9c]
GO99APE: checks
-koen-2011: bets $3
GO99APE: calls $3
*** TURN *** [Qd Jd 9c] [Kc]
GO99APE: bets $6
-koen-2011: calls $6
*** RIVER *** [Qd Jd 9c Kc] [3h]
GO99APE: bets $6
-koen-2011: calls $6
*** SHOW DOWN ***
GO99APE: shows [Td 6d] (a straight, Nine to King)
-koen-2011: mucks hand
GO99APE collected $41.50 from pot
*** SUMMARY ***
Total pot $42 | Rake $0.50
Board [Qd Jd 9c Kc 3h]
Seat 1: GO99APE (big blind) showed [Td 6d] and won ($41.50) with a straight, Nine to King
Seat 2: -koen-2011 (button) (small blind) mucked


PokerStars Hand #146791691505:  Hold'em Limit ($3/$6 USD) - 2016/01/10 7:59:57 ET
Table 'Cloelia' 2-max Seat #2 is the button
Seat 1: GO99APE ($216.30 in chips)
Seat 2: -koen-2011 ($143.50 in chips)
-koen-2011: posts small blind $1
GO99APE: posts big blind $3
*** HOLE CARDS ***
-koen-2011: raises $3 to $6
GO99APE: folds
Uncalled bet ($3) returned to -koen-2011
-koen-2011 collected $6 from pot
-koen-2011: doesn't show hand
*** SUMMARY ***
Total pot $6 | Rake $0
Seat 1: GO99APE (big blind) folded before Flop
Seat 2: -koen-2011 (button) (small blind) collected ($6)


PokerStars Hand #146791701200:  Hold'em Limit ($3/$6 USD) - 2016/01/10 8:00:13 ET
Table 'Cloelia' 2-max Seat #2 is the button
Seat 1: GO99APE ($207.30 in chips)
Seat 2: -koen-2011 ($152.26 in chips)
-koen-2011: posts small blind $1
GO99APE: posts big blind $3
*** HOLE CARDS ***
-koen-2011: folds
Uncalled bet ($2) returned to GO99APE
GO99APE collected $2 from pot
GO99APE: doesn't show hand
*** SUMMARY ***
Total pot $2 | Rake $0
Seat 1: GO99APE (big blind) collected ($2)
Seat 2: -koen-2011 (button) (small blind) folded before Flop


PokerStars Hand #146791695223:  Hold'em Limit ($3/$6 USD) - 2016/01/10 8:00:03 ET
Table 'Cloelia' 2-max Seat #1 is the button
Seat 1: GO99APE ($213.30 in chips)
Seat 2: -koen-2011 ($146.50 in chips)
GO99APE: posts small blind $1
-koen-2011: posts big blind $3
*** HOLE CARDS ***
GO99APE: calls $2
-koen-2011: raises $3 to $6
GO99APE: calls $3
*** FLOP *** [8c Kd 8d]
-koen-2011: bets $3
GO99APE: folds
Uncalled bet ($3) returned to -koen-2011
-koen-2011 collected $11.76 from pot
-koen-2011: doesn't show hand
*** SUMMARY ***
Total pot $12 | Rake $0.24
Board [8c Kd 8d]
Seat 1: GO99APE (button) (small blind) folded on the Flop
Seat 2: -koen-2011 (big blind) collected ($11.76)


PokerStars Hand #146791707136:  Hold'em Limit ($3/$6 USD) - 2016/01/10 8:00:21 ET
Table 'Cloelia' 2-max Seat #2 is the button
Seat 1: GO99APE ($207.30 in chips)
Seat 2: -koen-2011 ($152.26 in chips)
-koen-2011: posts small blind $1
GO99APE: posts big blind $3
*** HOLE CARDS ***
-koen-2011: folds
Uncalled bet ($2) returned to GO99APE
GO99APE collected $2 from pot
GO99APE: doesn't show hand
*** SUMMARY ***
Total pot $2 | Rake $0
Seat 1: GO99APE (big blind) collected ($2)
Seat 2: -koen-2011 (button) (small blind) folded before Flop


PokerStars Hand #146791704059:  Hold'em Limit ($3/$6 USD) - 2016/01/10 8:00:17 ET
Table 'Cloelia' 2-max Seat #1 is the button
Seat 1: GO99APE ($208.30 in chips)
Seat 2: -koen-2011 ($151.26 in chips)
GO99APE: posts small blind $1
-koen-2011: posts big blind $3
*** HOLE CARDS ***
GO99APE: folds
Uncalled bet ($2) returned to -koen-2011
-koen-2011 collected $2 from pot
-koen-2011: doesn't show hand
*** SUMMARY ***
Total pot $2 | Rake $0
Seat 1: GO99APE (button) (small blind) folded before Flop
Seat 2: -koen-2011 (big blind) collected ($2)


PokerStars Hand #146791683479:  Hold'em Limit ($3/$6 USD) - 2016/01/10 7:59:44 ET
Table 'Cloelia' 2-max Seat #1 is the button
Seat 1: GO99APE ($240.30 in chips)
Seat 2: -koen-2011 ($120 in chips)
GO99APE: posts small blind $1
-koen-2011: posts big blind $3
*** HOLE CARDS ***
GO99APE: raises $3 to $6
-koen-2011: raises $3 to $9
GO99APE: calls $3
*** FLOP *** [9c Qd 5d]
-koen-2011: bets $3
GO99APE: calls $3
*** TURN *** [9c Qd 5d] [5h]
-koen-2011: bets $6
GO99APE: calls $6
*** RIVER *** [9c Qd 5d 5h] [3c]
-koen-2011: bets $6
GO99APE: calls $6
*** SHOW DOWN ***
-koen-2011: shows [8c 8d] (two pair, Eights and Fives)
GO99APE: mucks hand
-koen-2011 collected $47.50 from pot
*** SUMMARY ***
Total pot $48 | Rake $0.50
Board [9c Qd 5d 5h 3c]
Seat 1: GO99APE (button) (small blind) mucked
Seat 2: -koen-2011 (big blind) showed [8c 8d] and won ($47.50) with two pair, Eights and Fives


PokerStars Hand #146791710434:  Hold'em Limit ($3/$6 USD) - 2016/01/10 8:00:27 ET
Table 'Cloelia' 2-max Seat #1 is the button
Seat 1: GO99APE ($208.30 in chips)
Seat 2: -koen-2011 ($151.26 in chips)
GO99APE: posts small blind $1
-koen-2011: posts big blind $3
*** HOLE CARDS ***
GO99APE: raises $3 to $6
-koen-2011: raises $3 to $9
GO99APE: calls $3
*** FLOP *** [Td 9c 3h]
-koen-2011: bets $3
GO99APE: calls $3
*** TURN *** [Td 9c 3h] [4h]
-koen-2011: bets $6
GO99APE: calls $6
*** RIVER *** [Td 9c 3h 4h] [Qc]
-koen-2011: checks
GO99APE: checks
*** SHOW DOWN ***
-koen-2011: shows [8c Ac] (high card Ace)
GO99APE: shows [7h Th] (a pair of Tens)
GO99APE collected $35.50 from pot
*** SUMMARY ***
Total pot $36 | Rake $0.50
Board [Td 9c 3h 4h Qc]
Seat 1: GO99APE (button) (small blind) showed [7h Th] and won ($35.50) with a pair of Tens
Seat 2: -koen-2011 (big blind) showed [8c Ac] and lost with high card Ace


PokerStars Hand #146791731202:  Hold'em Limit ($3/$6 USD) - 2016/01/10 8:00:59 ET
Table 'Cloelia' 2-max Seat #1 is the button
Seat 1: GO99APE ($216.80 in chips)
Seat 2: -koen-2011 ($141.90 in chips)
GO99APE: posts small blind $1
-koen-2011: posts big blind $3
*** HOLE CARDS ***
GO99APE: folds
Uncalled bet ($2) returned to -koen-2011
-koen-2011 collected $2 from pot
-koen-2011: doesn't show hand
*** SUMMARY ***
Total pot $2 | Rake $0
Seat 1: GO99APE (button) (small blind) folded before Flop
Seat 2: -koen-2011 (big blind) collected ($2)


PokerStars Hand #146791746786:  Hold'em Limit ($3/$6 USD) - 2016/01/10 8:01:22 ET
Table 'Cloelia' 2-max Seat #1 is the button
Seat 1: GO99APE ($191.80 in chips)
Seat 2: -koen-2011 ($166.40 in chips)
GO99APE: posts small blind $1
-koen-2011: posts big blind $3
*** HOLE CARDS ***
GO99APE: raises $3 to $6
-koen-2011: folds
Uncalled bet ($3) returned to GO99APE
GO99APE collected $6 from pot
GO99APE: doesn't show hand
*** SUMMARY ***
Total pot $6 | Rake $0
Seat 1: GO99APE (button) (small blind) collected ($6)
Seat 2: -koen-2011 (big blind) folded before Flop


PokerStars Hand #146791734796:  Hold'em Limit ($3/$6 USD) - 2016/01/10 8:01:04 ET
Table 'Cloelia' 2-max Seat #2 is the button
Seat 1: GO99APE ($215.80 in chips)
Seat 2: -koen-2011 ($142.90 in chips)
-koen-2011: posts small blind $1
GO99APE: posts big blind $3
*** HOLE CARDS ***
-koen-2011: raises $3 to $6
GO99APE: raises $3 to $9
-koen-2011: calls $3
*** FLOP *** [9h Ad Kh]
GO99APE: bets $3
-koen-2011: calls $3
*** TURN *** [9h Ad Kh] [6s]
GO99APE: bets $6
-koen-2011: calls $6
*** RIVER *** [9h Ad Kh 6s] [7d]
GO99APE: bets $6
-koen-2011: calls $6
*** SHOW DOWN ***
GO99APE: shows [Qd 9d] (a pair of Nines)
-koen-2011: shows [5h As] (a pair of Aces)
-koen-2011 collected $47.50 from pot
*** SUMMARY ***
Total pot $48 | Rake $0.50
Board [9h Ad Kh 6s 7d]
Seat 1: GO99APE (big blind) showed [Qd 9d] and lost with a pair of Nines
Seat 2: -koen-2011 (button) (small blind) showed [5h As] and won ($47.50) with a pair of Aces


PokerStars Hand #146791719514:  Hold'em Limit ($3/$6 USD) - 2016/01/10 8:00:41 ET
Table 'Cloelia' 2-max Seat #2 is the button
Seat 1: GO99APE ($225.80 in chips)
Seat 2: -koen-2011 ($133.26 in chips)
-koen-2011: posts small blind $1
GO99APE: posts big blind $3
*** HOLE CARDS ***
-koen-2011: raises $3 to $6
GO99APE: calls $3
*** FLOP *** [6c 3c Ah]
GO99APE: checks
-koen-2011: bets $3
GO99APE: calls $3
*** TURN *** [6c 3c Ah] [Qc]
GO99APE: checks
-koen-2011: bets $6
GO99APE: folds
Uncalled bet ($6) returned to -koen-2011
-koen-2011 collected $17.64 from pot
-koen-2011: doesn't show hand
*** SUMMARY ***
Total pot $18 | Rake $0.36
Board [6c 3c Ah Qc]
Seat 1: GO99APE (big blind) folded on the Turn
Seat 2: -koen-2011 (button) (small blind) collected ($17.64)


PokerStars Hand #146791754366:  Hold'em Limit ($3/$6 USD) - 2016/01/10 8:01:33 ET
Table 'Cloelia' 2-max Seat #1 is the button
Seat 1: GO99APE ($191.80 in chips)
Seat 2: -koen-2011 ($166.40 in chips)
GO99APE: posts small blind $1
-koen-2011: posts big blind $3
*** HOLE CARDS ***
GO99APE: raises $3 to $6
-koen-2011: calls $3
*** FLOP *** [Tc Td 7h]
-koen-2011: checks
GO99APE: bets $3
-koen-2011: calls $3
*** TURN *** [Tc Td 7h] [9h]
-koen-2011: checks
GO99APE: bets $6
-koen-2011: raises $6 to $12
GO99APE: calls $6
*** RIVER *** [Tc Td 7h 9h] [4s]
-koen-2011: bets $6
GO99APE: calls $6
*** SHOW DOWN ***
-koen-2011: shows [Ah 8c] (a pair of Tens)
GO99APE: shows [9c 7c] (two pair, Tens and Nines)
GO99APE collected $53.50 from pot
*** SUMMARY ***
Total pot $54 | Rake $0.50
Board [Tc Td 7h 9h 4s]
Seat 1: GO99APE (button) (small blind) showed [9c 7c] and won ($53.50) with two pair, Tens and Nines
Seat 2: -koen-2011 (big blind) showed [Ah 8c] and lost with a pair of Tens


PokerStars Hand #146791750579:  Hold'em Limit ($3/$6 USD) - 2016/01/10 8:01:27 ET
Table 'Cloelia' 2-max Seat #2 is the button
Seat 1: GO99APE ($194.80 in chips)
Seat 2: -koen-2011 ($163.40 in chips)
-koen-2011: posts small blind $1
GO99APE: posts big blind $3
*** HOLE CARDS ***
-koen-2011: raises $3 to $6
GO99APE: folds
Uncalled bet ($3) returned to -koen-2011
-koen-2011 collected $6 from pot
-koen-2011: doesn't show hand
*** SUMMARY ***
Total pot $6 | Rake $0
Seat 1: GO99APE (big blind) folded before Flop
Seat 2: -koen-2011 (button) (small blind) collected ($6)


PokerStars Hand #146791770854:  Hold'em Limit ($3/$6 USD) - 2016/01/10 8:01:56 ET
Table 'Cloelia' 2-max Seat #1 is the button
Seat 1: GO99APE ($215.30 in chips)
Seat 2: -koen-2011 ($142.40 in chips)
GO99APE: posts small blind $1
-koen-2011: posts big blind $3
*** HOLE CARDS ***
GO99APE: raises $3 to $6
-koen-2011: raises $3 to $9
GO99APE: calls $3
*** FLOP *** [5s 5c Kc]
-koen-2011: bets $3
GO99APE: calls $3
*** TURN *** [5s 5c Kc] [Tc]
-koen-2011: bets $6
GO99APE: folds
Uncalled bet ($6) returned to -koen-2011
-koen-2011 collected $23.52 from pot
-koen-2011: doesn't show hand
*** SUMMARY ***
Total pot $24 | Rake $0.48
Board [5s 5c Kc Tc]
Seat 1: GO99APE (button) (small blind) folded on the Turn
Seat 2: -koen-2011 (big blind) collected ($23.52)


PokerStars Hand #146791779777:  Hold'em Limit ($3/$6 USD) - 2016/01/10 8:02:09 ET
Table 'Cloelia' 2-max Seat #2 is the button
Seat 1: GO99APE ($203.30 in chips)
Seat 2: -koen-2011 ($153.92 in chips)
-koen-2011: posts small blind $1
GO99APE: posts big blind $3
*** HOLE CARDS ***
-koen-2011: raises $3 to $6
GO99APE: folds
Uncalled bet ($3) returned to -koen-2011
-koen-2011 collected $6 from pot
-koen-2011: doesn't show hand
*** SUMMARY ***
Total pot $6 | Rake $0
Seat 1: GO99APE (big blind) folded before Flop
Seat 2: -koen-2011 (button) (small blind) collected ($6)


PokerStars Hand #146791766967:  Hold'em Limit ($3/$6 USD) - 2016/01/10 8:01:51 ET
Table 'Cloelia' 2-max Seat #2 is the button
Seat 1: GO99APE ($218.30 in chips)
Seat 2: -koen-2011 ($139.40 in chips)
-koen-2011: posts small blind $1
GO99APE: posts big blind $3
*** HOLE CARDS ***
-koen-2011: raises $3 to $6
GO99APE: folds
Uncalled bet ($3) returned to -koen-2011
-koen-2011 collected $6 from pot
-koen-2011: doesn't show hand
*** SUMMARY ***
Total pot $6 | Rake $0
Seat 1: GO99APE (big blind) folded before Flop
Seat 2: -koen-2011 (button) (small blind) collected ($6)


PokerStars Hand #146791783883:  Hold'em Limit ($3/$6 USD) - 2016/01/10 8:02:14 ET
Table 'Cloelia' 2-max Seat #1 is the button
Seat 1: GO99APE ($200.30 in chips)
Seat 2: -koen-2011 ($156.92 in chips)
GO99APE: posts small blind $1
-koen-2011: posts big blind $3
*** HOLE CARDS ***
GO99APE: raises $3 to $6
-koen-2011: raises $3 to $9
GO99APE: calls $3
*** FLOP *** [Qc 9c 5c]
-koen-2011: bets $3
GO99APE: calls $3
*** TURN *** [Qc 9c 5c] [5d]
-koen-2011: checks
GO99APE: checks
*** RIVER *** [Qc 9c 5c 5d] [Ac]
-koen-2011: checks
GO99APE: bets $6
-koen-2011: calls $6
*** SHOW DOWN ***
GO99APE: shows [9s Kc] (a flush, Ace high)
-koen-2011: mucks hand
GO99APE collected $35.50 from pot
*** SUMMARY ***
Total pot $36 | Rake $0.50
Board [Qc 9c 5c 5d Ac]
Seat 1: GO99APE (button) (small blind) showed [9s Kc] and won ($35.50) with a flush, Ace high
Seat 2: -koen-2011 (big blind) mucked


PokerStars Hand #146791795206:  Hold'em Limit ($3/$6 USD) - 2016/01/10 8:02:30 ET
Table 'Cloelia' 2-max Seat #2 is the button
Seat 1: GO99APE ($217.80 in chips)
Seat 2: -koen-2011 ($138.92 in chips)
-koen-2011: posts small blind $1
GO99APE: posts big blind $3
*** HOLE CARDS ***
-koen-2011: folds
Uncalled bet ($2) returned to GO99APE
GO99APE collected $2 from pot
GO99APE: doesn't show hand
*** SUMMARY ***
Total pot $2 | Rake $0
Seat 1: GO99APE (big blind) collected ($2)
Seat 2: -koen-2011 (button) (small blind) folded before Flop


PokerStars Hand #146791805557:  Hold'em Limit ($3/$6 USD) - 2016/01/10 8:02:45 ET
Table 'Cloelia' 2-max Seat #2 is the button
Seat 1: GO99APE ($217.80 in chips)
Seat 2: -koen-2011 ($138.92 in chips)
-koen-2011: posts small blind $1
GO99APE: posts big blind $3
*** HOLE CARDS ***
-koen-2011: raises $3 to $6
GO99APE: folds
Uncalled bet ($3) returned to -koen-2011
-koen-2011 collected $6 from pot
-koen-2011: doesn't show hand
*** SUMMARY ***
Total pot $6 | Rake $0
Seat 1: GO99APE (big blind) folded before Flop
Seat 2: -koen-2011 (button) (small blind) collected ($6)


PokerStars Hand #146791798506:  Hold'em Limit ($3/$6 USD) - 2016/01/10 8:02:35 ET
Table 'Cloelia' 2-max Seat #1 is the button
Seat 1: GO99APE ($218.80 in chips)
Seat 2: -koen-2011 ($137.92 in chips)
GO99APE: posts small blind $1
-koen-2011: posts big blind $3
*** HOLE CARDS ***
GO99APE: folds
Uncalled bet ($2) returned to -koen-2011
-koen-2011 collected $2 from pot
-koen-2011: doesn't show hand
*** SUMMARY ***
Total pot $2 | Rake $0
Seat 1: GO99APE (button) (small blind) folded before Flop
Seat 2: -koen-2011 (big blind) collected ($2)


PokerStars Hand #146791817221:  Hold'em Limit ($3/$6 USD) - 2016/01/10 8:03:01 ET
Table 'Cloelia' 2-max Seat #1 is the button
Seat 1: GO99APE ($209.80 in chips)
Seat 2: -koen-2011 ($146.92 in chips)
GO99APE: posts small blind $1
-koen-2011: posts big blind $3
*** HOLE CARDS ***
GO99APE: raises $3 to $6
-koen-2011: folds
Uncalled bet ($3) returned to GO99APE
GO99APE collected $6 from pot
GO99APE: doesn't show hand
*** SUMMARY ***
Total pot $6 | Rake $0
Seat 1: GO99APE (button) (small blind) collected ($6)
Seat 2: -koen-2011 (big blind) folded before Flop


PokerStars Hand #146791814049:  Hold'em Limit ($3/$6 USD) - 2016/01/10 8:02:57 ET
Table 'Cloelia' 2-max Seat #2 is the button
Seat 1: GO99APE ($208.80 in chips)
Seat 2: -koen-2011 ($147.92 in chips)
-koen-2011: posts small blind $1
GO99APE: posts big blind $3
*** HOLE CARDS ***
-koen-2011: folds
Uncalled bet ($2) returned to GO99APE
GO99APE collected $2 from pot
GO99APE: doesn't show hand
*** SUMMARY ***
Total pot $2 | Rake $0
Seat 1: GO99APE (big blind) collected ($2)
Seat 2: -koen-2011 (button) (small blind) folded before Flop


PokerStars Hand #146791809394:  Hold'em Limit ($3/$6 USD) - 2016/01/10 8:02:50 ET
Table 'Cloelia' 2-max Seat #1 is the button
Seat 1: GO99APE ($214.80 in chips)
Seat 2: -koen-2011 ($141.92 in chips)
GO99APE: posts small blind $1
-koen-2011: posts big blind $3
*** HOLE CARDS ***
GO99APE: raises $3 to $6
-koen-2011: raises $3 to $9
GO99APE: folds
Uncalled bet ($3) returned to -koen-2011
-koen-2011 collected $12 from pot
-koen-2011: doesn't show hand
*** SUMMARY ***
Total pot $12 | Rake $0
Seat 1: GO99APE (button) (small blind) folded before Flop
Seat 2: -koen-2011 (big blind) collected ($12)


PokerStars Hand #146791833773:  Hold'em Limit ($3/$6 USD) - 2016/01/10 8:03:24 ET
Table 'Cloelia' 2-max Seat #1 is the button
Seat 1: GO99APE ($203.80 in chips)
Seat 2: -koen-2011 ($152.56 in chips)
GO99APE: posts small blind $1
-koen-2011: posts big blind $3
*** HOLE CARDS ***
GO99APE: raises $3 to $6
-koen-2011: folds
Uncalled bet ($3) returned to GO99APE
GO99APE collected $6 from pot
GO99APE: doesn't show hand
*** SUMMARY ***
Total pot $6 | Rake $0
Seat 1: GO99APE (button) (small blind) collected ($6)
Seat 2: -koen-2011 (big blind) folded before Flop


PokerStars Hand #146791820981:  Hold'em Limit ($3/$6 USD) - 2016/01/10 8:03:06 ET
Table 'Cloelia' 2-max Seat #2 is the button
Seat 1: GO99APE ($212.80 in chips)
Seat 2: -koen-2011 ($143.92 in chips)
-koen-2011: posts small blind $1
GO99APE: posts big blind $3
*** HOLE CARDS ***
-koen-2011: raises $3 to $6
GO99APE: calls $3
*** FLOP *** [Jd 3d 9c]
GO99APE: checks
-koen-2011: bets $3
GO99APE: calls $3
*** TURN *** [Jd 3d 9c] [Th]
GO99APE: checks
-koen-2011: checks
*** RIVER *** [Jd 3d 9c Th] [3s]
GO99APE: checks
-koen-2011: bets $6
GO99APE: folds
Uncalled bet ($6) returned to -koen-2011
-koen-2011 collected $17.64 from pot
-koen-2011: doesn't show hand
*** SUMMARY ***
Total pot $18 | Rake $0.36
Board [Jd 3d 9c Th 3s]
Seat 1: GO99APE (big blind) folded on the River
Seat 2: -koen-2011 (button) (small blind) collected ($17.64)


PokerStars Hand #146791837886:  Hold'em Limit ($3/$6 USD) - 2016/01/10 8:03:30 ET
Table 'Cloelia' 2-max Seat #2 is the button
Seat 1: GO99APE ($206.80 in chips)
Seat 2: -koen-2011 ($149.56 in chips)
-koen-2011: posts small blind $1
GO99APE: posts big blind $3
*** HOLE CARDS ***
-koen-2011: raises $3 to $6
GO99APE: folds
Uncalled bet ($3) returned to -koen-2011
-koen-2011 collected $6 from pot
-koen-2011: doesn't show hand
*** SUMMARY ***
Total pot $6 | Rake $0
Seat 1: GO99APE (big blind) folded before Flop
Seat 2: -koen-2011 (button) (small blind) collected ($6)


PokerStars Hand #146791841619:  Hold'em Limit ($3/$6 USD) - 2016/01/10 8:03:35 ET
Table 'Cloelia' 2-max Seat #1 is the button
Seat 1: GO99APE ($203.80 in chips)
Seat 2: -koen-2011 ($152.56 in chips)
GO99APE: posts small blind $1
-koen-2011: posts big blind $3
*** HOLE CARDS ***
GO99APE: raises $3 to $6
-koen-2011: calls $3
*** FLOP *** [9d 5c Jh]
-koen-2011: checks
GO99APE: bets $3
-koen-2011: raises $3 to $6
GO99APE: raises $3 to $9
-koen-2011: calls $3
*** TURN *** [9d 5c Jh] [Ts]
-koen-2011: checks
GO99APE: bets $6
-koen-2011: calls $6
*** RIVER *** [9d 5c Jh Ts] [Ks]
-koen-2011: checks
GO99APE: checks
*** SHOW DOWN ***
-koen-2011: shows [5d 4d] (a pair of Fives)
GO99APE: shows [Js 5s] (two pair, Jacks and Fives)
GO99APE collected $41.50 from pot
*** SUMMARY ***
Total pot $42 | Rake $0.50
Board [9d 5c Jh Ts Ks]
Seat 1: GO99APE (button) (small blind) showed [Js 5s] and won ($41.50) with two pair, Jacks and Fives
Seat 2: -koen-2011 (big blind) showed [5d 4d] and lost with a pair of Fives


PokerStars Hand #146791855767:  Hold'em Limit ($3/$6 USD) - 2016/01/10 8:03:54 ET
Table 'Cloelia' 2-max Seat #2 is the button
Seat 1: GO99APE ($224.30 in chips)
Seat 2: -koen-2011 ($131.56 in chips)
-koen-2011: posts small blind $1
GO99APE: posts big blind $3
*** HOLE CARDS ***
-koen-2011: raises $3 to $6
GO99APE: calls $3
*** FLOP *** [4s 2h 7c]
GO99APE: checks
-koen-2011: bets $3
GO99APE: calls $3
*** TURN *** [4s 2h 7c] [Qc]
GO99APE: checks
-koen-2011: bets $6
GO99APE: calls $6
*** RIVER *** [4s 2h 7c Qc] [6h]
GO99APE: checks
-koen-2011: checks
*** SHOW DOWN ***
GO99APE: shows [6c 9c] (a pair of Sixes)
-koen-2011: mucks hand
GO99APE collected $29.50 from pot
*** SUMMARY ***
Total pot $30 | Rake $0.50
Board [4s 2h 7c Qc 6h]
Seat 1: GO99APE (big blind) showed [6c 9c] and won ($29.50) with a pair of Sixes
Seat 2: -koen-2011 (button) (small blind) mucked


PokerStars Hand #146791870635:  Hold'em Limit ($3/$6 USD) - 2016/01/10 8:04:15 ET
Table 'Cloelia' 2-max Seat #2 is the button
Seat 1: GO99APE ($237.80 in chips)
Seat 2: -koen-2011 ($121 in chips)
-koen-2011: posts small blind $1
GO99APE: posts big blind $3
*** HOLE CARDS ***
-koen-2011: raises $3 to $6
GO99APE: folds
Uncalled bet ($3) returned to -koen-2011
-koen-2011 collected $6 from pot
-koen-2011: doesn't show hand
*** SUMMARY ***
Total pot $6 | Rake $0
Seat 1: GO99APE (big blind) folded before Flop
Seat 2: -koen-2011 (button) (small blind) collected ($6)


PokerStars Hand #146791867648:  Hold'em Limit ($3/$6 USD) - 2016/01/10 8:04:11 ET
Table 'Cloelia' 2-max Seat #1 is the button
Seat 1: GO99APE ($238.80 in chips)
Seat 2: -koen-2011 ($120 in chips)
GO99APE: posts small blind $1
-koen-2011: posts big blind $3
*** HOLE CARDS ***
GO99APE: folds
Uncalled bet ($2) returned to -koen-2011
-koen-2011 collected $2 from pot
-koen-2011: doesn't show hand
*** SUMMARY ***
Total pot $2 | Rake $0
Seat 1: GO99APE (button) (small blind) folded before Flop
Seat 2: -koen-2011 (big blind) collected ($2)


PokerStars Hand #146791875138:  Hold'em Limit ($3/$6 USD) - 2016/01/10 8:04:21 ET
Table 'Cloelia' 2-max Seat #1 is the button
Seat 1: GO99APE ($234.80 in chips)
Seat 2: -koen-2011 ($124 in chips)
GO99APE: posts small blind $1
-koen-2011: posts big blind $3
*** HOLE CARDS ***
GO99APE: raises $3 to $6
-koen-2011: calls $3
*** FLOP *** [8h Jc 2h]
-koen-2011: checks
GO99APE: bets $3
-koen-2011: raises $3 to $6
GO99APE: calls $3
*** TURN *** [8h Jc 2h] [Qd]
-koen-2011: bets $6
GO99APE: calls $6
*** RIVER *** [8h Jc 2h Qd] [Ks]
-koen-2011: checks
GO99APE: checks
*** SHOW DOWN ***
-koen-2011: shows [Td 7s] (high card King)
GO99APE: shows [Jd 4d] (a pair of Jacks)
GO99APE collected $35.50 from pot
*** SUMMARY ***
Total pot $36 | Rake $0.50
Board [8h Jc 2h Qd Ks]
Seat 1: GO99APE (button) (small blind) showed [Jd 4d] and won ($35.50) with a pair of Jacks
Seat 2: -koen-2011 (big blind) showed [Td 7s] and lost with high card King


PokerStars Hand #146791887021:  Hold'em Limit ($3/$6 USD) - 2016/01/10 8:04:37 ET
Table 'Cloelia' 2-max Seat #2 is the button
Seat 1: GO99APE ($252.30 in chips)
Seat 2: -koen-2011 ($120 in chips)
-koen-2011: posts small blind $1
GO99APE: posts big blind $3
*** HOLE CARDS ***
-koen-2011: raises $3 to $6
GO99APE: folds
Uncalled bet ($3) returned to -koen-2011
-koen-2011 collected $6 from pot
-koen-2011: doesn't show hand
*** SUMMARY ***
Total pot $6 | Rake $0
Seat 1: GO99APE (big blind) folded before Flop
Seat 2: -koen-2011 (button) (small blind) collected ($6)


PokerStars Hand #146791914584:  Hold'em Limit ($3/$6 USD) - 2016/01/10 8:05:15 ET
Table 'Cloelia' 2-max Seat #1 is the button
Seat 1: GO99APE ($237.30 in chips)
Seat 2: -koen-2011 ($134.52 in chips)
GO99APE: posts small blind $1
-koen-2011: posts big blind $3
*** HOLE CARDS ***
GO99APE: raises $3 to $6
-koen-2011: raises $3 to $9
GO99APE: calls $3
*** FLOP *** [As 6h 5h]
-koen-2011: bets $3
GO99APE: raises $3 to $6
-koen-2011: calls $3
*** TURN *** [As 6h 5h] [4d]
-koen-2011: checks
GO99APE: bets $6
-koen-2011: calls $6
*** RIVER *** [As 6h 5h 4d] [7d]
-koen-2011: checks
GO99APE: checks
*** SHOW DOWN ***
-koen-2011: shows [Th Td] (a pair of Tens)
GO99APE: shows [Ad 9c] (a pair of Aces)
GO99APE collected $41.50 from pot
*** SUMMARY ***
Total pot $42 | Rake $0.50
Board [As 6h 5h 4d 7d]
Seat 1: GO99APE (button) (small blind) showed [Ad 9c] and won ($41.50) with a pair of Aces
Seat 2: -koen-2011 (big blind) showed [Th Td] and lost with a pair of Tens


PokerStars Hand #146791907678:  Hold'em Limit ($3/$6 USD) - 2016/01/10 8:05:06 ET
Table 'Cloelia' 2-max Seat #1 is the button
Seat 1: GO99APE ($237.30 in chips)
Seat 2: -koen-2011 ($134.52 in chips)
GO99APE: posts small blind $1
-koen-2011: posts big blind $3
*** HOLE CARDS ***
GO99APE: folds
Uncalled bet ($2) returned to -koen-2011
-koen-2011 collected $2 from pot
-koen-2011: doesn't show hand
*** SUMMARY ***
Total pot $2 | Rake $0
Seat 1: GO99APE (button) (small blind) folded before Flop
Seat 2: -koen-2011 (big blind) collected ($2)


PokerStars Hand #146791899823:  Hold'em Limit ($3/$6 USD) - 2016/01/10 8:04:55 ET
Table 'Cloelia' 2-max Seat #2 is the button
Seat 1: GO99APE ($243.30 in chips)
Seat 2: -koen-2011 ($128.76 in chips)
-koen-2011: posts small blind $1
GO99APE: posts big blind $3
*** HOLE CARDS ***
-koen-2011: raises $3 to $6
GO99APE: calls $3
*** FLOP *** [8c Kd Qs]
GO99APE: checks
-koen-2011: bets $3
GO99APE: folds
Uncalled bet ($3) returned to -koen-2011
-koen-2011 collected $11.76 from pot
-koen-2011: doesn't show hand
*** SUMMARY ***
Total pot $12 | Rake $0.24
Board [8c Kd Qs]
Seat 1: GO99APE (big blind) folded on the Flop
Seat 2: -koen-2011 (button) (small blind) collected ($11.76)


PokerStars Hand #146791911265:  Hold'em Limit ($3/$6 USD) - 2016/01/10 8:05:11 ET
Table 'Cloelia' 2-max Seat #2 is the button
Seat 1: GO99APE ($236.30 in chips)
Seat 2: -koen-2011 ($135.52 in chips)
-koen-2011: posts small blind $1
GO99APE: posts big blind $3
*** HOLE CARDS ***
-koen-2011: folds
Uncalled bet ($2) returned to GO99APE
GO99APE collected $2 from pot
GO99APE: doesn't show hand
*** SUMMARY ***
Total pot $2 | Rake $0
Seat 1: GO99APE (big blind) collected ($2)
Seat 2: -koen-2011 (button) (small blind) folded before Flop


PokerStars Hand #146791891102:  Hold'em Limit ($3/$6 USD) - 2016/01/10 8:04:43 ET
Table 'Cloelia' 2-max Seat #1 is the button
Seat 1: GO99APE ($249.30 in chips)
Seat 2: -koen-2011 ($123 in chips)
GO99APE: posts small blind $1
-koen-2011: posts big blind $3
*** HOLE CARDS ***
GO99APE: raises $3 to $6
-koen-2011: calls $3
*** FLOP *** [4s 9h Qd]
-koen-2011: checks
GO99APE: checks
*** TURN *** [4s 9h Qd] [Ad]
-koen-2011: bets $6
GO99APE: folds
Uncalled bet ($6) returned to -koen-2011
-koen-2011 collected $11.76 from pot
-koen-2011: doesn't show hand
*** SUMMARY ***
Total pot $12 | Rake $0.24
Board [4s 9h Qd Ad]
Seat 1: GO99APE (button) (small blind) folded on the Turn
Seat 2: -koen-2011 (big blind) collected ($11.76)


