PokerStars Hand #148441822416:  Hold'em Limit ($3/$6 USD) - 2016/02/08 7:49:58 ET
Table 'Cloelia' 6-max Seat #4 is the button
Seat 4: AzureCaper ($80.64 in chips)
Seat 6: NiktheDon ($63 in chips)
AzureCaper: posts small blind $1
NiktheDon: posts big blind $3
*** HOLE CARDS ***
AzureCaper: raises $3 to $6
NiktheDon: folds
Uncalled bet ($3) returned to AzureCaper
NiktheDon leaves the table
AzureCaper collected $6 from pot
AzureCaper: doesn't show hand
*** SUMMARY ***
Total pot $6 | Rake $0
Seat 4: AzureCaper (button) (small blind) collected ($6)
Seat 6: NiktheDon (big blind) folded before Flop


PokerStars Hand #148441798375:  Hold'em Limit ($3/$6 USD) - 2016/02/08 7:49:18 ET
Table 'Cloelia' 6-max Seat #6 is the button
Seat 4: AzureCaper ($72 in chips)
Seat 6: NiktheDon ($72 in chips)
NiktheDon: posts small blind $1
AzureCaper: posts big blind $3
*** HOLE CARDS ***
NiktheDon: calls $2
Pokali joins the table at seat #1
AzureCaper: raises $3 to $6
NiktheDon: calls $3
*** FLOP *** [8h 2d 5h]
AzureCaper: bets $3
NiktheDon: calls $3
*** TURN *** [8h 2d 5h] [4c]
AzureCaper: bets $6
NiktheDon: folds
Uncalled bet ($6) returned to AzureCaper
AzureCaper collected $17.64 from pot
AzureCaper: doesn't show hand
*** SUMMARY ***
Total pot $18 | Rake $0.36
Board [8h 2d 5h 4c]
Seat 4: AzureCaper (big blind) collected ($17.64)
Seat 6: NiktheDon (button) (small blind) folded on the Turn


PokerStars Hand #148441861379:  Hold'em Limit ($3/$6 USD) - 2016/02/08 7:51:02 ET
Table 'Cloelia' 6-max Seat #4 is the button
Seat 4: AzureCaper ($72 in chips)
Seat 6: NiktheDon ($107.97 in chips)
AzureCaper: posts small blind $1
NiktheDon: posts big blind $3
*** HOLE CARDS ***
AzureCaper: folds
Uncalled bet ($2) returned to NiktheDon
NiktheDon collected $2 from pot
NiktheDon: doesn't show hand
*** SUMMARY ***
Total pot $2 | Rake $0
Seat 4: AzureCaper (button) (small blind) folded before Flop
Seat 6: NiktheDon (big blind) collected ($2)


PokerStars Hand #148441843382:  Hold'em Limit ($3/$6 USD) - 2016/02/08 7:50:33 ET
Table 'Cloelia' 6-max Seat #6 is the button
Seat 4: AzureCaper ($83.64 in chips)
Seat 6: NiktheDon ($96.45 in chips)
NiktheDon: posts small blind $1
AzureCaper: posts big blind $3
*** HOLE CARDS ***
NiktheDon: calls $2
AzureCaper: raises $3 to $6
NiktheDon: calls $3
*** FLOP *** [4s 8h 6h]
AzureCaper: bets $3
NiktheDon: raises $3 to $6
AzureCaper: calls $3
*** TURN *** [4s 8h 6h] [Ts]
AzureCaper: checks
NiktheDon: bets $6
AzureCaper: folds
Uncalled bet ($6) returned to NiktheDon
NiktheDon collected $23.52 from pot
NiktheDon: doesn't show hand
*** SUMMARY ***
Total pot $24 | Rake $0.48
Board [4s 8h 6h Ts]
Seat 4: AzureCaper (big blind) folded on the Turn
Seat 6: NiktheDon (button) (small blind) collected ($23.52)


PokerStars Hand #148441871468:  Hold'em Limit ($3/$6 USD) - 2016/02/08 7:51:18 ET
Table 'Cloelia' 6-max Seat #4 is the button
Seat 4: AzureCaper ($72 in chips)
Seat 6: NiktheDon ($111.85 in chips)
AzureCaper: posts small blind $1
NiktheDon: posts big blind $3
*** HOLE CARDS ***
AzureCaper: raises $3 to $6
NiktheDon: folds
Uncalled bet ($3) returned to AzureCaper
AzureCaper collected $6 from pot
AzureCaper: doesn't show hand
*** SUMMARY ***
Total pot $6 | Rake $0
Seat 4: AzureCaper (button) (small blind) collected ($6)
Seat 6: NiktheDon (big blind) folded before Flop


PokerStars Hand #148441876467:  Hold'em Limit ($3/$6 USD) - 2016/02/08 7:51:26 ET
Table 'Cloelia' 6-max Seat #6 is the button
Seat 4: AzureCaper ($75 in chips)
Seat 6: NiktheDon ($108.85 in chips)
NiktheDon: posts small blind $1
AzureCaper: posts big blind $3
*** HOLE CARDS ***
NiktheDon: calls $2
AzureCaper: raises $3 to $6
NiktheDon: calls $3
*** FLOP *** [6d 4d 5c]
AzureCaper: bets $3
NiktheDon: folds
Uncalled bet ($3) returned to AzureCaper
AzureCaper collected $11.76 from pot
AzureCaper: doesn't show hand
*** SUMMARY ***
Total pot $12 | Rake $0.24
Board [6d 4d 5c]
Seat 4: AzureCaper (big blind) collected ($11.76)
Seat 6: NiktheDon (button) (small blind) folded on the Flop


PokerStars Hand #148441889615:  Hold'em Limit ($3/$6 USD) - 2016/02/08 7:51:48 ET
Table 'Cloelia' 6-max Seat #6 is the button
Seat 4: AzureCaper ($74.76 in chips)
Seat 6: NiktheDon ($108.61 in chips)
NiktheDon: posts small blind $1
AzureCaper: posts big blind $3
*** HOLE CARDS ***
NiktheDon: folds
Uncalled bet ($2) returned to AzureCaper
AzureCaper collected $2 from pot
AzureCaper: doesn't show hand
*** SUMMARY ***
Total pot $2 | Rake $0
Seat 4: AzureCaper (big blind) collected ($2)
Seat 6: NiktheDon (button) (small blind) folded before Flop


PokerStars Hand #148441883330:  Hold'em Limit ($3/$6 USD) - 2016/02/08 7:51:38 ET
Table 'Cloelia' 6-max Seat #4 is the button
Seat 4: AzureCaper ($80.76 in chips)
Seat 6: NiktheDon ($102.85 in chips)
AzureCaper: posts small blind $1
NiktheDon: posts big blind $3
*** HOLE CARDS ***
AzureCaper: raises $3 to $6
NiktheDon: calls $3
*** FLOP *** [Qh Td 4h]
NiktheDon: bets $3
AzureCaper: folds
Uncalled bet ($3) returned to NiktheDon
NiktheDon collected $11.76 from pot
NiktheDon: doesn't show hand
*** SUMMARY ***
Total pot $12 | Rake $0.24
Board [Qh Td 4h]
Seat 4: AzureCaper (button) (small blind) folded on the Flop
Seat 6: NiktheDon (big blind) collected ($11.76)


PokerStars Hand #148441864008:  Hold'em Limit ($3/$6 USD) - 2016/02/08 7:51:06 ET
Table 'Cloelia' 6-max Seat #6 is the button
Seat 4: AzureCaper ($72 in chips)
Seat 6: NiktheDon ($108.97 in chips)
NiktheDon: posts small blind $1
AzureCaper: posts big blind $3
*** HOLE CARDS ***
NiktheDon: calls $2
AzureCaper: checks
*** FLOP *** [9d 4h 3h]
AzureCaper: checks
NiktheDon: bets $3
AzureCaper: folds
Uncalled bet ($3) returned to NiktheDon
NiktheDon collected $5.88 from pot
NiktheDon: doesn't show hand
*** SUMMARY ***
Total pot $6 | Rake $0.12
Board [9d 4h 3h]
Seat 4: AzureCaper (big blind) folded on the Flop
Seat 6: NiktheDon (button) (small blind) collected ($5.88)


PokerStars Hand #148441917146:  Hold'em Limit ($3/$6 USD) - 2016/02/08 7:52:34 ET
Table 'Cloelia' 6-max Seat #4 is the button
Seat 4: AzureCaper ($77 in chips)
Seat 6: NiktheDon ($107.49 in chips)
AzureCaper: posts small blind $1
NiktheDon: posts big blind $3
*** HOLE CARDS ***
AzureCaper: raises $3 to $6
NiktheDon: calls $3
*** FLOP *** [Qs 3s 9c]
NiktheDon: checks
AzureCaper: bets $3
NiktheDon: calls $3
*** TURN *** [Qs 3s 9c] [2d]
NiktheDon: bets $6
AzureCaper: folds
Uncalled bet ($6) returned to NiktheDon
NiktheDon collected $17.64 from pot
NiktheDon: doesn't show hand
*** SUMMARY ***
Total pot $18 | Rake $0.36
Board [Qs 3s 9c 2d]
Seat 4: AzureCaper (button) (small blind) folded on the Turn
Seat 6: NiktheDon (big blind) collected ($17.64)


PokerStars Hand #148441908472:  Hold'em Limit ($3/$6 USD) - 2016/02/08 7:52:19 ET
Table 'Cloelia' 6-max Seat #6 is the button
Seat 4: AzureCaper ($72 in chips)
Seat 6: NiktheDon ($112.49 in chips)
NiktheDon: posts small blind $1
AzureCaper: posts big blind $3
*** HOLE CARDS ***
NiktheDon: folds
Uncalled bet ($2) returned to AzureCaper
AzureCaper collected $2 from pot
AzureCaper: doesn't show hand
*** SUMMARY ***
Total pot $2 | Rake $0
Seat 4: AzureCaper (big blind) collected ($2)
Seat 6: NiktheDon (button) (small blind) folded before Flop


PokerStars Hand #148441892516:  Hold'em Limit ($3/$6 USD) - 2016/02/08 7:51:53 ET
Table 'Cloelia' 6-max Seat #4 is the button
Seat 4: AzureCaper ($75.76 in chips)
Seat 6: NiktheDon ($107.61 in chips)
AzureCaper: posts small blind $1
NiktheDon: posts big blind $3
*** HOLE CARDS ***
AzureCaper: folds
Uncalled bet ($2) returned to NiktheDon
NiktheDon collected $2 from pot
NiktheDon: doesn't show hand
*** SUMMARY ***
Total pot $2 | Rake $0
Seat 4: AzureCaper (button) (small blind) folded before Flop
Seat 6: NiktheDon (big blind) collected ($2)


PokerStars Hand #148441914155:  Hold'em Limit ($3/$6 USD) - 2016/02/08 7:52:29 ET
Table 'Cloelia' 6-max Seat #6 is the button
Seat 4: AzureCaper ($76 in chips)
Seat 6: NiktheDon ($108.49 in chips)
NiktheDon: posts small blind $1
AzureCaper: posts big blind $3
*** HOLE CARDS ***
NiktheDon: folds
Uncalled bet ($2) returned to AzureCaper
AzureCaper collected $2 from pot
AzureCaper: doesn't show hand
*** SUMMARY ***
Total pot $2 | Rake $0
Seat 4: AzureCaper (big blind) collected ($2)
Seat 6: NiktheDon (button) (small blind) folded before Flop


PokerStars Hand #148441911334:  Hold'em Limit ($3/$6 USD) - 2016/02/08 7:52:24 ET
Table 'Cloelia' 6-max Seat #4 is the button
Seat 4: AzureCaper ($73 in chips)
Seat 6: NiktheDon ($111.49 in chips)
AzureCaper: posts small blind $1
NiktheDon: posts big blind $3
*** HOLE CARDS ***
AzureCaper: raises $3 to $6
NiktheDon: folds
Uncalled bet ($3) returned to AzureCaper
AzureCaper collected $6 from pot
AzureCaper: doesn't show hand
*** SUMMARY ***
Total pot $6 | Rake $0
Seat 4: AzureCaper (button) (small blind) collected ($6)
Seat 6: NiktheDon (big blind) folded before Flop


PokerStars Hand #148441895096:  Hold'em Limit ($3/$6 USD) - 2016/02/08 7:51:57 ET
Table 'Cloelia' 6-max Seat #6 is the button
Seat 4: AzureCaper ($74.76 in chips)
Seat 6: NiktheDon ($108.61 in chips)
NiktheDon: posts small blind $1
AzureCaper: posts big blind $3
*** HOLE CARDS ***
NiktheDon: calls $2
AzureCaper: checks
*** FLOP *** [3c Qd Kc]
AzureCaper: checks
NiktheDon: checks
*** TURN *** [3c Qd Kc] [Jd]
AzureCaper: checks
NiktheDon: checks
*** RIVER *** [3c Qd Kc Jd] [7d]
AzureCaper: checks
NiktheDon: bets $6
AzureCaper: folds
Uncalled bet ($6) returned to NiktheDon
NiktheDon collected $5.88 from pot
NiktheDon: doesn't show hand
*** SUMMARY ***
Total pot $6 | Rake $0.12
Board [3c Qd Kc Jd 7d]
Seat 4: AzureCaper (big blind) folded on the River
Seat 6: NiktheDon (button) (small blind) collected ($5.88)


PokerStars Hand #148441941050:  Hold'em Limit ($3/$6 USD) - 2016/02/08 7:53:14 ET
Table 'Cloelia' 6-max Seat #4 is the button
Seat 4: AzureCaper ($74.88 in chips)
Seat 6: NiktheDon ($113.13 in chips)
AzureCaper: posts small blind $1
NiktheDon: posts big blind $3
*** HOLE CARDS ***
AzureCaper: raises $3 to $6
NiktheDon: calls $3
*** FLOP *** [3h Td 7d]
NiktheDon: bets $3
AzureCaper: calls $3
*** TURN *** [3h Td 7d] [Js]
NiktheDon: bets $6
AzureCaper: calls $6
*** RIVER *** [3h Td 7d Js] [Qs]
NiktheDon: checks
AzureCaper: checks
*** SHOW DOWN ***
NiktheDon: shows [9h 6d] (high card Queen)
AzureCaper: shows [As 7c] (a pair of Sevens)
AzureCaper collected $29.50 from pot
*** SUMMARY ***
Total pot $30 | Rake $0.50
Board [3h Td 7d Js Qs]
Seat 4: AzureCaper (button) (small blind) showed [As 7c] and won ($29.50) with a pair of Sevens
Seat 6: NiktheDon (big blind) showed [9h 6d] and lost with high card Queen


PokerStars Hand #148441959700:  Hold'em Limit ($3/$6 USD) - 2016/02/08 7:53:44 ET
Table 'Cloelia' 6-max Seat #6 is the button
Seat 4: AzureCaper ($89.38 in chips)
Seat 6: NiktheDon ($98.13 in chips)
NiktheDon: posts small blind $1
AzureCaper: posts big blind $3
*** HOLE CARDS ***
NiktheDon: calls $2
AzureCaper: checks
*** FLOP *** [2s As 9c]
AzureCaper: bets $3
NiktheDon: folds
Uncalled bet ($3) returned to AzureCaper
AzureCaper collected $5.88 from pot
AzureCaper: doesn't show hand
*** SUMMARY ***
Total pot $6 | Rake $0.12
Board [2s As 9c]
Seat 4: AzureCaper (big blind) collected ($5.88)
Seat 6: NiktheDon (button) (small blind) folded on the Flop


