PokerStars Hand #156428164164:  Hold'em Limit ($3/$6 USD) - 2016/07/25 12:18:44 ET
Table 'Clorinde II' 6-max Seat #1 is the button
Seat 1: e4115ulb ($60 in chips)
Seat 4: AzureCaper ($72 in chips)
e4115ulb: posts small blind $1
AzureCaper: posts big blind $3
*** HOLE CARDS ***
e4115ulb: raises $3 to $6
yayaya joins the table at seat #6
AzureCaper: calls $3
*** FLOP *** [2h 6d 9d]
AzureCaper: checks
e4115ulb: bets $3
AzureCaper: calls $3
*** TURN *** [2h 6d 9d] [5c]
AzureCaper: checks
e4115ulb: checks
*** RIVER *** [2h 6d 9d 5c] [Jd]
AzureCaper: bets $6
e4115ulb: folds
Uncalled bet ($6) returned to AzureCaper
AzureCaper collected $17.64 from pot
AzureCaper: doesn't show hand
*** SUMMARY ***
Total pot $18 | Rake $0.36
Board [2h 6d 9d 5c Jd]
Seat 1: e4115ulb (button) (small blind) folded on the River
Seat 4: AzureCaper (big blind) collected ($17.64)


PokerStars Hand #156430534266:  Hold'em Limit ($3/$6 USD) - 2016/07/25 13:17:11 ET
Table 'Clorinde II' 6-max Seat #4 is the button
Seat 2: RingLord ($209.64 in chips)
Seat 4: komornik ($109.71 in chips)
komornik: posts small blind $1
RingLord: posts big blind $3
*** HOLE CARDS ***
komornik: folds
Uncalled bet ($2) returned to RingLord
RingLord collected $2 from pot
*** SUMMARY ***
Total pot $2 | Rake $0
Seat 2: RingLord (big blind) collected ($2)
Seat 4: komornik (button) (small blind) folded before Flop


PokerStars Hand #156430518877:  Hold'em Limit ($3/$6 USD) - 2016/07/25 13:16:49 ET
Table 'Clorinde II' 6-max Seat #2 is the button
Seat 2: RingLord ($201 in chips)
Seat 4: komornik ($118.71 in chips)
RingLord: posts small blind $1
komornik: posts big blind $3
*** HOLE CARDS ***
RingLord: calls $2
komornik: raises $3 to $6
RingLord: calls $3
*** FLOP *** [8d 7c Th]
komornik: bets $3
frmaroni joins the table at seat #3
RingLord: calls $3
*** TURN *** [8d 7c Th] [5h]
komornik: checks
RingLord: bets $6
komornik: folds
Uncalled bet ($6) returned to RingLord
RingLord collected $17.64 from pot
*** SUMMARY ***
Total pot $18 | Rake $0.36
Board [8d 7c Th 5h]
Seat 2: RingLord (button) (small blind) collected ($17.64)
Seat 4: komornik (big blind) folded on the Turn


PokerStars Hand #156434753088:  Hold'em Limit ($3/$6 USD) - 2016/07/25 14:52:57 ET
Table 'Clorinde II' 6-max Seat #5 is the button
Seat 2: Grieserix ($96.27 in chips)
Seat 5: Jigorek1989 ($162.79 in chips)
Jigorek1989: posts small blind $1
ValeryRon: is sitting out
Mordnilap: is sitting out
Grieserix: posts big blind $3
*** HOLE CARDS ***
ValeryRon leaves the table
Jigorek1989: folds
Uncalled bet ($2) returned to Grieserix
Mordnilap leaves the table
Grieserix collected $2 from pot
*** SUMMARY ***
Total pot $2 | Rake $0
Seat 2: Grieserix (big blind) collected ($2)
Seat 5: Jigorek1989 (button) (small blind) folded before Flop


PokerStars Hand #156434777470:  Hold'em Limit ($3/$6 USD) - 2016/07/25 14:53:29 ET
Table 'Clorinde II' 6-max Seat #5 is the button
Seat 2: Grieserix ($100.27 in chips)
Seat 5: Jigorek1989 ($158.79 in chips)
Jigorek1989: posts small blind $1
Grieserix: posts big blind $3
*** HOLE CARDS ***
boony444 joins the table at seat #4
Jigorek1989: raises $3 to $6
Grieserix: folds
Uncalled bet ($3) returned to Jigorek1989
Jigorek1989 collected $6 from pot
Jigorek1989: doesn't show hand
*** SUMMARY ***
Total pot $6 | Rake $0
Seat 2: Grieserix (big blind) folded before Flop
Seat 5: Jigorek1989 (button) (small blind) collected ($6)


PokerStars Hand #156434757838:  Hold'em Limit ($3/$6 USD) - 2016/07/25 14:53:03 ET
Table 'Clorinde II' 6-max Seat #2 is the button
Seat 2: Grieserix ($97.27 in chips)
Seat 5: Jigorek1989 ($161.79 in chips)
Grieserix: posts small blind $1
Jigorek1989: posts big blind $3
*** HOLE CARDS ***
Grieserix: raises $3 to $6
Jigorek1989: folds
Uncalled bet ($3) returned to Grieserix
Grieserix collected $6 from pot
*** SUMMARY ***
Total pot $6 | Rake $0
Seat 2: Grieserix (button) (small blind) collected ($6)
Seat 5: Jigorek1989 (big blind) folded before Flop


PokerStars Hand #156434954699:  Hold'em Limit ($3/$6 USD) - 2016/07/25 14:57:52 ET
Table 'Clorinde II' 6-max Seat #3 is the button
Seat 2: Grieserix ($129.90 in chips)
Seat 3: fluit83 ($97 in chips)
fluit83: posts small blind $1
Grieserix: posts big blind $3
*** HOLE CARDS ***
fluit83: raises $3 to $6
Grieserix: calls $3
*** FLOP *** [5d Ac 4c]
Grieserix: checks
fluit83: checks
*** TURN *** [5d Ac 4c] [Jd]
Grieserix: checks
fluit83: checks
*** RIVER *** [5d Ac 4c Jd] [4d]
Grieserix: checks
fluit83: checks
*** SHOW DOWN ***
Grieserix: shows [Ts 9d] (a pair of Fours)
fluit83: shows [8h Kc] (a pair of Fours - Ace+King kicker)
fluit83 collected $11.76 from pot
*** SUMMARY ***
Total pot $12 | Rake $0.24
Board [5d Ac 4c Jd 4d]
Seat 2: Grieserix (big blind) showed [Ts 9d] and lost with a pair of Fours
Seat 3: fluit83 (button) (small blind) showed [8h Kc] and won ($11.76) with a pair of Fours


PokerStars Hand #156434951365:  Hold'em Limit ($3/$6 USD) - 2016/07/25 14:57:47 ET
Table 'Clorinde II' 6-max Seat #2 is the button
Seat 2: Grieserix ($126.90 in chips)
Seat 3: fluit83 ($100 in chips)
Grieserix: posts small blind $1
fluit83: posts big blind $3
*** HOLE CARDS ***
Grieserix: raises $3 to $6
fluit83: folds
Uncalled bet ($3) returned to Grieserix
Grieserix collected $6 from pot
*** SUMMARY ***
Total pot $6 | Rake $0
Seat 2: Grieserix (button) (small blind) collected ($6)
Seat 3: fluit83 (big blind) folded before Flop


PokerStars Hand #156434947889:  Hold'em Limit ($3/$6 USD) - 2016/07/25 14:57:41 ET
Table 'Clorinde II' 6-max Seat #3 is the button
Seat 2: Grieserix ($125.90 in chips)
Seat 3: fluit83 ($101 in chips)
fluit83: posts small blind $1
Grieserix: posts big blind $3
*** HOLE CARDS ***
fluit83: folds
Uncalled bet ($2) returned to Grieserix
Grieserix collected $2 from pot
*** SUMMARY ***
Total pot $2 | Rake $0
Seat 2: Grieserix (big blind) collected ($2)
Seat 3: fluit83 (button) (small blind) folded before Flop


PokerStars Hand #156434966274:  Hold'em Limit ($3/$6 USD) - 2016/07/25 14:58:11 ET
Table 'Clorinde II' 6-max Seat #2 is the button
Seat 2: Grieserix ($123.90 in chips)
Seat 3: fluit83 ($102.76 in chips)
Grieserix: posts small blind $1
fluit83: posts big blind $3
*** HOLE CARDS ***
Grieserix: raises $3 to $6
fluit83: calls $3
*** FLOP *** [Ah Kh Ad]
fluit83: checks
Grieserix: bets $3
fluit83: folds
Uncalled bet ($3) returned to Grieserix
Grieserix collected $11.76 from pot
*** SUMMARY ***
Total pot $12 | Rake $0.24
Board [Ah Kh Ad]
Seat 2: Grieserix (button) (small blind) collected ($11.76)
Seat 3: fluit83 (big blind) folded on the Flop


PokerStars Hand #156434987351:  Hold'em Limit ($3/$6 USD) - 2016/07/25 14:58:45 ET
Table 'Clorinde II' 6-max Seat #3 is the button
Seat 2: Grieserix ($143.16 in chips)
Seat 3: fluit83 ($82.76 in chips)
fluit83: posts small blind $1
Grieserix: posts big blind $3
*** HOLE CARDS ***
fluit83: raises $3 to $6
Grieserix: calls $3
*** FLOP *** [5d 9s 7c]
Grieserix: checks
fluit83: bets $3
Grieserix: calls $3
*** TURN *** [5d 9s 7c] [Js]
Grieserix: checks
fluit83: bets $6
Grieserix: calls $6
*** RIVER *** [5d 9s 7c Js] [4d]
Grieserix: checks
fluit83: bets $6
Grieserix: folds
Uncalled bet ($6) returned to fluit83
fluit83 collected $29.50 from pot
fluit83: doesn't show hand
*** SUMMARY ***
Total pot $30 | Rake $0.50
Board [5d 9s 7c Js 4d]
Seat 2: Grieserix (big blind) folded on the River
Seat 3: fluit83 (button) (small blind) collected ($29.50)


PokerStars Hand #156434984642:  Hold'em Limit ($3/$6 USD) - 2016/07/25 14:58:41 ET
Table 'Clorinde II' 6-max Seat #2 is the button
Seat 2: Grieserix ($144.16 in chips)
Seat 3: fluit83 ($81.76 in chips)
Grieserix: posts small blind $1
fluit83: posts big blind $3
*** HOLE CARDS ***
Grieserix: folds
Uncalled bet ($2) returned to fluit83
fluit83 collected $2 from pot
fluit83: doesn't show hand
*** SUMMARY ***
Total pot $2 | Rake $0
Seat 2: Grieserix (button) (small blind) folded before Flop
Seat 3: fluit83 (big blind) collected ($2)


PokerStars Hand #156434973075:  Hold'em Limit ($3/$6 USD) - 2016/07/25 14:58:22 ET
Table 'Clorinde II' 6-max Seat #3 is the button
Seat 2: Grieserix ($129.66 in chips)
Seat 3: fluit83 ($96.76 in chips)
fluit83: posts small blind $1
Grieserix: posts big blind $3
*** HOLE CARDS ***
fluit83: raises $3 to $6
Grieserix: calls $3
*** FLOP *** [7h Qd 4c]
Grieserix: checks
fluit83: bets $3
Grieserix: calls $3
*** TURN *** [7h Qd 4c] [As]
Grieserix: checks
fluit83: checks
*** RIVER *** [7h Qd 4c As] [Qc]
Grieserix: bets $6
fluit83: calls $6
*** SHOW DOWN ***
Grieserix: shows [Qs 9h] (three of a kind, Queens)
fluit83: mucks hand
Grieserix collected $29.50 from pot
*** SUMMARY ***
Total pot $30 | Rake $0.50
Board [7h Qd 4c As Qc]
Seat 2: Grieserix (big blind) showed [Qs 9h] and won ($29.50) with three of a kind, Queens
Seat 3: fluit83 (button) (small blind) mucked


PokerStars Hand #156434999440:  Hold'em Limit ($3/$6 USD) - 2016/07/25 14:59:05 ET
Table 'Clorinde II' 6-max Seat #2 is the button
Seat 2: Grieserix ($128.16 in chips)
Seat 3: fluit83 ($97.26 in chips)
Grieserix: posts small blind $1
fluit83: posts big blind $3
*** HOLE CARDS ***
Grieserix: raises $3 to $6
fluit83: calls $3
*** FLOP *** [7h 4d Qc]
fluit83: checks
Grieserix: bets $3
fluit83: calls $3
*** TURN *** [7h 4d Qc] [Ts]
fluit83: checks
Grieserix: bets $6
fluit83: calls $6
*** RIVER *** [7h 4d Qc Ts] [Kd]
fluit83: checks
Grieserix: checks
*** SHOW DOWN ***
fluit83: shows [Jh 8h] (high card King)
Grieserix: shows [5c 5s] (a pair of Fives)
Grieserix collected $29.50 from pot
*** SUMMARY ***
Total pot $30 | Rake $0.50
Board [7h 4d Qc Ts Kd]
Seat 2: Grieserix (button) (small blind) showed [5c 5s] and won ($29.50) with a pair of Fives
Seat 3: fluit83 (big blind) showed [Jh 8h] and lost with high card King


PokerStars Hand #156435035341:  Hold'em Limit ($3/$6 USD) - 2016/07/25 15:00:03 ET
Table 'Clorinde II' 6-max Seat #3 is the button
Seat 2: Grieserix ($139.66 in chips)
Seat 3: fluit83 ($85.02 in chips)
fluit83: posts small blind $1
Grieserix: posts big blind $3
*** HOLE CARDS ***
fluit83: raises $3 to $6
Grieserix: calls $3
*** FLOP *** [9d 3h 2h]
Grieserix: checks
fluit83: bets $3
Grieserix: calls $3
*** TURN *** [9d 3h 2h] [2d]
Grieserix: checks
fluit83: bets $6
Grieserix: folds
Uncalled bet ($6) returned to fluit83
fluit83 collected $17.64 from pot
fluit83: doesn't show hand
*** SUMMARY ***
Total pot $18 | Rake $0.36
Board [9d 3h 2h 2d]
Seat 2: Grieserix (big blind) folded on the Turn
Seat 3: fluit83 (button) (small blind) collected ($17.64)


PokerStars Hand #156435032044:  Hold'em Limit ($3/$6 USD) - 2016/07/25 14:59:58 ET
Table 'Clorinde II' 6-max Seat #2 is the button
Seat 2: Grieserix ($140.66 in chips)
Seat 3: fluit83 ($84.02 in chips)
Grieserix: posts small blind $1
fluit83: posts big blind $3
*** HOLE CARDS ***
Grieserix: folds
Uncalled bet ($2) returned to fluit83
fluit83 collected $2 from pot
fluit83: doesn't show hand
*** SUMMARY ***
Total pot $2 | Rake $0
Seat 2: Grieserix (button) (small blind) folded before Flop
Seat 3: fluit83 (big blind) collected ($2)


PokerStars Hand #156435029139:  Hold'em Limit ($3/$6 USD) - 2016/07/25 14:59:53 ET
Table 'Clorinde II' 6-max Seat #3 is the button
Seat 2: Grieserix ($139.66 in chips)
Seat 3: fluit83 ($85.02 in chips)
fluit83: posts small blind $1
Grieserix: posts big blind $3
*** HOLE CARDS ***
fluit83: folds
Uncalled bet ($2) returned to Grieserix
Grieserix collected $2 from pot
*** SUMMARY ***
Total pot $2 | Rake $0
Seat 2: Grieserix (big blind) collected ($2)
Seat 3: fluit83 (button) (small blind) folded before Flop


PokerStars Hand #156435025805:  Hold'em Limit ($3/$6 USD) - 2016/07/25 14:59:48 ET
Table 'Clorinde II' 6-max Seat #2 is the button
Seat 2: Grieserix ($136.66 in chips)
Seat 3: fluit83 ($88.02 in chips)
Grieserix: posts small blind $1
fluit83: posts big blind $3
*** HOLE CARDS ***
Grieserix: raises $3 to $6
fluit83: folds
Uncalled bet ($3) returned to Grieserix
Grieserix collected $6 from pot
*** SUMMARY ***
Total pot $6 | Rake $0
Seat 2: Grieserix (button) (small blind) collected ($6)
Seat 3: fluit83 (big blind) folded before Flop


PokerStars Hand #156435022736:  Hold'em Limit ($3/$6 USD) - 2016/07/25 14:59:43 ET
Table 'Clorinde II' 6-max Seat #3 is the button
Seat 2: Grieserix ($135.66 in chips)
Seat 3: fluit83 ($89.02 in chips)
fluit83: posts small blind $1
Grieserix: posts big blind $3
*** HOLE CARDS ***
fluit83: folds
Uncalled bet ($2) returned to Grieserix
Grieserix collected $2 from pot
*** SUMMARY ***
Total pot $2 | Rake $0
Seat 2: Grieserix (big blind) collected ($2)
Seat 3: fluit83 (button) (small blind) folded before Flop


PokerStars Hand #156435020283:  Hold'em Limit ($3/$6 USD) - 2016/07/25 14:59:39 ET
Table 'Clorinde II' 6-max Seat #2 is the button
Seat 2: Grieserix ($136.66 in chips)
Seat 3: fluit83 ($88.02 in chips)
Grieserix: posts small blind $1
fluit83: posts big blind $3
*** HOLE CARDS ***
Grieserix: folds
Uncalled bet ($2) returned to fluit83
fluit83 collected $2 from pot
fluit83: doesn't show hand
*** SUMMARY ***
Total pot $2 | Rake $0
Seat 2: Grieserix (button) (small blind) folded before Flop
Seat 3: fluit83 (big blind) collected ($2)


PokerStars Hand #156435011531:  Hold'em Limit ($3/$6 USD) - 2016/07/25 14:59:25 ET
Table 'Clorinde II' 6-max Seat #3 is the button
Seat 2: Grieserix ($142.66 in chips)
Seat 3: fluit83 ($82.26 in chips)
fluit83: posts small blind $1
Grieserix: posts big blind $3
*** HOLE CARDS ***
fluit83: raises $3 to $6
Grieserix: calls $3
*** FLOP *** [Kd Th Ks]
Grieserix: checks
fluit83: checks
*** TURN *** [Kd Th Ks] [3h]
Grieserix: checks
fluit83: checks
*** RIVER *** [Kd Th Ks 3h] [Ac]
Grieserix: checks
fluit83: bets $6
Grieserix: folds
Uncalled bet ($6) returned to fluit83
fluit83 collected $11.76 from pot
fluit83: doesn't show hand
*** SUMMARY ***
Total pot $12 | Rake $0.24
Board [Kd Th Ks 3h Ac]
Seat 2: Grieserix (big blind) folded on the River
Seat 3: fluit83 (button) (small blind) collected ($11.76)


PokerStars Hand #156435084510:  Hold'em Limit ($3/$6 USD) - 2016/07/25 15:01:12 ET
Table 'Clorinde II' 6-max Seat #3 is the button
Seat 2: Grieserix ($139.18 in chips)
Seat 3: fluit83 ($84.54 in chips)
fluit83: posts small blind $1
Grieserix: posts big blind $3
*** HOLE CARDS ***
fluit83: folds
Uncalled bet ($2) returned to Grieserix
Grieserix collected $2 from pot
*** SUMMARY ***
Total pot $2 | Rake $0
Seat 2: Grieserix (big blind) collected ($2)
Seat 3: fluit83 (button) (small blind) folded before Flop


PokerStars Hand #156435081421:  Hold'em Limit ($3/$6 USD) - 2016/07/25 15:01:08 ET
Table 'Clorinde II' 6-max Seat #2 is the button
Seat 2: Grieserix ($140.18 in chips)
Seat 3: fluit83 ($83.54 in chips)
Grieserix: posts small blind $1
fluit83: posts big blind $3
*** HOLE CARDS ***
Grieserix: folds
Uncalled bet ($2) returned to fluit83
fluit83 collected $2 from pot
fluit83: doesn't show hand
*** SUMMARY ***
Total pot $2 | Rake $0
Seat 2: Grieserix (button) (small blind) folded before Flop
Seat 3: fluit83 (big blind) collected ($2)


PokerStars Hand #156435072568:  Hold'em Limit ($3/$6 USD) - 2016/07/25 15:00:55 ET
Table 'Clorinde II' 6-max Seat #3 is the button
Seat 2: Grieserix ($137.30 in chips)
Seat 3: fluit83 ($86.54 in chips)
fluit83: posts small blind $1
Grieserix: posts big blind $3
*** HOLE CARDS ***
fluit83: calls $2
Grieserix: checks
*** FLOP *** [Qs 4c Kd]
Grieserix: checks
fluit83: checks
*** TURN *** [Qs 4c Kd] [Tc]
Grieserix: checks
fluit83: checks
*** RIVER *** [Qs 4c Kd Tc] [Ks]
Grieserix: checks
fluit83: checks
*** SHOW DOWN ***
Grieserix: shows [3s 9s] (a pair of Kings)
fluit83: mucks hand
Grieserix collected $5.88 from pot
*** SUMMARY ***
Total pot $6 | Rake $0.12
Board [Qs 4c Kd Tc Ks]
Seat 2: Grieserix (big blind) showed [3s 9s] and won ($5.88) with a pair of Kings
Seat 3: fluit83 (button) (small blind) mucked


PokerStars Hand #156435062947:  Hold'em Limit ($3/$6 USD) - 2016/07/25 15:00:41 ET
Table 'Clorinde II' 6-max Seat #2 is the button
Seat 2: Grieserix ($137.42 in chips)
Seat 3: fluit83 ($86.66 in chips)
Grieserix: posts small blind $1
fluit83: posts big blind $3
*** HOLE CARDS ***
Grieserix: raises $3 to $6
fluit83: calls $3
*** FLOP *** [8h 8d Qh]
fluit83: checks
Grieserix: checks
*** TURN *** [8h 8d Qh] [Qs]
fluit83: checks
Grieserix: checks
*** RIVER *** [8h 8d Qh Qs] [5d]
fluit83: checks
Grieserix: checks
*** SHOW DOWN ***
fluit83: shows [Kd Jc] (two pair, Queens and Eights)
Grieserix: shows [9h Ks] (two pair, Queens and Eights)
fluit83 collected $5.88 from pot
Grieserix collected $5.88 from pot
*** SUMMARY ***
Total pot $12 | Rake $0.24
Board [8h 8d Qh Qs 5d]
Seat 2: Grieserix (button) (small blind) showed [9h Ks] and won ($5.88) with two pair, Queens and Eights
Seat 3: fluit83 (big blind) showed [Kd Jc] and won ($5.88) with two pair, Queens and Eights


PokerStars Hand #156435059689:  Hold'em Limit ($3/$6 USD) - 2016/07/25 15:00:36 ET
Table 'Clorinde II' 6-max Seat #3 is the button
Seat 2: Grieserix ($136.42 in chips)
Seat 3: fluit83 ($87.66 in chips)
fluit83: posts small blind $1
Grieserix: posts big blind $3
*** HOLE CARDS ***
fluit83: folds
Uncalled bet ($2) returned to Grieserix
Grieserix collected $2 from pot
*** SUMMARY ***
Total pot $2 | Rake $0
Seat 2: Grieserix (big blind) collected ($2)
Seat 3: fluit83 (button) (small blind) folded before Flop


PokerStars Hand #156435050182:  Hold'em Limit ($3/$6 USD) - 2016/07/25 15:00:21 ET
Table 'Clorinde II' 6-max Seat #2 is the button
Seat 2: Grieserix ($130.66 in chips)
Seat 3: fluit83 ($93.66 in chips)
Grieserix: posts small blind $1
fluit83: posts big blind $3
*** HOLE CARDS ***
Grieserix: raises $3 to $6
fluit83: calls $3
*** FLOP *** [4s 5c As]
fluit83: checks
Grieserix: checks
*** TURN *** [4s 5c As] [4h]
fluit83: checks
Grieserix: checks
*** RIVER *** [4s 5c As 4h] [Qc]
fluit83: checks
Grieserix: bets $6
fluit83: folds
Uncalled bet ($6) returned to Grieserix
Grieserix collected $11.76 from pot
*** SUMMARY ***
Total pot $12 | Rake $0.24
Board [4s 5c As 4h Qc]
Seat 2: Grieserix (button) (small blind) collected ($11.76)
Seat 3: fluit83 (big blind) folded on the River


PokerStars Hand #156435126921:  Hold'em Limit ($3/$6 USD) - 2016/07/25 15:02:09 ET
Table 'Clorinde II' 6-max Seat #3 is the button
Seat 2: Grieserix ($184.18 in chips)
Seat 3: fluit83 ($38.54 in chips)
fluit83: posts small blind $1
Grieserix: posts big blind $3
*** HOLE CARDS ***
fluit83: calls $2
Grieserix: checks
*** FLOP *** [7s 3s Kh]
Grieserix: checks
fluit83: bets $3
Grieserix: folds
Uncalled bet ($3) returned to fluit83
fluit83 collected $5.88 from pot
fluit83: doesn't show hand
*** SUMMARY ***
Total pot $6 | Rake $0.12
Board [7s 3s Kh]
Seat 2: Grieserix (big blind) folded on the Flop
Seat 3: fluit83 (button) (small blind) collected ($5.88)


PokerStars Hand #156435123821:  Hold'em Limit ($3/$6 USD) - 2016/07/25 15:02:04 ET
Table 'Clorinde II' 6-max Seat #2 is the button
Seat 2: Grieserix ($185.18 in chips)
Seat 3: fluit83 ($37.54 in chips)
Grieserix: posts small blind $1
fluit83: posts big blind $3
*** HOLE CARDS ***
Grieserix: folds
Uncalled bet ($2) returned to fluit83
fluit83 collected $2 from pot
fluit83: doesn't show hand
*** SUMMARY ***
Total pot $2 | Rake $0
Seat 2: Grieserix (button) (small blind) folded before Flop
Seat 3: fluit83 (big blind) collected ($2)


PokerStars Hand #156435120312:  Hold'em Limit ($3/$6 USD) - 2016/07/25 15:02:00 ET
Table 'Clorinde II' 6-max Seat #3 is the button
Seat 2: Grieserix ($188.18 in chips)
Seat 3: fluit83 ($34.54 in chips)
fluit83: posts small blind $1
Grieserix: posts big blind $3
*** HOLE CARDS ***
fluit83: raises $3 to $6
Grieserix: folds
Uncalled bet ($3) returned to fluit83
fluit83 collected $6 from pot
fluit83: doesn't show hand
*** SUMMARY ***
Total pot $6 | Rake $0
Seat 2: Grieserix (big blind) folded before Flop
Seat 3: fluit83 (button) (small blind) collected ($6)


PokerStars Hand #156435089073:  Hold'em Limit ($3/$6 USD) - 2016/07/25 15:01:18 ET
Table 'Clorinde II' 6-max Seat #2 is the button
Seat 2: Grieserix ($140.18 in chips)
Seat 3: fluit83 ($83.54 in chips)
Grieserix: posts small blind $1
fluit83: posts big blind $3
*** HOLE CARDS ***
Grieserix: raises $3 to $6
fluit83: raises $3 to $9
Grieserix: calls $3
*** FLOP *** [6c 4h 5s]
fluit83: bets $3
Grieserix: calls $3
*** TURN *** [6c 4h 5s] [Kh]
fluit83: bets $6
Grieserix: calls $6
*** RIVER *** [6c 4h 5s Kh] [9s]
fluit83: bets $6
Grieserix: calls $6
*** SHOW DOWN ***
fluit83: shows [Jh Ah] (high card Ace)
Grieserix: shows [Qh 5h] (a pair of Fives)
Grieserix collected $47.50 from pot
*** SUMMARY ***
Total pot $48 | Rake $0.50
Board [6c 4h 5s Kh 9s]
Seat 2: Grieserix (button) (small blind) showed [Qh 5h] and won ($47.50) with a pair of Fives
Seat 3: fluit83 (big blind) showed [Jh Ah] and lost with high card Ace


PokerStars Hand #156435102893:  Hold'em Limit ($3/$6 USD) - 2016/07/25 15:01:37 ET
Table 'Clorinde II' 6-max Seat #3 is the button
Seat 2: Grieserix ($163.68 in chips)
Seat 3: fluit83 ($59.54 in chips)
fluit83: posts small blind $1
Grieserix: posts big blind $3
*** HOLE CARDS ***
fluit83: folds
Uncalled bet ($2) returned to Grieserix
Grieserix collected $2 from pot
*** SUMMARY ***
Total pot $2 | Rake $0
Seat 2: Grieserix (big blind) collected ($2)
Seat 3: fluit83 (button) (small blind) folded before Flop


PokerStars Hand #156435184201:  Hold'em Limit ($3/$6 USD) - 2016/07/25 15:03:19 ET
Table 'Clorinde II' 6-max Seat #3 is the button
Seat 2: Grieserix ($148.06 in chips)
Seat 3: fluit83 ($73.44 in chips)
fluit83: posts small blind $1
Grieserix: posts big blind $3
*** HOLE CARDS ***
fluit83: folds
Uncalled bet ($2) returned to Grieserix
Grieserix collected $2 from pot
*** SUMMARY ***
Total pot $2 | Rake $0
Seat 2: Grieserix (big blind) collected ($2)
Seat 3: fluit83 (button) (small blind) folded before Flop


PokerStars Hand #156435180661:  Hold'em Limit ($3/$6 USD) - 2016/07/25 15:03:14 ET
Table 'Clorinde II' 6-max Seat #2 is the button
Seat 2: Grieserix ($149.06 in chips)
Seat 3: fluit83 ($72.44 in chips)
Grieserix: posts small blind $1
fluit83: posts big blind $3
*** HOLE CARDS ***
Grieserix: folds
Uncalled bet ($2) returned to fluit83
fluit83 collected $2 from pot
fluit83: doesn't show hand
*** SUMMARY ***
Total pot $2 | Rake $0
Seat 2: Grieserix (button) (small blind) folded before Flop
Seat 3: fluit83 (big blind) collected ($2)


PokerStars Hand #156435169177:  Hold'em Limit ($3/$6 USD) - 2016/07/25 15:03:00 ET
Table 'Clorinde II' 6-max Seat #3 is the button
Seat 2: Grieserix ($161.06 in chips)
Seat 3: fluit83 ($60.92 in chips)
fluit83: posts small blind $1
Grieserix: posts big blind $3
*** HOLE CARDS ***
fluit83: raises $3 to $6
Grieserix: calls $3
*** FLOP *** [8d 2s Jh]
Grieserix: checks
fluit83: checks
*** TURN *** [8d 2s Jh] [Jd]
Grieserix: bets $6
fluit83: calls $6
*** RIVER *** [8d 2s Jh Jd] [6c]
Grieserix: checks
fluit83: checks
*** SHOW DOWN ***
Grieserix: shows [Qd 9d] (a pair of Jacks)
fluit83: shows [5s As] (a pair of Jacks - Ace kicker)
fluit83 collected $23.52 from pot
*** SUMMARY ***
Total pot $24 | Rake $0.48
Board [8d 2s Jh Jd 6c]
Seat 2: Grieserix (big blind) showed [Qd 9d] and lost with a pair of Jacks
Seat 3: fluit83 (button) (small blind) showed [5s As] and won ($23.52) with a pair of Jacks


PokerStars Hand #156435160593:  Hold'em Limit ($3/$6 USD) - 2016/07/25 15:02:50 ET
Table 'Clorinde II' 6-max Seat #2 is the button
Seat 2: Grieserix ($158.18 in chips)
Seat 3: fluit83 ($63.92 in chips)
Grieserix: posts small blind $1
fluit83: posts big blind $3
*** HOLE CARDS ***
Grieserix: calls $2
fluit83: checks
*** FLOP *** [3d 6h 8d]
fluit83: checks
Grieserix: bets $3
fluit83: folds
Uncalled bet ($3) returned to Grieserix
Grieserix collected $5.88 from pot
*** SUMMARY ***
Total pot $6 | Rake $0.12
Board [3d 6h 8d]
Seat 2: Grieserix (button) (small blind) collected ($5.88)
Seat 3: fluit83 (big blind) folded on the Flop


PokerStars Hand #156435152611:  Hold'em Limit ($3/$6 USD) - 2016/07/25 15:02:40 ET
Table 'Clorinde II' 6-max Seat #3 is the button
Seat 2: Grieserix ($157.18 in chips)
Seat 3: fluit83 ($64.92 in chips)
fluit83: posts small blind $1
Grieserix: posts big blind $3
*** HOLE CARDS ***
Grieserix said, "(y)"
fluit83: folds
Uncalled bet ($2) returned to Grieserix
Grieserix collected $2 from pot
*** SUMMARY ***
Total pot $2 | Rake $0
Seat 2: Grieserix (big blind) collected ($2)
Seat 3: fluit83 (button) (small blind) folded before Flop


PokerStars Hand #156435137054:  Hold'em Limit ($3/$6 USD) - 2016/07/25 15:02:21 ET
Table 'Clorinde II' 6-max Seat #2 is the button
Seat 2: Grieserix ($181.18 in chips)
Seat 3: fluit83 ($41.42 in chips)
Grieserix: posts small blind $1
fluit83: posts big blind $3
*** HOLE CARDS ***
Grieserix: calls $2
fluit83: checks
*** FLOP *** [5s Td 3h]
fluit83: checks
Grieserix: bets $3
fluit83: calls $3
*** TURN *** [5s Td 3h] [2d]
fluit83: checks
Grieserix: bets $6
fluit83: raises $6 to $12
Grieserix: calls $6
*** RIVER *** [5s Td 3h 2d] [5c]
fluit83: bets $6
Grieserix: calls $6
*** SHOW DOWN ***
fluit83: shows [5d 8d] (three of a kind, Fives)
Grieserix: shows [Jd Js] (two pair, Jacks and Fives)
fluit83 collected $47.50 from pot
*** SUMMARY ***
Total pot $48 | Rake $0.50
Board [5s Td 3h 2d 5c]
Seat 2: Grieserix (button) (small blind) showed [Jd Js] and lost with two pair, Jacks and Fives
Seat 3: fluit83 (big blind) showed [5d 8d] and won ($47.50) with three of a kind, Fives


PokerStars Hand #156435229563:  Hold'em Limit ($3/$6 USD) - 2016/07/25 15:04:14 ET
Table 'Clorinde II' 6-max Seat #3 is the button
Seat 2: Grieserix ($161.58 in chips)
Seat 3: fluit83 ($59.44 in chips)
fluit83: posts small blind $1
Grieserix: posts big blind $3
*** HOLE CARDS ***
fluit83: folds
Uncalled bet ($2) returned to Grieserix
Grieserix collected $2 from pot
*** SUMMARY ***
Total pot $2 | Rake $0
Seat 2: Grieserix (big blind) collected ($2)
Seat 3: fluit83 (button) (small blind) folded before Flop


PokerStars Hand #156435213177:  Hold'em Limit ($3/$6 USD) - 2016/07/25 15:03:55 ET
Table 'Clorinde II' 6-max Seat #2 is the button
Seat 2: Grieserix ($155.82 in chips)
Seat 3: fluit83 ($65.44 in chips)
Grieserix: posts small blind $1
fluit83: posts big blind $3
*** HOLE CARDS ***
Grieserix: calls $2
fluit83: raises $3 to $6
Grieserix: calls $3
*** FLOP *** [2s Td 6h]
fluit83: checks
Grieserix: checks
*** TURN *** [2s Td 6h] [3c]
fluit83: checks
Grieserix: checks
*** RIVER *** [2s Td 6h 3c] [6s]
fluit83: checks
Grieserix: checks
*** SHOW DOWN ***
fluit83: shows [Kc 5h] (a pair of Sixes)
Grieserix: shows [Qh Ah] (a pair of Sixes - Ace kicker)
Grieserix collected $11.76 from pot
*** SUMMARY ***
Total pot $12 | Rake $0.24
Board [2s Td 6h 3c 6s]
Seat 2: Grieserix (button) (small blind) showed [Qh Ah] and won ($11.76) with a pair of Sixes
Seat 3: fluit83 (big blind) showed [Kc 5h] and lost with a pair of Sixes


PokerStars Hand #156435207795:  Hold'em Limit ($3/$6 USD) - 2016/07/25 15:03:48 ET
Table 'Clorinde II' 6-max Seat #3 is the button
Seat 2: Grieserix ($154.82 in chips)
Seat 3: fluit83 ($66.44 in chips)
fluit83: posts small blind $1
Grieserix: posts big blind $3
*** HOLE CARDS ***
fluit83: folds
Uncalled bet ($2) returned to Grieserix
Grieserix collected $2 from pot
*** SUMMARY ***
Total pot $2 | Rake $0
Seat 2: Grieserix (big blind) collected ($2)
Seat 3: fluit83 (button) (small blind) folded before Flop


PokerStars Hand #156435188392:  Hold'em Limit ($3/$6 USD) - 2016/07/25 15:03:24 ET
Table 'Clorinde II' 6-max Seat #2 is the button
Seat 2: Grieserix ($149.06 in chips)
Seat 3: fluit83 ($72.44 in chips)
Grieserix: posts small blind $1
fluit83: posts big blind $3
*** HOLE CARDS ***
Grieserix: raises $3 to $6
fluit83: calls $3
*** FLOP *** [4d 4s 2h]
fluit83: checks
Grieserix: checks
*** TURN *** [4d 4s 2h] [Qd]
fluit83: checks
Grieserix: checks
*** RIVER *** [4d 4s 2h Qd] [Qh]
fluit83: checks
Grieserix: checks
*** SHOW DOWN ***
fluit83: shows [6c 3c] (two pair, Queens and Fours)
Grieserix: shows [Td Ad] (two pair, Queens and Fours - Ace kicker)
Grieserix collected $11.76 from pot
*** SUMMARY ***
Total pot $12 | Rake $0.24
Board [4d 4s 2h Qd Qh]
Seat 2: Grieserix (button) (small blind) showed [Td Ad] and won ($11.76) with two pair, Queens and Fours
Seat 3: fluit83 (big blind) showed [6c 3c] and lost with two pair, Queens and Fours


PokerStars Hand #156435247951:  Hold'em Limit ($3/$6 USD) - 2016/07/25 15:04:37 ET
Table 'Clorinde II' 6-max Seat #3 is the button
Seat 2: Grieserix ($183.08 in chips)
Seat 3: fluit83 ($37.44 in chips)
fluit83: posts small blind $1
Grieserix: posts big blind $3
*** HOLE CARDS ***
fluit83: raises $3 to $6
Grieserix: calls $3
*** FLOP *** [8s Jd 8c]
Grieserix: checks
fluit83: checks
*** TURN *** [8s Jd 8c] [Ah]
Grieserix: checks
fluit83: bets $6
Grieserix: folds
Uncalled bet ($6) returned to fluit83
fluit83 collected $11.76 from pot
fluit83: doesn't show hand
*** SUMMARY ***
Total pot $12 | Rake $0.24
Board [8s Jd 8c Ah]
Seat 2: Grieserix (big blind) folded on the Turn
Seat 3: fluit83 (button) (small blind) collected ($11.76)


PokerStars Hand #156435234434:  Hold'em Limit ($3/$6 USD) - 2016/07/25 15:04:20 ET
Table 'Clorinde II' 6-max Seat #2 is the button
Seat 2: Grieserix ($162.58 in chips)
Seat 3: fluit83 ($58.44 in chips)
Grieserix: posts small blind $1
fluit83: posts big blind $3
*** HOLE CARDS ***
Grieserix: raises $3 to $6
fluit83: calls $3
*** FLOP *** [4s 9d 8h]
fluit83: checks
Grieserix: bets $3
fluit83: calls $3
*** TURN *** [4s 9d 8h] [5d]
fluit83: checks
Grieserix: bets $6
fluit83: calls $6
*** RIVER *** [4s 9d 8h 5d] [6c]
fluit83: checks
Grieserix: bets $6
fluit83: calls $6
*** SHOW DOWN ***
Grieserix: shows [9s Jh] (a pair of Nines)
fluit83: mucks hand
Grieserix collected $41.50 from pot
*** SUMMARY ***
Total pot $42 | Rake $0.50
Board [4s 9d 8h 5d 6c]
Seat 2: Grieserix (button) (small blind) showed [9s Jh] and won ($41.50) with a pair of Nines
Seat 3: fluit83 (big blind) mucked


PokerStars Hand #156435260948:  Hold'em Limit ($3/$6 USD) - 2016/07/25 15:04:53 ET
Table 'Clorinde II' 6-max Seat #3 is the button
Seat 2: Grieserix ($176.08 in chips)
Seat 3: fluit83 ($44.20 in chips)
fluit83: posts small blind $1
Grieserix: posts big blind $3
*** HOLE CARDS ***
fluit83: calls $2
Grieserix: checks
*** FLOP *** [7h 9d Ts]
Grieserix: bets $3
fluit83: raises $3 to $6
Grieserix: calls $3
*** TURN *** [7h 9d Ts] [Kh]
Grieserix: checks
fluit83: bets $6
Grieserix: calls $6
*** RIVER *** [7h 9d Ts Kh] [5c]
Grieserix: checks
fluit83: checks
*** SHOW DOWN ***
Grieserix: shows [Tc Jc] (a pair of Tens)
fluit83: mucks hand
Grieserix collected $29.50 from pot
*** SUMMARY ***
Total pot $30 | Rake $0.50
Board [7h 9d Ts Kh 5c]
Seat 2: Grieserix (big blind) showed [Tc Jc] and won ($29.50) with a pair of Tens
Seat 3: fluit83 (button) (small blind) mucked


PokerStars Hand #156435257514:  Hold'em Limit ($3/$6 USD) - 2016/07/25 15:04:49 ET
Table 'Clorinde II' 6-max Seat #2 is the button
Seat 2: Grieserix ($177.08 in chips)
Seat 3: fluit83 ($43.20 in chips)
Grieserix: posts small blind $1
fluit83: posts big blind $3
*** HOLE CARDS ***
Grieserix: folds
Uncalled bet ($2) returned to fluit83
fluit83 collected $2 from pot
fluit83: doesn't show hand
*** SUMMARY ***
Total pot $2 | Rake $0
Seat 2: Grieserix (button) (small blind) folded before Flop
Seat 3: fluit83 (big blind) collected ($2)


PokerStars Hand #156435280370:  Hold'em Limit ($3/$6 USD) - 2016/07/25 15:05:16 ET
Table 'Clorinde II' 6-max Seat #2 is the button
Seat 2: Grieserix ($190.58 in chips)
Seat 3: fluit83 ($29.20 in chips)
Grieserix: posts small blind $1
fluit83: posts big blind $3
*** HOLE CARDS ***
Grieserix: calls $2
fluit83: raises $3 to $6
Grieserix: calls $3
*** FLOP *** [Kd Th 8d]
fluit83: bets $3
Grieserix: calls $3
*** TURN *** [Kd Th 8d] [Jh]
fluit83: checks
Grieserix: bets $6
fluit83: calls $6
*** RIVER *** [Kd Th 8d Jh] [9s]
Bishengg007 joins the table at seat #6
fluit83: checks
Grieserix: bets $6
fluit83: folds
Uncalled bet ($6) returned to Grieserix
Grieserix collected $29.50 from pot
*** SUMMARY ***
Total pot $30 | Rake $0.50
Board [Kd Th 8d Jh 9s]
Seat 2: Grieserix (button) (small blind) collected ($29.50)
Seat 3: fluit83 (big blind) folded on the River


PokerStars Hand #156435358369:  Hold'em Limit ($3/$6 USD) - 2016/07/25 15:06:52 ET
Table 'Clorinde II' 6-max Seat #6 is the button
Seat 3: fluit83 ($121 in chips)
Seat 6: Bishengg007 ($165.49 in chips)
Mordnilap will be allowed to play after the button
Bishengg007: posts small blind $1
fluit83: posts big blind $3
*** HOLE CARDS ***
Bishengg007: raises $3 to $6
fluit83: folds
Uncalled bet ($3) returned to Bishengg007
Bishengg007 collected $6 from pot
Bishengg007: doesn't show hand
*** SUMMARY ***
Total pot $6 | Rake $0
Seat 3: fluit83 (big blind) folded before Flop
Seat 6: Bishengg007 (button) (small blind) collected ($6)


PokerStars Hand #156435327916:  Hold'em Limit ($3/$6 USD) - 2016/07/25 15:06:15 ET
Table 'Clorinde II' 6-max Seat #6 is the button
Seat 2: Grieserix ($193.08 in chips)
Seat 6: Bishengg007 ($144.99 in chips)
Bishengg007: posts small blind $1
Grieserix: posts big blind $3
*** HOLE CARDS ***
Bishengg007: raises $3 to $6
Grieserix: calls $3
*** FLOP *** [7s Js 3d]
Grieserix: checks
vestimokrec joins the table at seat #1
Bishengg007: bets $3
Grieserix: calls $3
*** TURN *** [7s Js 3d] [Tc]
Grieserix: checks
Bishengg007: bets $6
Grieserix: calls $6
*** RIVER *** [7s Js 3d Tc] [5s]
Grieserix: checks
Bishengg007: bets $6
Grieserix: calls $6
*** SHOW DOWN ***
Bishengg007: shows [Jd Qd] (a pair of Jacks)
Mordnilap joins the table at seat #4
Grieserix: mucks hand
Bishengg007 collected $41.50 from pot
*** SUMMARY ***
Total pot $42 | Rake $0.50
Board [7s Js 3d Tc 5s]
Seat 2: Grieserix (big blind) mucked
Seat 6: Bishengg007 (button) (small blind) showed [Jd Qd] and won ($41.50) with a pair of Jacks


PokerStars Hand #156436689213:  Hold'em Limit ($3/$6 USD) - 2016/07/25 15:33:24 ET
Table 'Clorinde II' 6-max Seat #3 is the button
Seat 3: fluit83 ($240.89 in chips)
Seat 4: Mordnilap ($80 in chips)
fluit83: posts small blind $1
Mordnilap: posts big blind $3
*** HOLE CARDS ***
fluit83: folds
Uncalled bet ($2) returned to Mordnilap
Mordnilap collected $2 from pot
Mordnilap: doesn't show hand
vestimokrec leaves the table
*** SUMMARY ***
Total pot $2 | Rake $0
Seat 3: fluit83 (button) (small blind) folded before Flop
Seat 4: Mordnilap (big blind) collected ($2)


PokerStars Hand #156436681096:  Hold'em Limit ($3/$6 USD) - 2016/07/25 15:33:14 ET
Table 'Clorinde II' 6-max Seat #4 is the button
Seat 3: fluit83 ($243.89 in chips)
Seat 4: Mordnilap ($77 in chips)
Mordnilap: posts small blind $1
fluit83: posts big blind $3
*** HOLE CARDS ***
Mordnilap: raises $3 to $6
fluit83: folds
Uncalled bet ($3) returned to Mordnilap
Mordnilap collected $6 from pot
Mordnilap: doesn't show hand
*** SUMMARY ***
Total pot $6 | Rake $0
Seat 3: fluit83 (big blind) folded before Flop
Seat 4: Mordnilap (button) (small blind) collected ($6)


PokerStars Hand #156436676714:  Hold'em Limit ($3/$6 USD) - 2016/07/25 15:33:09 ET
Table 'Clorinde II' 6-max Seat #3 is the button
Seat 3: fluit83 ($244.89 in chips)
Seat 4: Mordnilap ($76 in chips)
fluit83: posts small blind $1
Mordnilap: posts big blind $3
*** HOLE CARDS ***
fluit83: folds
Uncalled bet ($2) returned to Mordnilap
Mordnilap collected $2 from pot
Mordnilap: doesn't show hand
*** SUMMARY ***
Total pot $2 | Rake $0
Seat 3: fluit83 (button) (small blind) folded before Flop
Seat 4: Mordnilap (big blind) collected ($2)


PokerStars Hand #156436669392:  Hold'em Limit ($3/$6 USD) - 2016/07/25 15:33:00 ET
Table 'Clorinde II' 6-max Seat #4 is the button
Seat 3: fluit83 ($247.89 in chips)
Seat 4: Mordnilap ($73 in chips)
Mordnilap: posts small blind $1
vestimokrec: is sitting out
jackRizzar: is sitting out
fluit83: posts big blind $3
*** HOLE CARDS ***
Mordnilap: raises $3 to $6
fluit83: folds
Uncalled bet ($3) returned to Mordnilap
Mordnilap collected $6 from pot
Mordnilap: doesn't show hand
*** SUMMARY ***
Total pot $6 | Rake $0
Seat 3: fluit83 (big blind) folded before Flop
Seat 4: Mordnilap (button) (small blind) collected ($6)


PokerStars Hand #156436707837:  Hold'em Limit ($3/$6 USD) - 2016/07/25 15:33:46 ET
Table 'Clorinde II' 6-max Seat #3 is the button
Seat 3: fluit83 ($248.53 in chips)
Seat 4: Mordnilap ($72 in chips)
fluit83: posts small blind $1
Mordnilap: posts big blind $3
*** HOLE CARDS ***
fluit83: folds
Uncalled bet ($2) returned to Mordnilap
Mordnilap collected $2 from pot
Mordnilap: doesn't show hand
*** SUMMARY ***
Total pot $2 | Rake $0
Seat 3: fluit83 (button) (small blind) folded before Flop
Seat 4: Mordnilap (big blind) collected ($2)


PokerStars Hand #156436693285:  Hold'em Limit ($3/$6 USD) - 2016/07/25 15:33:29 ET
Table 'Clorinde II' 6-max Seat #4 is the button
Seat 3: fluit83 ($239.89 in chips)
Seat 4: Mordnilap ($81 in chips)
Mordnilap: posts small blind $1
fluit83: posts big blind $3
*** HOLE CARDS ***
Mordnilap: raises $3 to $6
fluit83: calls $3
*** FLOP *** [2s Tc Ah]
fluit83: checks
Mordnilap: bets $3
fluit83: calls $3
*** TURN *** [2s Tc Ah] [2c]
fluit83: checks
Mordnilap: checks
*** RIVER *** [2s Tc Ah 2c] [3d]
fluit83: bets $6
Mordnilap: folds
Uncalled bet ($6) returned to fluit83
fluit83 collected $17.64 from pot
fluit83: doesn't show hand
*** SUMMARY ***
Total pot $18 | Rake $0.36
Board [2s Tc Ah 2c 3d]
Seat 3: fluit83 (big blind) collected ($17.64)
Seat 4: Mordnilap (button) (small blind) folded on the River


PokerStars Hand #156437695340:  Hold'em Limit ($3/$6 USD) - 2016/07/25 15:53:27 ET
Table 'Clorinde II' 6-max Seat #3 is the button
Seat 1: jackRizzar ($408.36 in chips)
Seat 3: Grieserix ($111.71 in chips)
Grieserix: posts small blind $1
vestimokrec: is sitting out
jackRizzar: posts big blind $3
*** HOLE CARDS ***
Grieserix: folds
Uncalled bet ($2) returned to jackRizzar
jackRizzar collected $2 from pot
*** SUMMARY ***
Total pot $2 | Rake $0
Seat 1: jackRizzar (big blind) collected ($2)
Seat 3: Grieserix (button) (small blind) folded before Flop


PokerStars Hand #156437699053:  Hold'em Limit ($3/$6 USD) - 2016/07/25 15:53:32 ET
Table 'Clorinde II' 6-max Seat #1 is the button
Seat 1: jackRizzar ($409.36 in chips)
Seat 3: Grieserix ($110.71 in chips)
jackRizzar: posts small blind $1
vestimokrec leaves the table
Grieserix: posts big blind $3
*** HOLE CARDS ***
jackRizzar: raises $3 to $6
Grieserix: calls $3
*** FLOP *** [4s 5c Tc]
Grieserix: checks
jackRizzar: bets $3
Grieserix: calls $3
*** TURN *** [4s 5c Tc] [Jh]
Grieserix: bets $6
jackRizzar: folds
Uncalled bet ($6) returned to Grieserix
Grieserix collected $17.64 from pot
*** SUMMARY ***
Total pot $18 | Rake $0.36
Board [4s 5c Tc Jh]
Seat 1: jackRizzar (button) (small blind) folded on the Turn
Seat 3: Grieserix (big blind) collected ($17.64)


