PokerStars Hand #172085940519:  Hold'em Limit ($3/$6 USD) - 2017/06/22 2:31:36 ET
Table 'Coelestina' 6-max Seat #2 is the button
Seat 2: VolkovDmitri ($121.01 in chips)
Seat 3: Azrarn ($132.07 in chips)
VolkovDmitri: posts small blind $1
Azrarn: posts big blind $3
*** HOLE CARDS ***
VolkovDmitri: raises $3 to $6
Azrarn: raises $3 to $9
VolkovDmitri: calls $3
*** FLOP *** [8h 4h Qd]
Azrarn: bets $3
VolkovDmitri: folds
Uncalled bet ($3) returned to Azrarn
Azrarn collected $17.64 from pot
*** SUMMARY ***
Total pot $18 | Rake $0.36
Board [8h 4h Qd]
Seat 2: VolkovDmitri (button) (small blind) folded on the Flop
Seat 3: Azrarn (big blind) collected ($17.64)


PokerStars Hand #172085958779:  Hold'em Limit ($3/$6 USD) - 2017/06/22 2:32:53 ET
Table 'Coelestina' 6-max Seat #3 is the button
Seat 2: VolkovDmitri ($120 in chips)
Seat 3: Azrarn ($140.71 in chips)
Azrarn: posts small blind $1
VolkovDmitri: posts big blind $3
*** HOLE CARDS ***
Azrarn: raises $3 to $6
VolkovDmitri: calls $3
*** FLOP *** [Ks 8s 4s]
VolkovDmitri: checks
Azrarn: bets $3
VolkovDmitri: folds
Uncalled bet ($3) returned to Azrarn
Azrarn collected $11.76 from pot
*** SUMMARY ***
Total pot $12 | Rake $0.24
Board [Ks 8s 4s]
Seat 2: VolkovDmitri (big blind) folded on the Flop
Seat 3: Azrarn (button) (small blind) collected ($11.76)


