PokerStars Hand #172218103395:  Hold'em Limit ($3/$6 USD) - 2017/06/25 9:52:42 ET
Table 'Coelestina' 6-max Seat #3 is the button
Seat 3: nedo1414 ($122.64 in chips)
Seat 4: MTails ($116.76 in chips)
nedo1414: posts small blind $1
MTails: posts big blind $3
*** HOLE CARDS ***
nedo1414: raises $3 to $6
MTails: raises $3 to $9
nedo1414: calls $3
*** FLOP *** [Qd Ts 9s]
MTails: bets $3
nedo1414: calls $3
*** TURN *** [Qd Ts 9s] [4d]
MTails: checks
nedo1414: bets $6
MTails: raises $6 to $12
nedo1414: calls $6
*** RIVER *** [Qd Ts 9s 4d] [Qc]
MTails: bets $6
nedo1414: calls $6
*** SHOW DOWN ***
MTails: shows [Kh Kc] (two pair, Kings and Queens)
nedo1414: shows [5h Qh] (three of a kind, Queens)
nedo1414 collected $59.50 from pot
*** SUMMARY ***
Total pot $60 | Rake $0.50
Board [Qd Ts 9s 4d Qc]
Seat 3: nedo1414 (button) (small blind) showed [5h Qh] and won ($59.50) with three of a kind, Queens
Seat 4: MTails (big blind) showed [Kh Kc] and lost with two pair, Kings and Queens


PokerStars Hand #172218100553:  Hold'em Limit ($3/$6 USD) - 2017/06/25 9:52:37 ET
Table 'Coelestina' 6-max Seat #4 is the button
Seat 3: nedo1414 ($125.64 in chips)
Seat 4: MTails ($113.76 in chips)
MTails: posts small blind $1
nedo1414: posts big blind $3
*** HOLE CARDS ***
MTails: raises $3 to $6
nedo1414: folds
Uncalled bet ($3) returned to MTails
MTails collected $6 from pot
*** SUMMARY ***
Total pot $6 | Rake $0
Seat 3: nedo1414 (big blind) folded before Flop
Seat 4: MTails (button) (small blind) collected ($6)


PokerStars Hand #172218096962:  Hold'em Limit ($3/$6 USD) - 2017/06/25 9:52:31 ET
Table 'Coelestina' 6-max Seat #3 is the button
Seat 3: nedo1414 ($122.64 in chips)
Seat 4: MTails ($116.76 in chips)
nedo1414: posts small blind $1
MTails: posts big blind $3
*** HOLE CARDS ***
nedo1414: raises $3 to $6
MTails: folds
Uncalled bet ($3) returned to nedo1414
nedo1414 collected $6 from pot
nedo1414: doesn't show hand
*** SUMMARY ***
Total pot $6 | Rake $0
Seat 3: nedo1414 (button) (small blind) collected ($6)
Seat 4: MTails (big blind) folded before Flop


PokerStars Hand #172218091391:  Hold'em Limit ($3/$6 USD) - 2017/06/25 9:52:21 ET
Table 'Coelestina' 6-max Seat #4 is the button
Seat 3: nedo1414 ($128.64 in chips)
Seat 4: MTails ($111 in chips)
MTails: posts small blind $1
nedo1414: posts big blind $3
*** HOLE CARDS ***
MTails: raises $3 to $6
nedo1414: calls $3
*** FLOP *** [Jd As 5h]
nedo1414: checks
MTails: bets $3
nedo1414: folds
Uncalled bet ($3) returned to MTails
MTails collected $11.76 from pot
*** SUMMARY ***
Total pot $12 | Rake $0.24
Board [Jd As 5h]
Seat 3: nedo1414 (big blind) folded on the Flop
Seat 4: MTails (button) (small blind) collected ($11.76)


PokerStars Hand #172218078382:  Hold'em Limit ($3/$6 USD) - 2017/06/25 9:51:59 ET
Table 'Coelestina' 6-max Seat #3 is the button
Seat 3: nedo1414 ($120 in chips)
Seat 4: MTails ($120 in chips)
nedo1414: posts small blind $1
MTails: posts big blind $3
*** HOLE CARDS ***
nedo1414: raises $3 to $6
MTails: calls $3
*** FLOP *** [Jd 6s Qh]
MTails: checks
nedo1414: bets $3
MTails: calls $3
*** TURN *** [Jd 6s Qh] [9h]
MTails: checks
nedo1414: bets $6
MTails: folds
Uncalled bet ($6) returned to nedo1414
nedo1414 collected $17.64 from pot
nedo1414: doesn't show hand
*** SUMMARY ***
Total pot $18 | Rake $0.36
Board [Jd 6s Qh 9h]
Seat 3: nedo1414 (button) (small blind) collected ($17.64)
Seat 4: MTails (big blind) folded on the Turn


PokerStars Hand #172218137633:  Hold'em Limit ($3/$6 USD) - 2017/06/25 9:53:40 ET
Table 'Coelestina' 6-max Seat #4 is the button
Seat 3: nedo1414 ($125.14 in chips)
Seat 4: MTails ($113.26 in chips)
MTails: posts small blind $1
nedo1414: posts big blind $3
*** HOLE CARDS ***
MTails: raises $3 to $6
nedo1414: calls $3
*** FLOP *** [Ac 3c Jd]
nedo1414: checks
MTails: bets $3
nedo1414: calls $3
*** TURN *** [Ac 3c Jd] [Js]
nedo1414: checks
MTails: bets $6
nedo1414: calls $6
*** RIVER *** [Ac 3c Jd Js] [2d]
nedo1414: checks
MTails: checks
*** SHOW DOWN ***
nedo1414: shows [3s Ts] (two pair, Jacks and Threes)
MTails: mucks hand
nedo1414 collected $29.50 from pot
*** SUMMARY ***
Total pot $30 | Rake $0.50
Board [Ac 3c Jd Js 2d]
Seat 3: nedo1414 (big blind) showed [3s Ts] and won ($29.50) with two pair, Jacks and Threes
Seat 4: MTails (button) (small blind) mucked


PokerStars Hand #172218125217:  Hold'em Limit ($3/$6 USD) - 2017/06/25 9:53:19 ET
Table 'Coelestina' 6-max Seat #3 is the button
Seat 3: nedo1414 ($149.14 in chips)
Seat 4: MTails ($89.76 in chips)
nedo1414: posts small blind $1
MTails: posts big blind $3
*** HOLE CARDS ***
nedo1414: raises $3 to $6
MTails: raises $3 to $9
nedo1414: calls $3
*** FLOP *** [4d Td 6h]
MTails: bets $3
nedo1414: calls $3
*** TURN *** [4d Td 6h] [Qc]
MTails: bets $6
nedo1414: calls $6
*** RIVER *** [4d Td 6h Qc] [2h]
MTails: bets $6
nedo1414: calls $6
*** SHOW DOWN ***
MTails: shows [6d 9d] (a pair of Sixes)
nedo1414: mucks hand
MTails collected $47.50 from pot
*** SUMMARY ***
Total pot $48 | Rake $0.50
Board [4d Td 6h Qc 2h]
Seat 3: nedo1414 (button) (small blind) mucked
Seat 4: MTails (big blind) showed [6d 9d] and won ($47.50) with a pair of Sixes


PokerStars Hand #172218122335:  Hold'em Limit ($3/$6 USD) - 2017/06/25 9:53:14 ET
Table 'Coelestina' 6-max Seat #4 is the button
Seat 3: nedo1414 ($152.14 in chips)
Seat 4: MTails ($86.76 in chips)
MTails: posts small blind $1
nedo1414: posts big blind $3
*** HOLE CARDS ***
MTails: raises $3 to $6
nedo1414: folds
Uncalled bet ($3) returned to MTails
MTails collected $6 from pot
*** SUMMARY ***
Total pot $6 | Rake $0
Seat 3: nedo1414 (big blind) folded before Flop
Seat 4: MTails (button) (small blind) collected ($6)


PokerStars Hand #172218119635:  Hold'em Limit ($3/$6 USD) - 2017/06/25 9:53:09 ET
Table 'Coelestina' 6-max Seat #3 is the button
Seat 3: nedo1414 ($153.14 in chips)
Seat 4: MTails ($85.76 in chips)
nedo1414: posts small blind $1
MTails: posts big blind $3
*** HOLE CARDS ***
nedo1414: folds
Uncalled bet ($2) returned to MTails
MTails collected $2 from pot
*** SUMMARY ***
Total pot $2 | Rake $0
Seat 3: nedo1414 (button) (small blind) folded before Flop
Seat 4: MTails (big blind) collected ($2)


PokerStars Hand #172218116452:  Hold'em Limit ($3/$6 USD) - 2017/06/25 9:53:04 ET
Table 'Coelestina' 6-max Seat #4 is the button
Seat 3: nedo1414 ($152.14 in chips)
Seat 4: MTails ($86.76 in chips)
MTails: posts small blind $1
nedo1414: posts big blind $3
*** HOLE CARDS ***
MTails: folds
Uncalled bet ($2) returned to nedo1414
nedo1414 collected $2 from pot
nedo1414: doesn't show hand
*** SUMMARY ***
Total pot $2 | Rake $0
Seat 3: nedo1414 (big blind) collected ($2)
Seat 4: MTails (button) (small blind) folded before Flop


PokerStars Hand #172218179749:  Hold'em Limit ($3/$6 USD) - 2017/06/25 9:54:51 ET
Table 'Coelestina' 6-max Seat #3 is the button
Seat 3: nedo1414 ($160.14 in chips)
Seat 4: MTails ($76.90 in chips)
nedo1414: posts small blind $1
MTails: posts big blind $3
*** HOLE CARDS ***
nedo1414: folds
Uncalled bet ($2) returned to MTails
MTails collected $2 from pot
*** SUMMARY ***
Total pot $2 | Rake $0
Seat 3: nedo1414 (button) (small blind) folded before Flop
Seat 4: MTails (big blind) collected ($2)


PokerStars Hand #172218162512:  Hold'em Limit ($3/$6 USD) - 2017/06/25 9:54:21 ET
Table 'Coelestina' 6-max Seat #4 is the button
Seat 3: nedo1414 ($169.14 in chips)
Seat 4: MTails ($68.26 in chips)
MTails: posts small blind $1
nedo1414: posts big blind $3
*** HOLE CARDS ***
MTails: raises $3 to $6
nedo1414: calls $3
*** FLOP *** [3s Jh Jd]
nedo1414: checks
MTails: bets $3
nedo1414: calls $3
*** TURN *** [3s Jh Jd] [7c]
nedo1414: checks
MTails: bets $6
nedo1414: folds
Uncalled bet ($6) returned to MTails
MTails collected $17.64 from pot
*** SUMMARY ***
Total pot $18 | Rake $0.36
Board [3s Jh Jd 7c]
Seat 3: nedo1414 (big blind) folded on the Turn
Seat 4: MTails (button) (small blind) collected ($17.64)


PokerStars Hand #172218148645:  Hold'em Limit ($3/$6 USD) - 2017/06/25 9:53:58 ET
Table 'Coelestina' 6-max Seat #3 is the button
Seat 3: nedo1414 ($139.64 in chips)
Seat 4: MTails ($98.26 in chips)
nedo1414: posts small blind $1
MTails: posts big blind $3
*** HOLE CARDS ***
nedo1414: raises $3 to $6
MTails: raises $3 to $9
nedo1414: calls $3
*** FLOP *** [4d Js 5d]
MTails: bets $3
nedo1414: calls $3
*** TURN *** [4d Js 5d] [8d]
MTails: bets $6
nedo1414: raises $6 to $12
MTails: calls $6
*** RIVER *** [4d Js 5d 8d] [Qh]
MTails: checks
nedo1414: bets $6
MTails: calls $6
*** SHOW DOWN ***
nedo1414: shows [4c 5s] (two pair, Fives and Fours)
MTails: mucks hand
nedo1414 collected $59.50 from pot
*** SUMMARY ***
Total pot $60 | Rake $0.50
Board [4d Js 5d 8d Qh]
Seat 3: nedo1414 (button) (small blind) showed [4c 5s] and won ($59.50) with two pair, Fives and Fours
Seat 4: MTails (big blind) mucked


PokerStars Hand #172218209870:  Hold'em Limit ($3/$6 USD) - 2017/06/25 9:55:51 ET
Table 'Coelestina' 6-max Seat #4 is the button
Seat 3: nedo1414 ($149.39 in chips)
Seat 4: MTails ($86.15 in chips)
MTails: posts small blind $1
nedo1414: posts big blind $3
*** HOLE CARDS ***
MTails: raises $3 to $6
nedo1414: calls $3
*** FLOP *** [Jc 2c 3d]
nedo1414: checks
MTails: bets $3
nedo1414: calls $3
*** TURN *** [Jc 2c 3d] [Js]
nedo1414: checks
MTails: bets $6
nedo1414: calls $6
*** RIVER *** [Jc 2c 3d Js] [Kh]
nedo1414: checks
MTails: checks
*** SHOW DOWN ***
nedo1414: shows [9h 2h] (two pair, Jacks and Deuces)
MTails: mucks hand
nedo1414 collected $29.50 from pot
*** SUMMARY ***
Total pot $30 | Rake $0.50
Board [Jc 2c 3d Js Kh]
Seat 3: nedo1414 (big blind) showed [9h 2h] and won ($29.50) with two pair, Jacks and Deuces
Seat 4: MTails (button) (small blind) mucked


PokerStars Hand #172218200127:  Hold'em Limit ($3/$6 USD) - 2017/06/25 9:55:31 ET
Table 'Coelestina' 6-max Seat #3 is the button
Seat 3: nedo1414 ($134.89 in chips)
Seat 4: MTails ($101.15 in chips)
nedo1414: posts small blind $1
MTails: posts big blind $3
*** HOLE CARDS ***
nedo1414: raises $3 to $6
MTails: calls $3
*** FLOP *** [Qh 3s 5s]
MTails: checks
nedo1414: bets $3
MTails: calls $3
*** TURN *** [Qh 3s 5s] [2s]
MTails: checks
nedo1414: bets $6
MTails: calls $6
*** RIVER *** [Qh 3s 5s 2s] [Ah]
MTails: checks
nedo1414: bets $6
MTails: folds
Uncalled bet ($6) returned to nedo1414
nedo1414 collected $29.50 from pot
nedo1414: doesn't show hand
*** SUMMARY ***
Total pot $30 | Rake $0.50
Board [Qh 3s 5s 2s Ah]
Seat 3: nedo1414 (button) (small blind) collected ($29.50)
Seat 4: MTails (big blind) folded on the River


PokerStars Hand #172218197587:  Hold'em Limit ($3/$6 USD) - 2017/06/25 9:55:25 ET
Table 'Coelestina' 6-max Seat #4 is the button
Seat 3: nedo1414 ($137.89 in chips)
Seat 4: MTails ($98.15 in chips)
MTails: posts small blind $1
nedo1414: posts big blind $3
*** HOLE CARDS ***
MTails: raises $3 to $6
nedo1414: folds
Uncalled bet ($3) returned to MTails
MTails collected $6 from pot
*** SUMMARY ***
Total pot $6 | Rake $0
Seat 3: nedo1414 (big blind) folded before Flop
Seat 4: MTails (button) (small blind) collected ($6)


PokerStars Hand #172218190493:  Hold'em Limit ($3/$6 USD) - 2017/06/25 9:55:11 ET
Table 'Coelestina' 6-max Seat #3 is the button
Seat 3: nedo1414 ($138.14 in chips)
Seat 4: MTails ($98.40 in chips)
nedo1414: posts small blind $1
MTails: posts big blind $3
*** HOLE CARDS ***
nedo1414: raises $3 to $6
MTails: raises $3 to $9
nedo1414: calls $3
*** FLOP *** [5s 5d Kc]
MTails: bets $3
nedo1414: raises $3 to $6
MTails: calls $3
*** TURN *** [5s 5d Kc] [8s]
MTails: checks
nedo1414: checks
*** RIVER *** [5s 5d Kc 8s] [5c]
MTails: bets $6
nedo1414: calls $6
*** SHOW DOWN ***
MTails: shows [Ah 9d] (three of a kind, Fives)
nedo1414: shows [As 3h] (three of a kind, Fives)
MTails collected $20.75 from pot
nedo1414 collected $20.75 from pot
*** SUMMARY ***
Total pot $42 | Rake $0.50
Board [5s 5d Kc 8s 5c]
Seat 3: nedo1414 (button) (small blind) showed [As 3h] and won ($20.75) with three of a kind, Fives
Seat 4: MTails (big blind) showed [Ah 9d] and won ($20.75) with three of a kind, Fives


PokerStars Hand #172218226848:  Hold'em Limit ($3/$6 USD) - 2017/06/25 9:56:27 ET
Table 'Coelestina' 6-max Seat #3 is the button
Seat 3: nedo1414 ($183.39 in chips)
Seat 4: MTails ($111.15 in chips)
nedo1414: posts small blind $1
MTails: posts big blind $3
*** HOLE CARDS ***
nedo1414: raises $3 to $6
MTails: calls $3
*** FLOP *** [6c 4s 6h]
MTails: checks
nedo1414: bets $3
MTails: raises $3 to $6
nedo1414: calls $3
*** TURN *** [6c 4s 6h] [7c]
MTails: bets $6
nedo1414: calls $6
*** RIVER *** [6c 4s 6h 7c] [Qd]
MTails: checks
nedo1414: bets $6
MTails: calls $6
*** SHOW DOWN ***
nedo1414: shows [Qh Kc] (two pair, Queens and Sixes)
MTails: mucks hand
nedo1414 collected $47.50 from pot
*** SUMMARY ***
Total pot $48 | Rake $0.50
Board [6c 4s 6h 7c Qd]
Seat 3: nedo1414 (button) (small blind) showed [Qh Kc] and won ($47.50) with two pair, Queens and Sixes
Seat 4: MTails (big blind) mucked


PokerStars Hand #172218219190:  Hold'em Limit ($3/$6 USD) - 2017/06/25 9:56:11 ET
Table 'Coelestina' 6-max Seat #4 is the button
Seat 3: nedo1414 ($162.89 in chips)
Seat 4: MTails ($132.15 in chips)
MTails: posts small blind $1
nedo1414: posts big blind $3
*** HOLE CARDS ***
MTails: raises $3 to $6
nedo1414: calls $3
*** FLOP *** [6c 4h Js]
nedo1414: checks
MTails: bets $3
nedo1414: calls $3
*** TURN *** [6c 4h Js] [Qd]
nedo1414: checks
MTails: bets $6
nedo1414: calls $6
*** RIVER *** [6c 4h Js Qd] [Th]
nedo1414: checks
MTails: bets $6
nedo1414: raises $6 to $12
MTails: folds
Uncalled bet ($6) returned to nedo1414
nedo1414 collected $41.50 from pot
nedo1414: doesn't show hand
*** SUMMARY ***
Total pot $42 | Rake $0.50
Board [6c 4h Js Qd Th]
Seat 3: nedo1414 (big blind) collected ($41.50)
Seat 4: MTails (button) (small blind) folded on the River


PokerStars Hand #172218217092:  Hold'em Limit ($3/$6 USD) - 2017/06/25 9:56:06 ET
Table 'Coelestina' 6-max Seat #3 is the button
Seat 3: nedo1414 ($163.89 in chips)
Seat 4: MTails ($131.15 in chips)
nedo1414: posts small blind $1
MTails: posts big blind $3
*** HOLE CARDS ***
nedo1414: folds
Uncalled bet ($2) returned to MTails
MTails collected $2 from pot
*** SUMMARY ***
Total pot $2 | Rake $0
Seat 3: nedo1414 (button) (small blind) folded before Flop
Seat 4: MTails (big blind) collected ($2)


PokerStars Hand #172218256724:  Hold'em Limit ($3/$6 USD) - 2017/06/25 9:57:28 ET
Table 'Coelestina' 6-max Seat #4 is the button
Seat 3: nedo1414 ($206.39 in chips)
Seat 4: MTails ($86.65 in chips)
MTails: posts small blind $1
nedo1414: posts big blind $3
*** HOLE CARDS ***
MTails: raises $3 to $6
nedo1414: calls $3
*** FLOP *** [Ah 4h 9c]
nedo1414: checks
MTails: bets $3
nedo1414: calls $3
*** TURN *** [Ah 4h 9c] [Ks]
nedo1414: checks
MTails: bets $6
nedo1414: calls $6
*** RIVER *** [Ah 4h 9c Ks] [4c]
nedo1414: checks
MTails: bets $6
nedo1414: raises $6 to $12
MTails: folds
Uncalled bet ($6) returned to nedo1414
nedo1414 collected $41.50 from pot
nedo1414: doesn't show hand
*** SUMMARY ***
Total pot $42 | Rake $0.50
Board [Ah 4h 9c Ks 4c]
Seat 3: nedo1414 (big blind) collected ($41.50)
Seat 4: MTails (button) (small blind) folded on the River


PokerStars Hand #172218248286:  Hold'em Limit ($3/$6 USD) - 2017/06/25 9:57:11 ET
Table 'Coelestina' 6-max Seat #3 is the button
Seat 3: nedo1414 ($185.89 in chips)
Seat 4: MTails ($107.65 in chips)
nedo1414: posts small blind $1
MTails: posts big blind $3
*** HOLE CARDS ***
nedo1414: raises $3 to $6
MTails: calls $3
*** FLOP *** [2c Qh 5h]
MTails: checks
nedo1414: bets $3
MTails: calls $3
*** TURN *** [2c Qh 5h] [3d]
MTails: checks
nedo1414: checks
*** RIVER *** [2c Qh 5h 3d] [Ad]
MTails: checks
nedo1414: bets $6
MTails: raises $6 to $12
nedo1414: calls $6
*** SHOW DOWN ***
MTails: shows [Qs 2s] (two pair, Queens and Deuces)
nedo1414: shows [4d Jd] (a straight, Ace to Five)
nedo1414 collected $41.50 from pot
*** SUMMARY ***
Total pot $42 | Rake $0.50
Board [2c Qh 5h 3d Ad]
Seat 3: nedo1414 (button) (small blind) showed [4d Jd] and won ($41.50) with a straight, Ace to Five
Seat 4: MTails (big blind) showed [Qs 2s] and lost with two pair, Queens and Deuces


PokerStars Hand #172218236164:  Hold'em Limit ($3/$6 USD) - 2017/06/25 9:56:46 ET
Table 'Coelestina' 6-max Seat #4 is the button
Seat 3: nedo1414 ($206.89 in chips)
Seat 4: MTails ($87.15 in chips)
MTails: posts small blind $1
nedo1414: posts big blind $3
*** HOLE CARDS ***
MTails: raises $3 to $6
nedo1414: calls $3
*** FLOP *** [Ts Jh 5h]
nedo1414: checks
MTails: bets $3
nedo1414: calls $3
*** TURN *** [Ts Jh 5h] [7c]
nedo1414: checks
MTails: bets $6
nedo1414: calls $6
*** RIVER *** [Ts Jh 5h 7c] [2s]
nedo1414: checks
MTails: bets $6
nedo1414: calls $6
*** SHOW DOWN ***
MTails: shows [Jd As] (a pair of Jacks)
nedo1414: mucks hand
MTails collected $41.50 from pot
*** SUMMARY ***
Total pot $42 | Rake $0.50
Board [Ts Jh 5h 7c 2s]
Seat 3: nedo1414 (big blind) mucked
Seat 4: MTails (button) (small blind) showed [Jd As] and won ($41.50) with a pair of Jacks


