PokerStars Hand #167818695089:  Hold'em Limit ($3/$6 USD) - 2017/03/19 15:19:46 ET
Table 'Coelestina' 6-max Seat #1 is the button
Seat 1: rizzi008 ($66.34 in chips)
Seat 2: vestimokrec ($120 in chips)
rizzi008: posts small blind $1
Jack_Wu1985 joins the table at seat #5
MTails leaves the table
vestimokrec: posts big blind $3
*** HOLE CARDS ***
rizzi008: folds
Uncalled bet ($2) returned to vestimokrec
vestimokrec collected $2 from pot
vestimokrec: doesn't show hand
*** SUMMARY ***
Total pot $2 | Rake $0
Seat 1: rizzi008 (button) (small blind) folded before Flop
Seat 2: vestimokrec (big blind) collected ($2)


PokerStars Hand #167819332584:  Hold'em Limit ($3/$6 USD) - 2017/03/19 15:29:24 ET
Table 'Coelestina' 6-max Seat #3 is the button
Seat 1: Chessnok ($120 in chips)
Seat 3: rajmani ($95 in chips)
rajmani: posts small blind $1
yamaxerm: is sitting out
Chessnok: posts big blind $3
*** HOLE CARDS ***
rajmani: raises $3 to $6
Chessnok: folds
Uncalled bet ($3) returned to rajmani
rajmani collected $6 from pot
*** SUMMARY ***
Total pot $6 | Rake $0
Seat 1: Chessnok (big blind) folded before Flop
Seat 3: rajmani (button) (small blind) collected ($6)


PokerStars Hand #167819432989:  Hold'em Limit ($3/$6 USD) - 2017/03/19 15:30:57 ET
Table 'Coelestina' 6-max Seat #1 is the button
Seat 1: Chessnok ($89.64 in chips)
Seat 3: rajmani ($124 in chips)
Chessnok: posts small blind $1
rajmani: posts big blind $3
*** HOLE CARDS ***
Chessnok: raises $3 to $6
rajmani: folds
Uncalled bet ($3) returned to Chessnok
Chessnok collected $6 from pot
Chessnok: doesn't show hand
*** SUMMARY ***
Total pot $6 | Rake $0
Seat 1: Chessnok (button) (small blind) collected ($6)
Seat 3: rajmani (big blind) folded before Flop


PokerStars Hand #167819414112:  Hold'em Limit ($3/$6 USD) - 2017/03/19 15:30:40 ET
Table 'Coelestina' 6-max Seat #3 is the button
Seat 1: Chessnok ($107.64 in chips)
Seat 3: rajmani ($106.50 in chips)
rajmani: posts small blind $1
Chessnok: posts big blind $3
*** HOLE CARDS ***
rajmani: raises $3 to $6
Chessnok: calls $3
*** FLOP *** [4c 2d 6c]
Chessnok: checks
rajmani: checks
*** TURN *** [4c 2d 6c] [5s]
Chessnok: bets $6
rajmani: calls $6
*** RIVER *** [4c 2d 6c 5s] [9d]
Chessnok: bets $6
rajmani: calls $6
*** SHOW DOWN ***
Chessnok: shows [7s Qd] (high card Queen)
rajmani: shows [Ks Qs] (high card King)
rajmani collected $35.50 from pot
*** SUMMARY ***
Total pot $36 | Rake $0.50
Board [4c 2d 6c 5s 9d]
Seat 1: Chessnok (big blind) showed [7s Qd] and lost with high card Queen
Seat 3: rajmani (button) (small blind) showed [Ks Qs] and won ($35.50) with high card King


PokerStars Hand #167819343716:  Hold'em Limit ($3/$6 USD) - 2017/03/19 15:29:34 ET
Table 'Coelestina' 6-max Seat #1 is the button
Seat 1: Chessnok ($117 in chips)
Seat 3: rajmani ($98 in chips)
Chessnok: posts small blind $1
rajmani: posts big blind $3
*** HOLE CARDS ***
Chessnok: raises $3 to $6
yamaxerm leaves the table
rajmani: calls $3
*** FLOP *** [4s 3h 8d]
rajmani: checks
Chessnok: bets $3
rajmani: calls $3
*** TURN *** [4s 3h 8d] [2s]
rajmani: checks
Chessnok: bets $6
rajmani: folds
Uncalled bet ($6) returned to Chessnok
Chessnok collected $17.64 from pot
Chessnok: doesn't show hand
*** SUMMARY ***
Total pot $18 | Rake $0.36
Board [4s 3h 8d 2s]
Seat 1: Chessnok (button) (small blind) collected ($17.64)
Seat 3: rajmani (big blind) folded on the Turn


PokerStars Hand #167819387269:  Hold'em Limit ($3/$6 USD) - 2017/03/19 15:30:13 ET
Table 'Coelestina' 6-max Seat #3 is the button
Seat 1: Chessnok ($125.64 in chips)
Seat 3: rajmani ($89 in chips)
rajmani: posts small blind $1
Chessnok: posts big blind $3
*** HOLE CARDS ***
rajmani: raises $3 to $6
Chessnok: calls $3
*** FLOP *** [Kd 2h 4d]
Chessnok: checks
rajmani: bets $3
Chessnok: calls $3
*** TURN *** [Kd 2h 4d] [Ad]
Chessnok: checks
rajmani: checks
*** RIVER *** [Kd 2h 4d Ad] [9d]
Chessnok: bets $6
rajmani: raises $6 to $12
Chessnok: calls $6
*** SHOW DOWN ***
rajmani: shows [9s Qd] (a flush, Ace high)
Chessnok: mucks hand
rajmani collected $41.50 from pot
*** SUMMARY ***
Total pot $42 | Rake $0.50
Board [Kd 2h 4d Ad 9d]
Seat 1: Chessnok (big blind) mucked
Seat 3: rajmani (button) (small blind) showed [9s Qd] and won ($41.50) with a flush, Ace high


PokerStars Hand #167819407479:  Hold'em Limit ($3/$6 USD) - 2017/03/19 15:30:34 ET
Table 'Coelestina' 6-max Seat #1 is the button
Seat 1: Chessnok ($104.64 in chips)
Seat 3: rajmani ($109.50 in chips)
Chessnok: posts small blind $1
rajmani: posts big blind $3
*** HOLE CARDS ***
Chessnok: raises $3 to $6
rajmani: folds
Uncalled bet ($3) returned to Chessnok
Chessnok collected $6 from pot
Chessnok: doesn't show hand
*** SUMMARY ***
Total pot $6 | Rake $0
Seat 1: Chessnok (button) (small blind) collected ($6)
Seat 3: rajmani (big blind) folded before Flop


PokerStars Hand #167819439565:  Hold'em Limit ($3/$6 USD) - 2017/03/19 15:31:03 ET
Table 'Coelestina' 6-max Seat #3 is the button
Seat 1: Chessnok ($92.64 in chips)
Seat 3: rajmani ($121 in chips)
rajmani: posts small blind $1
Chessnok: posts big blind $3
*** HOLE CARDS ***
rajmani: folds
Uncalled bet ($2) returned to Chessnok
Chessnok collected $2 from pot
Chessnok: doesn't show hand
*** SUMMARY ***
Total pot $2 | Rake $0
Seat 1: Chessnok (big blind) collected ($2)
Seat 3: rajmani (button) (small blind) folded before Flop


PokerStars Hand #167828696537:  Hold'em Limit ($3/$6 USD) - 2017/03/19 18:09:19 ET
Table 'Coelestina' 6-max Seat #2 is the button
Seat 2: MadFox666 ($105.72 in chips)
Seat 4: boogi ($96 in chips)
MadFox666: posts small blind $1
RainBoVan: is sitting out
boogi: posts big blind $3
*** HOLE CARDS ***
MadFox666: folds
Uncalled bet ($2) returned to boogi
boogi collected $2 from pot
boogi: doesn't show hand
*** SUMMARY ***
Total pot $2 | Rake $0
Seat 2: MadFox666 (button) (small blind) folded before Flop
Seat 4: boogi (big blind) collected ($2)


PokerStars Hand #167828700960:  Hold'em Limit ($3/$6 USD) - 2017/03/19 18:09:24 ET
Table 'Coelestina' 6-max Seat #4 is the button
Seat 2: MadFox666 ($104.72 in chips)
Seat 4: boogi ($97 in chips)
boogi: posts small blind $1
MadFox666: posts big blind $3
*** HOLE CARDS ***
boogi: raises $3 to $6
MadFox666: folds
Uncalled bet ($3) returned to boogi
boogi collected $6 from pot
boogi: doesn't show hand
*** SUMMARY ***
Total pot $6 | Rake $0
Seat 2: MadFox666 (big blind) folded before Flop
Seat 4: boogi (button) (small blind) collected ($6)


PokerStars Hand #167828724786:  Hold'em Limit ($3/$6 USD) - 2017/03/19 18:09:51 ET
Table 'Coelestina' 6-max Seat #4 is the button
Seat 2: MadFox666 ($107.48 in chips)
Seat 4: boogi ($94 in chips)
boogi: posts small blind $1
MadFox666: posts big blind $3
*** HOLE CARDS ***
boogi: raises $3 to $6
MadFox666: calls $3
*** FLOP *** [6s 2c 3h]
MadFox666: checks
boogi: bets $3
MadFox666: calls $3
*** TURN *** [6s 2c 3h] [9c]
MadFox666: checks
boogi: bets $6
MadFox666: calls $6
*** RIVER *** [6s 2c 3h 9c] [9d]
MadFox666: checks
boogi: checks
*** SHOW DOWN ***
MadFox666: shows [Ks 5c] (a pair of Nines)
boogi: mucks hand
MadFox666 collected $29.50 from pot
*** SUMMARY ***
Total pot $30 | Rake $0.50
Board [6s 2c 3h 9c 9d]
Seat 2: MadFox666 (big blind) showed [Ks 5c] and won ($29.50) with a pair of Nines
Seat 4: boogi (button) (small blind) mucked


PokerStars Hand #167828720713:  Hold'em Limit ($3/$6 USD) - 2017/03/19 18:09:47 ET
Table 'Coelestina' 6-max Seat #2 is the button
Seat 2: MadFox666 ($108.48 in chips)
Seat 4: boogi ($93 in chips)
MadFox666: posts small blind $1
boogi: posts big blind $3
*** HOLE CARDS ***
MadFox666: folds
Uncalled bet ($2) returned to boogi
masterblstr8 leaves the table
boogi collected $2 from pot
boogi: doesn't show hand
*** SUMMARY ***
Total pot $2 | Rake $0
Seat 2: MadFox666 (button) (small blind) folded before Flop
Seat 4: boogi (big blind) collected ($2)


PokerStars Hand #167828716028:  Hold'em Limit ($3/$6 USD) - 2017/03/19 18:09:41 ET
Table 'Coelestina' 6-max Seat #4 is the button
Seat 2: MadFox666 ($107.48 in chips)
Seat 4: boogi ($94 in chips)
boogi: posts small blind $1
MadFox666: posts big blind $3
*** HOLE CARDS ***
boogi: folds
Uncalled bet ($2) returned to MadFox666
MadFox666 collected $2 from pot
MadFox666: doesn't show hand
*** SUMMARY ***
Total pot $2 | Rake $0
Seat 2: MadFox666 (big blind) collected ($2)
Seat 4: boogi (button) (small blind) folded before Flop


PokerStars Hand #167828706652:  Hold'em Limit ($3/$6 USD) - 2017/03/19 18:09:30 ET
Table 'Coelestina' 6-max Seat #2 is the button
Seat 2: MadFox666 ($101.72 in chips)
Seat 4: boogi ($100 in chips)
MadFox666: posts small blind $1
boogi: posts big blind $3
*** HOLE CARDS ***
MadFox666: raises $3 to $6
RainBoVan leaves the table
boogi: calls $3
*** FLOP *** [Qc 4c 9s]
boogi: checks
MadFox666: bets $3
boogi: folds
Uncalled bet ($3) returned to MadFox666
MadFox666 collected $11.76 from pot
MadFox666: doesn't show hand
*** SUMMARY ***
Total pot $12 | Rake $0.24
Board [Qc 4c 9s]
Seat 2: MadFox666 (button) (small blind) collected ($11.76)
Seat 4: boogi (big blind) folded on the Flop


PokerStars Hand #167828740124:  Hold'em Limit ($3/$6 USD) - 2017/03/19 18:10:09 ET
Table 'Coelestina' 6-max Seat #2 is the button
Seat 2: MadFox666 ($121.98 in chips)
Seat 4: boogi ($79 in chips)
MadFox666: posts small blind $1
boogi: posts big blind $3
*** HOLE CARDS ***
MadFox666: raises $3 to $6
boogi: calls $3
*** FLOP *** [Jd 6d 2h]
boogi: checks
MadFox666: bets $3
boogi: folds
Uncalled bet ($3) returned to MadFox666
MadFox666 collected $11.76 from pot
MadFox666: doesn't show hand
*** SUMMARY ***
Total pot $12 | Rake $0.24
Board [Jd 6d 2h]
Seat 2: MadFox666 (button) (small blind) collected ($11.76)
Seat 4: boogi (big blind) folded on the Flop


PokerStars Hand #167828769730:  Hold'em Limit ($3/$6 USD) - 2017/03/19 18:10:43 ET
Table 'Coelestina' 6-max Seat #2 is the button
Seat 2: MadFox666 ($136.38 in chips)
Seat 4: boogi ($64 in chips)
MadFox666: posts small blind $1
boogi: posts big blind $3
*** HOLE CARDS ***
MadFox666: folds
Uncalled bet ($2) returned to boogi
boogi collected $2 from pot
boogi: doesn't show hand
*** SUMMARY ***
Total pot $2 | Rake $0
Seat 2: MadFox666 (button) (small blind) folded before Flop
Seat 4: boogi (big blind) collected ($2)


PokerStars Hand #167828754887:  Hold'em Limit ($3/$6 USD) - 2017/03/19 18:10:26 ET
Table 'Coelestina' 6-max Seat #4 is the button
Seat 2: MadFox666 ($127.74 in chips)
Seat 4: boogi ($73 in chips)
boogi: posts small blind $1
MadFox666: posts big blind $3
*** HOLE CARDS ***
boogi: raises $3 to $6
MadFox666: calls $3
*** FLOP *** [4s Ad Kh]
MadFox666: checks
boogi: bets $3
MadFox666: calls $3
*** TURN *** [4s Ad Kh] [7h]
MadFox666: checks
boogi: checks
*** RIVER *** [4s Ad Kh 7h] [3c]
MadFox666: bets $6
boogi: folds
Uncalled bet ($6) returned to MadFox666
MadFox666 collected $17.64 from pot
MadFox666: doesn't show hand
*** SUMMARY ***
Total pot $18 | Rake $0.36
Board [4s Ad Kh 7h 3c]
Seat 2: MadFox666 (big blind) collected ($17.64)
Seat 4: boogi (button) (small blind) folded on the River


PokerStars Hand #167828773719:  Hold'em Limit ($3/$6 USD) - 2017/03/19 18:10:47 ET
Table 'Coelestina' 6-max Seat #4 is the button
Seat 2: MadFox666 ($135.38 in chips)
Seat 4: boogi ($65 in chips)
boogi: posts small blind $1
MadFox666: posts big blind $3
*** HOLE CARDS ***
boogi: raises $3 to $6
MadFox666: raises $3 to $9
boogi: calls $3
*** FLOP *** [Jd Ks 5s]
MadFox666: bets $3
boogi: calls $3
*** TURN *** [Jd Ks 5s] [Qs]
MadFox666: bets $6
boogi: raises $6 to $12
MadFox666: raises $6 to $18
Boxer-Carlo joins the table at seat #3
boogi: calls $6
*** RIVER *** [Jd Ks 5s Qs] [9c]
MadFox666: bets $6
boogi: calls $6
*** SHOW DOWN ***
MadFox666: shows [7s As] (a flush, Ace high)
boogi: mucks hand
MadFox666 collected $71.50 from pot
*** SUMMARY ***
Total pot $72 | Rake $0.50
Board [Jd Ks 5s Qs 9c]
Seat 2: MadFox666 (big blind) showed [7s As] and won ($71.50) with a flush, Ace high
Seat 4: boogi (button) (small blind) mucked


PokerStars Hand #167832324086:  Hold'em Limit ($3/$6 USD) - 2017/03/19 19:26:20 ET
Table 'Coelestina' 6-max Seat #5 is the button
Seat 3: Speed2008 ($94.61 in chips)
Seat 5: GlamDragon ($229.47 in chips)
**Geka**555 will be allowed to play after the button
GlamDragon: posts small blind $1
masterblstr8: is sitting out
Speed2008: posts big blind $3
*** HOLE CARDS ***
GlamDragon: raises $3 to $6
Speed2008: raises $3 to $9
GlamDragon: calls $3
*** FLOP *** [2s 3s Ah]
Speed2008: bets $3
GlamDragon: folds
Uncalled bet ($3) returned to Speed2008
Speed2008 collected $17.64 from pot
*** SUMMARY ***
Total pot $18 | Rake $0.36
Board [2s 3s Ah]
Seat 3: Speed2008 (big blind) collected ($17.64)
Seat 5: GlamDragon (button) (small blind) folded on the Flop


