PokerStars Hand #170534075892:  Hold'em Limit ($3/$6 USD) - 2017/05/17 8:04:27 ET
Table 'Cogshall' 6-max Seat #5 is the button
Seat 4: Anchig ($144.99 in chips)
Seat 5: JohnnyDepp ($99.38 in chips)
JohnnyDepp: posts small blind $1
Anchig: posts big blind $3
*** HOLE CARDS ***
JohnnyDepp: folds
Uncalled bet ($2) returned to Anchig
Anchig collected $2 from pot
Anchig: doesn't show hand
*** SUMMARY ***
Total pot $2 | Rake $0
Seat 4: Anchig (big blind) collected ($2)
Seat 5: JohnnyDepp (button) (small blind) folded before Flop


PokerStars Hand #170534065061:  Hold'em Limit ($3/$6 USD) - 2017/05/17 8:04:03 ET
Table 'Cogshall' 6-max Seat #4 is the button
Seat 4: Anchig ($133.47 in chips)
Seat 5: JohnnyDepp ($111.38 in chips)
Anchig: posts small blind $1
JohnnyDepp: posts big blind $3
*** HOLE CARDS ***
Anchig: raises $3 to $6
JohnnyDepp: calls $3
*** FLOP *** [Jh Kc 7s]
JohnnyDepp: checks
Anchig: checks
*** TURN *** [Jh Kc 7s] [5c]
JohnnyDepp: checks
Anchig: bets $6
JohnnyDepp: calls $6
*** RIVER *** [Jh Kc 7s 5c] [Ad]
JohnnyDepp: checks
Anchig: bets $6
JohnnyDepp: folds
Uncalled bet ($6) returned to Anchig
Anchig collected $23.52 from pot
Anchig: doesn't show hand
*** SUMMARY ***
Total pot $24 | Rake $0.48
Board [Jh Kc 7s 5c Ad]
Seat 4: Anchig (button) (small blind) collected ($23.52)
Seat 5: JohnnyDepp (big blind) folded on the River


PokerStars Hand #170534102113:  Hold'em Limit ($3/$6 USD) - 2017/05/17 8:05:25 ET
Table 'Cogshall' 6-max Seat #4 is the button
Seat 4: Anchig ($116.75 in chips)
Seat 5: JohnnyDepp ($126.40 in chips)
Anchig: posts small blind $1
JohnnyDepp: posts big blind $3
*** HOLE CARDS ***
Anchig: raises $3 to $6
JohnnyDepp: folds
Uncalled bet ($3) returned to Anchig
Anchig collected $6 from pot
Anchig: doesn't show hand
*** SUMMARY ***
Total pot $6 | Rake $0
Seat 4: Anchig (button) (small blind) collected ($6)
Seat 5: JohnnyDepp (big blind) folded before Flop


PokerStars Hand #170534092487:  Hold'em Limit ($3/$6 USD) - 2017/05/17 8:05:03 ET
Table 'Cogshall' 6-max Seat #5 is the button
Seat 4: Anchig ($140.75 in chips)
Seat 5: JohnnyDepp ($102.90 in chips)
JohnnyDepp: posts small blind $1
Anchig: posts big blind $3
*** HOLE CARDS ***
JohnnyDepp: raises $3 to $6
Anchig: raises $3 to $9
JohnnyDepp: calls $3
*** FLOP *** [5d As 6h]
Anchig: bets $3
JohnnyDepp: calls $3
*** TURN *** [5d As 6h] [3h]
Anchig: checks
JohnnyDepp: checks
*** RIVER *** [5d As 6h 3h] [Ad]
Anchig: checks
JohnnyDepp: bets $6
Anchig: raises $6 to $12
JohnnyDepp: calls $6
*** SHOW DOWN ***
Anchig: shows [Td Qd] (a pair of Aces)
JohnnyDepp: shows [5s 8s] (two pair, Aces and Fives)
JohnnyDepp collected $47.50 from pot
*** SUMMARY ***
Total pot $48 | Rake $0.50
Board [5d As 6h 3h Ad]
Seat 4: Anchig (big blind) showed [Td Qd] and lost with a pair of Aces
Seat 5: JohnnyDepp (button) (small blind) showed [5s 8s] and won ($47.50) with two pair, Aces and Fives


PokerStars Hand #170534086849:  Hold'em Limit ($3/$6 USD) - 2017/05/17 8:04:51 ET
Table 'Cogshall' 6-max Seat #4 is the button
Seat 4: Anchig ($134.99 in chips)
Seat 5: JohnnyDepp ($108.90 in chips)
Anchig: posts small blind $1
JohnnyDepp: posts big blind $3
*** HOLE CARDS ***
Anchig: raises $3 to $6
JohnnyDepp: calls $3
*** FLOP *** [2c Tc 2s]
JohnnyDepp: checks
Anchig: bets $3
JohnnyDepp: folds
Uncalled bet ($3) returned to Anchig
Anchig collected $11.76 from pot
Anchig: doesn't show hand
*** SUMMARY ***
Total pot $12 | Rake $0.24
Board [2c Tc 2s]
Seat 4: Anchig (button) (small blind) collected ($11.76)
Seat 5: JohnnyDepp (big blind) folded on the Flop


PokerStars Hand #170534083828:  Hold'em Limit ($3/$6 USD) - 2017/05/17 8:04:44 ET
Table 'Cogshall' 6-max Seat #5 is the button
Seat 4: Anchig ($133.99 in chips)
Seat 5: JohnnyDepp ($109.90 in chips)
JohnnyDepp: posts small blind $1
Anchig: posts big blind $3
*** HOLE CARDS ***
JohnnyDepp: folds
Uncalled bet ($2) returned to Anchig
Anchig collected $2 from pot
Anchig: doesn't show hand
*** SUMMARY ***
Total pot $2 | Rake $0
Seat 4: Anchig (big blind) collected ($2)
Seat 5: JohnnyDepp (button) (small blind) folded before Flop


PokerStars Hand #170534078357:  Hold'em Limit ($3/$6 USD) - 2017/05/17 8:04:32 ET
Table 'Cogshall' 6-max Seat #4 is the button
Seat 4: Anchig ($145.99 in chips)
Seat 5: JohnnyDepp ($98.38 in chips)
Anchig: posts small blind $1
JohnnyDepp: posts big blind $3
*** HOLE CARDS ***
Anchig: raises $3 to $6
JohnnyDepp: raises $3 to $9
Anchig: calls $3
*** FLOP *** [5d 6s Th]
JohnnyDepp: bets $3
Anchig: calls $3
*** TURN *** [5d 6s Th] [Kh]
JohnnyDepp: bets $6
Anchig: folds
Uncalled bet ($6) returned to JohnnyDepp
JohnnyDepp collected $23.52 from pot
JohnnyDepp: doesn't show hand
*** SUMMARY ***
Total pot $24 | Rake $0.48
Board [5d 6s Th Kh]
Seat 4: Anchig (button) (small blind) folded on the Turn
Seat 5: JohnnyDepp (big blind) collected ($23.52)


PokerStars Hand #170534110228:  Hold'em Limit ($3/$6 USD) - 2017/05/17 8:05:43 ET
Table 'Cogshall' 6-max Seat #4 is the button
Seat 4: Anchig ($113.75 in chips)
Seat 5: JohnnyDepp ($129.16 in chips)
Anchig: posts small blind $1
kusznak joins the table at seat #2
JohnnyDepp: posts big blind $3
*** HOLE CARDS ***
Anchig: raises $3 to $6
JohnnyDepp: folds
Uncalled bet ($3) returned to Anchig
Anchig collected $6 from pot
Anchig: doesn't show hand
*** SUMMARY ***
Total pot $6 | Rake $0
Seat 4: Anchig (button) (small blind) collected ($6)
Seat 5: JohnnyDepp (big blind) folded before Flop


PokerStars Hand #170534104906:  Hold'em Limit ($3/$6 USD) - 2017/05/17 8:05:31 ET
Table 'Cogshall' 6-max Seat #5 is the button
Seat 4: Anchig ($119.75 in chips)
Seat 5: JohnnyDepp ($123.40 in chips)
JohnnyDepp: posts small blind $1
Anchig: posts big blind $3
*** HOLE CARDS ***
JohnnyDepp: raises $3 to $6
Anchig: calls $3
*** FLOP *** [9h 2s 3s]
Anchig: checks
JohnnyDepp: checks
*** TURN *** [9h 2s 3s] [8h]
Anchig: checks
JohnnyDepp: bets $6
Anchig: folds
Uncalled bet ($6) returned to JohnnyDepp
JohnnyDepp collected $11.76 from pot
JohnnyDepp: doesn't show hand
*** SUMMARY ***
Total pot $12 | Rake $0.24
Board [9h 2s 3s 8h]
Seat 4: Anchig (big blind) folded on the Turn
Seat 5: JohnnyDepp (button) (small blind) collected ($11.76)


PokerStars Hand #170534707399:  Hold'em Limit ($3/$6 USD) - 2017/05/17 8:27:10 ET
Table 'Cogshall' 6-max Seat #2 is the button
Seat 2: kusznak ($133.17 in chips)
Seat 4: Anchig ($89.92 in chips)
rascal_319 leaves the table
Yaha222 is disconnected
Yaha222 has timed out while disconnected
Yaha222: is sitting out
kusznak: posts small blind $1
Anchig: posts big blind $3
*** HOLE CARDS ***
kusznak: raises $3 to $6
Anchig: calls $3
*** FLOP *** [4d Ac 9d]
Anchig: checks
kusznak: bets $3
Anchig: raises $3 to $6
kusznak: calls $3
*** TURN *** [4d Ac 9d] [9s]
Anchig: bets $6
kusznak: calls $6
*** RIVER *** [4d Ac 9d 9s] [Ah]
Anchig: checks
kusznak: checks
*** SHOW DOWN ***
Anchig: shows [3s 5s] (two pair, Aces and Nines)
kusznak: shows [4s 7s] (two pair, Aces and Nines - Seven kicker)
kusznak collected $35.50 from pot
*** SUMMARY ***
Total pot $36 | Rake $0.50
Board [4d Ac 9d 9s Ah]
Seat 2: kusznak (button) (small blind) showed [4s 7s] and won ($35.50) with two pair, Aces and Nines
Seat 4: Anchig (big blind) showed [3s 5s] and lost with two pair, Aces and Nines


PokerStars Hand #170534733376:  Hold'em Limit ($3/$6 USD) - 2017/05/17 8:28:04 ET
Table 'Cogshall' 6-max Seat #4 is the button
Seat 2: kusznak ($150.67 in chips)
Seat 4: Anchig ($71.92 in chips)
Anchig: posts small blind $1
kusznak: posts big blind $3
*** HOLE CARDS ***
Anchig: raises $3 to $6
kusznak: calls $3
*** FLOP *** [2h Qc Kh]
kusznak: checks
Anchig: bets $3
kusznak: raises $3 to $6
Anchig: calls $3
*** TURN *** [2h Qc Kh] [4c]
kusznak: bets $6
Anchig: calls $6
*** RIVER *** [2h Qc Kh 4c] [5s]
kusznak: bets $6
Anchig: calls $6
*** SHOW DOWN ***
kusznak: shows [4h 5h] (two pair, Fives and Fours)
Anchig: mucks hand
kusznak collected $47.50 from pot
*** SUMMARY ***
Total pot $48 | Rake $0.50
Board [2h Qc Kh 4c 5s]
Seat 2: kusznak (big blind) showed [4h 5h] and won ($47.50) with two pair, Fives and Fours
Seat 4: Anchig (button) (small blind) mucked


PokerStars Hand #170535151349:  Hold'em Limit ($3/$6 USD) - 2017/05/17 8:42:11 ET
Table 'Cogshall' 6-max Seat #4 is the button
Seat 2: partyalex92 ($140.50 in chips)
Seat 4: VolkovDmitri ($120 in chips)
VolkovDmitri: posts small blind $1
partyalex92: posts big blind $3
*** HOLE CARDS ***
VolkovDmitri: raises $3 to $6
partyalex92: calls $3
*** FLOP *** [7d 6d 3h]
partyalex92: bets $3
VolkovDmitri: calls $3
*** TURN *** [7d 6d 3h] [2c]
partyalex92: bets $6
VolkovDmitri: folds
Uncalled bet ($6) returned to partyalex92
partyalex92 collected $17.64 from pot
*** SUMMARY ***
Total pot $18 | Rake $0.36
Board [7d 6d 3h 2c]
Seat 2: partyalex92 (big blind) collected ($17.64)
Seat 4: VolkovDmitri (button) (small blind) folded on the Turn


PokerStars Hand #170535133308:  Hold'em Limit ($3/$6 USD) - 2017/05/17 8:41:34 ET
Table 'Cogshall' 6-max Seat #2 is the button
Seat 2: partyalex92 ($120 in chips)
Seat 4: VolkovDmitri ($120 in chips)
partyalex92: posts small blind $1
VolkovDmitri: posts big blind $3
*** HOLE CARDS ***
partyalex92: calls $2
VolkovDmitri: raises $3 to $6
partyalex92: calls $3
*** FLOP *** [3s 6h 9d]
VolkovDmitri: bets $3
partyalex92: calls $3
*** TURN *** [3s 6h 9d] [Th]
VolkovDmitri: bets $6
partyalex92: raises $6 to $12
VolkovDmitri: calls $6
*** RIVER *** [3s 6h 9d Th] [Ah]
VolkovDmitri: checks
partyalex92: checks
*** SHOW DOWN ***
VolkovDmitri: shows [Qh 6d] (a pair of Sixes)
partyalex92: shows [Jh Jd] (a pair of Jacks)
partyalex92 collected $41.50 from pot
*** SUMMARY ***
Total pot $42 | Rake $0.50
Board [3s 6h 9d Th Ah]
Seat 2: partyalex92 (button) (small blind) showed [Jh Jd] and won ($41.50) with a pair of Jacks
Seat 4: VolkovDmitri (big blind) showed [Qh 6d] and lost with a pair of Sixes


PokerStars Hand #170535160876:  Hold'em Limit ($3/$6 USD) - 2017/05/17 8:42:30 ET
Table 'Cogshall' 6-max Seat #2 is the button
Seat 2: partyalex92 ($149.14 in chips)
Seat 4: VolkovDmitri ($120 in chips)
partyalex92: posts small blind $1
VolkovDmitri: posts big blind $3
*** HOLE CARDS ***
partyalex92: calls $2
VolkovDmitri: raises $3 to $6
partyalex92: calls $3
*** FLOP *** [Qs Td 8s]
VolkovDmitri: bets $3
partyalex92: calls $3
*** TURN *** [Qs Td 8s] [Ah]
VolkovDmitri: checks
partyalex92: checks
*** RIVER *** [Qs Td 8s Ah] [Jd]
VolkovDmitri: bets $6
partyalex92: raises $6 to $12
VolkovDmitri: folds
Uncalled bet ($6) returned to partyalex92
partyalex92 collected $29.50 from pot
*** SUMMARY ***
Total pot $30 | Rake $0.50
Board [Qs Td 8s Ah Jd]
Seat 2: partyalex92 (button) (small blind) collected ($29.50)
Seat 4: VolkovDmitri (big blind) folded on the River


PokerStars Hand #170535205966:  Hold'em Limit ($3/$6 USD) - 2017/05/17 8:44:02 ET
Table 'Cogshall' 6-max Seat #2 is the button
Seat 2: partyalex92 ($130.64 in chips)
Seat 4: VolkovDmitri ($152.50 in chips)
partyalex92: posts small blind $1
VolkovDmitri: posts big blind $3
*** HOLE CARDS ***
partyalex92: folds
Uncalled bet ($2) returned to VolkovDmitri
VolkovDmitri collected $2 from pot
VolkovDmitri: doesn't show hand
*** SUMMARY ***
Total pot $2 | Rake $0
Seat 2: partyalex92 (button) (small blind) folded before Flop
Seat 4: VolkovDmitri (big blind) collected ($2)


PokerStars Hand #170535181018:  Hold'em Limit ($3/$6 USD) - 2017/05/17 8:43:11 ET
Table 'Cogshall' 6-max Seat #4 is the button
Seat 2: partyalex92 ($163.64 in chips)
Seat 4: VolkovDmitri ($120 in chips)
VolkovDmitri: posts small blind $1
partyalex92: posts big blind $3
*** HOLE CARDS ***
VolkovDmitri: raises $3 to $6
partyalex92: calls $3
*** FLOP *** [Jh Qh Kc]
partyalex92: checks
VolkovDmitri: bets $3
partyalex92: calls $3
*** TURN *** [Jh Qh Kc] [Kh]
partyalex92: checks
VolkovDmitri: bets $6
partyalex92: raises $6 to $12
VolkovDmitri: raises $6 to $18
partyalex92: calls $6
*** RIVER *** [Jh Qh Kc Kh] [Tc]
partyalex92: checks
VolkovDmitri: bets $6
partyalex92: calls $6
*** SHOW DOWN ***
VolkovDmitri: shows [6h 5h] (a flush, King high)
partyalex92: mucks hand
VolkovDmitri collected $65.50 from pot
*** SUMMARY ***
Total pot $66 | Rake $0.50
Board [Jh Qh Kc Kh Tc]
Seat 2: partyalex92 (big blind) mucked
Seat 4: VolkovDmitri (button) (small blind) showed [6h 5h] and won ($65.50) with a flush, King high


PokerStars Hand #170535208942:  Hold'em Limit ($3/$6 USD) - 2017/05/17 8:44:08 ET
Table 'Cogshall' 6-max Seat #4 is the button
Seat 2: partyalex92 ($129.64 in chips)
Seat 4: VolkovDmitri ($153.50 in chips)
VolkovDmitri: posts small blind $1
partyalex92: posts big blind $3
*** HOLE CARDS ***
VolkovDmitri: raises $3 to $6
partyalex92: calls $3
*** FLOP *** [Kc 3c 9h]
partyalex92: checks
VolkovDmitri: bets $3
partyalex92: folds
Uncalled bet ($3) returned to VolkovDmitri
VolkovDmitri collected $11.76 from pot
VolkovDmitri: doesn't show hand
*** SUMMARY ***
Total pot $12 | Rake $0.24
Board [Kc 3c 9h]
Seat 2: partyalex92 (big blind) folded on the Flop
Seat 4: VolkovDmitri (button) (small blind) collected ($11.76)


PokerStars Hand #170535225243:  Hold'em Limit ($3/$6 USD) - 2017/05/17 8:44:41 ET
Table 'Cogshall' 6-max Seat #2 is the button
Seat 2: partyalex92 ($123.64 in chips)
Seat 4: VolkovDmitri ($159.26 in chips)
partyalex92: posts small blind $1
VolkovDmitri: posts big blind $3
*** HOLE CARDS ***
partyalex92: calls $2
VolkovDmitri: raises $3 to $6
partyalex92: raises $3 to $9
VolkovDmitri: calls $3
*** FLOP *** [9s Ts 3s]
VolkovDmitri: bets $3
partyalex92: raises $3 to $6
VolkovDmitri: calls $3
*** TURN *** [9s Ts 3s] [2h]
VolkovDmitri: checks
partyalex92: bets $6
VolkovDmitri: calls $6
*** RIVER *** [9s Ts 3s 2h] [2s]
VolkovDmitri: bets $6
partyalex92: calls $6
*** SHOW DOWN ***
VolkovDmitri: shows [7s 9d] (a flush, Ten high)
partyalex92: shows [Qc Qs] (a flush, Queen high)
partyalex92 collected $53.50 from pot
*** SUMMARY ***
Total pot $54 | Rake $0.50
Board [9s Ts 3s 2h 2s]
Seat 2: partyalex92 (button) (small blind) showed [Qc Qs] and won ($53.50) with a flush, Queen high
Seat 4: VolkovDmitri (big blind) showed [7s 9d] and lost with a flush, Ten high


PokerStars Hand #170535241683:  Hold'em Limit ($3/$6 USD) - 2017/05/17 8:45:14 ET
Table 'Cogshall' 6-max Seat #4 is the button
Seat 2: partyalex92 ($150.14 in chips)
Seat 4: VolkovDmitri ($132.26 in chips)
VolkovDmitri: posts small blind $1
partyalex92: posts big blind $3
*** HOLE CARDS ***
VolkovDmitri: raises $3 to $6
partyalex92: calls $3
*** FLOP *** [Qd Qs Th]
partyalex92: bets $3
VolkovDmitri: calls $3
*** TURN *** [Qd Qs Th] [2c]
partyalex92: checks
VolkovDmitri: bets $6
partyalex92: calls $6
*** RIVER *** [Qd Qs Th 2c] [Ks]
partyalex92: checks
VolkovDmitri: checks
*** SHOW DOWN ***
partyalex92: shows [5s 2h] (two pair, Queens and Deuces)
VolkovDmitri: mucks hand
partyalex92 collected $29.50 from pot
*** SUMMARY ***
Total pot $30 | Rake $0.50
Board [Qd Qs Th 2c Ks]
Seat 2: partyalex92 (big blind) showed [5s 2h] and won ($29.50) with two pair, Queens and Deuces
Seat 4: VolkovDmitri (button) (small blind) mucked


PokerStars Hand #170535253814:  Hold'em Limit ($3/$6 USD) - 2017/05/17 8:45:39 ET
Table 'Cogshall' 6-max Seat #2 is the button
Seat 2: partyalex92 ($164.64 in chips)
Seat 4: VolkovDmitri ($120 in chips)
partyalex92: posts small blind $1
VolkovDmitri: posts big blind $3
*** HOLE CARDS ***
partyalex92: calls $2
VolkovDmitri: checks
*** FLOP *** [Jc 3s 7d]
VolkovDmitri: checks
partyalex92: bets $3
VolkovDmitri: folds
Uncalled bet ($3) returned to partyalex92
partyalex92 collected $5.88 from pot
*** SUMMARY ***
Total pot $6 | Rake $0.12
Board [Jc 3s 7d]
Seat 2: partyalex92 (button) (small blind) collected ($5.88)
Seat 4: VolkovDmitri (big blind) folded on the Flop


PokerStars Hand #170535261871:  Hold'em Limit ($3/$6 USD) - 2017/05/17 8:45:55 ET
Table 'Cogshall' 6-max Seat #4 is the button
Seat 2: partyalex92 ($167.52 in chips)
Seat 4: VolkovDmitri ($120 in chips)
VolkovDmitri: posts small blind $1
partyalex92: posts big blind $3
*** HOLE CARDS ***
VolkovDmitri: raises $3 to $6
kolaz03 joins the table at seat #3
partyalex92 has timed out
partyalex92: folds
Uncalled bet ($3) returned to VolkovDmitri
VolkovDmitri collected $6 from pot
VolkovDmitri: doesn't show hand
*** SUMMARY ***
Total pot $6 | Rake $0
Seat 2: partyalex92 (big blind) folded before Flop
Seat 4: VolkovDmitri (button) (small blind) collected ($6)


PokerStars Hand #170535776263:  Hold'em Limit ($3/$6 USD) - 2017/05/17 9:03:55 ET
Table 'Cogshall' 6-max Seat #4 is the button
Seat 2: partyalex92 ($176.04 in chips)
Seat 4: VolkovDmitri ($120 in chips)
VolkovDmitri: posts small blind $1
partyalex92: posts big blind $3
*** HOLE CARDS ***
VolkovDmitri: raises $3 to $6
partyalex92: calls $3
*** FLOP *** [Th 8c Tc]
partyalex92: checks
VolkovDmitri: bets $3
partyalex92: folds
Uncalled bet ($3) returned to VolkovDmitri
kolaz03 joins the table at seat #3
VolkovDmitri collected $11.76 from pot
VolkovDmitri: doesn't show hand
*** SUMMARY ***
Total pot $12 | Rake $0.24
Board [Th 8c Tc]
Seat 2: partyalex92 (big blind) folded on the Flop
Seat 4: VolkovDmitri (button) (small blind) collected ($11.76)


PokerStars Hand #170535757424:  Hold'em Limit ($3/$6 USD) - 2017/05/17 9:03:18 ET
Table 'Cogshall' 6-max Seat #2 is the button
Seat 2: partyalex92 ($164.52 in chips)
Seat 4: VolkovDmitri ($123 in chips)
partyalex92: posts small blind $1
VolkovDmitri: posts big blind $3
*** HOLE CARDS ***
partyalex92: raises $3 to $6
VolkovDmitri: calls $3
*** FLOP *** [3h Qd 8d]
VolkovDmitri: checks
partyalex92: bets $3
VolkovDmitri: raises $3 to $6
partyalex92: calls $3
*** TURN *** [3h Qd 8d] [Kc]
VolkovDmitri: checks
partyalex92: checks
*** RIVER *** [3h Qd 8d Kc] [8c]
VolkovDmitri: checks
partyalex92: checks
*** SHOW DOWN ***
VolkovDmitri: shows [Ah 3d] (two pair, Eights and Threes)
partyalex92: shows [4c 4d] (two pair, Eights and Fours)
partyalex92 collected $23.52 from pot
*** SUMMARY ***
Total pot $24 | Rake $0.48
Board [3h Qd 8d Kc 8c]
Seat 2: partyalex92 (button) (small blind) showed [4c 4d] and won ($23.52) with two pair, Eights and Fours
Seat 4: VolkovDmitri (big blind) showed [Ah 3d] and lost with two pair, Eights and Threes


