PokerStars Hand #171951743898:  Hold'em Limit ($3/$6 USD) - 2017/06/18 17:55:45 ET
Table 'Cogshall' 6-max Seat #6 is the button
Seat 5: Kosova1968 ($100 in chips)
Seat 6: scorpio04 ($150 in chips)
scorpio04: posts small blind $1
Kosova1968: posts big blind $3
*** HOLE CARDS ***
scorpio04: raises $3 to $6
Kosova1968: calls $3
*** FLOP *** [7s Jc Jd]
Kosova1968: checks
scorpio04: bets $3
Kosova1968: folds
Uncalled bet ($3) returned to scorpio04
scorpio04 collected $11.76 from pot
scorpio04: doesn't show hand
*** SUMMARY ***
Total pot $12 | Rake $0.24
Board [7s Jc Jd]
Seat 5: Kosova1968 (big blind) folded on the Flop
Seat 6: scorpio04 (button) (small blind) collected ($11.76)


PokerStars Hand #171951760789:  Hold'em Limit ($3/$6 USD) - 2017/06/18 17:56:15 ET
Table 'Cogshall' 6-max Seat #5 is the button
Seat 5: Kosova1968 ($94 in chips)
Seat 6: scorpio04 ($155.76 in chips)
Kosova1968: posts small blind $1
scorpio04: posts big blind $3
*** HOLE CARDS ***
Actionni13 joins the table at seat #4
Kosova1968: raises $3 to $6
scorpio04: calls $3
*** FLOP *** [2s 9d 3h]
scorpio04: checks
Kosova1968: checks
*** TURN *** [2s 9d 3h] [Ts]
scorpio04: bets $6
Kosova1968: calls $6
*** RIVER *** [2s 9d 3h Ts] [6s]
scorpio04: bets $6
Kosova1968: raises $6 to $12
scorpio04: calls $6
*** SHOW DOWN ***
Kosova1968: shows [Js 7s] (a flush, Jack high)
scorpio04: mucks hand
Kosova1968 collected $47.50 from pot
*** SUMMARY ***
Total pot $48 | Rake $0.50
Board [2s 9d 3h Ts 6s]
Seat 5: Kosova1968 (button) (small blind) showed [Js 7s] and won ($47.50) with a flush, Jack high
Seat 6: scorpio04 (big blind) mucked


