PokerStars Hand #162356302749:  Hold'em Limit ($3/$6 USD) - 2016/12/03 14:27:58 ET
Table 'Cogshall' 6-max Seat #2 is the button
Seat 2: vestimokrec ($120.78 in chips)
Seat 6: cvjktycr067 ($32.02 in chips)
vestimokrec: posts small blind $1
cvjktycr067: posts big blind $3
*** HOLE CARDS ***
vestimokrec: raises $3 to $6
cvjktycr067: calls $3
*** FLOP *** [9s 5c 8h]
cvjktycr067: checks
vestimokrec: bets $3
cvjktycr067: calls $3
*** TURN *** [9s 5c 8h] [3s]
cvjktycr067: checks
vestimokrec: bets $6
cvjktycr067: calls $6
*** RIVER *** [9s 5c 8h 3s] [7c]
cvjktycr067: checks
vestimokrec: bets $6
cvjktycr067: folds
Uncalled bet ($6) returned to vestimokrec
vestimokrec collected $29.50 from pot
vestimokrec: doesn't show hand
*** SUMMARY ***
Total pot $30 | Rake $0.50
Board [9s 5c 8h 3s 7c]
Seat 2: vestimokrec (button) (small blind) collected ($29.50)
Seat 6: cvjktycr067 (big blind) folded on the River


PokerStars Hand #162356374189:  Hold'em Limit ($3/$6 USD) - 2016/12/03 14:29:16 ET
Table 'Cogshall' 6-max Seat #1 is the button
Seat 1: Hannibal2211 ($96.73 in chips)
Seat 2: vestimokrec ($126.28 in chips)
Hannibal2211: posts small blind $1
vestimokrec: posts big blind $3
*** HOLE CARDS ***
Hannibal2211: raises $3 to $6
cvjktycr067 leaves the table
vestimokrec: calls $3
*** FLOP *** [Qh 6d Jc]
vestimokrec: checks
Hannibal2211: bets $3
vestimokrec: calls $3
*** TURN *** [Qh 6d Jc] [2d]
vestimokrec: checks
Hannibal2211: checks
*** RIVER *** [Qh 6d Jc 2d] [As]
vestimokrec: checks
Hannibal2211: bets $6
vestimokrec: folds
Uncalled bet ($6) returned to Hannibal2211
Hannibal2211 collected $17.64 from pot
*** SUMMARY ***
Total pot $18 | Rake $0.36
Board [Qh 6d Jc 2d As]
Seat 1: Hannibal2211 (button) (small blind) collected ($17.64)
Seat 2: vestimokrec (big blind) folded on the River


PokerStars Hand #162361551361:  Hold'em Limit ($3/$6 USD) - 2016/12/03 16:01:33 ET
Table 'Cogshall' 6-max Seat #2 is the button
Seat 2: Eklund_1891 ($125.16 in chips)
Seat 3: vestimokrec ($113.50 in chips)
Eklund_1891: posts small blind $1
vestimokrec: posts big blind $3
*** HOLE CARDS ***
Eklund_1891: raises $3 to $6
vestimokrec: calls $3
*** FLOP *** [9c Th 6h]
vestimokrec: checks
Eklund_1891: bets $3
vestimokrec: calls $3
*** TURN *** [9c Th 6h] [8h]
vestimokrec: checks
Eklund_1891: bets $6
vestimokrec: raises $6 to $12
Eklund_1891: calls $6
*** RIVER *** [9c Th 6h 8h] [5d]
vestimokrec: bets $6
Eklund_1891: calls $6
*** SHOW DOWN ***
vestimokrec: shows [Qd 7h] (a straight, Six to Ten)
Eklund_1891: mucks hand
vestimokrec collected $53.50 from pot
*** SUMMARY ***
Total pot $54 | Rake $0.50
Board [9c Th 6h 8h 5d]
Seat 2: Eklund_1891 (button) (small blind) mucked
Seat 3: vestimokrec (big blind) showed [Qd 7h] and won ($53.50) with a straight, Six to Ten


PokerStars Hand #162361591993:  Hold'em Limit ($3/$6 USD) - 2016/12/03 16:02:17 ET
Table 'Cogshall' 6-max Seat #3 is the button
Seat 2: Eklund_1891 ($98.16 in chips)
Seat 3: vestimokrec ($140 in chips)
vestimokrec: posts small blind $1
Eklund_1891: posts big blind $3
*** HOLE CARDS ***
vestimokrec: raises $3 to $6
Eklund_1891: calls $3
*** FLOP *** [5h Kd 8c]
Eklund_1891: checks
vestimokrec: bets $3
Eklund_1891: folds
Uncalled bet ($3) returned to vestimokrec
vestimokrec collected $11.76 from pot
vestimokrec: doesn't show hand
*** SUMMARY ***
Total pot $12 | Rake $0.24
Board [5h Kd 8c]
Seat 2: Eklund_1891 (big blind) folded on the Flop
Seat 3: vestimokrec (button) (small blind) collected ($11.76)


PokerStars Hand #162361602710:  Hold'em Limit ($3/$6 USD) - 2016/12/03 16:02:29 ET
Table 'Cogshall' 6-max Seat #2 is the button
Seat 2: Eklund_1891 ($92.16 in chips)
Seat 3: vestimokrec ($145.76 in chips)
Eklund_1891: posts small blind $1
vestimokrec: posts big blind $3
*** HOLE CARDS ***
Eklund_1891: raises $3 to $6
vestimokrec: calls $3
*** FLOP *** [5c As 3d]
vestimokrec: checks
Eklund_1891: bets $3
vestimokrec: folds
Uncalled bet ($3) returned to Eklund_1891
Eklund_1891 collected $11.76 from pot
Eklund_1891: doesn't show hand
*** SUMMARY ***
Total pot $12 | Rake $0.24
Board [5c As 3d]
Seat 2: Eklund_1891 (button) (small blind) collected ($11.76)
Seat 3: vestimokrec (big blind) folded on the Flop


PokerStars Hand #162361616227:  Hold'em Limit ($3/$6 USD) - 2016/12/03 16:02:43 ET
Table 'Cogshall' 6-max Seat #3 is the button
Seat 2: Eklund_1891 ($97.92 in chips)
Seat 3: vestimokrec ($139.76 in chips)
vestimokrec: posts small blind $1
Eklund_1891: posts big blind $3
*** HOLE CARDS ***
vestimokrec: raises $3 to $6
Eklund_1891: calls $3
*** FLOP *** [8c Qs Tc]
Eklund_1891: checks
vestimokrec: checks
*** TURN *** [8c Qs Tc] [5d]
Eklund_1891: bets $6
vestimokrec: calls $6
*** RIVER *** [8c Qs Tc 5d] [Js]
Eklund_1891: checks
vestimokrec: checks
*** SHOW DOWN ***
Eklund_1891: shows [3d 4s] (high card Queen)
vestimokrec: shows [2d 2s] (a pair of Deuces)
vestimokrec collected $23.52 from pot
*** SUMMARY ***
Total pot $24 | Rake $0.48
Board [8c Qs Tc 5d Js]
Seat 2: Eklund_1891 (big blind) showed [3d 4s] and lost with high card Queen
Seat 3: vestimokrec (button) (small blind) showed [2d 2s] and won ($23.52) with a pair of Deuces


PokerStars Hand #162361634612:  Hold'em Limit ($3/$6 USD) - 2016/12/03 16:03:03 ET
Table 'Cogshall' 6-max Seat #2 is the button
Seat 2: Eklund_1891 ($85.92 in chips)
Seat 3: vestimokrec ($151.28 in chips)
Eklund_1891: posts small blind $1
vestimokrec: posts big blind $3
*** HOLE CARDS ***
Eklund_1891: raises $3 to $6
vestimokrec: calls $3
*** FLOP *** [Kc 6c Jd]
vestimokrec: checks
Eklund_1891: bets $3
vestimokrec: folds
Uncalled bet ($3) returned to Eklund_1891
Eklund_1891 collected $11.76 from pot
Eklund_1891: doesn't show hand
*** SUMMARY ***
Total pot $12 | Rake $0.24
Board [Kc 6c Jd]
Seat 2: Eklund_1891 (button) (small blind) collected ($11.76)
Seat 3: vestimokrec (big blind) folded on the Flop


PokerStars Hand #162361651826:  Hold'em Limit ($3/$6 USD) - 2016/12/03 16:03:21 ET
Table 'Cogshall' 6-max Seat #3 is the button
Seat 2: Eklund_1891 ($91.68 in chips)
Seat 3: vestimokrec ($145.28 in chips)
vestimokrec: posts small blind $1
Eklund_1891: posts big blind $3
*** HOLE CARDS ***
vestimokrec: raises $3 to $6
Eklund_1891: folds
Uncalled bet ($3) returned to vestimokrec
vestimokrec collected $6 from pot
vestimokrec: doesn't show hand
*** SUMMARY ***
Total pot $6 | Rake $0
Seat 2: Eklund_1891 (big blind) folded before Flop
Seat 3: vestimokrec (button) (small blind) collected ($6)


PokerStars Hand #162361657673:  Hold'em Limit ($3/$6 USD) - 2016/12/03 16:03:27 ET
Table 'Cogshall' 6-max Seat #2 is the button
Seat 2: Eklund_1891 ($88.68 in chips)
Seat 3: vestimokrec ($148.28 in chips)
Eklund_1891: posts small blind $1
vestimokrec: posts big blind $3
*** HOLE CARDS ***
Eklund_1891: raises $3 to $6
vestimokrec: raises $3 to $9
Eklund_1891: raises $3 to $12
Betting is capped
vestimokrec: calls $3
*** FLOP *** [Kc 9c 7c]
vestimokrec: checks
Eklund_1891: bets $3
vestimokrec: calls $3
*** TURN *** [Kc 9c 7c] [9s]
vestimokrec: checks
Eklund_1891: bets $6
vestimokrec: calls $6
*** RIVER *** [Kc 9c 7c 9s] [4c]
vestimokrec: checks
Eklund_1891: checks
*** SHOW DOWN ***
vestimokrec: shows [Qd Qs] (two pair, Queens and Nines)
Eklund_1891: shows [Kd Th] (two pair, Kings and Nines)
Eklund_1891 collected $41.50 from pot
*** SUMMARY ***
Total pot $42 | Rake $0.50
Board [Kc 9c 7c 9s 4c]
Seat 2: Eklund_1891 (button) (small blind) showed [Kd Th] and won ($41.50) with two pair, Kings and Nines
Seat 3: vestimokrec (big blind) showed [Qd Qs] and lost with two pair, Queens and Nines


PokerStars Hand #162361676575:  Hold'em Limit ($3/$6 USD) - 2016/12/03 16:03:47 ET
Table 'Cogshall' 6-max Seat #3 is the button
Seat 2: Eklund_1891 ($109.18 in chips)
Seat 3: vestimokrec ($127.28 in chips)
vestimokrec: posts small blind $1
Eklund_1891: posts big blind $3
*** HOLE CARDS ***
vestimokrec: folds
Uncalled bet ($2) returned to Eklund_1891
Eklund_1891 collected $2 from pot
Eklund_1891: doesn't show hand
*** SUMMARY ***
Total pot $2 | Rake $0
Seat 2: Eklund_1891 (big blind) collected ($2)
Seat 3: vestimokrec (button) (small blind) folded before Flop


PokerStars Hand #162361680543:  Hold'em Limit ($3/$6 USD) - 2016/12/03 16:03:52 ET
Table 'Cogshall' 6-max Seat #2 is the button
Seat 2: Eklund_1891 ($110.18 in chips)
Seat 3: vestimokrec ($126.28 in chips)
Eklund_1891: posts small blind $1
vestimokrec: posts big blind $3
*** HOLE CARDS ***
Eklund_1891: raises $3 to $6
vestimokrec: calls $3
*** FLOP *** [As 8h Ah]
vestimokrec: checks
Eklund_1891: checks
*** TURN *** [As 8h Ah] [4h]
vestimokrec: checks
Eklund_1891: checks
*** RIVER *** [As 8h Ah 4h] [Qc]
vestimokrec: checks
Eklund_1891: checks
*** SHOW DOWN ***
vestimokrec: shows [Kd Js] (a pair of Aces)
Eklund_1891: mucks hand
vestimokrec collected $11.76 from pot
*** SUMMARY ***
Total pot $12 | Rake $0.24
Board [As 8h Ah 4h Qc]
Seat 2: Eklund_1891 (button) (small blind) mucked
Seat 3: vestimokrec (big blind) showed [Kd Js] and won ($11.76) with a pair of Aces


PokerStars Hand #162361719882:  Hold'em Limit ($3/$6 USD) - 2016/12/03 16:04:33 ET
Table 'Cogshall' 6-max Seat #2 is the button
Seat 2: Eklund_1891 ($105.18 in chips)
Seat 3: vestimokrec ($131.04 in chips)
Eklund_1891: posts small blind $1
vestimokrec: posts big blind $3
*** HOLE CARDS ***
Eklund_1891: calls $2
vestimokrec: raises $3 to $6
Eklund_1891: calls $3
*** FLOP *** [Qc 2d 9d]
vestimokrec: bets $3
Eklund_1891: folds
Uncalled bet ($3) returned to vestimokrec
vestimokrec collected $11.76 from pot
vestimokrec: doesn't show hand
*** SUMMARY ***
Total pot $12 | Rake $0.24
Board [Qc 2d 9d]
Seat 2: Eklund_1891 (button) (small blind) folded on the Flop
Seat 3: vestimokrec (big blind) collected ($11.76)


PokerStars Hand #162361715416:  Hold'em Limit ($3/$6 USD) - 2016/12/03 16:04:28 ET
Table 'Cogshall' 6-max Seat #3 is the button
Seat 2: Eklund_1891 ($104.18 in chips)
Seat 3: vestimokrec ($132.04 in chips)
vestimokrec: posts small blind $1
Eklund_1891: posts big blind $3
*** HOLE CARDS ***
vestimokrec: folds
Uncalled bet ($2) returned to Eklund_1891
Eklund_1891 collected $2 from pot
Eklund_1891: doesn't show hand
*** SUMMARY ***
Total pot $2 | Rake $0
Seat 2: Eklund_1891 (big blind) collected ($2)
Seat 3: vestimokrec (button) (small blind) folded before Flop


PokerStars Hand #162361710190:  Hold'em Limit ($3/$6 USD) - 2016/12/03 16:04:23 ET
Table 'Cogshall' 6-max Seat #2 is the button
Seat 2: Eklund_1891 ($105.18 in chips)
Seat 3: vestimokrec ($131.04 in chips)
Eklund_1891: posts small blind $1
vestimokrec: posts big blind $3
*** HOLE CARDS ***
Eklund_1891: folds
Uncalled bet ($2) returned to vestimokrec
vestimokrec collected $2 from pot
vestimokrec: doesn't show hand
*** SUMMARY ***
Total pot $2 | Rake $0
Seat 2: Eklund_1891 (button) (small blind) folded before Flop
Seat 3: vestimokrec (big blind) collected ($2)


PokerStars Hand #162361699858:  Hold'em Limit ($3/$6 USD) - 2016/12/03 16:04:12 ET
Table 'Cogshall' 6-max Seat #3 is the button
Seat 2: Eklund_1891 ($104.18 in chips)
Seat 3: vestimokrec ($132.04 in chips)
vestimokrec: posts small blind $1
Eklund_1891: posts big blind $3
*** HOLE CARDS ***
vestimokrec: folds
Uncalled bet ($2) returned to Eklund_1891
Eklund_1891 collected $2 from pot
Eklund_1891: doesn't show hand
*** SUMMARY ***
Total pot $2 | Rake $0
Seat 2: Eklund_1891 (big blind) collected ($2)
Seat 3: vestimokrec (button) (small blind) folded before Flop


PokerStars Hand #162361744493:  Hold'em Limit ($3/$6 USD) - 2016/12/03 16:04:59 ET
Table 'Cogshall' 6-max Seat #3 is the button
Seat 2: Eklund_1891 ($99.18 in chips)
Seat 3: vestimokrec ($136.80 in chips)
vestimokrec: posts small blind $1
Eklund_1891: posts big blind $3
*** HOLE CARDS ***
vestimokrec: raises $3 to $6
Eklund_1891: raises $3 to $9
vestimokrec: calls $3
*** FLOP *** [6d 9h 3h]
Eklund_1891: bets $3
vestimokrec: calls $3
*** TURN *** [6d 9h 3h] [6c]
Eklund_1891: checks
vestimokrec: bets $6
Eklund_1891: calls $6
*** RIVER *** [6d 9h 3h 6c] [Jd]
Eklund_1891: checks
vestimokrec: bets $6
Eklund_1891: calls $6
*** SHOW DOWN ***
vestimokrec: shows [9s Kh] (two pair, Nines and Sixes)
Eklund_1891: mucks hand
vestimokrec collected $47.50 from pot
*** SUMMARY ***
Total pot $48 | Rake $0.50
Board [6d 9h 3h 6c Jd]
Seat 2: Eklund_1891 (big blind) mucked
Seat 3: vestimokrec (button) (small blind) showed [9s Kh] and won ($47.50) with two pair, Nines and Sixes


PokerStars Hand #162361780206:  Hold'em Limit ($3/$6 USD) - 2016/12/03 16:05:36 ET
Table 'Cogshall' 6-max Seat #2 is the button
Seat 2: Eklund_1891 ($75.18 in chips)
Seat 3: vestimokrec ($160.30 in chips)
Eklund_1891: posts small blind $1
vestimokrec: posts big blind $3
*** HOLE CARDS ***
Eklund_1891: raises $3 to $6
vestimokrec: calls $3
*** FLOP *** [2c 9h 4d]
vestimokrec: checks
Eklund_1891: bets $3
vestimokrec: calls $3
*** TURN *** [2c 9h 4d] [Ah]
vestimokrec: checks
Eklund_1891: bets $6
fsreibnitz joins the table at seat #6
vestimokrec: calls $6
*** RIVER *** [2c 9h 4d Ah] [Jd]
vestimokrec: checks
Eklund_1891: bets $6
vestimokrec: calls $6
*** SHOW DOWN ***
Eklund_1891: shows [4h 9d] (two pair, Nines and Fours)
vestimokrec: mucks hand
Eklund_1891 collected $41.50 from pot
*** SUMMARY ***
Total pot $42 | Rake $0.50
Board [2c 9h 4d Ah Jd]
Seat 2: Eklund_1891 (button) (small blind) showed [4h 9d] and won ($41.50) with two pair, Nines and Fours
Seat 3: vestimokrec (big blind) mucked


PokerStars Hand #162362802155:  Hold'em Limit ($3/$6 USD) - 2016/12/03 16:23:45 ET
Table 'Cogshall' 6-max Seat #4 is the button
Seat 1: wobetting ($88.38 in chips)
Seat 4: ToDaFelt ($124.62 in chips)
ToDaFelt: posts small blind $1
Isenvaden: is sitting out
wobetting: posts big blind $3
*** HOLE CARDS ***
Isenvaden leaves the table
ToDaFelt: raises $3 to $6
wobetting: calls $3
*** FLOP *** [5s 6s 9d]
wobetting: checks
ToDaFelt: checks
*** TURN *** [5s 6s 9d] [6h]
wobetting: bets $6
ToDaFelt: folds
Uncalled bet ($6) returned to wobetting
wobetting collected $11.76 from pot
wobetting: doesn't show hand
*** SUMMARY ***
Total pot $12 | Rake $0.24
Board [5s 6s 9d 6h]
Seat 1: wobetting (big blind) collected ($11.76)
Seat 4: ToDaFelt (button) (small blind) folded on the Turn


