PokerStars Hand #154557030686:  Hold'em Limit ($3/$6 USD) - 2016/06/10 14:46:50 ET
Table 'Cohnia' 6-max Seat #3 is the button
Seat 2: iupeli ($101 in chips)
Seat 3: LolDnkaments ($90.50 in chips)
LolDnkaments: posts small blind $1
iupeli: posts big blind $3
*** HOLE CARDS ***
LolDnkaments: raises $3 to $6
iupeli: calls $3
*** FLOP *** [5s Jd 7c]
iupeli: checks
LolDnkaments: bets $3
iupeli: folds
Uncalled bet ($3) returned to LolDnkaments
LolDnkaments collected $11.76 from pot
LolDnkaments: doesn't show hand
*** SUMMARY ***
Total pot $12 | Rake $0.24
Board [5s Jd 7c]
Seat 2: iupeli (big blind) folded on the Flop
Seat 3: LolDnkaments (button) (small blind) collected ($11.76)


PokerStars Hand #154557067654:  Hold'em Limit ($3/$6 USD) - 2016/06/10 14:47:43 ET
Table 'Cohnia' 6-max Seat #2 is the button
Seat 2: iupeli ($112.50 in chips)
Seat 3: LolDnkaments ($78.02 in chips)
iupeli: posts small blind $1
LolDnkaments: posts big blind $3
*** HOLE CARDS ***
iupeli: folds
Uncalled bet ($2) returned to LolDnkaments
LolDnkaments collected $2 from pot
LolDnkaments: doesn't show hand
*** SUMMARY ***
Total pot $2 | Rake $0
Seat 2: iupeli (button) (small blind) folded before Flop
Seat 3: LolDnkaments (big blind) collected ($2)


PokerStars Hand #154557071861:  Hold'em Limit ($3/$6 USD) - 2016/06/10 14:47:48 ET
Table 'Cohnia' 6-max Seat #3 is the button
Seat 2: iupeli ($111.50 in chips)
Seat 3: LolDnkaments ($79.02 in chips)
LolDnkaments: posts small blind $1
iupeli: posts big blind $3
*** HOLE CARDS ***
LolDnkaments: raises $3 to $6
iupeli: calls $3
*** FLOP *** [7h Td 3c]
iupeli: checks
LolDnkaments: bets $3
iupeli: calls $3
*** TURN *** [7h Td 3c] [2h]
iupeli: checks
LolDnkaments: bets $6
iupeli: folds
Uncalled bet ($6) returned to LolDnkaments
LolDnkaments collected $17.64 from pot
LolDnkaments: doesn't show hand
*** SUMMARY ***
Total pot $18 | Rake $0.36
Board [7h Td 3c 2h]
Seat 2: iupeli (big blind) folded on the Turn
Seat 3: LolDnkaments (button) (small blind) collected ($17.64)


PokerStars Hand #154557085937:  Hold'em Limit ($3/$6 USD) - 2016/06/10 14:48:08 ET
Table 'Cohnia' 6-max Seat #2 is the button
Seat 2: iupeli ($102.50 in chips)
Seat 3: LolDnkaments ($87.66 in chips)
iupeli: posts small blind $1
LolDnkaments: posts big blind $3
*** HOLE CARDS ***
iupeli: raises $3 to $6
LolDnkaments: folds
Uncalled bet ($3) returned to iupeli
iupeli collected $6 from pot
iupeli: doesn't show hand
*** SUMMARY ***
Total pot $6 | Rake $0
Seat 2: iupeli (button) (small blind) collected ($6)
Seat 3: LolDnkaments (big blind) folded before Flop


PokerStars Hand #154557112141:  Hold'em Limit ($3/$6 USD) - 2016/06/10 14:48:45 ET
Table 'Cohnia' 6-max Seat #3 is the button
Seat 2: iupeli ($128.64 in chips)
Seat 3: LolDnkaments ($72 in chips)
LolDnkaments: posts small blind $1
iupeli: posts big blind $3
*** HOLE CARDS ***
LolDnkaments: raises $3 to $6
iupeli: calls $3
*** FLOP *** [Th 3h Ad]
iupeli: checks
LolDnkaments: bets $3
iupeli: calls $3
*** TURN *** [Th 3h Ad] [2h]
iupeli: checks
LolDnkaments: bets $6
iupeli: calls $6
*** RIVER *** [Th 3h Ad 2h] [Td]
iupeli: checks
LolDnkaments: checks
*** SHOW DOWN ***
iupeli: shows [Kh 8c] (a pair of Tens)
LolDnkaments: shows [3s 5d] (two pair, Tens and Threes)
LolDnkaments collected $29.50 from pot
*** SUMMARY ***
Total pot $30 | Rake $0.50
Board [Th 3h Ad 2h Td]
Seat 2: iupeli (big blind) showed [Kh 8c] and lost with a pair of Tens
Seat 3: LolDnkaments (button) (small blind) showed [3s 5d] and won ($29.50) with two pair, Tens and Threes


PokerStars Hand #154557148197:  Hold'em Limit ($3/$6 USD) - 2016/06/10 14:49:37 ET
Table 'Cohnia' 6-max Seat #2 is the button
Seat 2: iupeli ($113.28 in chips)
Seat 3: LolDnkaments ($86.14 in chips)
iupeli: posts small blind $1
LolDnkaments: posts big blind $3
*** HOLE CARDS ***
iupeli: folds
Uncalled bet ($2) returned to LolDnkaments
LolDnkaments collected $2 from pot
LolDnkaments: doesn't show hand
*** SUMMARY ***
Total pot $2 | Rake $0
Seat 2: iupeli (button) (small blind) folded before Flop
Seat 3: LolDnkaments (big blind) collected ($2)


PokerStars Hand #154557136457:  Hold'em Limit ($3/$6 USD) - 2016/06/10 14:49:20 ET
Table 'Cohnia' 6-max Seat #3 is the button
Seat 2: iupeli ($104.64 in chips)
Seat 3: LolDnkaments ($95.14 in chips)
LolDnkaments: posts small blind $1
iupeli: posts big blind $3
*** HOLE CARDS ***
LolDnkaments: raises $3 to $6
iupeli: calls $3
*** FLOP *** [6h Jd 3d]
iupeli: checks
LolDnkaments: bets $3
iupeli: calls $3
*** TURN *** [6h Jd 3d] [2d]
iupeli: checks
LolDnkaments: checks
*** RIVER *** [6h Jd 3d 2d] [5c]
iupeli: checks
LolDnkaments: checks
*** SHOW DOWN ***
iupeli: shows [6d 8s] (a pair of Sixes)
LolDnkaments: mucks hand
sermyha15 joins the table at seat #4
iupeli collected $17.64 from pot
*** SUMMARY ***
Total pot $18 | Rake $0.36
Board [6h Jd 3d 2d 5c]
Seat 2: iupeli (big blind) showed [6d 8s] and won ($17.64) with a pair of Sixes
Seat 3: LolDnkaments (button) (small blind) mucked


PokerStars Hand #154557123661:  Hold'em Limit ($3/$6 USD) - 2016/06/10 14:49:01 ET
Table 'Cohnia' 6-max Seat #2 is the button
Seat 2: iupeli ($113.64 in chips)
Seat 3: LolDnkaments ($86.50 in chips)
iupeli: posts small blind $1
LolDnkaments: posts big blind $3
*** HOLE CARDS ***
iupeli: raises $3 to $6
LolDnkaments: calls $3
*** FLOP *** [2d Qh Kd]
LolDnkaments: checks
iupeli: bets $3
LolDnkaments: raises $3 to $6
iupeli: folds
Uncalled bet ($3) returned to LolDnkaments
LolDnkaments collected $17.64 from pot
LolDnkaments: doesn't show hand
*** SUMMARY ***
Total pot $18 | Rake $0.36
Board [2d Qh Kd]
Seat 2: iupeli (button) (small blind) folded on the Flop
Seat 3: LolDnkaments (big blind) collected ($17.64)


PokerStars Hand #154557090955:  Hold'em Limit ($3/$6 USD) - 2016/06/10 14:48:15 ET
Table 'Cohnia' 6-max Seat #3 is the button
Seat 2: iupeli ($105.50 in chips)
Seat 3: LolDnkaments ($84.66 in chips)
LolDnkaments: posts small blind $1
iupeli: posts big blind $3
*** HOLE CARDS ***
LolDnkaments: raises $3 to $6
iupeli: calls $3
*** FLOP *** [Kd 6h 6c]
iupeli: checks
LolDnkaments: bets $3
iupeli: raises $3 to $6
LolDnkaments: folds
Uncalled bet ($3) returned to iupeli
iupeli collected $17.64 from pot
iupeli: doesn't show hand
*** SUMMARY ***
Total pot $18 | Rake $0.36
Board [Kd 6h 6c]
Seat 2: iupeli (big blind) collected ($17.64)
Seat 3: LolDnkaments (button) (small blind) folded on the Flop


PokerStars Hand #154567928883:  Hold'em Limit ($3/$6 USD) - 2016/06/10 18:57:27 ET
Table 'Cohnia' 6-max Seat #3 is the button
Seat 2: sismos404 ($111.81 in chips)
Seat 3: ToDaFelt ($207 in chips)
ToDaFelt: posts small blind $1
Masqb: is sitting out
Chessnok: is sitting out
ynwaom: is sitting out
sismos404: posts big blind $3
*** HOLE CARDS ***
ToDaFelt: raises $3 to $6
Masqb leaves the table
ynwaom leaves the table
sismos404: calls $3
*** FLOP *** [6h 9c 4s]
sismos404: checks
ToDaFelt: bets $3
sismos404: raises $3 to $6
ToDaFelt: calls $3
*** TURN *** [6h 9c 4s] [8s]
sismos404: bets $6
ToDaFelt: calls $6
*** RIVER *** [6h 9c 4s 8s] [Jc]
sismos404: checks
ToDaFelt: checks
*** SHOW DOWN ***
sismos404: shows [8d 7d] (a pair of Eights)
ToDaFelt: mucks hand
sismos404 collected $35.50 from pot
dmonr joins the table at seat #1
*** SUMMARY ***
Total pot $36 | Rake $0.50
Board [6h 9c 4s 8s Jc]
Seat 2: sismos404 (big blind) showed [8d 7d] and won ($35.50) with a pair of Eights
Seat 3: ToDaFelt (button) (small blind) mucked


PokerStars Hand #154567940222:  Hold'em Limit ($3/$6 USD) - 2016/06/10 18:57:47 ET
Table 'Cohnia' 6-max Seat #2 is the button
Seat 2: sismos404 ($129.31 in chips)
Seat 3: ToDaFelt ($189 in chips)
sismos404: posts small blind $1
ToDaFelt: posts big blind $3
*** HOLE CARDS ***
sismos404: raises $3 to $6
ToDaFelt: calls $3
*** FLOP *** [Ks 2d 8h]
ToDaFelt: checks
sismos404: bets $3
ToDaFelt: folds
Uncalled bet ($3) returned to sismos404
sismos404 collected $11.76 from pot
*** SUMMARY ***
Total pot $12 | Rake $0.24
Board [Ks 2d 8h]
Seat 2: sismos404 (button) (small blind) collected ($11.76)
Seat 3: ToDaFelt (big blind) folded on the Flop


