PokerStars Hand #160846565794:  Hold'em Limit ($3/$6 USD) - 2016/11/03 14:26:53 ET
Table 'Cohnia' 6-max Seat #3 is the button
Seat 2: Jesse0206 ($134.94 in chips)
Seat 3: vestimokrec ($88 in chips)
vestimokrec: posts small blind $1
Jesse0206: posts big blind $3
*** HOLE CARDS ***
vestimokrec: raises $3 to $6
Jesse0206: calls $3
*** FLOP *** [5h 2d 5d]
Jesse0206: checks
vestimokrec: bets $3
Jesse0206: calls $3
*** TURN *** [5h 2d 5d] [9h]
Jesse0206: checks
vestimokrec: bets $6
Jesse0206: calls $6
*** RIVER *** [5h 2d 5d 9h] [6h]
Jesse0206: bets $6
vestimokrec: calls $6
*** SHOW DOWN ***
Jesse0206: shows [3h Jh] (a flush, Jack high)
vestimokrec: mucks hand
Jesse0206 collected $41.50 from pot
*** SUMMARY ***
Total pot $42 | Rake $0.50
Board [5h 2d 5d 9h 6h]
Seat 2: Jesse0206 (big blind) showed [3h Jh] and won ($41.50) with a flush, Jack high
Seat 3: vestimokrec (button) (small blind) mucked


PokerStars Hand #160846561181:  Hold'em Limit ($3/$6 USD) - 2016/11/03 14:26:48 ET
Table 'Cohnia' 6-max Seat #2 is the button
Seat 2: Jesse0206 ($135.94 in chips)
Seat 3: vestimokrec ($87 in chips)
Jesse0206: posts small blind $1
vestimokrec: posts big blind $3
*** HOLE CARDS ***
Jesse0206: folds
Uncalled bet ($2) returned to vestimokrec
vestimokrec collected $2 from pot
vestimokrec: doesn't show hand
*** SUMMARY ***
Total pot $2 | Rake $0
Seat 2: Jesse0206 (button) (small blind) folded before Flop
Seat 3: vestimokrec (big blind) collected ($2)


PokerStars Hand #160846517992:  Hold'em Limit ($3/$6 USD) - 2016/11/03 14:25:58 ET
Table 'Cohnia' 6-max Seat #3 is the button
Seat 2: Jesse0206 ($118.44 in chips)
Seat 3: vestimokrec ($105 in chips)
vestimokrec: posts small blind $1
GoliafUa: is sitting out
Jesse0206: posts big blind $3
*** HOLE CARDS ***
vestimokrec: raises $3 to $6
Jesse0206: calls $3
*** FLOP *** [9c Jh 3s]
Jesse0206: checks
vestimokrec: checks
*** TURN *** [9c Jh 3s] [Ts]
Jesse0206: checks
vestimokrec: checks
*** RIVER *** [9c Jh 3s Ts] [2c]
Jesse0206: bets $6
vestimokrec: raises $6 to $12
Jesse0206: calls $6
*** SHOW DOWN ***
vestimokrec: shows [Qc 6s] (high card Queen)
Jesse0206: shows [Ks 9d] (a pair of Nines)
Jesse0206 collected $35.50 from pot
*** SUMMARY ***
Total pot $36 | Rake $0.50
Board [9c Jh 3s Ts 2c]
Seat 2: Jesse0206 (big blind) showed [Ks 9d] and won ($35.50) with a pair of Nines
Seat 3: vestimokrec (button) (small blind) showed [Qc 6s] and lost with high card Queen


PokerStars Hand #160846595125:  Hold'em Limit ($3/$6 USD) - 2016/11/03 14:27:28 ET
Table 'Cohnia' 6-max Seat #2 is the button
Seat 2: Jesse0206 ($155.44 in chips)
Seat 3: vestimokrec ($67 in chips)
Jesse0206: posts small blind $1
vestimokrec: posts big blind $3
*** HOLE CARDS ***
Jesse0206: raises $3 to $6
vestimokrec: raises $3 to $9
Jesse0206: calls $3
*** FLOP *** [Qh 6c Js]
vestimokrec: bets $3
Jesse0206: calls $3
*** TURN *** [Qh 6c Js] [Qc]
vestimokrec: bets $6
Jesse0206: raises $6 to $12
vestimokrec: calls $6
*** RIVER *** [Qh 6c Js Qc] [5c]
vestimokrec: checks
Jesse0206: checks
*** SHOW DOWN ***
vestimokrec: shows [Ah Jd] (two pair, Queens and Jacks)
Jesse0206: mucks hand
vestimokrec collected $47.50 from pot
*** SUMMARY ***
Total pot $48 | Rake $0.50
Board [Qh 6c Js Qc 5c]
Seat 2: Jesse0206 (button) (small blind) mucked
Seat 3: vestimokrec (big blind) showed [Ah Jd] and won ($47.50) with two pair, Queens and Jacks


PokerStars Hand #160846631248:  Hold'em Limit ($3/$6 USD) - 2016/11/03 14:28:10 ET
Table 'Cohnia' 6-max Seat #2 is the button
Seat 2: Jesse0206 ($128.44 in chips)
Seat 3: vestimokrec ($93.50 in chips)
Jesse0206: posts small blind $1
vestimokrec: posts big blind $3
*** HOLE CARDS ***
Jesse0206: folds
Uncalled bet ($2) returned to vestimokrec
vestimokrec collected $2 from pot
vestimokrec: doesn't show hand
*** SUMMARY ***
Total pot $2 | Rake $0
Seat 2: Jesse0206 (button) (small blind) folded before Flop
Seat 3: vestimokrec (big blind) collected ($2)


PokerStars Hand #160846621973:  Hold'em Limit ($3/$6 USD) - 2016/11/03 14:27:59 ET
Table 'Cohnia' 6-max Seat #3 is the button
Seat 2: Jesse0206 ($131.44 in chips)
Seat 3: vestimokrec ($90.50 in chips)
vestimokrec: posts small blind $1
Jesse0206: posts big blind $3
*** HOLE CARDS ***
vestimokrec: raises $3 to $6
Jesse0206: folds
Uncalled bet ($3) returned to vestimokrec
vestimokrec collected $6 from pot
vestimokrec: doesn't show hand
*** SUMMARY ***
Total pot $6 | Rake $0
Seat 2: Jesse0206 (big blind) folded before Flop
Seat 3: vestimokrec (button) (small blind) collected ($6)


PokerStars Hand #160846694714:  Hold'em Limit ($3/$6 USD) - 2016/11/03 14:29:25 ET
Table 'Cohnia' 6-max Seat #2 is the button
Seat 2: Jesse0206 ($112.44 in chips)
Seat 3: vestimokrec ($109 in chips)
Jesse0206: posts small blind $1
vestimokrec: posts big blind $3
*** HOLE CARDS ***
Jesse0206: raises $3 to $6
vestimokrec: calls $3
*** FLOP *** [As 7d 9h]
vestimokrec: checks
Jesse0206: bets $3
vestimokrec: folds
Uncalled bet ($3) returned to Jesse0206
Jesse0206 collected $11.76 from pot
Jesse0206: doesn't show hand
*** SUMMARY ***
Total pot $12 | Rake $0.24
Board [As 7d 9h]
Seat 2: Jesse0206 (button) (small blind) collected ($11.76)
Seat 3: vestimokrec (big blind) folded on the Flop


PokerStars Hand #160846636537:  Hold'em Limit ($3/$6 USD) - 2016/11/03 14:28:16 ET
Table 'Cohnia' 6-max Seat #3 is the button
Seat 2: Jesse0206 ($127.44 in chips)
Seat 3: vestimokrec ($94.50 in chips)
vestimokrec: posts small blind $1
Jesse0206: posts big blind $3
*** HOLE CARDS ***
vestimokrec: raises $3 to $6
Jesse0206: calls $3
*** FLOP *** [6c Ah Jh]
Jesse0206: checks
vestimokrec: bets $3
Jesse0206: calls $3
*** TURN *** [6c Ah Jh] [Qc]
Jesse0206: checks
vestimokrec: checks
*** RIVER *** [6c Ah Jh Qc] [Js]
Jesse0206: checks
vestimokrec: bets $6
Jesse0206: calls $6
*** SHOW DOWN ***
vestimokrec: shows [2c Qh] (two pair, Queens and Jacks)
Jesse0206: mucks hand
vestimokrec collected $29.50 from pot
*** SUMMARY ***
Total pot $30 | Rake $0.50
Board [6c Ah Jh Qc Js]
Seat 2: Jesse0206 (big blind) mucked
Seat 3: vestimokrec (button) (small blind) showed [2c Qh] and won ($29.50) with two pair, Queens and Jacks


PokerStars Hand #160846723067:  Hold'em Limit ($3/$6 USD) - 2016/11/03 14:29:58 ET
Table 'Cohnia' 6-max Seat #2 is the button
Seat 2: Jesse0206 ($115.20 in chips)
Seat 3: vestimokrec ($106 in chips)
Jesse0206: posts small blind $1
vestimokrec: posts big blind $3
*** HOLE CARDS ***
Jesse0206: folds
Uncalled bet ($2) returned to vestimokrec
vestimokrec collected $2 from pot
vestimokrec: doesn't show hand
*** SUMMARY ***
Total pot $2 | Rake $0
Seat 2: Jesse0206 (button) (small blind) folded before Flop
Seat 3: vestimokrec (big blind) collected ($2)


PokerStars Hand #160846718169:  Hold'em Limit ($3/$6 USD) - 2016/11/03 14:29:53 ET
Table 'Cohnia' 6-max Seat #3 is the button
Seat 2: Jesse0206 ($118.20 in chips)
Seat 3: vestimokrec ($103 in chips)
vestimokrec: posts small blind $1
Jesse0206: posts big blind $3
*** HOLE CARDS ***
vestimokrec: raises $3 to $6
Jesse0206: folds
Uncalled bet ($3) returned to vestimokrec
vestimokrec collected $6 from pot
vestimokrec: doesn't show hand
*** SUMMARY ***
Total pot $6 | Rake $0
Seat 2: Jesse0206 (big blind) folded before Flop
Seat 3: vestimokrec (button) (small blind) collected ($6)


PokerStars Hand #160846727461:  Hold'em Limit ($3/$6 USD) - 2016/11/03 14:30:04 ET
Table 'Cohnia' 6-max Seat #3 is the button
Seat 2: Jesse0206 ($114.20 in chips)
Seat 3: vestimokrec ($107 in chips)
vestimokrec: posts small blind $1
Jesse0206: posts big blind $3
*** HOLE CARDS ***
vestimokrec: raises $3 to $6
Jesse0206: calls $3
*** FLOP *** [5h 8d Ac]
Jesse0206: bets $3
vestimokrec: calls $3
*** TURN *** [5h 8d Ac] [As]
Jesse0206: checks
vestimokrec: bets $6
Jesse0206: folds
Uncalled bet ($6) returned to vestimokrec
vestimokrec collected $17.64 from pot
vestimokrec: doesn't show hand
*** SUMMARY ***
Total pot $18 | Rake $0.36
Board [5h 8d Ac As]
Seat 2: Jesse0206 (big blind) folded on the Turn
Seat 3: vestimokrec (button) (small blind) collected ($17.64)


PokerStars Hand #160846750519:  Hold'em Limit ($3/$6 USD) - 2016/11/03 14:30:30 ET
Table 'Cohnia' 6-max Seat #2 is the button
Seat 2: Jesse0206 ($105.20 in chips)
Seat 3: vestimokrec ($115.64 in chips)
Jesse0206: posts small blind $1
vestimokrec: posts big blind $3
*** HOLE CARDS ***
Jesse0206: raises $3 to $6
vestimokrec: calls $3
*** FLOP *** [As 4c 5s]
vestimokrec: checks
Jesse0206: checks
*** TURN *** [As 4c 5s] [Th]
vestimokrec: checks
Jesse0206: bets $6
vestimokrec: calls $6
*** RIVER *** [As 4c 5s Th] [Qh]
vestimokrec: checks
Jesse0206: checks
*** SHOW DOWN ***
vestimokrec: shows [9d Td] (a pair of Tens)
Jesse0206: mucks hand
vestimokrec collected $23.52 from pot
*** SUMMARY ***
Total pot $24 | Rake $0.48
Board [As 4c 5s Th Qh]
Seat 2: Jesse0206 (button) (small blind) mucked
Seat 3: vestimokrec (big blind) showed [9d Td] and won ($23.52) with a pair of Tens


PokerStars Hand #160846778424:  Hold'em Limit ($3/$6 USD) - 2016/11/03 14:31:03 ET
Table 'Cohnia' 6-max Seat #2 is the button
Seat 2: Jesse0206 ($90.20 in chips)
Seat 3: vestimokrec ($130.16 in chips)
Jesse0206: posts small blind $1
vestimokrec: posts big blind $3
*** HOLE CARDS ***
Jesse0206: raises $3 to $6
vestimokrec: folds
Uncalled bet ($3) returned to Jesse0206
Jesse0206 collected $6 from pot
Jesse0206: doesn't show hand
*** SUMMARY ***
Total pot $6 | Rake $0
Seat 2: Jesse0206 (button) (small blind) collected ($6)
Seat 3: vestimokrec (big blind) folded before Flop


PokerStars Hand #160846785040:  Hold'em Limit ($3/$6 USD) - 2016/11/03 14:31:11 ET
Table 'Cohnia' 6-max Seat #3 is the button
Seat 2: Jesse0206 ($93.20 in chips)
Seat 3: vestimokrec ($127.16 in chips)
vestimokrec: posts small blind $1
Jesse0206: posts big blind $3
*** HOLE CARDS ***
vestimokrec: raises $3 to $6
Jesse0206: raises $3 to $9
vestimokrec: calls $3
*** FLOP *** [4d 9c 7d]
Jesse0206: bets $3
vestimokrec: calls $3
*** TURN *** [4d 9c 7d] [Jd]
Jesse0206: bets $6
vestimokrec: calls $6
*** RIVER *** [4d 9c 7d Jd] [6c]
Jesse0206: bets $6
vestimokrec: calls $6
*** SHOW DOWN ***
Jesse0206: shows [9h 5h] (a pair of Nines)
vestimokrec: mucks hand
Jesse0206 collected $47.50 from pot
*** SUMMARY ***
Total pot $48 | Rake $0.50
Board [4d 9c 7d Jd 6c]
Seat 2: Jesse0206 (big blind) showed [9h 5h] and won ($47.50) with a pair of Nines
Seat 3: vestimokrec (button) (small blind) mucked


PokerStars Hand #160846773644:  Hold'em Limit ($3/$6 USD) - 2016/11/03 14:30:57 ET
Table 'Cohnia' 6-max Seat #3 is the button
Seat 2: Jesse0206 ($93.20 in chips)
Seat 3: vestimokrec ($127.16 in chips)
vestimokrec: posts small blind $1
Jesse0206: posts big blind $3
*** HOLE CARDS ***
vestimokrec: raises $3 to $6
Jesse0206: folds
Uncalled bet ($3) returned to vestimokrec
vestimokrec collected $6 from pot
vestimokrec: doesn't show hand
*** SUMMARY ***
Total pot $6 | Rake $0
Seat 2: Jesse0206 (big blind) folded before Flop
Seat 3: vestimokrec (button) (small blind) collected ($6)


PokerStars Hand #160846851236:  Hold'em Limit ($3/$6 USD) - 2016/11/03 14:32:28 ET
Table 'Cohnia' 6-max Seat #3 is the button
Seat 2: Jesse0206 ($89.70 in chips)
Seat 3: vestimokrec ($129.66 in chips)
vestimokrec: posts small blind $1
Jesse0206: posts big blind $3
*** HOLE CARDS ***
vestimokrec: raises $3 to $6
Jesse0206: folds
Uncalled bet ($3) returned to vestimokrec
vestimokrec collected $6 from pot
vestimokrec: doesn't show hand
*** SUMMARY ***
Total pot $6 | Rake $0
Seat 2: Jesse0206 (big blind) folded before Flop
Seat 3: vestimokrec (button) (small blind) collected ($6)


PokerStars Hand #160846819940:  Hold'em Limit ($3/$6 USD) - 2016/11/03 14:31:52 ET
Table 'Cohnia' 6-max Seat #2 is the button
Seat 2: Jesse0206 ($116.70 in chips)
Seat 3: vestimokrec ($103.16 in chips)
Jesse0206: posts small blind $1
vestimokrec: posts big blind $3
*** HOLE CARDS ***
Jesse0206: raises $3 to $6
vestimokrec: calls $3
*** FLOP *** [7c 9d 7d]
vestimokrec: checks
Jesse0206: bets $3
vestimokrec: calls $3
*** TURN *** [7c 9d 7d] [4d]
vestimokrec: checks
Jesse0206: bets $6
vestimokrec: raises $6 to $12
Jesse0206: calls $6
*** RIVER *** [7c 9d 7d 4d] [6h]
vestimokrec: bets $6
Jesse0206: calls $6
*** SHOW DOWN ***
vestimokrec: shows [2d 5d] (a flush, Nine high)
Jesse0206: mucks hand
vestimokrec collected $53.50 from pot
*** SUMMARY ***
Total pot $54 | Rake $0.50
Board [7c 9d 7d 4d 6h]
Seat 2: Jesse0206 (button) (small blind) mucked
Seat 3: vestimokrec (big blind) showed [2d 5d] and won ($53.50) with a flush, Nine high


PokerStars Hand #160846859369:  Hold'em Limit ($3/$6 USD) - 2016/11/03 14:32:38 ET
Table 'Cohnia' 6-max Seat #2 is the button
Seat 2: Jesse0206 ($86.70 in chips)
Seat 3: vestimokrec ($132.66 in chips)
Jesse0206: posts small blind $1
vestimokrec: posts big blind $3
*** HOLE CARDS ***
Jesse0206: folds
Uncalled bet ($2) returned to vestimokrec
vestimokrec collected $2 from pot
vestimokrec: doesn't show hand
*** SUMMARY ***
Total pot $2 | Rake $0
Seat 2: Jesse0206 (button) (small blind) folded before Flop
Seat 3: vestimokrec (big blind) collected ($2)


PokerStars Hand #160846902709:  Hold'em Limit ($3/$6 USD) - 2016/11/03 14:33:28 ET
Table 'Cohnia' 6-max Seat #2 is the button
Seat 2: Jesse0206 ($73.70 in chips)
Seat 3: vestimokrec ($145.18 in chips)
Jesse0206: posts small blind $1
vestimokrec: posts big blind $3
*** HOLE CARDS ***
Jesse0206: raises $3 to $6
vestimokrec: folds
Uncalled bet ($3) returned to Jesse0206
Jesse0206 collected $6 from pot
Jesse0206: doesn't show hand
*** SUMMARY ***
Total pot $6 | Rake $0
Seat 2: Jesse0206 (button) (small blind) collected ($6)
Seat 3: vestimokrec (big blind) folded before Flop


PokerStars Hand #160846867514:  Hold'em Limit ($3/$6 USD) - 2016/11/03 14:32:47 ET
Table 'Cohnia' 6-max Seat #3 is the button
Seat 2: Jesse0206 ($85.70 in chips)
Seat 3: vestimokrec ($133.66 in chips)
vestimokrec: posts small blind $1
Jesse0206: posts big blind $3
*** HOLE CARDS ***
vestimokrec: raises $3 to $6
Jesse0206: raises $3 to $9
vestimokrec: calls $3
*** FLOP *** [2h 6h Ks]
Jesse0206: bets $3
vestimokrec: calls $3
*** TURN *** [2h 6h Ks] [Jh]
Jesse0206: checks
vestimokrec: bets $6
Jesse0206: folds
Uncalled bet ($6) returned to vestimokrec
vestimokrec collected $23.52 from pot
vestimokrec: doesn't show hand
*** SUMMARY ***
Total pot $24 | Rake $0.48
Board [2h 6h Ks Jh]
Seat 2: Jesse0206 (big blind) folded on the Turn
Seat 3: vestimokrec (button) (small blind) collected ($23.52)


PokerStars Hand #160846930664:  Hold'em Limit ($3/$6 USD) - 2016/11/03 14:34:01 ET
Table 'Cohnia' 6-max Seat #2 is the button
Seat 2: Jesse0206 ($67.70 in chips)
Seat 3: vestimokrec ($150.82 in chips)
Jesse0206: posts small blind $1
vestimokrec: posts big blind $3
*** HOLE CARDS ***
Jesse0206: raises $3 to $6
vestimokrec: folds
Uncalled bet ($3) returned to Jesse0206
Jesse0206 collected $6 from pot
Jesse0206: doesn't show hand
*** SUMMARY ***
Total pot $6 | Rake $0
Seat 2: Jesse0206 (button) (small blind) collected ($6)
Seat 3: vestimokrec (big blind) folded before Flop


PokerStars Hand #160846909544:  Hold'em Limit ($3/$6 USD) - 2016/11/03 14:33:36 ET
Table 'Cohnia' 6-max Seat #3 is the button
Seat 2: Jesse0206 ($76.70 in chips)
Seat 3: vestimokrec ($142.18 in chips)
vestimokrec: posts small blind $1
Jesse0206: posts big blind $3
*** HOLE CARDS ***
vestimokrec: raises $3 to $6
Jesse0206: calls $3
*** FLOP *** [4d 5c 8d]
Jesse0206: bets $3
vestimokrec: calls $3
*** TURN *** [4d 5c 8d] [9h]
Jesse0206: checks
vestimokrec: bets $6
Jesse0206: folds
Uncalled bet ($6) returned to vestimokrec
vestimokrec collected $17.64 from pot
vestimokrec: doesn't show hand
*** SUMMARY ***
Total pot $18 | Rake $0.36
Board [4d 5c 8d 9h]
Seat 2: Jesse0206 (big blind) folded on the Turn
Seat 3: vestimokrec (button) (small blind) collected ($17.64)


PokerStars Hand #160846947168:  Hold'em Limit ($3/$6 USD) - 2016/11/03 14:34:21 ET
Table 'Cohnia' 6-max Seat #3 is the button
Seat 2: Jesse0206 ($70.70 in chips)
Seat 3: vestimokrec ($147.82 in chips)
vestimokrec: posts small blind $1
Jesse0206: posts big blind $3
*** HOLE CARDS ***
vestimokrec: raises $3 to $6
Jesse0206: raises $3 to $9
vestimokrec: calls $3
*** FLOP *** [5h 3c 4s]
Jesse0206: bets $3
vestimokrec: calls $3
*** TURN *** [5h 3c 4s] [7d]
Jesse0206: bets $6
vestimokrec: calls $6
*** RIVER *** [5h 3c 4s 7d] [8c]
Jesse0206: bets $6
vestimokrec: calls $6
*** SHOW DOWN ***
Jesse0206: shows [4c Ah] (a pair of Fours)
vestimokrec: mucks hand
Jesse0206 collected $47.50 from pot
*** SUMMARY ***
Total pot $48 | Rake $0.50
Board [5h 3c 4s 7d 8c]
Seat 2: Jesse0206 (big blind) showed [4c Ah] and won ($47.50) with a pair of Fours
Seat 3: vestimokrec (button) (small blind) mucked


PokerStars Hand #160846990844:  Hold'em Limit ($3/$6 USD) - 2016/11/03 14:35:12 ET
Table 'Cohnia' 6-max Seat #2 is the button
Seat 2: Jesse0206 ($94.20 in chips)
Seat 3: vestimokrec ($123.82 in chips)
Jesse0206: posts small blind $1
vestimokrec: posts big blind $3
*** HOLE CARDS ***
Jesse0206: raises $3 to $6
vestimokrec: raises $3 to $9
Jesse0206: calls $3
*** FLOP *** [6s 9h 2h]
vestimokrec: bets $3
Jesse0206: calls $3
*** TURN *** [6s 9h 2h] [Kd]
vestimokrec: checks
AA_ILI joins the table at seat #4
Jesse0206: checks
*** RIVER *** [6s 9h 2h Kd] [8s]
vestimokrec: checks
Jesse0206: checks
*** SHOW DOWN ***
vestimokrec: shows [Jd As] (high card Ace)
Jesse0206: shows [8d 4d] (a pair of Eights)
Jesse0206 collected $23.52 from pot
*** SUMMARY ***
Total pot $24 | Rake $0.48
Board [6s 9h 2h Kd 8s]
Seat 2: Jesse0206 (button) (small blind) showed [8d 4d] and won ($23.52) with a pair of Eights
Seat 3: vestimokrec (big blind) showed [Jd As] and lost with high card Ace


PokerStars Hand #160849408242:  Hold'em Limit ($3/$6 USD) - 2016/11/03 15:22:03 ET
Table 'Cohnia' 6-max Seat #1 is the button
Seat 1: krytalex ($160.18 in chips)
Seat 6: todemoon ($26.42 in chips)
krytalex: posts small blind $1
B_loJkl: is sitting out
boniekk: is sitting out
todemoon: posts big blind $3
*** HOLE CARDS ***
krytalex: raises $3 to $6
todemoon: folds
Uncalled bet ($3) returned to krytalex
krytalex collected $6 from pot
*** SUMMARY ***
Total pot $6 | Rake $0
Seat 1: krytalex (button) (small blind) collected ($6)
Seat 6: todemoon (big blind) folded before Flop


PokerStars Hand #160849414792:  Hold'em Limit ($3/$6 USD) - 2016/11/03 15:22:11 ET
Table 'Cohnia' 6-max Seat #6 is the button
Seat 1: krytalex ($163.18 in chips)
Seat 6: todemoon ($23.42 in chips)
todemoon: posts small blind $1
krytalex: posts big blind $3
*** HOLE CARDS ***
boniekk leaves the table
todemoon: folds
Uncalled bet ($2) returned to krytalex
krytalex collected $2 from pot
*** SUMMARY ***
Total pot $2 | Rake $0
Seat 1: krytalex (big blind) collected ($2)
Seat 6: todemoon (button) (small blind) folded before Flop


