PokerStars Hand #174316760930:  Hold'em Limit ($3/$6 USD) - 2017/08/14 6:44:18 ET
Table 'Colchis' 6-max Seat #3 is the button
Seat 3: BAD-Chri$$y ($76.74 in chips)
Seat 4: VolkovDmitri ($120 in chips)
BAD-Chri$$y: posts small blind $1
VolkovDmitri: posts big blind $3
*** HOLE CARDS ***
belik555 joins the table at seat #2
BAD-Chri$$y: raises $3 to $6
VolkovDmitri: folds
Uncalled bet ($3) returned to BAD-Chri$$y
BAD-Chri$$y collected $6 from pot
*** SUMMARY ***
Total pot $6 | Rake $0
Seat 3: BAD-Chri$$y (button) (small blind) collected ($6)
Seat 4: VolkovDmitri (big blind) folded before Flop


PokerStars Hand #174316921592:  Hold'em Limit ($3/$6 USD) - 2017/08/14 6:51:28 ET
Table 'Colchis' 6-max Seat #3 is the button
Seat 3: BAD-Chri$$y ($120 in chips)
Seat 4: patrikskjold ($66 in chips)
BAD-Chri$$y: posts small blind $1
patrikskjold: posts big blind $3
*** HOLE CARDS ***
BAD-Chri$$y: calls $2
protriin leaves the table
patrikskjold: checks
*** FLOP *** [Th 3h As]
patrikskjold: bets $3
BAD-Chri$$y: calls $3
*** TURN *** [Th 3h As] [8h]
patrikskjold: bets $6
BAD-Chri$$y: calls $6
*** RIVER *** [Th 3h As 8h] [Kd]
patrikskjold: bets $6
BAD-Chri$$y: calls $6
*** SHOW DOWN ***
patrikskjold: shows [6s 8d] (a pair of Eights)
BAD-Chri$$y: shows [7d Ac] (a pair of Aces)
BAD-Chri$$y collected $35.50 from pot
*** SUMMARY ***
Total pot $36 | Rake $0.50
Board [Th 3h As 8h Kd]
Seat 3: BAD-Chri$$y (button) (small blind) showed [7d Ac] and won ($35.50) with a pair of Aces
Seat 4: patrikskjold (big blind) showed [6s 8d] and lost with a pair of Eights


PokerStars Hand #174316929669:  Hold'em Limit ($3/$6 USD) - 2017/08/14 6:51:49 ET
Table 'Colchis' 6-max Seat #4 is the button
Seat 3: BAD-Chri$$y ($137.50 in chips)
Seat 4: patrikskjold ($48 in chips)
patrikskjold: posts small blind $1
BAD-Chri$$y: posts big blind $3
*** HOLE CARDS ***
patrikskjold: raises $3 to $6
BAD-Chri$$y: calls $3
*** FLOP *** [5s Ac Jd]
BAD-Chri$$y: checks
patrikskjold: bets $3
BAD-Chri$$y: folds
Uncalled bet ($3) returned to patrikskjold
patrikskjold collected $11.76 from pot
patrikskjold: doesn't show hand
*** SUMMARY ***
Total pot $12 | Rake $0.24
Board [5s Ac Jd]
Seat 3: BAD-Chri$$y (big blind) folded on the Flop
Seat 4: patrikskjold (button) (small blind) collected ($11.76)


PokerStars Hand #174316936022:  Hold'em Limit ($3/$6 USD) - 2017/08/14 6:52:06 ET
Table 'Colchis' 6-max Seat #3 is the button
Seat 3: BAD-Chri$$y ($131.50 in chips)
Seat 4: patrikskjold ($53.76 in chips)
BAD-Chri$$y: posts small blind $1
patrikskjold: posts big blind $3
*** HOLE CARDS ***
BAD-Chri$$y: calls $2
patrikskjold: checks
*** FLOP *** [Jd 6d 2c]
patrikskjold: bets $3
BAD-Chri$$y: folds
Uncalled bet ($3) returned to patrikskjold
patrikskjold collected $5.88 from pot
patrikskjold: doesn't show hand
*** SUMMARY ***
Total pot $6 | Rake $0.12
Board [Jd 6d 2c]
Seat 3: BAD-Chri$$y (button) (small blind) folded on the Flop
Seat 4: patrikskjold (big blind) collected ($5.88)


PokerStars Hand #174316939593:  Hold'em Limit ($3/$6 USD) - 2017/08/14 6:52:15 ET
Table 'Colchis' 6-max Seat #4 is the button
Seat 3: BAD-Chri$$y ($128.50 in chips)
Seat 4: patrikskjold ($56.64 in chips)
patrikskjold: posts small blind $1
BAD-Chri$$y: posts big blind $3
*** HOLE CARDS ***
patrikskjold: raises $3 to $6
BAD-Chri$$y: raises $3 to $9
patrikskjold: calls $3
*** FLOP *** [Qc Ad 2c]
BAD-Chri$$y: bets $3
patrikskjold: calls $3
*** TURN *** [Qc Ad 2c] [Kh]
BAD-Chri$$y: bets $6
patrikskjold: calls $6
*** RIVER *** [Qc Ad 2c Kh] [7s]
BAD-Chri$$y: checks
patrikskjold: bets $6
BAD-Chri$$y: folds
Uncalled bet ($6) returned to patrikskjold
patrikskjold collected $35.50 from pot
patrikskjold: doesn't show hand
*** SUMMARY ***
Total pot $36 | Rake $0.50
Board [Qc Ad 2c Kh 7s]
Seat 3: BAD-Chri$$y (big blind) folded on the River
Seat 4: patrikskjold (button) (small blind) collected ($35.50)


PokerStars Hand #174316948405:  Hold'em Limit ($3/$6 USD) - 2017/08/14 6:52:39 ET
Table 'Colchis' 6-max Seat #3 is the button
Seat 3: BAD-Chri$$y ($110.50 in chips)
Seat 4: patrikskjold ($74.14 in chips)
BAD-Chri$$y: posts small blind $1
patrikskjold: posts big blind $3
*** HOLE CARDS ***
BAD-Chri$$y: calls $2
patrikskjold: checks
*** FLOP *** [5h 6c 5c]
patrikskjold: checks
BAD-Chri$$y: checks
*** TURN *** [5h 6c 5c] [5s]
patrikskjold: checks
Fantomet joins the table at seat #6
BAD-Chri$$y: checks
*** RIVER *** [5h 6c 5c 5s] [Qd]
patrikskjold: checks
BAD-Chri$$y: checks
*** SHOW DOWN ***
patrikskjold: shows [Td 4s] (three of a kind, Fives)
BAD-Chri$$y: shows [7c Jh] (three of a kind, Fives - Queen+Jack kicker)
BAD-Chri$$y collected $5.88 from pot
*** SUMMARY ***
Total pot $6 | Rake $0.12
Board [5h 6c 5c 5s Qd]
Seat 3: BAD-Chri$$y (button) (small blind) showed [7c Jh] and won ($5.88) with three of a kind, Fives
Seat 4: patrikskjold (big blind) showed [Td 4s] and lost with three of a kind, Fives


PokerStars Hand #174317017931:  Hold'em Limit ($3/$6 USD) - 2017/08/14 6:55:48 ET
Table 'Colchis' 6-max Seat #3 is the button
Seat 3: BAD-Chri$$y ($47.45 in chips)
Seat 6: Fantomet ($86.25 in chips)
BAD-Chri$$y: posts small blind $1
patrikskjold: is sitting out
Fantomet: posts big blind $3
*** HOLE CARDS ***
patrikskjold leaves the table
BAD-Chri$$y: folds
Uncalled bet ($2) returned to Fantomet
Fantomet collected $2 from pot
*** SUMMARY ***
Total pot $2 | Rake $0
Seat 3: BAD-Chri$$y (button) (small blind) folded before Flop
Seat 6: Fantomet (big blind) collected ($2)


PokerStars Hand #174317020634:  Hold'em Limit ($3/$6 USD) - 2017/08/14 6:55:56 ET
Table 'Colchis' 6-max Seat #6 is the button
Seat 3: BAD-Chri$$y ($46.45 in chips)
Seat 6: Fantomet ($87.25 in chips)
Fantomet: posts small blind $1
BAD-Chri$$y: posts big blind $3
*** HOLE CARDS ***
Fantomet: raises $3 to $6
BAD-Chri$$y: calls $3
*** FLOP *** [4c 3s 9h]
BAD-Chri$$y: checks
Fantomet: bets $3
BAD-Chri$$y: raises $3 to $6
Fantomet: calls $3
*** TURN *** [4c 3s 9h] [Qd]
BAD-Chri$$y: bets $6
Fantomet: calls $6
*** RIVER *** [4c 3s 9h Qd] [6d]
BAD-Chri$$y: bets $6
Fantomet: calls $6
*** SHOW DOWN ***
BAD-Chri$$y: shows [7h 6c] (a pair of Sixes)
Fantomet: mucks hand
BAD-Chri$$y collected $47.50 from pot
*** SUMMARY ***
Total pot $48 | Rake $0.50
Board [4c 3s 9h Qd 6d]
Seat 3: BAD-Chri$$y (big blind) showed [7h 6c] and won ($47.50) with a pair of Sixes
Seat 6: Fantomet (button) (small blind) mucked


PokerStars Hand #174317044061:  Hold'em Limit ($3/$6 USD) - 2017/08/14 6:57:05 ET
Table 'Colchis' 6-max Seat #6 is the button
Seat 3: BAD-Chri$$y ($96.45 in chips)
Seat 6: Fantomet ($36.25 in chips)
Fantomet: posts small blind $1
BAD-Chri$$y: posts big blind $3
*** HOLE CARDS ***
Fantomet: raises $3 to $6
BAD-Chri$$y: folds
Uncalled bet ($3) returned to Fantomet
Fantomet collected $6 from pot
*** SUMMARY ***
Total pot $6 | Rake $0
Seat 3: BAD-Chri$$y (big blind) folded before Flop
Seat 6: Fantomet (button) (small blind) collected ($6)


PokerStars Hand #174317031487:  Hold'em Limit ($3/$6 USD) - 2017/08/14 6:56:28 ET
Table 'Colchis' 6-max Seat #3 is the button
Seat 3: BAD-Chri$$y ($69.95 in chips)
Seat 6: Fantomet ($63.25 in chips)
BAD-Chri$$y: posts small blind $1
Fantomet: posts big blind $3
*** HOLE CARDS ***
BAD-Chri$$y: calls $2
Fantomet: raises $3 to $6
BAD-Chri$$y: calls $3
*** FLOP *** [8s 5h 9h]
Fantomet: bets $3
BAD-Chri$$y: calls $3
*** TURN *** [8s 5h 9h] [Tc]
Fantomet: bets $6
BAD-Chri$$y: calls $6
*** RIVER *** [8s 5h 9h Tc] [Qd]
Fantomet: bets $6
BAD-Chri$$y: raises $6 to $12
Fantomet: calls $6
*** SHOW DOWN ***
BAD-Chri$$y: shows [7d Jd] (a straight, Eight to Queen)
Fantomet: mucks hand
BAD-Chri$$y collected $53.50 from pot
*** SUMMARY ***
Total pot $54 | Rake $0.50
Board [8s 5h 9h Tc Qd]
Seat 3: BAD-Chri$$y (button) (small blind) showed [7d Jd] and won ($53.50) with a straight, Eight to Queen
Seat 6: Fantomet (big blind) mucked


PokerStars Hand #174317046578:  Hold'em Limit ($3/$6 USD) - 2017/08/14 6:57:12 ET
Table 'Colchis' 6-max Seat #3 is the button
Seat 3: BAD-Chri$$y ($93.45 in chips)
Seat 6: Fantomet ($39.25 in chips)
BAD-Chri$$y: posts small blind $1
Fantomet: posts big blind $3
*** HOLE CARDS ***
BAD-Chri$$y: calls $2
Fantomet: checks
*** FLOP *** [Td 4d Ac]
Fantomet: bets $3
BAD-Chri$$y: folds
Uncalled bet ($3) returned to Fantomet
Fantomet collected $5.88 from pot
*** SUMMARY ***
Total pot $6 | Rake $0.12
Board [Td 4d Ac]
Seat 3: BAD-Chri$$y (button) (small blind) folded on the Flop
Seat 6: Fantomet (big blind) collected ($5.88)


PokerStars Hand #174317051707:  Hold'em Limit ($3/$6 USD) - 2017/08/14 6:57:27 ET
Table 'Colchis' 6-max Seat #6 is the button
Seat 3: BAD-Chri$$y ($90.45 in chips)
Seat 6: Fantomet ($42.13 in chips)
Fantomet: posts small blind $1
BAD-Chri$$y: posts big blind $3
*** HOLE CARDS ***
Fantomet: raises $3 to $6
BAD-Chri$$y: raises $3 to $9
Fantomet: calls $3
*** FLOP *** [5h 4s 5d]
BAD-Chri$$y: checks
Fantomet: checks
*** TURN *** [5h 4s 5d] [9s]
BAD-Chri$$y: bets $6
Fantomet: folds
Uncalled bet ($6) returned to BAD-Chri$$y
BAD-Chri$$y collected $17.64 from pot
BAD-Chri$$y: doesn't show hand
*** SUMMARY ***
Total pot $18 | Rake $0.36
Board [5h 4s 5d 9s]
Seat 3: BAD-Chri$$y (big blind) collected ($17.64)
Seat 6: Fantomet (button) (small blind) folded on the Turn


PokerStars Hand #174317057125:  Hold'em Limit ($3/$6 USD) - 2017/08/14 6:57:43 ET
Table 'Colchis' 6-max Seat #3 is the button
Seat 3: BAD-Chri$$y ($99.09 in chips)
Seat 6: Fantomet ($33.13 in chips)
BAD-Chri$$y: posts small blind $1
Fantomet: posts big blind $3
*** HOLE CARDS ***
BAD-Chri$$y: raises $3 to $6
Fantomet: calls $3
*** FLOP *** [3h 6s 7c]
Fantomet: checks
BAD-Chri$$y: bets $3
Fantomet: calls $3
*** TURN *** [3h 6s 7c] [Qs]
Fantomet: checks
BAD-Chri$$y: bets $6
Fantomet: raises $6 to $12
BAD-Chri$$y: calls $6
*** RIVER *** [3h 6s 7c Qs] [4d]
Fantomet: bets $6
BAD-Chri$$y: calls $6
*** SHOW DOWN ***
Fantomet: shows [6d 3d] (two pair, Sixes and Threes)
BAD-Chri$$y: mucks hand
Fantomet collected $53.50 from pot
*** SUMMARY ***
Total pot $54 | Rake $0.50
Board [3h 6s 7c Qs 4d]
Seat 3: BAD-Chri$$y (button) (small blind) mucked
Seat 6: Fantomet (big blind) showed [6d 3d] and won ($53.50) with two pair, Sixes and Threes


PokerStars Hand #174317064838:  Hold'em Limit ($3/$6 USD) - 2017/08/14 6:58:06 ET
Table 'Colchis' 6-max Seat #6 is the button
Seat 3: BAD-Chri$$y ($72.09 in chips)
Seat 6: Fantomet ($59.63 in chips)
Fantomet: posts small blind $1
BAD-Chri$$y: posts big blind $3
*** HOLE CARDS ***
Fantomet: raises $3 to $6
BAD-Chri$$y: folds
Uncalled bet ($3) returned to Fantomet
Fantomet collected $6 from pot
*** SUMMARY ***
Total pot $6 | Rake $0
Seat 3: BAD-Chri$$y (big blind) folded before Flop
Seat 6: Fantomet (button) (small blind) collected ($6)


PokerStars Hand #174317067348:  Hold'em Limit ($3/$6 USD) - 2017/08/14 6:58:13 ET
Table 'Colchis' 6-max Seat #3 is the button
Seat 3: BAD-Chri$$y ($69.09 in chips)
Seat 6: Fantomet ($62.63 in chips)
BAD-Chri$$y: posts small blind $1
Fantomet: posts big blind $3
*** HOLE CARDS ***
BAD-Chri$$y: calls $2
Fantomet: checks
*** FLOP *** [Qc Qs Td]
Fantomet: checks
BAD-Chri$$y: checks
*** TURN *** [Qc Qs Td] [Ad]
Fantomet: checks
BAD-Chri$$y: bets $6
Fantomet: folds
Uncalled bet ($6) returned to BAD-Chri$$y
BAD-Chri$$y collected $5.88 from pot
BAD-Chri$$y: doesn't show hand
*** SUMMARY ***
Total pot $6 | Rake $0.12
Board [Qc Qs Td Ad]
Seat 3: BAD-Chri$$y (button) (small blind) collected ($5.88)
Seat 6: Fantomet (big blind) folded on the Turn


PokerStars Hand #174317075832:  Hold'em Limit ($3/$6 USD) - 2017/08/14 6:58:38 ET
Table 'Colchis' 6-max Seat #6 is the button
Seat 3: BAD-Chri$$y ($71.97 in chips)
Seat 6: Fantomet ($59.63 in chips)
Fantomet: posts small blind $1
BAD-Chri$$y: posts big blind $3
*** HOLE CARDS ***
Fantomet: folds
Uncalled bet ($2) returned to BAD-Chri$$y
BAD-Chri$$y collected $2 from pot
BAD-Chri$$y: doesn't show hand
*** SUMMARY ***
Total pot $2 | Rake $0
Seat 3: BAD-Chri$$y (big blind) collected ($2)
Seat 6: Fantomet (button) (small blind) folded before Flop


PokerStars Hand #174317077625:  Hold'em Limit ($3/$6 USD) - 2017/08/14 6:58:43 ET
Table 'Colchis' 6-max Seat #3 is the button
Seat 3: BAD-Chri$$y ($72.97 in chips)
Seat 6: Fantomet ($58.63 in chips)
BAD-Chri$$y: posts small blind $1
Fantomet: posts big blind $3
*** HOLE CARDS ***
BAD-Chri$$y: calls $2
Fantomet: checks
*** FLOP *** [6h 9c Qd]
Fantomet: checks
BAD-Chri$$y: checks
*** TURN *** [6h 9c Qd] [7d]
Fantomet: bets $6
BAD-Chri$$y: calls $6
*** RIVER *** [6h 9c Qd 7d] [As]
Fantomet: checks
BAD-Chri$$y: bets $6
Fantomet: calls $6
*** SHOW DOWN ***
BAD-Chri$$y: shows [9s Jc] (a pair of Nines)
Fantomet: mucks hand
BAD-Chri$$y collected $29.50 from pot
*** SUMMARY ***
Total pot $30 | Rake $0.50
Board [6h 9c Qd 7d As]
Seat 3: BAD-Chri$$y (button) (small blind) showed [9s Jc] and won ($29.50) with a pair of Nines
Seat 6: Fantomet (big blind) mucked


PokerStars Hand #174317085478:  Hold'em Limit ($3/$6 USD) - 2017/08/14 6:59:07 ET
Table 'Colchis' 6-max Seat #6 is the button
Seat 3: BAD-Chri$$y ($87.47 in chips)
Seat 6: Fantomet ($43.63 in chips)
Fantomet: posts small blind $1
BAD-Chri$$y: posts big blind $3
*** HOLE CARDS ***
Fantomet: raises $3 to $6
BAD-Chri$$y: calls $3
*** FLOP *** [9h 5h Tc]
BAD-Chri$$y: checks
Fantomet: bets $3
BAD-Chri$$y: calls $3
*** TURN *** [9h 5h Tc] [Jc]
BAD-Chri$$y: checks
Fantomet: checks
*** RIVER *** [9h 5h Tc Jc] [Js]
BAD-Chri$$y: bets $6
Fantomet: calls $6
*** SHOW DOWN ***
BAD-Chri$$y: shows [6h Td] (two pair, Jacks and Tens)
Fantomet: mucks hand
BAD-Chri$$y collected $29.50 from pot
*** SUMMARY ***
Total pot $30 | Rake $0.50
Board [9h 5h Tc Jc Js]
Seat 3: BAD-Chri$$y (big blind) showed [6h Td] and won ($29.50) with two pair, Jacks and Tens
Seat 6: Fantomet (button) (small blind) mucked


PokerStars Hand #174317093247:  Hold'em Limit ($3/$6 USD) - 2017/08/14 6:59:29 ET
Table 'Colchis' 6-max Seat #3 is the button
Seat 3: BAD-Chri$$y ($101.97 in chips)
Seat 6: Fantomet ($28.63 in chips)
BAD-Chri$$y: posts small blind $1
Fantomet: posts big blind $3
*** HOLE CARDS ***
BAD-Chri$$y: raises $3 to $6
Fantomet: raises $3 to $9
BAD-Chri$$y: calls $3
*** FLOP *** [5d Td 3c]
Fantomet: bets $3
BAD-Chri$$y: calls $3
*** TURN *** [5d Td 3c] [Kc]
Fantomet: bets $6
BAD-Chri$$y: calls $6
*** RIVER *** [5d Td 3c Kc] [Ah]
Fantomet: bets $6
BAD-Chri$$y: folds
Uncalled bet ($6) returned to Fantomet
Fantomet collected $35.50 from pot
Fantomet: shows [Jh Qs] (a straight, Ten to Ace)
*** SUMMARY ***
Total pot $36 | Rake $0.50
Board [5d Td 3c Kc Ah]
Seat 3: BAD-Chri$$y (button) (small blind) folded on the River
Seat 6: Fantomet (big blind) collected ($35.50)


PokerStars Hand #174317099461:  Hold'em Limit ($3/$6 USD) - 2017/08/14 6:59:47 ET
Table 'Colchis' 6-max Seat #6 is the button
Seat 3: BAD-Chri$$y ($83.97 in chips)
Seat 6: Fantomet ($46.13 in chips)
Fantomet: posts small blind $1
BAD-Chri$$y: posts big blind $3
*** HOLE CARDS ***
Fantomet: folds
Uncalled bet ($2) returned to BAD-Chri$$y
BAD-Chri$$y collected $2 from pot
BAD-Chri$$y: doesn't show hand
*** SUMMARY ***
Total pot $2 | Rake $0
Seat 3: BAD-Chri$$y (big blind) collected ($2)
Seat 6: Fantomet (button) (small blind) folded before Flop


PokerStars Hand #174317108961:  Hold'em Limit ($3/$6 USD) - 2017/08/14 7:00:15 ET
Table 'Colchis' 6-max Seat #3 is the button
Seat 3: BAD-Chri$$y ($73.97 in chips)
Seat 6: Fantomet ($55.65 in chips)
BAD-Chri$$y: posts small blind $1
Fantomet: posts big blind $3
*** HOLE CARDS ***
BAD-Chri$$y: raises $3 to $6
Fantomet: raises $3 to $9
BAD-Chri$$y: raises $3 to $12
Betting is capped
Fantomet: calls $3
*** FLOP *** [As 4h 5c]
Fantomet: checks
BAD-Chri$$y: bets $3
Fantomet: folds
Uncalled bet ($3) returned to BAD-Chri$$y
BAD-Chri$$y collected $23.52 from pot
BAD-Chri$$y: doesn't show hand
*** SUMMARY ***
Total pot $24 | Rake $0.48
Board [As 4h 5c]
Seat 3: BAD-Chri$$y (button) (small blind) collected ($23.52)
Seat 6: Fantomet (big blind) folded on the Flop


PokerStars Hand #174317101368:  Hold'em Limit ($3/$6 USD) - 2017/08/14 6:59:53 ET
Table 'Colchis' 6-max Seat #3 is the button
Seat 3: BAD-Chri$$y ($84.97 in chips)
Seat 6: Fantomet ($45.13 in chips)
BAD-Chri$$y: posts small blind $1
Fantomet: posts big blind $3
*** HOLE CARDS ***
BAD-Chri$$y: raises $3 to $6
Fantomet: calls $3
*** FLOP *** [6s Kc Jh]
Fantomet: checks
BAD-Chri$$y: checks
*** TURN *** [6s Kc Jh] [7d]
Fantomet: bets $6
BAD-Chri$$y: calls $6
*** RIVER *** [6s Kc Jh 7d] [8c]
Fantomet: bets $6
BAD-Chri$$y: folds
Uncalled bet ($6) returned to Fantomet
Fantomet collected $23.52 from pot
*** SUMMARY ***
Total pot $24 | Rake $0.48
Board [6s Kc Jh 7d 8c]
Seat 3: BAD-Chri$$y (button) (small blind) folded on the River
Seat 6: Fantomet (big blind) collected ($23.52)


PokerStars Hand #174317106900:  Hold'em Limit ($3/$6 USD) - 2017/08/14 7:00:09 ET
Table 'Colchis' 6-max Seat #6 is the button
Seat 3: BAD-Chri$$y ($72.97 in chips)
Seat 6: Fantomet ($56.65 in chips)
Fantomet: posts small blind $1
BAD-Chri$$y: posts big blind $3
*** HOLE CARDS ***
Fantomet: folds
Uncalled bet ($2) returned to BAD-Chri$$y
BAD-Chri$$y collected $2 from pot
BAD-Chri$$y: doesn't show hand
*** SUMMARY ***
Total pot $2 | Rake $0
Seat 3: BAD-Chri$$y (big blind) collected ($2)
Seat 6: Fantomet (button) (small blind) folded before Flop


PokerStars Hand #174317115748:  Hold'em Limit ($3/$6 USD) - 2017/08/14 7:00:34 ET
Table 'Colchis' 6-max Seat #6 is the button
Seat 3: BAD-Chri$$y ($85.49 in chips)
Seat 6: Fantomet ($43.65 in chips)
Fantomet: posts small blind $1
BAD-Chri$$y: posts big blind $3
*** HOLE CARDS ***
Fantomet: folds
Uncalled bet ($2) returned to BAD-Chri$$y
BAD-Chri$$y collected $2 from pot
BAD-Chri$$y: doesn't show hand
*** SUMMARY ***
Total pot $2 | Rake $0
Seat 3: BAD-Chri$$y (big blind) collected ($2)
Seat 6: Fantomet (button) (small blind) folded before Flop


PokerStars Hand #174317120237:  Hold'em Limit ($3/$6 USD) - 2017/08/14 7:00:46 ET
Table 'Colchis' 6-max Seat #3 is the button
Seat 3: BAD-Chri$$y ($86.49 in chips)
Seat 6: Fantomet ($42.65 in chips)
BAD-Chri$$y: posts small blind $1
Fantomet: posts big blind $3
*** HOLE CARDS ***
BAD-Chri$$y: calls $2
Fantomet: raises $3 to $6
BAD-Chri$$y: calls $3
*** FLOP *** [5d 7d 8h]
Fantomet: bets $3
BAD-Chri$$y: raises $3 to $6
Fantomet: calls $3
*** TURN *** [5d 7d 8h] [8c]
Fantomet: checks
BAD-Chri$$y: bets $6
Fantomet: calls $6
*** RIVER *** [5d 7d 8h 8c] [8s]
Fantomet: bets $6
BAD-Chri$$y: raises $6 to $12
Fantomet: calls $6
*** SHOW DOWN ***
BAD-Chri$$y: shows [Jh 8d] (four of a kind, Eights)
Fantomet: mucks hand
BAD-Chri$$y collected $59.50 from pot
*** SUMMARY ***
Total pot $60 | Rake $0.50
Board [5d 7d 8h 8c 8s]
Seat 3: BAD-Chri$$y (button) (small blind) showed [Jh 8d] and won ($59.50) with four of a kind, Eights
Seat 6: Fantomet (big blind) mucked


PokerStars Hand #174317136519:  Hold'em Limit ($3/$6 USD) - 2017/08/14 7:01:30 ET
Table 'Colchis' 6-max Seat #3 is the button
Seat 3: BAD-Chri$$y ($103.34 in chips)
Seat 6: Fantomet ($24.80 in chips)
BAD-Chri$$y: posts small blind $1
Fantomet: posts big blind $3
*** HOLE CARDS ***
BAD-Chri$$y: folds
Uncalled bet ($2) returned to Fantomet
Fantomet collected $2 from pot
*** SUMMARY ***
Total pot $2 | Rake $0
Seat 3: BAD-Chri$$y (button) (small blind) folded before Flop
Seat 6: Fantomet (big blind) collected ($2)


PokerStars Hand #174317139043:  Hold'em Limit ($3/$6 USD) - 2017/08/14 7:01:36 ET
Table 'Colchis' 6-max Seat #6 is the button
Seat 3: BAD-Chri$$y ($102.34 in chips)
Seat 6: Fantomet ($25.80 in chips)
Fantomet: posts small blind $1
BAD-Chri$$y: posts big blind $3
*** HOLE CARDS ***
Fantomet: raises $3 to $6
BAD-Chri$$y: calls $3
*** FLOP *** [Kh As 6s]
BAD-Chri$$y: checks
Fantomet: checks
*** TURN *** [Kh As 6s] [2s]
BAD-Chri$$y: bets $6
Fantomet: folds
Uncalled bet ($6) returned to BAD-Chri$$y
BAD-Chri$$y collected $11.76 from pot
BAD-Chri$$y: doesn't show hand
*** SUMMARY ***
Total pot $12 | Rake $0.24
Board [Kh As 6s 2s]
Seat 3: BAD-Chri$$y (big blind) collected ($11.76)
Seat 6: Fantomet (button) (small blind) folded on the Turn


PokerStars Hand #174317128765:  Hold'em Limit ($3/$6 USD) - 2017/08/14 7:01:09 ET
Table 'Colchis' 6-max Seat #6 is the button
Seat 3: BAD-Chri$$y ($115.99 in chips)
Seat 6: Fantomet ($12.65 in chips)
Fantomet: posts small blind $1
BAD-Chri$$y: posts big blind $3
*** HOLE CARDS ***
Fantomet: raises $3 to $6
BAD-Chri$$y: raises $3 to $9
Fantomet: raises $3 to $12
Betting is capped
BAD-Chri$$y: calls $3
*** FLOP *** [Th 2d 5c]
BAD-Chri$$y: bets $3
Fantomet: calls $0.65 and is all-in
Uncalled bet ($2.35) returned to BAD-Chri$$y
*** TURN *** [Th 2d 5c] [2s]
*** RIVER *** [Th 2d 5c 2s] [Js]
*** SHOW DOWN ***
BAD-Chri$$y: shows [Ks 9c] (a pair of Deuces)
Fantomet: shows [9d Jd] (two pair, Jacks and Deuces)
Fantomet collected $24.80 from pot
*** SUMMARY ***
Total pot $25.30 | Rake $0.50
Board [Th 2d 5c 2s Js]
Seat 3: BAD-Chri$$y (big blind) showed [Ks 9c] and lost with a pair of Deuces
Seat 6: Fantomet (button) (small blind) showed [9d Jd] and won ($24.80) with two pair, Jacks and Deuces


PokerStars Hand #174317149399:  Hold'em Limit ($3/$6 USD) - 2017/08/14 7:02:03 ET
Table 'Colchis' 6-max Seat #6 is the button
Seat 3: BAD-Chri$$y ($102.10 in chips)
Seat 6: Fantomet ($25.56 in chips)
Fantomet: posts small blind $1
BAD-Chri$$y: posts big blind $3
*** HOLE CARDS ***
Fantomet: folds
Uncalled bet ($2) returned to BAD-Chri$$y
belik555 joins the table at seat #4
BAD-Chri$$y collected $2 from pot
BAD-Chri$$y: doesn't show hand
*** SUMMARY ***
Total pot $2 | Rake $0
Seat 3: BAD-Chri$$y (big blind) collected ($2)
Seat 6: Fantomet (button) (small blind) folded before Flop


PokerStars Hand #174317145373:  Hold'em Limit ($3/$6 USD) - 2017/08/14 7:01:52 ET
Table 'Colchis' 6-max Seat #3 is the button
Seat 3: BAD-Chri$$y ($108.10 in chips)
Seat 6: Fantomet ($19.80 in chips)
BAD-Chri$$y: posts small blind $1
Fantomet: posts big blind $3
*** HOLE CARDS ***
BAD-Chri$$y: calls $2
Fantomet: raises $3 to $6
BAD-Chri$$y: calls $3
*** FLOP *** [5h Ah 9s]
Fantomet: bets $3
BAD-Chri$$y: folds
Uncalled bet ($3) returned to Fantomet
Fantomet collected $11.76 from pot
*** SUMMARY ***
Total pot $12 | Rake $0.24
Board [5h Ah 9s]
Seat 3: BAD-Chri$$y (button) (small blind) folded on the Flop
Seat 6: Fantomet (big blind) collected ($11.76)


PokerStars Hand #174318102421:  Hold'em Limit ($3/$6 USD) - 2017/08/14 7:41:35 ET
Table 'Colchis' 6-max Seat #4 is the button
Seat 1: AzureCaper ($130.96 in chips)
Seat 4: belik555 ($254.05 in chips)
belik555: posts small blind $1
AzureCaper: posts big blind $3
*** HOLE CARDS ***
belik555: raises $3 to $6
AzureCaper: calls $3
*** FLOP *** [Td 7s Jh]
AzureCaper: checks
belik555: checks
*** TURN *** [Td 7s Jh] [7h]
AzureCaper: checks
belik555: checks
*** RIVER *** [Td 7s Jh 7h] [8s]
AzureCaper: checks
BAD-Chri$$y leaves the table
belik555: bets $6
AzureCaper: folds
Uncalled bet ($6) returned to belik555
belik555 collected $11.76 from pot
belik555: doesn't show hand
*** SUMMARY ***
Total pot $12 | Rake $0.24
Board [Td 7s Jh 7h 8s]
Seat 1: AzureCaper (big blind) folded on the River
Seat 4: belik555 (button) (small blind) collected ($11.76)


