PokerStars Hand #145859044309:  Hold'em Limit ($3/$6 USD) - 2015/12/24 14:30:30 ET
Table 'Colchis II' 2-max Seat #1 is the button
Seat 1: permafrost07 ($86.01 in chips)
Seat 2: MTails ($105.82 in chips)
permafrost07: posts small blind $1
MTails: posts big blind $3
*** HOLE CARDS ***
permafrost07: calls $2
MTails: raises $3 to $6
permafrost07: calls $3
*** FLOP *** [5s Jh Kc]
MTails: bets $3
permafrost07: folds
Uncalled bet ($3) returned to MTails
MTails collected $11.76 from pot
*** SUMMARY ***
Total pot $12 | Rake $0.24
Board [5s Jh Kc]
Seat 1: permafrost07 (button) (small blind) folded on the Flop
Seat 2: MTails (big blind) collected ($11.76)


PokerStars Hand #145859030117:  Hold'em Limit ($3/$6 USD) - 2015/12/24 14:30:12 ET
Table 'Colchis II' 2-max Seat #2 is the button
Seat 1: permafrost07 ($68.51 in chips)
Seat 2: MTails ($123.82 in chips)
MTails: posts small blind $1
permafrost07: posts big blind $3
*** HOLE CARDS ***
MTails: raises $3 to $6
permafrost07: raises $3 to $9
MTails: calls $3
*** FLOP *** [8c Ad Qs]
permafrost07: bets $3
MTails: calls $3
*** TURN *** [8c Ad Qs] [5s]
permafrost07: bets $6
MTails: calls $6
*** RIVER *** [8c Ad Qs 5s] [2s]
permafrost07: checks
MTails: checks
*** SHOW DOWN ***
permafrost07: shows [8s 6h] (a pair of Eights)
MTails: mucks hand
permafrost07 collected $35.50 from pot
*** SUMMARY ***
Total pot $36 | Rake $0.50
Board [8c Ad Qs 5s 2s]
Seat 1: permafrost07 (big blind) showed [8s 6h] and won ($35.50) with a pair of Eights
Seat 2: MTails (button) (small blind) mucked


PokerStars Hand #145859089870:  Hold'em Limit ($3/$6 USD) - 2015/12/24 14:31:31 ET
Table 'Colchis II' 2-max Seat #1 is the button
Seat 1: permafrost07 ($91.51 in chips)
Seat 2: MTails ($99.10 in chips)
permafrost07: posts small blind $1
MTails: posts big blind $3
*** HOLE CARDS ***
permafrost07: raises $3 to $6
MTails: calls $3
*** FLOP *** [Ts 3h Kh]
MTails: checks
permafrost07: checks
*** TURN *** [Ts 3h Kh] [Kd]
MTails: bets $6
permafrost07: folds
Uncalled bet ($6) returned to MTails
MTails collected $11.76 from pot
*** SUMMARY ***
Total pot $12 | Rake $0.24
Board [Ts 3h Kh Kd]
Seat 1: permafrost07 (button) (small blind) folded on the Turn
Seat 2: MTails (big blind) collected ($11.76)


PokerStars Hand #145859070469:  Hold'em Limit ($3/$6 USD) - 2015/12/24 14:31:05 ET
Table 'Colchis II' 2-max Seat #1 is the button
Seat 1: permafrost07 ($103.51 in chips)
Seat 2: MTails ($87.58 in chips)
permafrost07: posts small blind $1
MTails: posts big blind $3
*** HOLE CARDS ***
permafrost07: calls $2
MTails: raises $3 to $6
permafrost07: calls $3
*** FLOP *** [9s 8c Kh]
MTails: bets $3
permafrost07: folds
Uncalled bet ($3) returned to MTails
MTails collected $11.76 from pot
*** SUMMARY ***
Total pot $12 | Rake $0.24
Board [9s 8c Kh]
Seat 1: permafrost07 (button) (small blind) folded on the Flop
Seat 2: MTails (big blind) collected ($11.76)


PokerStars Hand #145859053420:  Hold'em Limit ($3/$6 USD) - 2015/12/24 14:30:42 ET
Table 'Colchis II' 2-max Seat #2 is the button
Seat 1: permafrost07 ($80.01 in chips)
Seat 2: MTails ($111.58 in chips)
MTails: posts small blind $1
permafrost07: posts big blind $3
*** HOLE CARDS ***
MTails: raises $3 to $6
permafrost07: raises $3 to $9
MTails: calls $3
*** FLOP *** [Qd Jh 5s]
permafrost07: bets $3
MTails: calls $3
*** TURN *** [Qd Jh 5s] [9d]
permafrost07: checks
MTails: bets $6
permafrost07: calls $6
*** RIVER *** [Qd Jh 5s 9d] [Jc]
permafrost07: checks
MTails: bets $6
permafrost07: calls $6
*** SHOW DOWN ***
MTails: shows [7c 2c] (a pair of Jacks)
permafrost07: shows [3h As] (a pair of Jacks - Ace kicker)
permafrost07 collected $47.50 from pot
*** SUMMARY ***
Total pot $48 | Rake $0.50
Board [Qd Jh 5s 9d Jc]
Seat 1: permafrost07 (big blind) showed [3h As] and won ($47.50) with a pair of Jacks
Seat 2: MTails (button) (small blind) showed [7c 2c] and lost with a pair of Jacks


PokerStars Hand #145859120414:  Hold'em Limit ($3/$6 USD) - 2015/12/24 14:32:11 ET
Table 'Colchis II' 2-max Seat #1 is the button
Seat 1: permafrost07 ($64.51 in chips)
Seat 2: MTails ($125.36 in chips)
permafrost07: posts small blind $1
MTails: posts big blind $3
*** HOLE CARDS ***
permafrost07: raises $3 to $6
MTails: calls $3
*** FLOP *** [6c Ad 5h]
MTails: checks
permafrost07: checks
*** TURN *** [6c Ad 5h] [6d]
MTails: bets $6
permafrost07: calls $6
*** RIVER *** [6c Ad 5h 6d] [9h]
MTails: checks
permafrost07: bets $6
MTails: folds
Uncalled bet ($6) returned to permafrost07
permafrost07 collected $23.52 from pot
permafrost07: doesn't show hand
*** SUMMARY ***
Total pot $24 | Rake $0.48
Board [6c Ad 5h 6d 9h]
Seat 1: permafrost07 (button) (small blind) collected ($23.52)
Seat 2: MTails (big blind) folded on the River


PokerStars Hand #145859101199:  Hold'em Limit ($3/$6 USD) - 2015/12/24 14:31:46 ET
Table 'Colchis II' 2-max Seat #2 is the button
Seat 1: permafrost07 ($85.51 in chips)
Seat 2: MTails ($104.86 in chips)
MTails: posts small blind $1
permafrost07: posts big blind $3
*** HOLE CARDS ***
MTails: raises $3 to $6
permafrost07: calls $3
*** FLOP *** [6h 5c 3c]
permafrost07: bets $3
MTails: calls $3
*** TURN *** [6h 5c 3c] [8h]
permafrost07: bets $6
MTails: raises $6 to $12
permafrost07: calls $6
*** RIVER *** [6h 5c 3c 8h] [5d]
permafrost07: checks
MTails: bets $6
permafrost07: folds
Uncalled bet ($6) returned to MTails
MTails collected $41.50 from pot
*** SUMMARY ***
Total pot $42 | Rake $0.50
Board [6h 5c 3c 8h 5d]
Seat 1: permafrost07 (big blind) folded on the River
Seat 2: MTails (button) (small blind) collected ($41.50)


PokerStars Hand #145859174909:  Hold'em Limit ($3/$6 USD) - 2015/12/24 14:33:23 ET
Table 'Colchis II' 2-max Seat #1 is the button
Seat 1: permafrost07 ($22.03 in chips)
Seat 2: MTails ($166 in chips)
permafrost07: posts small blind $1
MTails: posts big blind $3
*** HOLE CARDS ***
permafrost07: raises $3 to $6
MTails: raises $3 to $9
permafrost07: raises $3 to $12
Betting is capped
MTails: calls $3
*** FLOP *** [5s 6h 7h]
MTails: checks
permafrost07: bets $3
MTails: raises $3 to $6
permafrost07: raises $3 to $9
MTails: raises $3 to $12
Betting is capped
permafrost07: calls $1.03 and is all-in
Uncalled bet ($1.97) returned to MTails
*** TURN *** [5s 6h 7h] [3c]
*** RIVER *** [5s 6h 7h 3c] [As]
*** SHOW DOWN ***
MTails: shows [Ac Jd] (a pair of Aces)
permafrost07: shows [8d 5c] (a pair of Fives)
MTails collected $43.56 from pot
*** SUMMARY ***
Total pot $44.06 | Rake $0.50
Board [5s 6h 7h 3c As]
Seat 1: permafrost07 (button) (small blind) showed [8d 5c] and lost with a pair of Fives
Seat 2: MTails (big blind) showed [Ac Jd] and won ($43.56) with a pair of Aces


PokerStars Hand #145859164763:  Hold'em Limit ($3/$6 USD) - 2015/12/24 14:33:10 ET
Table 'Colchis II' 2-max Seat #2 is the button
Seat 1: permafrost07 ($31.03 in chips)
Seat 2: MTails ($157.36 in chips)
MTails: posts small blind $1
permafrost07: posts big blind $3
*** HOLE CARDS ***
MTails: raises $3 to $6
permafrost07: raises $3 to $9
MTails: calls $3
*** FLOP *** [8c 4d Qc]
permafrost07: checks
MTails: bets $3
permafrost07: folds
Uncalled bet ($3) returned to MTails
MTails collected $17.64 from pot
*** SUMMARY ***
Total pot $18 | Rake $0.36
Board [8c 4d Qc]
Seat 1: permafrost07 (big blind) folded on the Flop
Seat 2: MTails (button) (small blind) collected ($17.64)


PokerStars Hand #145859149671:  Hold'em Limit ($3/$6 USD) - 2015/12/24 14:32:50 ET
Table 'Colchis II' 2-max Seat #1 is the button
Seat 1: permafrost07 ($46.03 in chips)
Seat 2: MTails ($142.86 in chips)
permafrost07: posts small blind $1
MTails: posts big blind $3
*** HOLE CARDS ***
permafrost07: raises $3 to $6
MTails: calls $3
*** FLOP *** [Qs Tc 5s]
MTails: checks
permafrost07: bets $3
MTails: calls $3
*** TURN *** [Qs Tc 5s] [2s]
MTails: checks
permafrost07: bets $6
MTails: calls $6
*** RIVER *** [Qs Tc 5s 2s] [Kc]
MTails: checks
permafrost07: checks
*** SHOW DOWN ***
MTails: shows [Td Ad] (a pair of Tens)
permafrost07: mucks hand
MTails collected $29.50 from pot
*** SUMMARY ***
Total pot $30 | Rake $0.50
Board [Qs Tc 5s 2s Kc]
Seat 1: permafrost07 (button) (small blind) mucked
Seat 2: MTails (big blind) showed [Td Ad] and won ($29.50) with a pair of Tens


PokerStars Hand #145859134070:  Hold'em Limit ($3/$6 USD) - 2015/12/24 14:32:29 ET
Table 'Colchis II' 2-max Seat #2 is the button
Seat 1: permafrost07 ($76.03 in chips)
Seat 2: MTails ($113.36 in chips)
MTails: posts small blind $1
permafrost07: posts big blind $3
*** HOLE CARDS ***
MTails: raises $3 to $6
permafrost07: raises $3 to $9
MTails: calls $3
*** FLOP *** [8h 6s Js]
permafrost07: bets $3
MTails: calls $3
*** TURN *** [8h 6s Js] [8c]
permafrost07: bets $6
MTails: calls $6
*** RIVER *** [8h 6s Js 8c] [7h]
permafrost07: bets $6
MTails: raises $6 to $12
permafrost07: calls $6
*** SHOW DOWN ***
MTails: shows [9h 5d] (a straight, Five to Nine)
permafrost07: mucks hand
MTails collected $59.50 from pot
*** SUMMARY ***
Total pot $60 | Rake $0.50
Board [8h 6s Js 8c 7h]
Seat 1: permafrost07 (big blind) mucked
Seat 2: MTails (button) (small blind) showed [9h 5d] and won ($59.50) with a straight, Five to Nine


