PokerStars Hand #166524276954:  Hold'em Limit ($3/$6 USD) - 2017/02/20 17:24:13 ET
Table 'Colocolo' 6-max Seat #3 is the button
Seat 3: ladnavoda ($314.68 in chips)
Seat 4: FHstyles ($60 in chips)
ladnavoda: posts small blind $1
Fantomet joins the table at seat #6
FHstyles: posts big blind $3
*** HOLE CARDS ***
ladnavoda: raises $3 to $6
FHstyles: raises $3 to $9
ladnavoda: calls $3
*** FLOP *** [9d Jc Kc]
FHstyles: bets $3
ladnavoda: calls $3
*** TURN *** [9d Jc Kc] [8d]
FHstyles: bets $6
ladnavoda: raises $6 to $12
FHstyles: calls $6
*** RIVER *** [9d Jc Kc 8d] [Js]
GlamDragon joins the table at seat #1
FHstyles: checks
ladnavoda: bets $6
FHstyles: calls $6
*** SHOW DOWN ***
ladnavoda: shows [Kh As] (two pair, Kings and Jacks)
FHstyles: mucks hand
ladnavoda collected $59.50 from pot
*** SUMMARY ***
Total pot $60 | Rake $0.50
Board [9d Jc Kc 8d Js]
Seat 3: ladnavoda (button) (small blind) showed [Kh As] and won ($59.50) with two pair, Kings and Jacks
Seat 4: FHstyles (big blind) mucked


