PokerStars Hand #160561836745:  Hold'em Limit ($3/$6 USD) - 2016/10/28 15:38:08 ET
Table 'Columbia II' 6-max Seat #1 is the button
Seat 1: BetterTennis ($71.29 in chips)
Seat 5: Chessnok ($145.03 in chips)
BetterTennis: posts small blind $1
Chessnok: posts big blind $3
*** HOLE CARDS ***
BetterTennis: folds
Uncalled bet ($2) returned to Chessnok
Chessnok collected $2 from pot
Chessnok: doesn't show hand
*** SUMMARY ***
Total pot $2 | Rake $0
Seat 1: BetterTennis (button) (small blind) folded before Flop
Seat 5: Chessnok (big blind) collected ($2)


PokerStars Hand #160561831125:  Hold'em Limit ($3/$6 USD) - 2016/10/28 15:38:01 ET
Table 'Columbia II' 6-max Seat #5 is the button
Seat 1: BetterTennis ($74.29 in chips)
Seat 5: Chessnok ($142.03 in chips)
Chessnok: posts small blind $1
AzureCaper: is sitting out
BetterTennis: posts big blind $3
*** HOLE CARDS ***
Chessnok: raises $3 to $6
AzureCaper leaves the table
BetterTennis: folds
Uncalled bet ($3) returned to Chessnok
Chessnok collected $6 from pot
Chessnok: doesn't show hand
*** SUMMARY ***
Total pot $6 | Rake $0
Seat 1: BetterTennis (big blind) folded before Flop
Seat 5: Chessnok (button) (small blind) collected ($6)


PokerStars Hand #160561898875:  Hold'em Limit ($3/$6 USD) - 2016/10/28 15:39:15 ET
Table 'Columbia II' 6-max Seat #5 is the button
Seat 1: BetterTennis ($28.29 in chips)
Seat 5: Chessnok ($187.03 in chips)
Chessnok: posts small blind $1
BetterTennis: posts big blind $3
*** HOLE CARDS ***
Chessnok: folds
Uncalled bet ($2) returned to BetterTennis
BetterTennis collected $2 from pot
BetterTennis: doesn't show hand
*** SUMMARY ***
Total pot $2 | Rake $0
Seat 1: BetterTennis (big blind) collected ($2)
Seat 5: Chessnok (button) (small blind) folded before Flop


PokerStars Hand #160561876451:  Hold'em Limit ($3/$6 USD) - 2016/10/28 15:38:50 ET
Table 'Columbia II' 6-max Seat #1 is the button
Seat 1: BetterTennis ($43.29 in chips)
Seat 5: Chessnok ($172.53 in chips)
BetterTennis: posts small blind $1
Chessnok: posts big blind $3
*** HOLE CARDS ***
BetterTennis: raises $3 to $6
Chessnok: calls $3
*** FLOP *** [2h 6d Tc]
Chessnok: checks
BetterTennis: bets $3
Chessnok: calls $3
*** TURN *** [2h 6d Tc] [9d]
Chessnok: checks
BetterTennis: bets $6
Chessnok: raises $6 to $12
@92gara42@ joins the table at seat #2
BetterTennis: folds
Uncalled bet ($6) returned to Chessnok
Chessnok collected $29.50 from pot
Chessnok: doesn't show hand
*** SUMMARY ***
Total pot $30 | Rake $0.50
Board [2h 6d Tc 9d]
Seat 1: BetterTennis (button) (small blind) folded on the Turn
Seat 5: Chessnok (big blind) collected ($29.50)


PokerStars Hand #160561871509:  Hold'em Limit ($3/$6 USD) - 2016/10/28 15:38:45 ET
Table 'Columbia II' 6-max Seat #5 is the button
Seat 1: BetterTennis ($46.29 in chips)
Seat 5: Chessnok ($169.53 in chips)
Chessnok: posts small blind $1
BetterTennis: posts big blind $3
*** HOLE CARDS ***
Chessnok: raises $3 to $6
BetterTennis: folds
Uncalled bet ($3) returned to Chessnok
Chessnok collected $6 from pot
Chessnok: doesn't show hand
*** SUMMARY ***
Total pot $6 | Rake $0
Seat 1: BetterTennis (big blind) folded before Flop
Seat 5: Chessnok (button) (small blind) collected ($6)


PokerStars Hand #160561862513:  Hold'em Limit ($3/$6 USD) - 2016/10/28 15:38:36 ET
Table 'Columbia II' 6-max Seat #1 is the button
Seat 1: BetterTennis ($43.29 in chips)
Seat 5: Chessnok ($172.53 in chips)
BetterTennis: posts small blind $1
Chessnok: posts big blind $3
*** HOLE CARDS ***
BetterTennis: raises $3 to $6
Chessnok: folds
Uncalled bet ($3) returned to BetterTennis
BetterTennis collected $6 from pot
BetterTennis: doesn't show hand
*** SUMMARY ***
Total pot $6 | Rake $0
Seat 1: BetterTennis (button) (small blind) collected ($6)
Seat 5: Chessnok (big blind) folded before Flop


PokerStars Hand #160561840912:  Hold'em Limit ($3/$6 USD) - 2016/10/28 15:38:13 ET
Table 'Columbia II' 6-max Seat #5 is the button
Seat 1: BetterTennis ($70.29 in chips)
Seat 5: Chessnok ($146.03 in chips)
Chessnok: posts small blind $1
BetterTennis: posts big blind $3
*** HOLE CARDS ***
Chessnok: raises $3 to $6
BetterTennis: calls $3
*** FLOP *** [4s 2h 2d]
BetterTennis: checks
Chessnok: bets $3
BetterTennis: calls $3
*** TURN *** [4s 2h 2d] [8s]
BetterTennis: checks
Chessnok: bets $6
BetterTennis: raises $6 to $12
Chessnok: calls $6
*** RIVER *** [4s 2h 2d 8s] [5h]
BetterTennis: checks
Chessnok: bets $6
BetterTennis: calls $6
*** SHOW DOWN ***
Chessnok: shows [Ah 5s] (two pair, Fives and Deuces)
BetterTennis: mucks hand
Chessnok collected $53.50 from pot
*** SUMMARY ***
Total pot $54 | Rake $0.50
Board [4s 2h 2d 8s 5h]
Seat 1: BetterTennis (big blind) mucked
Seat 5: Chessnok (button) (small blind) showed [Ah 5s] and won ($53.50) with two pair, Fives and Deuces


PokerStars Hand #160562153685:  Hold'em Limit ($3/$6 USD) - 2016/10/28 15:43:48 ET
Table 'Columbia II' 6-max Seat #5 is the button
Seat 3: Apanage ($175.55 in chips)
Seat 5: Chessnok ($128.84 in chips)
Chessnok: posts small blind $1
Apanage: posts big blind $3
*** HOLE CARDS ***
Chessnok: raises $3 to $6
Apanage: calls $3
*** FLOP *** [Jh 3h 4d]
Apanage: checks
Chessnok: bets $3
Apanage: calls $3
*** TURN *** [Jh 3h 4d] [9c]
Apanage: checks
Chessnok: bets $6
Apanage: calls $6
*** RIVER *** [Jh 3h 4d 9c] [8s]
Apanage: bets $6
Chessnok: calls $6
*** SHOW DOWN ***
Apanage: shows [9h Ac] (a pair of Nines)
Chessnok: shows [As 9s] (a pair of Nines)
Apanage collected $20.75 from pot
Chessnok collected $20.75 from pot
*** SUMMARY ***
Total pot $42 | Rake $0.50
Board [Jh 3h 4d 9c 8s]
Seat 3: Apanage (big blind) showed [9h Ac] and won ($20.75) with a pair of Nines
Seat 5: Chessnok (button) (small blind) showed [As 9s] and won ($20.75) with a pair of Nines


PokerStars Hand #160562180563:  Hold'em Limit ($3/$6 USD) - 2016/10/28 15:44:18 ET
Table 'Columbia II' 6-max Seat #3 is the button
Seat 3: Apanage ($175.30 in chips)
Seat 5: Chessnok ($128.59 in chips)
Apanage: posts small blind $1
Chessnok: posts big blind $3
*** HOLE CARDS ***
Apanage: raises $3 to $6
Chessnok: calls $3
*** FLOP *** [2s Ac 9h]
Chessnok: checks
Apanage: bets $3
Chessnok: raises $3 to $6
Apanage: raises $3 to $9
Chessnok: folds
Uncalled bet ($3) returned to Apanage
Apanage collected $23.52 from pot
Apanage: doesn't show hand
*** SUMMARY ***
Total pot $24 | Rake $0.48
Board [2s Ac 9h]
Seat 3: Apanage (button) (small blind) collected ($23.52)
Seat 5: Chessnok (big blind) folded on the Flop


