PokerStars Hand #160575971243:  Hold'em Limit ($3/$6 USD) - 2016/10/28 21:00:12 ET
Table 'Columbia II' 6-max Seat #4 is the button
Seat 2: Chessnok ($151.04 in chips)
Seat 4: ToDaFelt ($254.23 in chips)
ToDaFelt: posts small blind $1
HKH77: is sitting out
Chessnok: posts big blind $3
*** HOLE CARDS ***
HKH77 leaves the table
ToDaFelt: raises $3 to $6
Chessnok: calls $3
*** FLOP *** [Jc 9s 7h]
Chessnok: checks
ToDaFelt: checks
*** TURN *** [Jc 9s 7h] [7c]
Chessnok: bets $6
ToDaFelt: calls $6
*** RIVER *** [Jc 9s 7h 7c] [3s]
Chessnok: bets $6
ToDaFelt: calls $6
*** SHOW DOWN ***
Chessnok: shows [Qh 7d] (three of a kind, Sevens)
ToDaFelt: mucks hand
Chessnok collected $35.50 from pot
*** SUMMARY ***
Total pot $36 | Rake $0.50
Board [Jc 9s 7h 7c 3s]
Seat 2: Chessnok (big blind) showed [Qh 7d] and won ($35.50) with three of a kind, Sevens
Seat 4: ToDaFelt (button) (small blind) mucked


PokerStars Hand #160576970152:  Hold'em Limit ($3/$6 USD) - 2016/10/28 21:36:37 ET
Table 'Columbia II' 6-max Seat #2 is the button
Seat 2: Chessnok ($168.54 in chips)
Seat 4: ValsaPiu ($120 in chips)
Chessnok: posts small blind $1
ValsaPiu: posts big blind $3
*** HOLE CARDS ***
Chessnok: raises $3 to $6
ValsaPiu: folds
Uncalled bet ($3) returned to Chessnok
Chessnok collected $6 from pot
Chessnok: doesn't show hand
*** SUMMARY ***
Total pot $6 | Rake $0
Seat 2: Chessnok (button) (small blind) collected ($6)
Seat 4: ValsaPiu (big blind) folded before Flop


PokerStars Hand #160576979103:  Hold'em Limit ($3/$6 USD) - 2016/10/28 21:36:58 ET
Table 'Columbia II' 6-max Seat #4 is the button
Seat 2: Chessnok ($171.54 in chips)
Seat 4: ValsaPiu ($117 in chips)
ValsaPiu: posts small blind $1
Chessnok: posts big blind $3
*** HOLE CARDS ***
ValsaPiu: calls $2
Chessnok: raises $3 to $6
ValsaPiu: calls $3
*** FLOP *** [6c Th Ac]
Chessnok: bets $3
SnuffyBrowne joins the table at seat #3
ValsaPiu: calls $3
*** TURN *** [6c Th Ac] [2s]
Chessnok: bets $6
ValsaPiu: folds
Uncalled bet ($6) returned to Chessnok
Chessnok collected $17.64 from pot
Chessnok: doesn't show hand
*** SUMMARY ***
Total pot $18 | Rake $0.36
Board [6c Th Ac 2s]
Seat 2: Chessnok (big blind) collected ($17.64)
Seat 4: ValsaPiu (button) (small blind) folded on the Turn


PokerStars Hand #160578327358:  Hold'em Limit ($3/$6 USD) - 2016/10/28 22:33:34 ET
Table 'Columbia II' 6-max Seat #5 is the button
Seat 5: Masqb ($74.76 in chips)
Seat 6: TurnbullFTW ($135.54 in chips)
Masqb: posts small blind $1
TurnbullFTW: posts big blind $3
*** HOLE CARDS ***
Masqb: raises $3 to $6
TurnbullFTW: folds
Uncalled bet ($3) returned to Masqb
TurnbullFTW leaves the table
Masqb collected $6 from pot
Masqb: doesn't show hand
*** SUMMARY ***
Total pot $6 | Rake $0
Seat 5: Masqb (button) (small blind) collected ($6)
Seat 6: TurnbullFTW (big blind) folded before Flop


PokerStars Hand #160578323926:  Hold'em Limit ($3/$6 USD) - 2016/10/28 22:33:25 ET
Table 'Columbia II' 6-max Seat #6 is the button
Seat 5: Masqb ($73.76 in chips)
Seat 6: TurnbullFTW ($136.54 in chips)
TurnbullFTW: posts small blind $1
Masqb: posts big blind $3
*** HOLE CARDS ***
TurnbullFTW: folds
Uncalled bet ($2) returned to Masqb
Masqb collected $2 from pot
Masqb: doesn't show hand
*** SUMMARY ***
Total pot $2 | Rake $0
Seat 5: Masqb (big blind) collected ($2)
Seat 6: TurnbullFTW (button) (small blind) folded before Flop


PokerStars Hand #160578333050:  Hold'em Limit ($3/$6 USD) - 2016/10/28 22:33:50 ET
Table 'Columbia II' 6-max Seat #3 is the button
Seat 3: SnuffyBrowne ($55.04 in chips)
Seat 5: Masqb ($77.76 in chips)
SnuffyBrowne: posts small blind $1
Masqb: posts big blind $3
*** HOLE CARDS ***
SnuffyBrowne: calls $2
Masqb: checks
*** FLOP *** [2d 9c 8s]
Masqb: checks
SnuffyBrowne: checks
*** TURN *** [2d 9c 8s] [5c]
Masqb: bets $6
SnuffyBrowne: calls $6
*** RIVER *** [2d 9c 8s 5c] [Kh]
Masqb: checks
SnuffyBrowne: checks
*** SHOW DOWN ***
Masqb: shows [Tc 6h] (high card King)
SnuffyBrowne: shows [Jh 6s] (high card King - Jack kicker)
SnuffyBrowne collected $17.64 from pot
*** SUMMARY ***
Total pot $18 | Rake $0.36
Board [2d 9c 8s 5c Kh]
Seat 3: SnuffyBrowne (button) (small blind) showed [Jh 6s] and won ($17.64) with high card King
Seat 5: Masqb (big blind) showed [Tc 6h] and lost with high card King


PokerStars Hand #160578343097:  Hold'em Limit ($3/$6 USD) - 2016/10/28 22:34:18 ET
Table 'Columbia II' 6-max Seat #5 is the button
Seat 3: SnuffyBrowne ($63.68 in chips)
Seat 5: Masqb ($68.76 in chips)
Masqb: posts small blind $1
SnuffyBrowne: posts big blind $3
*** HOLE CARDS ***
Masqb: raises $3 to $6
SnuffyBrowne: calls $3
*** FLOP *** [Ah Jd 6s]
SnuffyBrowne: checks
Masqb: checks
*** TURN *** [Ah Jd 6s] [9h]
SnuffyBrowne: bets $6
Masqb: calls $6
*** RIVER *** [Ah Jd 6s 9h] [6d]
SnuffyBrowne: bets $6
Masqb: raises $6 to $12
SnuffyBrowne: calls $6
*** SHOW DOWN ***
Masqb: shows [6h Qc] (three of a kind, Sixes)
SnuffyBrowne: mucks hand
Masqb collected $47.50 from pot
*** SUMMARY ***
Total pot $48 | Rake $0.50
Board [Ah Jd 6s 9h 6d]
Seat 3: SnuffyBrowne (big blind) mucked
Seat 5: Masqb (button) (small blind) showed [6h Qc] and won ($47.50) with three of a kind, Sixes


PokerStars Hand #160578352877:  Hold'em Limit ($3/$6 USD) - 2016/10/28 22:34:45 ET
Table 'Columbia II' 6-max Seat #3 is the button
Seat 3: SnuffyBrowne ($39.68 in chips)
Seat 5: Masqb ($92.26 in chips)
SnuffyBrowne: posts small blind $1
Masqb: posts big blind $3
*** HOLE CARDS ***
SnuffyBrowne: calls $2
Masqb: raises $3 to $6
SnuffyBrowne: calls $3
*** FLOP *** [7c Ad 5c]
Masqb: bets $3
SnuffyBrowne: calls $3
*** TURN *** [7c Ad 5c] [Qd]
Masqb: bets $6
SnuffyBrowne: calls $6
*** RIVER *** [7c Ad 5c Qd] [2h]
Masqb: checks
SnuffyBrowne is disconnected
SnuffyBrowne is connected
SnuffyBrowne: checks
*** SHOW DOWN ***
Masqb: shows [3d Td] (high card Ace)
SnuffyBrowne: shows [Kh 7h] (a pair of Sevens)
SnuffyBrowne collected $29.50 from pot
*** SUMMARY ***
Total pot $30 | Rake $0.50
Board [7c Ad 5c Qd 2h]
Seat 3: SnuffyBrowne (button) (small blind) showed [Kh 7h] and won ($29.50) with a pair of Sevens
Seat 5: Masqb (big blind) showed [3d Td] and lost with high card Ace


PokerStars Hand #160578374518:  Hold'em Limit ($3/$6 USD) - 2016/10/28 22:35:45 ET
Table 'Columbia II' 6-max Seat #5 is the button
Seat 3: SnuffyBrowne ($54.18 in chips)
Seat 5: Masqb ($77.26 in chips)
Masqb: posts small blind $1
SnuffyBrowne: posts big blind $3
*** HOLE CARDS ***
Masqb: raises $3 to $6
melyh82 joins the table at seat #2
SnuffyBrowne: raises $3 to $9
Masqb: calls $3
*** FLOP *** [9d 7s As]
SnuffyBrowne: bets $3
Masqb: calls $3
*** TURN *** [9d 7s As] [7h]
SmellyToes4u joins the table at seat #4
SnuffyBrowne: checks
Masqb: checks
*** RIVER *** [9d 7s As 7h] [8c]
SnuffyBrowne: checks
Masqb: bets $6
SnuffyBrowne: calls $6
*** SHOW DOWN ***
Masqb: shows [5d 8s] (two pair, Eights and Sevens)
SnuffyBrowne: shows [Qc Qs] (two pair, Queens and Sevens)
SnuffyBrowne collected $35.50 from pot
*** SUMMARY ***
Total pot $36 | Rake $0.50
Board [9d 7s As 7h 8c]
Seat 3: SnuffyBrowne (big blind) showed [Qc Qs] and won ($35.50) with two pair, Queens and Sevens
Seat 5: Masqb (button) (small blind) showed [5d 8s] and lost with two pair, Eights and Sevens


PokerStars Hand #160579916748:  Hold'em Limit ($3/$6 USD) - 2016/10/28 23:53:04 ET
Table 'Columbia II' 6-max Seat #6 is the button
Seat 4: Kasperla ($178.52 in chips)
Seat 6: ImReady..RU? ($95.97 in chips)
Zappabertie will be allowed to play after the button
ImReady..RU?: posts small blind $1
Kasperla: posts big blind $3
*** HOLE CARDS ***
ImReady..RU?: folds
Uncalled bet ($2) returned to Kasperla
Kasperla collected $2 from pot
Kasperla: doesn't show hand
*** SUMMARY ***
Total pot $2 | Rake $0
Seat 4: Kasperla (big blind) collected ($2)
Seat 6: ImReady..RU? (button) (small blind) folded before Flop


PokerStars Hand #160580358069:  Hold'em Limit ($3/$6 USD) - 2016/10/29 0:19:03 ET
Table 'Columbia II' 6-max Seat #3 is the button
Seat 3: TRGB ($332.75 in chips)
Seat 5: Zappabertie ($54.08 in chips)
TRGB: posts small blind $1
Zappabertie: posts big blind $3
*** HOLE CARDS ***
TRGB: calls $2
Zappabertie: checks
*** FLOP *** [3d 9d As]
Zappabertie: checks
TRGB: checks
*** TURN *** [3d 9d As] [8c]
Zappabertie: checks
TRGB: checks
*** RIVER *** [3d 9d As 8c] [8h]
Zappabertie: checks
TRGB: checks
*** SHOW DOWN ***
Zappabertie: shows [3s Kc] (two pair, Eights and Threes)
TRGB: mucks hand
Zappabertie collected $5.88 from pot
*** SUMMARY ***
Total pot $6 | Rake $0.12
Board [3d 9d As 8c 8h]
Seat 3: TRGB (button) (small blind) mucked
Seat 5: Zappabertie (big blind) showed [3s Kc] and won ($5.88) with two pair, Eights and Threes


PokerStars Hand #160580351563:  Hold'em Limit ($3/$6 USD) - 2016/10/29 0:18:40 ET
Table 'Columbia II' 6-max Seat #5 is the button
Seat 3: TRGB ($294.25 in chips)
Seat 5: Zappabertie ($93.08 in chips)
Zappabertie: posts small blind $1
tw986: is sitting out
TRGB: posts big blind $3
*** HOLE CARDS ***
Zappabertie: raises $3 to $6
TRGB: calls $3
*** FLOP *** [6s 4d Qd]
TRGB: checks
Zappabertie: bets $3
TRGB: calls $3
*** TURN *** [6s 4d Qd] [2s]
TRGB: checks
Zappabertie: bets $6
TRGB: raises $6 to $12
Zappabertie: raises $6 to $18
TRGB: raises $6 to $24
Betting is capped
Zappabertie: calls $6
*** RIVER *** [6s 4d Qd 2s] [Js]
TRGB: bets $6
Zappabertie: calls $6
*** SHOW DOWN ***
TRGB: shows [2c 6d] (two pair, Sixes and Deuces)
Zappabertie: mucks hand
tw986 leaves the table
TRGB collected $77.50 from pot
*** SUMMARY ***
Total pot $78 | Rake $0.50
Board [6s 4d Qd 2s Js]
Seat 3: TRGB (big blind) showed [2c 6d] and won ($77.50) with two pair, Sixes and Deuces
Seat 5: Zappabertie (button) (small blind) mucked


PokerStars Hand #160580365229:  Hold'em Limit ($3/$6 USD) - 2016/10/29 0:19:27 ET
Table 'Columbia II' 6-max Seat #5 is the button
Seat 3: TRGB ($329.75 in chips)
Seat 5: Zappabertie ($56.96 in chips)
Zappabertie: posts small blind $1
TRGB: posts big blind $3
*** HOLE CARDS ***
Zappabertie: calls $2
TRGB: checks
*** FLOP *** [Jc Ac Jd]
TRGB: checks
Zappabertie: bets $3
TRGB: folds
Uncalled bet ($3) returned to Zappabertie
Zappabertie collected $5.88 from pot
Zappabertie: doesn't show hand
*** SUMMARY ***
Total pot $6 | Rake $0.12
Board [Jc Ac Jd]
Seat 3: TRGB (big blind) folded on the Flop
Seat 5: Zappabertie (button) (small blind) collected ($5.88)


PokerStars Hand #160580369063:  Hold'em Limit ($3/$6 USD) - 2016/10/29 0:19:41 ET
Table 'Columbia II' 6-max Seat #3 is the button
Seat 3: TRGB ($326.75 in chips)
Seat 5: Zappabertie ($59.84 in chips)
TRGB: posts small blind $1
Zappabertie: posts big blind $3
*** HOLE CARDS ***
TRGB: calls $2
Zappabertie: checks
*** FLOP *** [5h 4d 7d]
Zappabertie: checks
TRGB: checks
*** TURN *** [5h 4d 7d] [8h]
Zappabertie: bets $6
TRGB: calls $6
*** RIVER *** [5h 4d 7d 8h] [3h]
Zappabertie: bets $6
TRGB: calls $6
*** SHOW DOWN ***
Zappabertie: shows [6c 4h] (a straight, Four to Eight)
TRGB: mucks hand
Zappabertie collected $29.50 from pot
*** SUMMARY ***
Total pot $30 | Rake $0.50
Board [5h 4d 7d 8h 3h]
Seat 3: TRGB (button) (small blind) mucked
Seat 5: Zappabertie (big blind) showed [6c 4h] and won ($29.50) with a straight, Four to Eight


PokerStars Hand #160580386348:  Hold'em Limit ($3/$6 USD) - 2016/10/29 0:20:17 ET
Table 'Columbia II' 6-max Seat #3 is the button
Seat 3: TRGB ($305.75 in chips)
Seat 5: Zappabertie ($80.10 in chips)
TRGB: posts small blind $1
Zappabertie: posts big blind $3
*** HOLE CARDS ***
TRGB: folds
Uncalled bet ($2) returned to Zappabertie
Zappabertie collected $2 from pot
Zappabertie: doesn't show hand
*** SUMMARY ***
Total pot $2 | Rake $0
Seat 3: TRGB (button) (small blind) folded before Flop
Seat 5: Zappabertie (big blind) collected ($2)


PokerStars Hand #160580382246:  Hold'em Limit ($3/$6 USD) - 2016/10/29 0:20:03 ET
Table 'Columbia II' 6-max Seat #5 is the button
Seat 3: TRGB ($311.75 in chips)
Seat 5: Zappabertie ($74.34 in chips)
Zappabertie: posts small blind $1
TRGB: posts big blind $3
*** HOLE CARDS ***
Zappabertie: raises $3 to $6
TRGB: calls $3
*** FLOP *** [Th 6c 9h]
TRGB: checks
Zappabertie: bets $3
TRGB: folds
Uncalled bet ($3) returned to Zappabertie
Zappabertie collected $11.76 from pot
Zappabertie: doesn't show hand
*** SUMMARY ***
Total pot $12 | Rake $0.24
Board [Th 6c 9h]
Seat 3: TRGB (big blind) folded on the Flop
Seat 5: Zappabertie (button) (small blind) collected ($11.76)


PokerStars Hand #160580387861:  Hold'em Limit ($3/$6 USD) - 2016/10/29 0:20:22 ET
Table 'Columbia II' 6-max Seat #5 is the button
Seat 3: TRGB ($304.75 in chips)
Seat 5: Zappabertie ($81.10 in chips)
Zappabertie: posts small blind $1
TRGB: posts big blind $3
*** HOLE CARDS ***
Zappabertie: raises $3 to $6
TRGB: calls $3
*** FLOP *** [8c 9s 2s]
TRGB: checks
Zappabertie: bets $3
TRGB: folds
Uncalled bet ($3) returned to Zappabertie
Zappabertie collected $11.76 from pot
Zappabertie: doesn't show hand
*** SUMMARY ***
Total pot $12 | Rake $0.24
Board [8c 9s 2s]
Seat 3: TRGB (big blind) folded on the Flop
Seat 5: Zappabertie (button) (small blind) collected ($11.76)


PokerStars Hand #160580405750:  Hold'em Limit ($3/$6 USD) - 2016/10/29 0:21:25 ET
Table 'Columbia II' 6-max Seat #5 is the button
Seat 3: TRGB ($256.75 in chips)
Seat 5: Zappabertie ($127.52 in chips)
Zappabertie: posts small blind $1
TRGB: posts big blind $3
*** HOLE CARDS ***
Zappabertie: raises $3 to $6
TRGB: calls $3
*** FLOP *** [Qs 6s Qc]
TRGB: checks
Zappabertie: bets $3
TRGB: folds
Uncalled bet ($3) returned to Zappabertie
Zappabertie collected $11.76 from pot
Zappabertie: doesn't show hand
*** SUMMARY ***
Total pot $12 | Rake $0.24
Board [Qs 6s Qc]
Seat 3: TRGB (big blind) folded on the Flop
Seat 5: Zappabertie (button) (small blind) collected ($11.76)


PokerStars Hand #160580402127:  Hold'em Limit ($3/$6 USD) - 2016/10/29 0:21:12 ET
Table 'Columbia II' 6-max Seat #3 is the button
Seat 3: TRGB ($268.75 in chips)
Seat 5: Zappabertie ($116 in chips)
TRGB: posts small blind $1
Zappabertie: posts big blind $3
*** HOLE CARDS ***
TRGB: raises $3 to $6
Zappabertie: raises $3 to $9
TRGB: raises $3 to $12
Betting is capped
Zappabertie: calls $3
*** FLOP *** [3d Jc Qd]
Zappabertie: bets $3
TRGB: folds
Uncalled bet ($3) returned to Zappabertie
Zappabertie collected $23.52 from pot
Zappabertie: doesn't show hand
*** SUMMARY ***
Total pot $24 | Rake $0.48
Board [3d Jc Qd]
Seat 3: TRGB (button) (small blind) folded on the Flop
Seat 5: Zappabertie (big blind) collected ($23.52)


PokerStars Hand #160580391481:  Hold'em Limit ($3/$6 USD) - 2016/10/29 0:20:35 ET
Table 'Columbia II' 6-max Seat #3 is the button
Seat 3: TRGB ($298.75 in chips)
Seat 5: Zappabertie ($86.86 in chips)
TRGB: posts small blind $1
Zappabertie: posts big blind $3
*** HOLE CARDS ***
TRGB: raises $3 to $6
Zappabertie: raises $3 to $9
TRGB: calls $3
*** FLOP *** [7s Kc Ac]
Zappabertie: bets $3
TRGB: folds
Uncalled bet ($3) returned to Zappabertie
Zappabertie collected $17.64 from pot
Zappabertie: doesn't show hand
*** SUMMARY ***
Total pot $18 | Rake $0.36
Board [7s Kc Ac]
Seat 3: TRGB (button) (small blind) folded on the Flop
Seat 5: Zappabertie (big blind) collected ($17.64)


PokerStars Hand #160580395982:  Hold'em Limit ($3/$6 USD) - 2016/10/29 0:20:51 ET
Table 'Columbia II' 6-max Seat #5 is the button
Seat 3: TRGB ($289.75 in chips)
Seat 5: Zappabertie ($95.50 in chips)
Zappabertie: posts small blind $1
TRGB: posts big blind $3
*** HOLE CARDS ***
Zappabertie: raises $3 to $6
TRGB: calls $3
*** FLOP *** [Jh 6c 4c]
TRGB: checks
Zappabertie: bets $3
TRGB: calls $3
*** TURN *** [Jh 6c 4c] [3s]
TRGB: checks
Zappabertie: checks
*** RIVER *** [Jh 6c 4c 3s] [5h]
TRGB: bets $6
Zappabertie: raises $6 to $12
TRGB: calls $6
*** SHOW DOWN ***
Zappabertie: shows [8d 7d] (a straight, Four to Eight)
TRGB: mucks hand
Zappabertie collected $41.50 from pot
*** SUMMARY ***
Total pot $42 | Rake $0.50
Board [Jh 6c 4c 3s 5h]
Seat 3: TRGB (big blind) mucked
Seat 5: Zappabertie (button) (small blind) showed [8d 7d] and won ($41.50) with a straight, Four to Eight


PokerStars Hand #160580418609:  Hold'em Limit ($3/$6 USD) - 2016/10/29 0:22:10 ET
Table 'Columbia II' 6-max Seat #3 is the button
Seat 3: TRGB ($226.63 in chips)
Seat 5: Zappabertie ($156.78 in chips)
TRGB: posts small blind $1
Zappabertie: posts big blind $3
*** HOLE CARDS ***
TRGB: raises $3 to $6
Zappabertie: folds
Uncalled bet ($3) returned to TRGB
TRGB collected $6 from pot
*** SUMMARY ***
Total pot $6 | Rake $0
Seat 3: TRGB (button) (small blind) collected ($6)
Seat 5: Zappabertie (big blind) folded before Flop


PokerStars Hand #160580412520:  Hold'em Limit ($3/$6 USD) - 2016/10/29 0:21:49 ET
Table 'Columbia II' 6-max Seat #5 is the button
Seat 3: TRGB ($253.63 in chips)
Seat 5: Zappabertie ($130.28 in chips)
Zappabertie: posts small blind $1
TRGB: posts big blind $3
*** HOLE CARDS ***
Zappabertie: raises $3 to $6
TRGB: raises $3 to $9
Zappabertie: calls $3
*** FLOP *** [8d 9s 2d]
TRGB: bets $3
Zappabertie: raises $3 to $6
TRGB: calls $3
*** TURN *** [8d 9s 2d] [6c]
TRGB: checks
Zappabertie: bets $6
TRGB: calls $6
*** RIVER *** [8d 9s 2d 6c] [Qc]
TRGB: bets $6
Zappabertie: calls $6
*** SHOW DOWN ***
TRGB: shows [As Ts] (high card Ace)
Zappabertie: shows [Jd 9c] (a pair of Nines)
Zappabertie collected $53.50 from pot
*** SUMMARY ***
Total pot $54 | Rake $0.50
Board [8d 9s 2d 6c Qc]
Seat 3: TRGB (big blind) showed [As Ts] and lost with high card Ace
Seat 5: Zappabertie (button) (small blind) showed [Jd 9c] and won ($53.50) with a pair of Nines


PokerStars Hand #160580420495:  Hold'em Limit ($3/$6 USD) - 2016/10/29 0:22:17 ET
Table 'Columbia II' 6-max Seat #5 is the button
Seat 3: TRGB ($229.63 in chips)
Seat 5: Zappabertie ($153.78 in chips)
Zappabertie: posts small blind $1
TRGB: posts big blind $3
*** HOLE CARDS ***
Zappabertie: raises $3 to $6
TRGB: calls $3
*** FLOP *** [Ts 8c 2s]
TRGB: checks
Zappabertie: bets $3
TRGB: calls $3
*** TURN *** [Ts 8c 2s] [5d]
TRGB: checks
Zappabertie: bets $6
TRGB: raises $6 to $12
Zappabertie: raises $6 to $18
TRGB: calls $6
*** RIVER *** [Ts 8c 2s 5d] [3h]
TRGB: checks
Zappabertie: bets $6
TRGB: calls $6
*** SHOW DOWN ***
Zappabertie: shows [Jd Jh] (a pair of Jacks)
TRGB: mucks hand
Zappabertie collected $65.50 from pot
*** SUMMARY ***
Total pot $66 | Rake $0.50
Board [Ts 8c 2s 5d 3h]
Seat 3: TRGB (big blind) mucked
Seat 5: Zappabertie (button) (small blind) showed [Jd Jh] and won ($65.50) with a pair of Jacks


PokerStars Hand #160580408839:  Hold'em Limit ($3/$6 USD) - 2016/10/29 0:21:36 ET
Table 'Columbia II' 6-max Seat #3 is the button
Seat 3: TRGB ($250.75 in chips)
Seat 5: Zappabertie ($133.28 in chips)
TRGB: posts small blind $1
Zappabertie: posts big blind $3
*** HOLE CARDS ***
TRGB: calls $2
Zappabertie: checks
*** FLOP *** [Ks 9d 8h]
Zappabertie: checks
TRGB: bets $3
Zappabertie: folds
Uncalled bet ($3) returned to TRGB
TRGB collected $5.88 from pot
*** SUMMARY ***
Total pot $6 | Rake $0.12
Board [Ks 9d 8h]
Seat 3: TRGB (button) (small blind) collected ($5.88)
Seat 5: Zappabertie (big blind) folded on the Flop


PokerStars Hand #160580428756:  Hold'em Limit ($3/$6 USD) - 2016/10/29 0:22:46 ET
Table 'Columbia II' 6-max Seat #3 is the button
Seat 3: TRGB ($196.63 in chips)
Seat 5: Zappabertie ($186.28 in chips)
TRGB: posts small blind $1
Zappabertie: posts big blind $3
*** HOLE CARDS ***
TRGB: raises $3 to $6
Zappabertie: calls $3
*** FLOP *** [Jh 2s 6c]
Zappabertie: checks
TRGB: bets $3
Zappabertie: folds
Uncalled bet ($3) returned to TRGB
Zappabertie leaves the table
TRGB collected $11.76 from pot
*** SUMMARY ***
Total pot $12 | Rake $0.24
Board [Jh 2s 6c]
Seat 3: TRGB (button) (small blind) collected ($11.76)
Seat 5: Zappabertie (big blind) folded on the Flop


