PokerStars Hand #165172668701:  Hold'em Limit ($3/$6 USD) - 2017/01/25 19:34:34 ET
Table 'Columbia' 6-max Seat #6 is the button
Seat 5: Chessnok ($115.36 in chips)
Seat 6: BWTMAGIC ($1010.20 in chips)
BWTMAGIC: posts small blind $1
nicmct: is sitting out
Chessnok: posts big blind $3
*** HOLE CARDS ***
BWTMAGIC: raises $3 to $6
Chessnok: raises $3 to $9
BWTMAGIC: calls $3
*** FLOP *** [Kd 2h Qd]
Chessnok: bets $3
BWTMAGIC: raises $3 to $6
Chessnok: calls $3
*** TURN *** [Kd 2h Qd] [2s]
Chessnok: checks
BWTMAGIC: checks
*** RIVER *** [Kd 2h Qd 2s] [3c]
Chessnok: checks
BWTMAGIC: checks
*** SHOW DOWN ***
Chessnok: shows [9h 9c] (two pair, Nines and Deuces)
BWTMAGIC: mucks hand
Chessnok collected $29.50 from pot
*** SUMMARY ***
Total pot $30 | Rake $0.50
Board [Kd 2h Qd 2s 3c]
Seat 5: Chessnok (big blind) showed [9h 9c] and won ($29.50) with two pair, Nines and Deuces
Seat 6: BWTMAGIC (button) (small blind) mucked


PokerStars Hand #165172704776:  Hold'em Limit ($3/$6 USD) - 2017/01/25 19:35:32 ET
Table 'Columbia' 6-max Seat #5 is the button
Seat 5: Chessnok ($122.86 in chips)
Seat 6: BWTMAGIC ($1001.96 in chips)
Chessnok: posts small blind $1
BWTMAGIC: posts big blind $3
*** HOLE CARDS ***
Chessnok: raises $3 to $6
BWTMAGIC: raises $3 to $9
Chessnok: calls $3
*** FLOP *** [9s 9d 4c]
BWTMAGIC: bets $3
Chessnok: calls $3
*** TURN *** [9s 9d 4c] [6h]
BWTMAGIC: bets $6
Chessnok: folds
Uncalled bet ($6) returned to BWTMAGIC
BWTMAGIC collected $23.52 from pot
BWTMAGIC: doesn't show hand
*** SUMMARY ***
Total pot $24 | Rake $0.48
Board [9s 9d 4c 6h]
Seat 5: Chessnok (button) (small blind) folded on the Turn
Seat 6: BWTMAGIC (big blind) collected ($23.52)


PokerStars Hand #165172695505:  Hold'em Limit ($3/$6 USD) - 2017/01/25 19:35:17 ET
Table 'Columbia' 6-max Seat #6 is the button
Seat 5: Chessnok ($128.86 in chips)
Seat 6: BWTMAGIC ($996.20 in chips)
BWTMAGIC: posts small blind $1
Chessnok: posts big blind $3
*** HOLE CARDS ***
BWTMAGIC: raises $3 to $6
Chessnok: calls $3
*** FLOP *** [Js Kh 2h]
Chessnok: checks
BWTMAGIC: bets $3
Chessnok: folds
Uncalled bet ($3) returned to BWTMAGIC
BWTMAGIC collected $11.76 from pot
BWTMAGIC: doesn't show hand
*** SUMMARY ***
Total pot $12 | Rake $0.24
Board [Js Kh 2h]
Seat 5: Chessnok (big blind) folded on the Flop
Seat 6: BWTMAGIC (button) (small blind) collected ($11.76)


PokerStars Hand #165172691556:  Hold'em Limit ($3/$6 USD) - 2017/01/25 19:35:11 ET
Table 'Columbia' 6-max Seat #5 is the button
Seat 5: Chessnok ($129.86 in chips)
Seat 6: BWTMAGIC ($995.20 in chips)
Chessnok: posts small blind $1
BWTMAGIC: posts big blind $3
*** HOLE CARDS ***
Chessnok: folds
Uncalled bet ($2) returned to BWTMAGIC
BWTMAGIC collected $2 from pot
BWTMAGIC: doesn't show hand
*** SUMMARY ***
Total pot $2 | Rake $0
Seat 5: Chessnok (button) (small blind) folded before Flop
Seat 6: BWTMAGIC (big blind) collected ($2)


PokerStars Hand #165176788393:  Hold'em Limit ($3/$6 USD) - 2017/01/25 21:50:44 ET
Table 'Columbia' 6-max Seat #1 is the button
Seat 1: TUBATAA ($86.09 in chips)
Seat 5: MellivoraSto ($170.75 in chips)
StormToTo was removed from the table for failing to post
TUBATAA: posts small blind $1
MellivoraSto: posts big blind $3
*** HOLE CARDS ***
TUBATAA: raises $3 to $6
MellivoraSto: calls $3
*** FLOP *** [6d 5s 6s]
MellivoraSto: checks
TUBATAA: bets $3
MellivoraSto: calls $3
*** TURN *** [6d 5s 6s] [3c]
MellivoraSto: checks
TUBATAA: bets $6
MellivoraSto: raises $6 to $12
TUBATAA: calls $6
*** RIVER *** [6d 5s 6s 3c] [Ac]
MellivoraSto: bets $6
TUBATAA: calls $6
*** SHOW DOWN ***
MellivoraSto: shows [6c 2c] (three of a kind, Sixes)
TUBATAA: mucks hand
MellivoraSto collected $53.50 from pot
*** SUMMARY ***
Total pot $54 | Rake $0.50
Board [6d 5s 6s 3c Ac]
Seat 1: TUBATAA (button) (small blind) mucked
Seat 5: MellivoraSto (big blind) showed [6c 2c] and won ($53.50) with three of a kind, Sixes


PokerStars Hand #165176800677:  Hold'em Limit ($3/$6 USD) - 2017/01/25 21:51:13 ET
Table 'Columbia' 6-max Seat #1 is the button
Seat 1: TUBATAA ($56.09 in chips)
Seat 5: MellivoraSto ($200.25 in chips)
TUBATAA: posts small blind $1
fire852181 was removed from the table for failing to post
MellivoraSto: posts big blind $3
*** HOLE CARDS ***
TUBATAA: raises $3 to $6
MellivoraSto: calls $3
*** FLOP *** [Jd Qh 3h]
MellivoraSto: checks
TUBATAA: bets $3
MellivoraSto: calls $3
*** TURN *** [Jd Qh 3h] [2c]
MellivoraSto: checks
TUBATAA: bets $6
MellivoraSto: raises $6 to $12
TUBATAA: calls $6
*** RIVER *** [Jd Qh 3h 2c] [Td]
MellivoraSto: bets $6
TUBATAA: calls $6
*** SHOW DOWN ***
MellivoraSto: shows [Ts Qd] (two pair, Queens and Tens)
TUBATAA: mucks hand
MellivoraSto collected $53.50 from pot
*** SUMMARY ***
Total pot $54 | Rake $0.50
Board [Jd Qh 3h 2c Td]
Seat 1: TUBATAA (button) (small blind) mucked
Seat 5: MellivoraSto (big blind) showed [Ts Qd] and won ($53.50) with two pair, Queens and Tens


PokerStars Hand #165176785746:  Hold'em Limit ($3/$6 USD) - 2017/01/25 21:50:37 ET
Table 'Columbia' 6-max Seat #5 is the button
Seat 1: TUBATAA ($85.09 in chips)
Seat 5: MellivoraSto ($171.75 in chips)
MellivoraSto: posts small blind $1
MissEKAmouse: is sitting out
TUBATAA: posts big blind $3
*** HOLE CARDS ***
MellivoraSto: folds
Uncalled bet ($2) returned to TUBATAA
TUBATAA collected $2 from pot
TUBATAA: doesn't show hand
*** SUMMARY ***
Total pot $2 | Rake $0
Seat 1: TUBATAA (big blind) collected ($2)
Seat 5: MellivoraSto (button) (small blind) folded before Flop


PokerStars Hand #165176825010:  Hold'em Limit ($3/$6 USD) - 2017/01/25 21:52:13 ET
Table 'Columbia' 6-max Seat #1 is the button
Seat 1: TUBATAA ($49.59 in chips)
Seat 5: MellivoraSto ($205.51 in chips)
TUBATAA: posts small blind $1
Speed2008 was removed from the table for failing to post
MellivoraSto: posts big blind $3
*** HOLE CARDS ***
TUBATAA: raises $3 to $6
MellivoraSto: folds
Uncalled bet ($3) returned to TUBATAA
TUBATAA collected $6 from pot
TUBATAA: doesn't show hand
*** SUMMARY ***
Total pot $6 | Rake $0
Seat 1: TUBATAA (button) (small blind) collected ($6)
Seat 5: MellivoraSto (big blind) folded before Flop


PokerStars Hand #165176808654:  Hold'em Limit ($3/$6 USD) - 2017/01/25 21:51:33 ET
Table 'Columbia' 6-max Seat #5 is the button
Seat 1: TUBATAA ($29.09 in chips)
Seat 5: MellivoraSto ($226.75 in chips)
MellivoraSto: posts small blind $1
TUBATAA: posts big blind $3
*** HOLE CARDS ***
MellivoraSto: raises $3 to $6
TUBATAA: calls $3
*** FLOP *** [Qd Kh 3d]
TUBATAA: checks
MellivoraSto: bets $3
TUBATAA: raises $3 to $6
MissEKAmouse leaves the table
MellivoraSto: calls $3
*** TURN *** [Qd Kh 3d] [4s]
TUBATAA: bets $6
MellivoraSto: calls $6
*** RIVER *** [Qd Kh 3d 4s] [Qh]
TUBATAA: bets $6
MellivoraSto: calls $6
*** SHOW DOWN ***
TUBATAA: shows [4h 3s] (two pair, Queens and Fours)
MellivoraSto: mucks hand
TUBATAA collected $47.50 from pot
*** SUMMARY ***
Total pot $48 | Rake $0.50
Board [Qd Kh 3d 4s Qh]
Seat 1: TUBATAA (big blind) showed [4h 3s] and won ($47.50) with two pair, Queens and Fours
Seat 5: MellivoraSto (button) (small blind) mucked


PokerStars Hand #165176820261:  Hold'em Limit ($3/$6 USD) - 2017/01/25 21:52:01 ET
Table 'Columbia' 6-max Seat #5 is the button
Seat 1: TUBATAA ($55.59 in chips)
Seat 5: MellivoraSto ($199.75 in chips)
MellivoraSto: posts small blind $1
TUBATAA: posts big blind $3
*** HOLE CARDS ***
MellivoraSto: raises $3 to $6
TUBATAA: calls $3
*** FLOP *** [5d Ah 7d]
TUBATAA: checks
MellivoraSto: bets $3
TUBATAA: folds
Uncalled bet ($3) returned to MellivoraSto
MellivoraSto collected $11.76 from pot
MellivoraSto: doesn't show hand
*** SUMMARY ***
Total pot $12 | Rake $0.24
Board [5d Ah 7d]
Seat 1: TUBATAA (big blind) folded on the Flop
Seat 5: MellivoraSto (button) (small blind) collected ($11.76)


PokerStars Hand #165176816237:  Hold'em Limit ($3/$6 USD) - 2017/01/25 21:51:51 ET
Table 'Columbia' 6-max Seat #1 is the button
Seat 1: TUBATAA ($52.59 in chips)
Seat 5: MellivoraSto ($202.75 in chips)
TUBATAA: posts small blind $1
MellivoraSto: posts big blind $3
*** HOLE CARDS ***
TUBATAA: raises $3 to $6
MellivoraSto: folds
Uncalled bet ($3) returned to TUBATAA
TUBATAA collected $6 from pot
TUBATAA: doesn't show hand
*** SUMMARY ***
Total pot $6 | Rake $0
Seat 1: TUBATAA (button) (small blind) collected ($6)
Seat 5: MellivoraSto (big blind) folded before Flop


PokerStars Hand #165176836299:  Hold'em Limit ($3/$6 USD) - 2017/01/25 21:52:41 ET
Table 'Columbia' 6-max Seat #1 is the button
Seat 1: TUBATAA ($88.09 in chips)
Seat 5: MellivoraSto ($166.51 in chips)
TUBATAA: posts small blind $1
MellivoraSto: posts big blind $3
*** HOLE CARDS ***
TUBATAA: raises $3 to $6
MellivoraSto: raises $3 to $9
TUBATAA: calls $3
*** FLOP *** [2d 5s 6d]
MellivoraSto: bets $3
TUBATAA: calls $3
*** TURN *** [2d 5s 6d] [Ks]
MellivoraSto: bets $6
TUBATAA: calls $6
*** RIVER *** [2d 5s 6d Ks] [8d]
MellivoraSto: checks
TUBATAA: checks
*** SHOW DOWN ***
MellivoraSto: shows [9d As] (high card Ace)
TUBATAA: mucks hand
MellivoraSto collected $35.50 from pot
*** SUMMARY ***
Total pot $36 | Rake $0.50
Board [2d 5s 6d Ks 8d]
Seat 1: TUBATAA (button) (small blind) mucked
Seat 5: MellivoraSto (big blind) showed [9d As] and won ($35.50) with high card Ace


PokerStars Hand #165176842325:  Hold'em Limit ($3/$6 USD) - 2017/01/25 21:52:55 ET
Table 'Columbia' 6-max Seat #5 is the button
Seat 1: TUBATAA ($70.09 in chips)
Seat 5: MellivoraSto ($184.01 in chips)
MellivoraSto: posts small blind $1
TUBATAA: posts big blind $3
*** HOLE CARDS ***
MellivoraSto: raises $3 to $6
TUBATAA: raises $3 to $9
MellivoraSto: calls $3
*** FLOP *** [4d 8h Qh]
TUBATAA: bets $3
MellivoraSto: raises $3 to $6
TUBATAA: calls $3
*** TURN *** [4d 8h Qh] [Qs]
TUBATAA: checks
grabaz joins the table at seat #2
MellivoraSto: bets $6
TUBATAA: raises $6 to $12
MellivoraSto: calls $6
*** RIVER *** [4d 8h Qh Qs] [4h]
TUBATAA: bets $6
MellivoraSto: folds
Uncalled bet ($6) returned to TUBATAA
TUBATAA collected $53.50 from pot
TUBATAA: doesn't show hand
*** SUMMARY ***
Total pot $54 | Rake $0.50
Board [4d 8h Qh Qs 4h]
Seat 1: TUBATAA (big blind) collected ($53.50)
Seat 5: MellivoraSto (button) (small blind) folded on the River


PokerStars Hand #165176827691:  Hold'em Limit ($3/$6 USD) - 2017/01/25 21:52:19 ET
Table 'Columbia' 6-max Seat #5 is the button
Seat 1: TUBATAA ($52.59 in chips)
Seat 5: MellivoraSto ($202.51 in chips)
MellivoraSto: posts small blind $1
TUBATAA: posts big blind $3
*** HOLE CARDS ***
MellivoraSto: raises $3 to $6
TUBATAA: raises $3 to $9
MellivoraSto: calls $3
*** FLOP *** [Jd 2s 3h]
TUBATAA: bets $3
MellivoraSto: calls $3
*** TURN *** [Jd 2s 3h] [Th]
TUBATAA: bets $6
MellivoraSto: raises $6 to $12
TUBATAA: raises $6 to $18
MellivoraSto: calls $6
*** RIVER *** [Jd 2s 3h Th] [5c]
TUBATAA: bets $6
MellivoraSto: calls $6
*** SHOW DOWN ***
TUBATAA: shows [Js Kc] (a pair of Jacks)
MellivoraSto: mucks hand
TUBATAA collected $71.50 from pot
*** SUMMARY ***
Total pot $72 | Rake $0.50
Board [Jd 2s 3h Th 5c]
Seat 1: TUBATAA (big blind) showed [Js Kc] and won ($71.50) with a pair of Jacks
Seat 5: MellivoraSto (button) (small blind) mucked


PokerStars Hand #165177046794:  Hold'em Limit ($3/$6 USD) - 2017/01/25 22:02:13 ET
Table 'Columbia' 6-max Seat #5 is the button
Seat 5: MellivoraSto ($103.29 in chips)
Seat 6: AzureCaper ($72 in chips)
MellivoraSto: posts small blind $1
AzureCaper: posts big blind $3
*** HOLE CARDS ***
MellivoraSto: folds
Uncalled bet ($2) returned to AzureCaper
AzureCaper collected $2 from pot
AzureCaper: doesn't show hand
*** SUMMARY ***
Total pot $2 | Rake $0
Seat 5: MellivoraSto (button) (small blind) folded before Flop
Seat 6: AzureCaper (big blind) collected ($2)


PokerStars Hand #165177043928:  Hold'em Limit ($3/$6 USD) - 2017/01/25 22:02:06 ET
Table 'Columbia' 6-max Seat #6 is the button
Seat 5: MellivoraSto ($102.29 in chips)
Seat 6: AzureCaper ($72 in chips)
AzureCaper: posts small blind $1
grabaz: is sitting out
MellivoraSto: posts big blind $3
*** HOLE CARDS ***
AzureCaper: folds
Uncalled bet ($2) returned to MellivoraSto
MellivoraSto collected $2 from pot
MellivoraSto: doesn't show hand
grabaz leaves the table
*** SUMMARY ***
Total pot $2 | Rake $0
Seat 5: MellivoraSto (big blind) collected ($2)
Seat 6: AzureCaper (button) (small blind) folded before Flop


