PokerStars Hand #147514516190:  Hold'em Limit ($3/$6 USD) - 2016/01/22 21:41:05 ET
Table 'Columbia II' 6-max Seat #2 is the button
Seat 2: livenuncut ($120 in chips)
Seat 4: AzureCaper ($72 in chips)
livenuncut: posts small blind $1
AzureCaper: posts big blind $3
*** HOLE CARDS ***
livenuncut: folds
Uncalled bet ($2) returned to AzureCaper
AzureCaper collected $2 from pot
AzureCaper: doesn't show hand
*** SUMMARY ***
Total pot $2 | Rake $0
Seat 2: livenuncut (button) (small blind) folded before Flop
Seat 4: AzureCaper (big blind) collected ($2)


PokerStars Hand #147514521479:  Hold'em Limit ($3/$6 USD) - 2016/01/22 21:41:17 ET
Table 'Columbia II' 6-max Seat #2 is the button
Seat 2: livenuncut ($120 in chips)
Seat 4: AzureCaper ($72 in chips)
livenuncut: posts small blind $1
AzureCaper: posts big blind $3
*** HOLE CARDS ***
livenuncut: folds
Uncalled bet ($2) returned to AzureCaper
AzureCaper collected $2 from pot
AzureCaper: doesn't show hand
*** SUMMARY ***
Total pot $2 | Rake $0
Seat 2: livenuncut (button) (small blind) folded before Flop
Seat 4: AzureCaper (big blind) collected ($2)


PokerStars Hand #147514519488:  Hold'em Limit ($3/$6 USD) - 2016/01/22 21:41:12 ET
Table 'Columbia II' 6-max Seat #4 is the button
Seat 2: livenuncut ($119 in chips)
Seat 4: AzureCaper ($73 in chips)
AzureCaper: posts small blind $1
livenuncut: posts big blind $3
*** HOLE CARDS ***
parnishka11 joins the table at seat #6
AzureCaper: folds
Uncalled bet ($2) returned to livenuncut
livenuncut collected $2 from pot
*** SUMMARY ***
Total pot $2 | Rake $0
Seat 2: livenuncut (big blind) collected ($2)
Seat 4: AzureCaper (button) (small blind) folded before Flop


PokerStars Hand #147514565570:  Hold'em Limit ($3/$6 USD) - 2016/01/22 21:42:51 ET
Table 'Columbia II' 6-max Seat #2 is the button
Seat 2: livenuncut ($106 in chips)
Seat 6: parnishka11 ($33.99 in chips)
livenuncut: posts small blind $1
parnishka11: posts big blind $3
*** HOLE CARDS ***
livenuncut: raises $3 to $6
parnishka11: raises $3 to $9
livenuncut: calls $3
*** FLOP *** [Jc 4c 9d]
parnishka11: bets $3
livenuncut: calls $3
*** TURN *** [Jc 4c 9d] [Tc]
parnishka11: bets $6
livenuncut: raises $6 to $12
parnishka11: raises $6 to $18
livenuncut: calls $6
*** RIVER *** [Jc 4c 9d Tc] [Ac]
parnishka11: checks
livenuncut: checks
*** SHOW DOWN ***
parnishka11: shows [Kd Kh] (a pair of Kings)
livenuncut: mucks hand
parnishka11 collected $59.50 from pot
*** SUMMARY ***
Total pot $60 | Rake $0.50
Board [Jc 4c 9d Tc Ac]
Seat 2: livenuncut (button) (small blind) mucked
Seat 6: parnishka11 (big blind) showed [Kd Kh] and won ($59.50) with a pair of Kings


PokerStars Hand #147514560088:  Hold'em Limit ($3/$6 USD) - 2016/01/22 21:42:40 ET
Table 'Columbia II' 6-max Seat #6 is the button
Seat 2: livenuncut ($112 in chips)
Seat 6: parnishka11 ($28.23 in chips)
parnishka11: posts small blind $1
livenuncut: posts big blind $3
*** HOLE CARDS ***
parnishka11: raises $3 to $6
livenuncut: calls $3
*** FLOP *** [Jc 7c Ks]
livenuncut: checks
parnishka11: bets $3
livenuncut: folds
Uncalled bet ($3) returned to parnishka11
parnishka11 collected $11.76 from pot
parnishka11: doesn't show hand
*** SUMMARY ***
Total pot $12 | Rake $0.24
Board [Jc 7c Ks]
Seat 2: livenuncut (big blind) folded on the Flop
Seat 6: parnishka11 (button) (small blind) collected ($11.76)


PokerStars Hand #147514557036:  Hold'em Limit ($3/$6 USD) - 2016/01/22 21:42:33 ET
Table 'Columbia II' 6-max Seat #2 is the button
Seat 2: livenuncut ($109 in chips)
Seat 6: parnishka11 ($31.23 in chips)
livenuncut: posts small blind $1
parnishka11: posts big blind $3
*** HOLE CARDS ***
livenuncut: raises $3 to $6
parnishka11: folds
Uncalled bet ($3) returned to livenuncut
livenuncut collected $6 from pot
*** SUMMARY ***
Total pot $6 | Rake $0
Seat 2: livenuncut (button) (small blind) collected ($6)
Seat 6: parnishka11 (big blind) folded before Flop


PokerStars Hand #147514596908:  Hold'em Limit ($3/$6 USD) - 2016/01/22 21:43:57 ET
Table 'Columbia II' 6-max Seat #6 is the button
Seat 2: livenuncut ($46 in chips)
Seat 6: parnishka11 ($92.99 in chips)
parnishka11: posts small blind $1
livenuncut: posts big blind $3
*** HOLE CARDS ***
parnishka11: raises $3 to $6
livenuncut: calls $3
*** FLOP *** [7d Qc Kd]
livenuncut: checks
parnishka11: bets $3
livenuncut: calls $3
*** TURN *** [7d Qc Kd] [Ts]
livenuncut: checks
parnishka11: bets $6
livenuncut: folds
Uncalled bet ($6) returned to parnishka11
parnishka11 collected $17.64 from pot
parnishka11: doesn't show hand
*** SUMMARY ***
Total pot $18 | Rake $0.36
Board [7d Qc Kd Ts]
Seat 2: livenuncut (big blind) folded on the Turn
Seat 6: parnishka11 (button) (small blind) collected ($17.64)


PokerStars Hand #147514580405:  Hold'em Limit ($3/$6 USD) - 2016/01/22 21:43:22 ET
Table 'Columbia II' 6-max Seat #2 is the button
Seat 2: livenuncut ($73 in chips)
Seat 6: parnishka11 ($66.49 in chips)
livenuncut: posts small blind $1
parnishka11: posts big blind $3
*** HOLE CARDS ***
livenuncut: raises $3 to $6
parnishka11: calls $3
*** FLOP *** [4d 8h 2d]
parnishka11: checks
livenuncut: bets $3
parnishka11: calls $3
*** TURN *** [4d 8h 2d] [7c]
parnishka11: checks
livenuncut: bets $6
parnishka11: raises $6 to $12
livenuncut: calls $6
*** RIVER *** [4d 8h 2d 7c] [5h]
alfredg joins the table at seat #3
parnishka11: bets $6
livenuncut: calls $6
*** SHOW DOWN ***
parnishka11: shows [Td 6s] (a straight, Four to Eight)
livenuncut: mucks hand
parnishka11 collected $53.50 from pot
*** SUMMARY ***
Total pot $54 | Rake $0.50
Board [4d 8h 2d 7c 5h]
Seat 2: livenuncut (button) (small blind) mucked
Seat 6: parnishka11 (big blind) showed [Td 6s] and won ($53.50) with a straight, Four to Eight


PokerStars Hand #147514577186:  Hold'em Limit ($3/$6 USD) - 2016/01/22 21:43:15 ET
Table 'Columbia II' 6-max Seat #6 is the button
Seat 2: livenuncut ($76 in chips)
Seat 6: parnishka11 ($63.49 in chips)
parnishka11: posts small blind $1
livenuncut: posts big blind $3
*** HOLE CARDS ***
parnishka11: raises $3 to $6
livenuncut: folds
Uncalled bet ($3) returned to parnishka11
parnishka11 collected $6 from pot
parnishka11: doesn't show hand
*** SUMMARY ***
Total pot $6 | Rake $0
Seat 2: livenuncut (big blind) folded before Flop
Seat 6: parnishka11 (button) (small blind) collected ($6)


PokerStars Hand #147515705203:  Hold'em Limit ($3/$6 USD) - 2016/01/22 22:26:38 ET
Table 'Columbia II' 6-max Seat #5 is the button
Seat 3: alfredg ($156.57 in chips)
Seat 5: scorpio04 ($157.31 in chips)
scorpio04: posts small blind $1
Masqb: is sitting out
alfredg: posts big blind $3
*** HOLE CARDS ***
scorpio04: raises $3 to $6
alfredg: calls $3
*** FLOP *** [Kc Qs Th]
Masqb leaves the table
alfredg: checks
scorpio04: bets $3
alfredg: folds
Uncalled bet ($3) returned to scorpio04
scorpio04 collected $11.76 from pot
scorpio04: doesn't show hand
*** SUMMARY ***
Total pot $12 | Rake $0.24
Board [Kc Qs Th]
Seat 3: alfredg (big blind) folded on the Flop
Seat 5: scorpio04 (button) (small blind) collected ($11.76)


PokerStars Hand #147515717807:  Hold'em Limit ($3/$6 USD) - 2016/01/22 22:27:08 ET
Table 'Columbia II' 6-max Seat #5 is the button
Seat 3: alfredg ($149.57 in chips)
Seat 5: scorpio04 ($164.07 in chips)
scorpio04: posts small blind $1
alfredg: posts big blind $3
*** HOLE CARDS ***
scorpio04: folds
Uncalled bet ($2) returned to alfredg
alfredg collected $2 from pot
*** SUMMARY ***
Total pot $2 | Rake $0
Seat 3: alfredg (big blind) collected ($2)
Seat 5: scorpio04 (button) (small blind) folded before Flop


PokerStars Hand #147515714759:  Hold'em Limit ($3/$6 USD) - 2016/01/22 22:27:01 ET
Table 'Columbia II' 6-max Seat #3 is the button
Seat 3: alfredg ($150.57 in chips)
Seat 5: scorpio04 ($163.07 in chips)
alfredg: posts small blind $1
scorpio04: posts big blind $3
*** HOLE CARDS ***
alfredg: folds
Uncalled bet ($2) returned to scorpio04
scorpio04 collected $2 from pot
scorpio04: doesn't show hand
*** SUMMARY ***
Total pot $2 | Rake $0
Seat 3: alfredg (button) (small blind) folded before Flop
Seat 5: scorpio04 (big blind) collected ($2)


PokerStars Hand #147515719783:  Hold'em Limit ($3/$6 USD) - 2016/01/22 22:27:13 ET
Table 'Columbia II' 6-max Seat #3 is the button
Seat 3: alfredg ($150.57 in chips)
Seat 5: scorpio04 ($163.07 in chips)
alfredg: posts small blind $1
scorpio04: posts big blind $3
*** HOLE CARDS ***
alfredg: calls $2
scorpio04: checks
*** FLOP *** [Jd 6d 7c]
scorpio04: checks
alfredg: checks
*** TURN *** [Jd 6d 7c] [9h]
scorpio04: bets $6
alfredg: calls $6
*** RIVER *** [Jd 6d 7c 9h] [7h]
scorpio04: bets $6
alfredg: calls $6
*** SHOW DOWN ***
scorpio04: shows [Tc 3h] (a pair of Sevens)
alfredg: shows [9c Td] (two pair, Nines and Sevens)
alfredg collected $29.50 from pot
*** SUMMARY ***
Total pot $30 | Rake $0.50
Board [Jd 6d 7c 9h 7h]
Seat 3: alfredg (button) (small blind) showed [9c Td] and won ($29.50) with two pair, Nines and Sevens
Seat 5: scorpio04 (big blind) showed [Tc 3h] and lost with a pair of Sevens


PokerStars Hand #147515737276:  Hold'em Limit ($3/$6 USD) - 2016/01/22 22:27:56 ET
Table 'Columbia II' 6-max Seat #3 is the button
Seat 3: alfredg ($159.07 in chips)
Seat 5: scorpio04 ($153.83 in chips)
alfredg: posts small blind $1
scorpio04: posts big blind $3
*** HOLE CARDS ***
alfredg: folds
Uncalled bet ($2) returned to scorpio04
scorpio04 collected $2 from pot
scorpio04: doesn't show hand
*** SUMMARY ***
Total pot $2 | Rake $0
Seat 3: alfredg (button) (small blind) folded before Flop
Seat 5: scorpio04 (big blind) collected ($2)


PokerStars Hand #147515730229:  Hold'em Limit ($3/$6 USD) - 2016/01/22 22:27:39 ET
Table 'Columbia II' 6-max Seat #5 is the button
Seat 3: alfredg ($165.07 in chips)
Seat 5: scorpio04 ($148.07 in chips)
scorpio04: posts small blind $1
alfredg: posts big blind $3
*** HOLE CARDS ***
scorpio04: raises $3 to $6
alfredg: calls $3
*** FLOP *** [9c Td 4c]
alfredg: checks
scorpio04: bets $3
alfredg: folds
Uncalled bet ($3) returned to scorpio04
scorpio04 collected $11.76 from pot
scorpio04: doesn't show hand
*** SUMMARY ***
Total pot $12 | Rake $0.24
Board [9c Td 4c]
Seat 3: alfredg (big blind) folded on the Flop
Seat 5: scorpio04 (button) (small blind) collected ($11.76)


PokerStars Hand #147515740086:  Hold'em Limit ($3/$6 USD) - 2016/01/22 22:28:03 ET
Table 'Columbia II' 6-max Seat #5 is the button
Seat 3: alfredg ($158.07 in chips)
Seat 5: scorpio04 ($154.83 in chips)
scorpio04: posts small blind $1
alfredg: posts big blind $3
*** HOLE CARDS ***
scorpio04: folds
Uncalled bet ($2) returned to alfredg
alfredg collected $2 from pot
*** SUMMARY ***
Total pot $2 | Rake $0
Seat 3: alfredg (big blind) collected ($2)
Seat 5: scorpio04 (button) (small blind) folded before Flop


PokerStars Hand #147515742826:  Hold'em Limit ($3/$6 USD) - 2016/01/22 22:28:10 ET
Table 'Columbia II' 6-max Seat #3 is the button
Seat 3: alfredg ($159.07 in chips)
Seat 5: scorpio04 ($153.83 in chips)
alfredg: posts small blind $1
scorpio04: posts big blind $3
*** HOLE CARDS ***
alfredg: raises $3 to $6
scorpio04: calls $3
*** FLOP *** [8d 7c 9c]
scorpio04: checks
alfredg: bets $3
scorpio04: calls $3
*** TURN *** [8d 7c 9c] [Jd]
scorpio04: checks
alfredg: bets $6
scorpio04: raises $6 to $12
alfredg: calls $6
*** RIVER *** [8d 7c 9c Jd] [Ac]
scorpio04: bets $6
alfredg: folds
Uncalled bet ($6) returned to scorpio04
scorpio04 collected $41.50 from pot
scorpio04: doesn't show hand
*** SUMMARY ***
Total pot $42 | Rake $0.50
Board [8d 7c 9c Jd Ac]
Seat 3: alfredg (button) (small blind) folded on the River
Seat 5: scorpio04 (big blind) collected ($41.50)


PokerStars Hand #147515756992:  Hold'em Limit ($3/$6 USD) - 2016/01/22 22:28:45 ET
Table 'Columbia II' 6-max Seat #5 is the button
Seat 3: alfredg ($138.07 in chips)
Seat 5: scorpio04 ($174.33 in chips)
scorpio04: posts small blind $1
alfredg: posts big blind $3
*** HOLE CARDS ***
scorpio04: raises $3 to $6
alfredg: calls $3
*** FLOP *** [Jc 7c Ks]
alfredg: checks
scorpio04: bets $3
alfredg: folds
Uncalled bet ($3) returned to scorpio04
scorpio04 collected $11.76 from pot
scorpio04: doesn't show hand
*** SUMMARY ***
Total pot $12 | Rake $0.24
Board [Jc 7c Ks]
Seat 3: alfredg (big blind) folded on the Flop
Seat 5: scorpio04 (button) (small blind) collected ($11.76)


PokerStars Hand #147516839549:  Hold'em Limit ($3/$6 USD) - 2016/01/22 23:17:12 ET
Table 'Columbia II' 6-max Seat #1 is the button
Seat 1: amarillo778 ($114 in chips)
Seat 6: chipmover360 ($125.76 in chips)
amarillo778: posts small blind $1
chipmover360: posts big blind $3
*** HOLE CARDS ***
amarillo778: raises $3 to $6
chipmover360: raises $3 to $9
amarillo778: calls $3
*** FLOP *** [6d 5c Ts]
chipmover360: bets $3
amarillo778: calls $3
*** TURN *** [6d 5c Ts] [8s]
chipmover360: checks
amarillo778: bets $6
chipmover360: calls $6
*** RIVER *** [6d 5c Ts 8s] [As]
chipmover360: bets $6
amarillo778: folds
Uncalled bet ($6) returned to chipmover360
chipmover360 collected $35.50 from pot
chipmover360: doesn't show hand
*** SUMMARY ***
Total pot $36 | Rake $0.50
Board [6d 5c Ts 8s As]
Seat 1: amarillo778 (button) (small blind) folded on the River
Seat 6: chipmover360 (big blind) collected ($35.50)


PokerStars Hand #147516827726:  Hold'em Limit ($3/$6 USD) - 2016/01/22 23:16:39 ET
Table 'Columbia II' 6-max Seat #6 is the button
Seat 1: amarillo778 ($120 in chips)
Seat 6: chipmover360 ($120 in chips)
chipmover360: posts small blind $1
amarillo778: posts big blind $3
*** HOLE CARDS ***
chipmover360: raises $3 to $6
amarillo778: calls $3
*** FLOP *** [Qc Tc Qs]
amarillo778: checks
chipmover360: checks
*** TURN *** [Qc Tc Qs] [6c]
amarillo778: checks
chipmover360: checks
*** RIVER *** [Qc Tc Qs 6c] [9c]
amarillo778: checks
chipmover360: bets $6
amarillo778: folds
Uncalled bet ($6) returned to chipmover360
chipmover360 collected $11.76 from pot
chipmover360: doesn't show hand
*** SUMMARY ***
Total pot $12 | Rake $0.24
Board [Qc Tc Qs 6c 9c]
Seat 1: amarillo778 (big blind) folded on the River
Seat 6: chipmover360 (button) (small blind) collected ($11.76)


PokerStars Hand #147516872084:  Hold'em Limit ($3/$6 USD) - 2016/01/22 23:18:44 ET
Table 'Columbia II' 6-max Seat #6 is the button
Seat 1: amarillo778 ($120 in chips)
Seat 6: chipmover360 ($118.02 in chips)
chipmover360: posts small blind $1
amarillo778: posts big blind $3
*** HOLE CARDS ***
chipmover360: raises $3 to $6
amarillo778: folds
Uncalled bet ($3) returned to chipmover360
chipmover360 collected $6 from pot
chipmover360: doesn't show hand
*** SUMMARY ***
Total pot $6 | Rake $0
Seat 1: amarillo778 (big blind) folded before Flop
Seat 6: chipmover360 (button) (small blind) collected ($6)


PokerStars Hand #147516870154:  Hold'em Limit ($3/$6 USD) - 2016/01/22 23:18:39 ET
Table 'Columbia II' 6-max Seat #1 is the button
Seat 1: amarillo778 ($121 in chips)
Seat 6: chipmover360 ($117.02 in chips)
amarillo778: posts small blind $1
chipmover360: posts big blind $3
*** HOLE CARDS ***
amarillo778: folds
Uncalled bet ($2) returned to chipmover360
chipmover360 collected $2 from pot
chipmover360: doesn't show hand
*** SUMMARY ***
Total pot $2 | Rake $0
Seat 1: amarillo778 (button) (small blind) folded before Flop
Seat 6: chipmover360 (big blind) collected ($2)


PokerStars Hand #147516859004:  Hold'em Limit ($3/$6 USD) - 2016/01/22 23:18:07 ET
Table 'Columbia II' 6-max Seat #1 is the button
Seat 1: amarillo778 ($86 in chips)
Seat 6: chipmover360 ($153.02 in chips)
amarillo778: posts small blind $1
chipmover360: posts big blind $3
*** HOLE CARDS ***
amarillo778: raises $3 to $6
chipmover360: calls $3
*** FLOP *** [Ks 8s 9c]
chipmover360: checks
amarillo778: checks
*** TURN *** [Ks 8s 9c] [Th]
chipmover360: bets $6
amarillo778: calls $6
*** RIVER *** [Ks 8s 9c Th] [7s]
chipmover360: checks
amarillo778: bets $6
chipmover360: calls $6
*** SHOW DOWN ***
amarillo778: shows [Jc 9s] (a straight, Seven to Jack)
chipmover360: mucks hand
amarillo778 collected $35.50 from pot
*** SUMMARY ***
Total pot $36 | Rake $0.50
Board [Ks 8s 9c Th 7s]
Seat 1: amarillo778 (button) (small blind) showed [Jc 9s] and won ($35.50) with a straight, Seven to Jack
Seat 6: chipmover360 (big blind) mucked


PokerStars Hand #147516857006:  Hold'em Limit ($3/$6 USD) - 2016/01/22 23:18:01 ET
Table 'Columbia II' 6-max Seat #6 is the button
Seat 1: amarillo778 ($89 in chips)
Seat 6: chipmover360 ($150.02 in chips)
chipmover360: posts small blind $1
amarillo778: posts big blind $3
*** HOLE CARDS ***
chipmover360: raises $3 to $6
amarillo778: folds
Uncalled bet ($3) returned to chipmover360
chipmover360 collected $6 from pot
chipmover360: doesn't show hand
*** SUMMARY ***
Total pot $6 | Rake $0
Seat 1: amarillo778 (big blind) folded before Flop
Seat 6: chipmover360 (button) (small blind) collected ($6)


PokerStars Hand #147516855021:  Hold'em Limit ($3/$6 USD) - 2016/01/22 23:17:56 ET
Table 'Columbia II' 6-max Seat #1 is the button
Seat 1: amarillo778 ($90 in chips)
Seat 6: chipmover360 ($149.02 in chips)
amarillo778: posts small blind $1
chipmover360: posts big blind $3
*** HOLE CARDS ***
amarillo778: folds
Uncalled bet ($2) returned to chipmover360
chipmover360 collected $2 from pot
chipmover360: doesn't show hand
*** SUMMARY ***
Total pot $2 | Rake $0
Seat 1: amarillo778 (button) (small blind) folded before Flop
Seat 6: chipmover360 (big blind) collected ($2)


PokerStars Hand #147516849373:  Hold'em Limit ($3/$6 USD) - 2016/01/22 23:17:40 ET
Table 'Columbia II' 6-max Seat #6 is the button
Seat 1: amarillo778 ($96 in chips)
Seat 6: chipmover360 ($143.26 in chips)
chipmover360: posts small blind $1
amarillo778: posts big blind $3
*** HOLE CARDS ***
chipmover360: raises $3 to $6
amarillo778: calls $3
*** FLOP *** [Kh 5d Qc]
amarillo778: checks
chipmover360: checks
*** TURN *** [Kh 5d Qc] [Qh]
amarillo778: checks
chipmover360: checks
*** RIVER *** [Kh 5d Qc Qh] [As]
amarillo778: checks
chipmover360: bets $6
amarillo778: folds
Uncalled bet ($6) returned to chipmover360
chipmover360 collected $11.76 from pot
chipmover360: doesn't show hand
*** SUMMARY ***
Total pot $12 | Rake $0.24
Board [Kh 5d Qc Qh As]
Seat 1: amarillo778 (big blind) folded on the River
Seat 6: chipmover360 (button) (small blind) collected ($11.76)


PokerStars Hand #147516864327:  Hold'em Limit ($3/$6 USD) - 2016/01/22 23:18:22 ET
Table 'Columbia II' 6-max Seat #6 is the button
Seat 1: amarillo778 ($103.50 in chips)
Seat 6: chipmover360 ($135.02 in chips)
chipmover360: posts small blind $1
amarillo778: posts big blind $3
*** HOLE CARDS ***
chipmover360: raises $3 to $6
amarillo778: calls $3
*** FLOP *** [Ts 8h Kh]
amarillo778: checks
chipmover360: checks
*** TURN *** [Ts 8h Kh] [4d]
amarillo778: bets $6
chipmover360: calls $6
*** RIVER *** [Ts 8h Kh 4d] [2d]
amarillo778: bets $6
chipmover360: calls $6
*** SHOW DOWN ***
amarillo778: shows [2h Th] (two pair, Tens and Deuces)
chipmover360: mucks hand
amarillo778 collected $35.50 from pot
*** SUMMARY ***
Total pot $36 | Rake $0.50
Board [Ts 8h Kh 4d 2d]
Seat 1: amarillo778 (big blind) showed [2h Th] and won ($35.50) with two pair, Tens and Deuces
Seat 6: chipmover360 (button) (small blind) mucked


PokerStars Hand #147516885123:  Hold'em Limit ($3/$6 USD) - 2016/01/22 23:19:22 ET
Table 'Columbia II' 6-max Seat #1 is the button
Seat 1: amarillo778 ($131.50 in chips)
Seat 6: chipmover360 ($105.66 in chips)
amarillo778: posts small blind $1
chipmover360: posts big blind $3
*** HOLE CARDS ***
amarillo778: folds
Uncalled bet ($2) returned to chipmover360
chipmover360 collected $2 from pot
chipmover360: doesn't show hand
*** SUMMARY ***
Total pot $2 | Rake $0
Seat 1: amarillo778 (button) (small blind) folded before Flop
Seat 6: chipmover360 (big blind) collected ($2)


PokerStars Hand #147516878042:  Hold'em Limit ($3/$6 USD) - 2016/01/22 23:19:01 ET
Table 'Columbia II' 6-max Seat #6 is the button
Seat 1: amarillo778 ($108 in chips)
Seat 6: chipmover360 ($129.66 in chips)
chipmover360: posts small blind $1
amarillo778: posts big blind $3
*** HOLE CARDS ***
chipmover360: raises $3 to $6
amarillo778: raises $3 to $9
chipmover360: calls $3
*** FLOP *** [3s 5d 3h]
amarillo778: bets $3
chipmover360: calls $3
*** TURN *** [3s 5d 3h] [2s]
amarillo778: bets $6
chipmover360: calls $6
*** RIVER *** [3s 5d 3h 2s] [Js]
amarillo778: bets $6
chipmover360: calls $6
*** SHOW DOWN ***
amarillo778: shows [9c 9d] (two pair, Nines and Threes)
chipmover360: mucks hand
amarillo778 collected $47.50 from pot
*** SUMMARY ***
Total pot $48 | Rake $0.50
Board [3s 5d 3h 2s Js]
Seat 1: amarillo778 (big blind) showed [9c 9d] and won ($47.50) with two pair, Nines and Threes
Seat 6: chipmover360 (button) (small blind) mucked


PokerStars Hand #147516887241:  Hold'em Limit ($3/$6 USD) - 2016/01/22 23:19:28 ET
Table 'Columbia II' 6-max Seat #6 is the button
Seat 1: amarillo778 ($130.50 in chips)
Seat 6: chipmover360 ($106.66 in chips)
chipmover360: posts small blind $1
amarillo778: posts big blind $3
*** HOLE CARDS ***
chipmover360: raises $3 to $6
amarillo778: calls $3
*** FLOP *** [Kd 5s Qc]
amarillo778: checks
chipmover360: bets $3
amarillo778: calls $3
*** TURN *** [Kd 5s Qc] [Td]
amarillo778: checks
chipmover360: checks
*** RIVER *** [Kd 5s Qc Td] [8c]
amarillo778: bets $6
chipmover360: calls $6
*** SHOW DOWN ***
amarillo778: shows [5h 7s] (a pair of Fives)
chipmover360: shows [3c Qs] (a pair of Queens)
chipmover360 collected $29.50 from pot
*** SUMMARY ***
Total pot $30 | Rake $0.50
Board [Kd 5s Qc Td 8c]
Seat 1: amarillo778 (big blind) showed [5h 7s] and lost with a pair of Fives
Seat 6: chipmover360 (button) (small blind) showed [3c Qs] and won ($29.50) with a pair of Queens


PokerStars Hand #147516874420:  Hold'em Limit ($3/$6 USD) - 2016/01/22 23:18:51 ET
Table 'Columbia II' 6-max Seat #1 is the button
Seat 1: amarillo778 ($117 in chips)
Seat 6: chipmover360 ($121.02 in chips)
amarillo778: posts small blind $1
chipmover360: posts big blind $3
*** HOLE CARDS ***
amarillo778: raises $3 to $6
chipmover360: raises $3 to $9
amarillo778: calls $3
*** FLOP *** [7h 6h Qd]
chipmover360: bets $3
amarillo778: folds
Uncalled bet ($3) returned to chipmover360
chipmover360 collected $17.64 from pot
chipmover360: doesn't show hand
*** SUMMARY ***
Total pot $18 | Rake $0.36
Board [7h 6h Qd]
Seat 1: amarillo778 (button) (small blind) folded on the Flop
Seat 6: chipmover360 (big blind) collected ($17.64)


PokerStars Hand #147516893483:  Hold'em Limit ($3/$6 USD) - 2016/01/22 23:19:45 ET
Table 'Columbia II' 6-max Seat #1 is the button
Seat 1: amarillo778 ($115.50 in chips)
Seat 6: chipmover360 ($121.16 in chips)
amarillo778: posts small blind $1
chipmover360: posts big blind $3
*** HOLE CARDS ***
amarillo778: folds
Uncalled bet ($2) returned to chipmover360
chipmover360 collected $2 from pot
chipmover360: doesn't show hand
*** SUMMARY ***
Total pot $2 | Rake $0
Seat 1: amarillo778 (button) (small blind) folded before Flop
Seat 6: chipmover360 (big blind) collected ($2)


PokerStars Hand #147516903554:  Hold'em Limit ($3/$6 USD) - 2016/01/22 23:20:14 ET
Table 'Columbia II' 6-max Seat #1 is the button
Seat 1: amarillo778 ($138 in chips)
Seat 6: chipmover360 ($98.16 in chips)
amarillo778: posts small blind $1
chipmover360: posts big blind $3
*** HOLE CARDS ***
amarillo778: folds
Uncalled bet ($2) returned to chipmover360
chipmover360 collected $2 from pot
chipmover360: doesn't show hand
*** SUMMARY ***
Total pot $2 | Rake $0
Seat 1: amarillo778 (button) (small blind) folded before Flop
Seat 6: chipmover360 (big blind) collected ($2)


PokerStars Hand #147516896017:  Hold'em Limit ($3/$6 USD) - 2016/01/22 23:19:53 ET
Table 'Columbia II' 6-max Seat #6 is the button
Seat 1: amarillo778 ($114.50 in chips)
Seat 6: chipmover360 ($122.16 in chips)
chipmover360: posts small blind $1
amarillo778: posts big blind $3
*** HOLE CARDS ***
chipmover360: raises $3 to $6
amarillo778: raises $3 to $9
chipmover360: calls $3
*** FLOP *** [9s 8s 2s]
amarillo778: bets $3
chipmover360: calls $3
*** TURN *** [9s 8s 2s] [Qs]
amarillo778: checks
chipmover360: bets $6
amarillo778: calls $6
*** RIVER *** [9s 8s 2s Qs] [Jh]
amarillo778: bets $6
chipmover360: calls $6
*** SHOW DOWN ***
amarillo778: shows [Kh As] (a flush, Ace high)
chipmover360: mucks hand
amarillo778 collected $47.50 from pot
*** SUMMARY ***
Total pot $48 | Rake $0.50
Board [9s 8s 2s Qs Jh]
Seat 1: amarillo778 (big blind) showed [Kh As] and won ($47.50) with a flush, Ace high
Seat 6: chipmover360 (button) (small blind) mucked


PokerStars Hand #147516946475:  Hold'em Limit ($3/$6 USD) - 2016/01/22 23:22:18 ET
Table 'Columbia II' 6-max Seat #6 is the button
Seat 1: amarillo778 ($121 in chips)
Seat 6: chipmover360 ($114.66 in chips)
chipmover360: posts small blind $1
amarillo778: posts big blind $3
*** HOLE CARDS ***
chipmover360: raises $3 to $6
amarillo778: folds
Uncalled bet ($3) returned to chipmover360
chipmover360 collected $6 from pot
chipmover360: doesn't show hand
*** SUMMARY ***
Total pot $6 | Rake $0
Seat 1: amarillo778 (big blind) folded before Flop
Seat 6: chipmover360 (button) (small blind) collected ($6)


PokerStars Hand #147516943041:  Hold'em Limit ($3/$6 USD) - 2016/01/22 23:22:08 ET
Table 'Columbia II' 6-max Seat #1 is the button
Seat 1: amarillo778 ($122 in chips)
Seat 6: chipmover360 ($113.66 in chips)
amarillo778: posts small blind $1
chipmover360: posts big blind $3
*** HOLE CARDS ***
amarillo778: folds
Uncalled bet ($2) returned to chipmover360
chipmover360 collected $2 from pot
chipmover360: doesn't show hand
*** SUMMARY ***
Total pot $2 | Rake $0
Seat 1: amarillo778 (button) (small blind) folded before Flop
Seat 6: chipmover360 (big blind) collected ($2)


PokerStars Hand #147516955887:  Hold'em Limit ($3/$6 USD) - 2016/01/22 23:22:45 ET
Table 'Columbia II' 6-max Seat #6 is the button
Seat 1: amarillo778 ($138.50 in chips)
Seat 6: chipmover360 ($96.66 in chips)
chipmover360: posts small blind $1
amarillo778: posts big blind $3
*** HOLE CARDS ***
chipmover360: folds
Uncalled bet ($2) returned to amarillo778
amarillo778 collected $2 from pot
amarillo778: doesn't show hand
*** SUMMARY ***
Total pot $2 | Rake $0
Seat 1: amarillo778 (big blind) collected ($2)
Seat 6: chipmover360 (button) (small blind) folded before Flop


PokerStars Hand #147516948595:  Hold'em Limit ($3/$6 USD) - 2016/01/22 23:22:24 ET
Table 'Columbia II' 6-max Seat #1 is the button
Seat 1: amarillo778 ($118 in chips)
Seat 6: chipmover360 ($117.66 in chips)
amarillo778: posts small blind $1
chipmover360: posts big blind $3
*** HOLE CARDS ***
amarillo778: raises $3 to $6
chipmover360: calls $3
*** FLOP *** [9h 5d Qs]
chipmover360: checks
amarillo778: bets $3
chipmover360: calls $3
*** TURN *** [9h 5d Qs] [Qh]
chipmover360: checks
amarillo778: bets $6
chipmover360: calls $6
*** RIVER *** [9h 5d Qs Qh] [8s]
chipmover360: checks
amarillo778: bets $6
chipmover360: calls $6
*** SHOW DOWN ***
amarillo778: shows [Kd 9s] (two pair, Queens and Nines)
chipmover360: mucks hand
amarillo778 collected $41.50 from pot
*** SUMMARY ***
Total pot $42 | Rake $0.50
Board [9h 5d Qs Qh 8s]
Seat 1: amarillo778 (button) (small blind) showed [Kd 9s] and won ($41.50) with two pair, Queens and Nines
Seat 6: chipmover360 (big blind) mucked


PokerStars Hand #147516936122:  Hold'em Limit ($3/$6 USD) - 2016/01/22 23:21:49 ET
Table 'Columbia II' 6-max Seat #6 is the button
Seat 1: amarillo778 ($137 in chips)
Seat 6: chipmover360 ($99.16 in chips)
chipmover360: posts small blind $1
amarillo778: posts big blind $3
*** HOLE CARDS ***
chipmover360: raises $3 to $6
amarillo778: calls $3
*** FLOP *** [9d Jd Qs]
amarillo778: checks
chipmover360: bets $3
amarillo778: calls $3
*** TURN *** [9d Jd Qs] [7s]
amarillo778: checks
chipmover360: checks
*** RIVER *** [9d Jd Qs 7s] [5c]
amarillo778: checks
chipmover360: bets $6
amarillo778: calls $6
*** SHOW DOWN ***
chipmover360: shows [Js 8d] (a pair of Jacks)
amarillo778: mucks hand
chipmover360 collected $29.50 from pot
*** SUMMARY ***
Total pot $30 | Rake $0.50
Board [9d Jd Qs 7s 5c]
Seat 1: amarillo778 (big blind) mucked
Seat 6: chipmover360 (button) (small blind) showed [Js 8d] and won ($29.50) with a pair of Jacks


PokerStars Hand #147516972840:  Hold'em Limit ($3/$6 USD) - 2016/01/22 23:23:34 ET
Table 'Columbia II' 6-max Seat #6 is the button
Seat 1: amarillo778 ($135.14 in chips)
Seat 6: chipmover360 ($99.18 in chips)
chipmover360: posts small blind $1
amarillo778: posts big blind $3
*** HOLE CARDS ***
chipmover360: raises $3 to $6
amarillo778: folds
Uncalled bet ($3) returned to chipmover360
chipmover360 collected $6 from pot
chipmover360: doesn't show hand
*** SUMMARY ***
Total pot $6 | Rake $0
Seat 1: amarillo778 (big blind) folded before Flop
Seat 6: chipmover360 (button) (small blind) collected ($6)


PokerStars Hand #147516966173:  Hold'em Limit ($3/$6 USD) - 2016/01/22 23:23:15 ET
Table 'Columbia II' 6-max Seat #1 is the button
Seat 1: amarillo778 ($147.14 in chips)
Seat 6: chipmover360 ($87.66 in chips)
amarillo778: posts small blind $1
chipmover360: posts big blind $3
*** HOLE CARDS ***
amarillo778: raises $3 to $6
chipmover360: calls $3
*** FLOP *** [8h 3c 3h]
chipmover360: checks
amarillo778: bets $3
chipmover360: raises $3 to $6
amarillo778: calls $3
*** TURN *** [8h 3c 3h] [4c]
chipmover360: checks
amarillo778: checks
*** RIVER *** [8h 3c 3h 4c] [Ts]
chipmover360: checks
amarillo778: checks
*** SHOW DOWN ***
chipmover360: shows [Ah 6d] (a pair of Threes)
amarillo778: mucks hand
chipmover360 collected $23.52 from pot
*** SUMMARY ***
Total pot $24 | Rake $0.48
Board [8h 3c 3h 4c Ts]
Seat 1: amarillo778 (button) (small blind) mucked
Seat 6: chipmover360 (big blind) showed [Ah 6d] and won ($23.52) with a pair of Threes


PokerStars Hand #147516959457:  Hold'em Limit ($3/$6 USD) - 2016/01/22 23:22:55 ET
Table 'Columbia II' 6-max Seat #6 is the button
Seat 1: amarillo778 ($138.50 in chips)
Seat 6: chipmover360 ($96.66 in chips)
chipmover360: posts small blind $1
amarillo778: posts big blind $3
*** HOLE CARDS ***
chipmover360: raises $3 to $6
amarillo778: calls $3
*** FLOP *** [Qs 7c Ah]
amarillo778: checks
chipmover360: bets $3
amarillo778: calls $3
*** TURN *** [Qs 7c Ah] [2h]
amarillo778: checks
chipmover360: checks
*** RIVER *** [Qs 7c Ah 2h] [3h]
amarillo778: bets $6
chipmover360: folds
Uncalled bet ($6) returned to amarillo778
amarillo778 collected $17.64 from pot
amarillo778: doesn't show hand
*** SUMMARY ***
Total pot $18 | Rake $0.36
Board [Qs 7c Ah 2h 3h]
Seat 1: amarillo778 (big blind) collected ($17.64)
Seat 6: chipmover360 (button) (small blind) folded on the River


PokerStars Hand #147516974629:  Hold'em Limit ($3/$6 USD) - 2016/01/22 23:23:39 ET
Table 'Columbia II' 6-max Seat #1 is the button
Seat 1: amarillo778 ($132.14 in chips)
Seat 6: chipmover360 ($102.18 in chips)
amarillo778: posts small blind $1
chipmover360: posts big blind $3
*** HOLE CARDS ***
amarillo778: folds
Uncalled bet ($2) returned to chipmover360
chipmover360 collected $2 from pot
chipmover360: doesn't show hand
*** SUMMARY ***
Total pot $2 | Rake $0
Seat 1: amarillo778 (button) (small blind) folded before Flop
Seat 6: chipmover360 (big blind) collected ($2)


PokerStars Hand #147516957684:  Hold'em Limit ($3/$6 USD) - 2016/01/22 23:22:50 ET
Table 'Columbia II' 6-max Seat #1 is the button
Seat 1: amarillo778 ($139.50 in chips)
Seat 6: chipmover360 ($95.66 in chips)
amarillo778: posts small blind $1
chipmover360: posts big blind $3
*** HOLE CARDS ***
amarillo778: folds
Uncalled bet ($2) returned to chipmover360
chipmover360 collected $2 from pot
chipmover360: doesn't show hand
*** SUMMARY ***
Total pot $2 | Rake $0
Seat 1: amarillo778 (button) (small blind) folded before Flop
Seat 6: chipmover360 (big blind) collected ($2)


PokerStars Hand #147516989491:  Hold'em Limit ($3/$6 USD) - 2016/01/22 23:24:22 ET
Table 'Columbia II' 6-max Seat #1 is the button
Seat 1: amarillo778 ($141.64 in chips)
Seat 6: chipmover360 ($91.94 in chips)
amarillo778: posts small blind $1
chipmover360: posts big blind $3
*** HOLE CARDS ***
amarillo778: folds
Uncalled bet ($2) returned to chipmover360
chipmover360 collected $2 from pot
chipmover360: doesn't show hand
*** SUMMARY ***
Total pot $2 | Rake $0
Seat 1: amarillo778 (button) (small blind) folded before Flop
Seat 6: chipmover360 (big blind) collected ($2)


PokerStars Hand #147516984144:  Hold'em Limit ($3/$6 USD) - 2016/01/22 23:24:07 ET
Table 'Columbia II' 6-max Seat #6 is the button
Seat 1: amarillo778 ($147.64 in chips)
Seat 6: chipmover360 ($86.18 in chips)
chipmover360: posts small blind $1
amarillo778: posts big blind $3
*** HOLE CARDS ***
chipmover360: raises $3 to $6
amarillo778: calls $3
*** FLOP *** [4d Jd 4h]
amarillo778: checks
chipmover360: bets $3
amarillo778: folds
Uncalled bet ($3) returned to chipmover360
chipmover360 collected $11.76 from pot
chipmover360: doesn't show hand
*** SUMMARY ***
Total pot $12 | Rake $0.24
Board [4d Jd 4h]
Seat 1: amarillo778 (big blind) folded on the Flop
Seat 6: chipmover360 (button) (small blind) collected ($11.76)


PokerStars Hand #147516976383:  Hold'em Limit ($3/$6 USD) - 2016/01/22 23:23:44 ET
Table 'Columbia II' 6-max Seat #6 is the button
Seat 1: amarillo778 ($131.14 in chips)
Seat 6: chipmover360 ($103.18 in chips)
chipmover360: posts small blind $1
amarillo778: posts big blind $3
*** HOLE CARDS ***
chipmover360: raises $3 to $6
amarillo778: raises $3 to $9
chipmover360: calls $3
*** FLOP *** [4s Jd 7c]
amarillo778: bets $3
chipmover360: calls $3
*** TURN *** [4s Jd 7c] [4h]
amarillo778: bets $6
chipmover360: calls $6
*** RIVER *** [4s Jd 7c 4h] [4d]
amarillo778: bets $6
chipmover360: folds
Uncalled bet ($6) returned to amarillo778
amarillo778 collected $35.50 from pot
amarillo778: doesn't show hand
*** SUMMARY ***
Total pot $36 | Rake $0.50
Board [4s Jd 7c 4h 4d]
Seat 1: amarillo778 (big blind) collected ($35.50)
Seat 6: chipmover360 (button) (small blind) folded on the River


PokerStars Hand #147516982165:  Hold'em Limit ($3/$6 USD) - 2016/01/22 23:24:01 ET
Table 'Columbia II' 6-max Seat #1 is the button
Seat 1: amarillo778 ($148.64 in chips)
Seat 6: chipmover360 ($85.18 in chips)
amarillo778: posts small blind $1
chipmover360: posts big blind $3
*** HOLE CARDS ***
amarillo778: folds
Uncalled bet ($2) returned to chipmover360
chipmover360 collected $2 from pot
chipmover360: doesn't show hand
*** SUMMARY ***
Total pot $2 | Rake $0
Seat 1: amarillo778 (button) (small blind) folded before Flop
Seat 6: chipmover360 (big blind) collected ($2)


PokerStars Hand #147516996503:  Hold'em Limit ($3/$6 USD) - 2016/01/22 23:24:43 ET
Table 'Columbia II' 6-max Seat #1 is the button
Seat 1: amarillo778 ($137.64 in chips)
Seat 6: chipmover360 ($95.94 in chips)
amarillo778: posts small blind $1
chipmover360: posts big blind $3
*** HOLE CARDS ***
amarillo778: folds
Uncalled bet ($2) returned to chipmover360
chipmover360 collected $2 from pot
chipmover360: doesn't show hand
*** SUMMARY ***
Total pot $2 | Rake $0
Seat 1: amarillo778 (button) (small blind) folded before Flop
Seat 6: chipmover360 (big blind) collected ($2)


PokerStars Hand #147516992766:  Hold'em Limit ($3/$6 USD) - 2016/01/22 23:24:32 ET
Table 'Columbia II' 6-max Seat #6 is the button
Seat 1: amarillo778 ($140.64 in chips)
Seat 6: chipmover360 ($92.94 in chips)
chipmover360: posts small blind $1
amarillo778: posts big blind $3
*** HOLE CARDS ***
chipmover360: raises $3 to $6
amarillo778: folds
Uncalled bet ($3) returned to chipmover360
chipmover360 collected $6 from pot
chipmover360: doesn't show hand
*** SUMMARY ***
Total pot $6 | Rake $0
Seat 1: amarillo778 (big blind) folded before Flop
Seat 6: chipmover360 (button) (small blind) collected ($6)


PokerStars Hand #147517005350:  Hold'em Limit ($3/$6 USD) - 2016/01/22 23:25:08 ET
Table 'Columbia II' 6-max Seat #6 is the button
Seat 1: amarillo778 ($136.64 in chips)
Seat 6: chipmover360 ($96.94 in chips)
chipmover360: posts small blind $1
amarillo778: posts big blind $3
*** HOLE CARDS ***
chipmover360: raises $3 to $6
amarillo778: raises $3 to $9
chipmover360: raises $3 to $12
Betting is capped
amarillo778: calls $3
*** FLOP *** [Qh 8d 5d]
amarillo778: checks
chipmover360: bets $3
amarillo778: folds
Uncalled bet ($3) returned to chipmover360
chipmover360 collected $23.52 from pot
chipmover360: doesn't show hand
*** SUMMARY ***
Total pot $24 | Rake $0.48
Board [Qh 8d 5d]
Seat 1: amarillo778 (big blind) folded on the Flop
Seat 6: chipmover360 (button) (small blind) collected ($23.52)


PokerStars Hand #147517011900:  Hold'em Limit ($3/$6 USD) - 2016/01/22 23:25:27 ET
Table 'Columbia II' 6-max Seat #1 is the button
Seat 1: amarillo778 ($124.64 in chips)
Seat 6: chipmover360 ($108.46 in chips)
amarillo778: posts small blind $1
chipmover360: posts big blind $3
*** HOLE CARDS ***
amarillo778: raises $3 to $6
chipmover360: calls $3
*** FLOP *** [5s 6c 2c]
chipmover360: checks
amarillo778: bets $3
chipmover360: raises $3 to $6
amarillo778: calls $3
*** TURN *** [5s 6c 2c] [9s]
chipmover360: bets $6
amarillo778: calls $6
*** RIVER *** [5s 6c 2c 9s] [4d]
chipmover360: checks
amarillo778: checks
*** SHOW DOWN ***
chipmover360: shows [6s Js] (a pair of Sixes)
amarillo778: mucks hand
chipmover360 collected $35.50 from pot
*** SUMMARY ***
Total pot $36 | Rake $0.50
Board [5s 6c 2c 9s 4d]
Seat 1: amarillo778 (button) (small blind) mucked
Seat 6: chipmover360 (big blind) showed [6s Js] and won ($35.50) with a pair of Sixes


PokerStars Hand #147517000028:  Hold'em Limit ($3/$6 USD) - 2016/01/22 23:24:53 ET
Table 'Columbia II' 6-max Seat #1 is the button
Seat 1: amarillo778 ($137.64 in chips)
Seat 6: chipmover360 ($95.94 in chips)
amarillo778: posts small blind $1
chipmover360: posts big blind $3
*** HOLE CARDS ***
amarillo778: folds
Uncalled bet ($2) returned to chipmover360
chipmover360 collected $2 from pot
chipmover360: doesn't show hand
*** SUMMARY ***
Total pot $2 | Rake $0
Seat 1: amarillo778 (button) (small blind) folded before Flop
Seat 6: chipmover360 (big blind) collected ($2)


PokerStars Hand #147516998325:  Hold'em Limit ($3/$6 USD) - 2016/01/22 23:24:48 ET
Table 'Columbia II' 6-max Seat #6 is the button
Seat 1: amarillo778 ($136.64 in chips)
Seat 6: chipmover360 ($96.94 in chips)
chipmover360: posts small blind $1
amarillo778: posts big blind $3
*** HOLE CARDS ***
chipmover360: folds
Uncalled bet ($2) returned to amarillo778
amarillo778 collected $2 from pot
amarillo778: doesn't show hand
*** SUMMARY ***
Total pot $2 | Rake $0
Seat 1: amarillo778 (big blind) collected ($2)
Seat 6: chipmover360 (button) (small blind) folded before Flop


PokerStars Hand #147517003521:  Hold'em Limit ($3/$6 USD) - 2016/01/22 23:25:03 ET
Table 'Columbia II' 6-max Seat #1 is the button
Seat 1: amarillo778 ($137.64 in chips)
Seat 6: chipmover360 ($95.94 in chips)
amarillo778: posts small blind $1
chipmover360: posts big blind $3
*** HOLE CARDS ***
amarillo778: folds
Uncalled bet ($2) returned to chipmover360
chipmover360 collected $2 from pot
chipmover360: doesn't show hand
*** SUMMARY ***
Total pot $2 | Rake $0
Seat 1: amarillo778 (button) (small blind) folded before Flop
Seat 6: chipmover360 (big blind) collected ($2)


PokerStars Hand #147517001912:  Hold'em Limit ($3/$6 USD) - 2016/01/22 23:24:58 ET
Table 'Columbia II' 6-max Seat #6 is the button
Seat 1: amarillo778 ($136.64 in chips)
Seat 6: chipmover360 ($96.94 in chips)
chipmover360: posts small blind $1
amarillo778: posts big blind $3
*** HOLE CARDS ***
chipmover360: folds
Uncalled bet ($2) returned to amarillo778
amarillo778 collected $2 from pot
amarillo778: doesn't show hand
*** SUMMARY ***
Total pot $2 | Rake $0
Seat 1: amarillo778 (big blind) collected ($2)
Seat 6: chipmover360 (button) (small blind) folded before Flop


PokerStars Hand #147517027823:  Hold'em Limit ($3/$6 USD) - 2016/01/22 23:26:14 ET
Table 'Columbia II' 6-max Seat #1 is the button
Seat 1: amarillo778 ($100.64 in chips)
Seat 6: chipmover360 ($131.72 in chips)
amarillo778: posts small blind $1
chipmover360: posts big blind $3
*** HOLE CARDS ***
amarillo778: folds
Uncalled bet ($2) returned to chipmover360
chipmover360 collected $2 from pot
chipmover360: doesn't show hand
*** SUMMARY ***
Total pot $2 | Rake $0
Seat 1: amarillo778 (button) (small blind) folded before Flop
Seat 6: chipmover360 (big blind) collected ($2)


PokerStars Hand #147517025787:  Hold'em Limit ($3/$6 USD) - 2016/01/22 23:26:08 ET
Table 'Columbia II' 6-max Seat #6 is the button
Seat 1: amarillo778 ($103.64 in chips)
Seat 6: chipmover360 ($128.72 in chips)
chipmover360: posts small blind $1
amarillo778: posts big blind $3
*** HOLE CARDS ***
chipmover360: raises $3 to $6
amarillo778: folds
Uncalled bet ($3) returned to chipmover360
chipmover360 collected $6 from pot
chipmover360: doesn't show hand
*** SUMMARY ***
Total pot $6 | Rake $0
Seat 1: amarillo778 (big blind) folded before Flop
Seat 6: chipmover360 (button) (small blind) collected ($6)


PokerStars Hand #147517029467:  Hold'em Limit ($3/$6 USD) - 2016/01/22 23:26:19 ET
Table 'Columbia II' 6-max Seat #6 is the button
Seat 1: amarillo778 ($99.64 in chips)
Seat 6: chipmover360 ($132.72 in chips)
chipmover360: posts small blind $1
amarillo778: posts big blind $3
*** HOLE CARDS ***
chipmover360: raises $3 to $6
amarillo778: folds
Uncalled bet ($3) returned to chipmover360
chipmover360 collected $6 from pot
chipmover360: doesn't show hand
*** SUMMARY ***
Total pot $6 | Rake $0
Seat 1: amarillo778 (big blind) folded before Flop
Seat 6: chipmover360 (button) (small blind) collected ($6)


PokerStars Hand #147517035040:  Hold'em Limit ($3/$6 USD) - 2016/01/22 23:26:35 ET
Table 'Columbia II' 6-max Seat #6 is the button
Seat 1: amarillo778 ($87.64 in chips)
Seat 6: chipmover360 ($144.36 in chips)
chipmover360: posts small blind $1
amarillo778: posts big blind $3
*** HOLE CARDS ***
chipmover360: folds
Uncalled bet ($2) returned to amarillo778
amarillo778 collected $2 from pot
amarillo778: doesn't show hand
*** SUMMARY ***
Total pot $2 | Rake $0
Seat 1: amarillo778 (big blind) collected ($2)
Seat 6: chipmover360 (button) (small blind) folded before Flop


PokerStars Hand #147517031345:  Hold'em Limit ($3/$6 USD) - 2016/01/22 23:26:24 ET
Table 'Columbia II' 6-max Seat #1 is the button
Seat 1: amarillo778 ($96.64 in chips)
Seat 6: chipmover360 ($135.72 in chips)
amarillo778: posts small blind $1
chipmover360: posts big blind $3
*** HOLE CARDS ***
amarillo778: raises $3 to $6
chipmover360: raises $3 to $9
amarillo778: calls $3
*** FLOP *** [9h 7d Ks]
chipmover360: bets $3
amarillo778: folds
Uncalled bet ($3) returned to chipmover360
chipmover360 collected $17.64 from pot
chipmover360: doesn't show hand
*** SUMMARY ***
Total pot $18 | Rake $0.36
Board [9h 7d Ks]
Seat 1: amarillo778 (button) (small blind) folded on the Flop
Seat 6: chipmover360 (big blind) collected ($17.64)


PokerStars Hand #147517039164:  Hold'em Limit ($3/$6 USD) - 2016/01/22 23:26:47 ET
Table 'Columbia II' 6-max Seat #6 is the button
Seat 1: amarillo778 ($87.64 in chips)
Seat 6: chipmover360 ($144.36 in chips)
chipmover360: posts small blind $1
amarillo778: posts big blind $3
*** HOLE CARDS ***
chipmover360: folds
Uncalled bet ($2) returned to amarillo778
amarillo778 collected $2 from pot
amarillo778: doesn't show hand
*** SUMMARY ***
Total pot $2 | Rake $0
Seat 1: amarillo778 (big blind) collected ($2)
Seat 6: chipmover360 (button) (small blind) folded before Flop


PokerStars Hand #147517037092:  Hold'em Limit ($3/$6 USD) - 2016/01/22 23:26:41 ET
Table 'Columbia II' 6-max Seat #1 is the button
Seat 1: amarillo778 ($88.64 in chips)
Seat 6: chipmover360 ($143.36 in chips)
amarillo778: posts small blind $1
chipmover360: posts big blind $3
*** HOLE CARDS ***
amarillo778: folds
Uncalled bet ($2) returned to chipmover360
chipmover360 collected $2 from pot
chipmover360: doesn't show hand
*** SUMMARY ***
Total pot $2 | Rake $0
Seat 1: amarillo778 (button) (small blind) folded before Flop
Seat 6: chipmover360 (big blind) collected ($2)


PokerStars Hand #147517023722:  Hold'em Limit ($3/$6 USD) - 2016/01/22 23:26:02 ET
Table 'Columbia II' 6-max Seat #1 is the button
Seat 1: amarillo778 ($100.64 in chips)
Seat 6: chipmover360 ($131.72 in chips)
amarillo778: posts small blind $1
chipmover360: posts big blind $3
*** HOLE CARDS ***
amarillo778: raises $3 to $6
chipmover360: folds
Uncalled bet ($3) returned to amarillo778
amarillo778 collected $6 from pot
amarillo778: doesn't show hand
*** SUMMARY ***
Total pot $6 | Rake $0
Seat 1: amarillo778 (button) (small blind) collected ($6)
Seat 6: chipmover360 (big blind) folded before Flop


PokerStars Hand #147517020248:  Hold'em Limit ($3/$6 USD) - 2016/01/22 23:25:52 ET
Table 'Columbia II' 6-max Seat #6 is the button
Seat 1: amarillo778 ($106.64 in chips)
Seat 6: chipmover360 ($125.96 in chips)
chipmover360: posts small blind $1
amarillo778: posts big blind $3
*** HOLE CARDS ***
chipmover360: raises $3 to $6
amarillo778: calls $3
*** FLOP *** [8d Qd 3c]
amarillo778: checks
chipmover360: bets $3
amarillo778: folds
Uncalled bet ($3) returned to chipmover360
chipmover360 collected $11.76 from pot
chipmover360: doesn't show hand
*** SUMMARY ***
Total pot $12 | Rake $0.24
Board [8d Qd 3c]
Seat 1: amarillo778 (big blind) folded on the Flop
Seat 6: chipmover360 (button) (small blind) collected ($11.76)


PokerStars Hand #147517040869:  Hold'em Limit ($3/$6 USD) - 2016/01/22 23:26:52 ET
Table 'Columbia II' 6-max Seat #1 is the button
Seat 1: amarillo778 ($88.64 in chips)
Seat 6: chipmover360 ($143.36 in chips)
amarillo778: posts small blind $1
chipmover360: posts big blind $3
*** HOLE CARDS ***
amarillo778: calls $2
chipmover360: raises $3 to $6
amarillo778: calls $3
*** FLOP *** [2c 6c 6h]
chipmover360: bets $3
amarillo778: calls $3
*** TURN *** [2c 6c 6h] [Td]
chipmover360: checks
amarillo778: bets $6
chipmover360: calls $6
*** RIVER *** [2c 6c 6h Td] [8d]
chipmover360: checks
amarillo778: bets $6
chipmover360: calls $6
*** SHOW DOWN ***
amarillo778: shows [4h 5d] (a pair of Sixes)
chipmover360: shows [As 3c] (a pair of Sixes - Ace kicker)
chipmover360 collected $41.50 from pot
*** SUMMARY ***
Total pot $42 | Rake $0.50
Board [2c 6c 6h Td 8d]
Seat 1: amarillo778 (button) (small blind) showed [4h 5d] and lost with a pair of Sixes
Seat 6: chipmover360 (big blind) showed [As 3c] and won ($41.50) with a pair of Sixes


PokerStars Hand #147517054435:  Hold'em Limit ($3/$6 USD) - 2016/01/22 23:27:32 ET
Table 'Columbia II' 6-max Seat #6 is the button
Seat 1: amarillo778 ($60.64 in chips)
Seat 6: chipmover360 ($170.62 in chips)
chipmover360: posts small blind $1
amarillo778: posts big blind $3
*** HOLE CARDS ***
chipmover360: raises $3 to $6
amarillo778: folds
Uncalled bet ($3) returned to chipmover360
chipmover360 collected $6 from pot
chipmover360: doesn't show hand
*** SUMMARY ***
Total pot $6 | Rake $0
Seat 1: amarillo778 (big blind) folded before Flop
Seat 6: chipmover360 (button) (small blind) collected ($6)


PokerStars Hand #147517056325:  Hold'em Limit ($3/$6 USD) - 2016/01/22 23:27:38 ET
Table 'Columbia II' 6-max Seat #1 is the button
Seat 1: amarillo778 ($57.64 in chips)
Seat 6: chipmover360 ($173.62 in chips)
amarillo778: posts small blind $1
chipmover360: posts big blind $3
*** HOLE CARDS ***
amarillo778: raises $3 to $6
chipmover360: calls $3
*** FLOP *** [5c 2c Ad]
chipmover360: checks
amarillo778: bets $3
chipmover360: folds
Uncalled bet ($3) returned to amarillo778
amarillo778 collected $11.76 from pot
amarillo778: doesn't show hand
*** SUMMARY ***
Total pot $12 | Rake $0.24
Board [5c 2c Ad]
Seat 1: amarillo778 (button) (small blind) collected ($11.76)
Seat 6: chipmover360 (big blind) folded on the Flop


PokerStars Hand #147517052778:  Hold'em Limit ($3/$6 USD) - 2016/01/22 23:27:27 ET
Table 'Columbia II' 6-max Seat #1 is the button
Seat 1: amarillo778 ($61.64 in chips)
Seat 6: chipmover360 ($169.62 in chips)
amarillo778: posts small blind $1
chipmover360: posts big blind $3
*** HOLE CARDS ***
amarillo778: folds
Uncalled bet ($2) returned to chipmover360
chipmover360 collected $2 from pot
chipmover360: doesn't show hand
*** SUMMARY ***
Total pot $2 | Rake $0
Seat 1: amarillo778 (button) (small blind) folded before Flop
Seat 6: chipmover360 (big blind) collected ($2)


PokerStars Hand #147517048028:  Hold'em Limit ($3/$6 USD) - 2016/01/22 23:27:13 ET
Table 'Columbia II' 6-max Seat #6 is the button
Seat 1: amarillo778 ($67.64 in chips)
Seat 6: chipmover360 ($163.86 in chips)
chipmover360: posts small blind $1
amarillo778: posts big blind $3
*** HOLE CARDS ***
chipmover360: raises $3 to $6
amarillo778: calls $3
*** FLOP *** [Jh Ks 7h]
amarillo778: checks
chipmover360: checks
*** TURN *** [Jh Ks 7h] [2s]
amarillo778: checks
chipmover360: bets $6
amarillo778: folds
Uncalled bet ($6) returned to chipmover360
chipmover360 collected $11.76 from pot
chipmover360: doesn't show hand
*** SUMMARY ***
Total pot $12 | Rake $0.24
Board [Jh Ks 7h 2s]
Seat 1: amarillo778 (big blind) folded on the Turn
Seat 6: chipmover360 (button) (small blind) collected ($11.76)


PokerStars Hand #147517070532:  Hold'em Limit ($3/$6 USD) - 2016/01/22 23:28:20 ET
Table 'Columbia II' 6-max Seat #6 is the button
Seat 1: amarillo778 ($86.66 in chips)
Seat 6: chipmover360 ($143.62 in chips)
chipmover360: posts small blind $1
amarillo778: posts big blind $3
*** HOLE CARDS ***
chipmover360: folds
Uncalled bet ($2) returned to amarillo778
amarillo778 collected $2 from pot
amarillo778: doesn't show hand
*** SUMMARY ***
Total pot $2 | Rake $0
Seat 1: amarillo778 (big blind) collected ($2)
Seat 6: chipmover360 (button) (small blind) folded before Flop


PokerStars Hand #147517072208:  Hold'em Limit ($3/$6 USD) - 2016/01/22 23:28:24 ET
Table 'Columbia II' 6-max Seat #1 is the button
Seat 1: amarillo778 ($87.66 in chips)
Seat 6: chipmover360 ($142.62 in chips)
amarillo778: posts small blind $1
chipmover360: posts big blind $3
*** HOLE CARDS ***
amarillo778: raises $3 to $6
chipmover360: calls $3
*** FLOP *** [Tc 9d 7s]
chipmover360: checks
amarillo778: checks
*** TURN *** [Tc 9d 7s] [3d]
chipmover360: checks
amarillo778: checks
*** RIVER *** [Tc 9d 7s 3d] [6c]
chipmover360: checks
amarillo778: checks
*** SHOW DOWN ***
chipmover360: shows [3s Ks] (a pair of Threes)
amarillo778: mucks hand
chipmover360 collected $11.76 from pot
*** SUMMARY ***
Total pot $12 | Rake $0.24
Board [Tc 9d 7s 3d 6c]
Seat 1: amarillo778 (button) (small blind) mucked
Seat 6: chipmover360 (big blind) showed [3s Ks] and won ($11.76) with a pair of Threes


PokerStars Hand #147517064633:  Hold'em Limit ($3/$6 USD) - 2016/01/22 23:28:02 ET
Table 'Columbia II' 6-max Seat #1 is the button
Seat 1: amarillo778 ($69.16 in chips)
Seat 6: chipmover360 ($161.62 in chips)
amarillo778: posts small blind $1
chipmover360: posts big blind $3
*** HOLE CARDS ***
amarillo778: raises $3 to $6
chipmover360: calls $3
*** FLOP *** [2c Kd Qc]
chipmover360: checks
amarillo778: checks
*** TURN *** [2c Kd Qc] [5h]
chipmover360: bets $6
amarillo778: raises $6 to $12
chipmover360: calls $6
*** RIVER *** [2c Kd Qc 5h] [Ks]
chipmover360: checks
amarillo778: bets $6
chipmover360: folds
Uncalled bet ($6) returned to amarillo778
amarillo778 collected $35.50 from pot
amarillo778: doesn't show hand
*** SUMMARY ***
Total pot $36 | Rake $0.50
Board [2c Kd Qc 5h Ks]
Seat 1: amarillo778 (button) (small blind) collected ($35.50)
Seat 6: chipmover360 (big blind) folded on the River


PokerStars Hand #147517060086:  Hold'em Limit ($3/$6 USD) - 2016/01/22 23:27:49 ET
Table 'Columbia II' 6-max Seat #6 is the button
Seat 1: amarillo778 ($63.40 in chips)
Seat 6: chipmover360 ($167.62 in chips)
chipmover360: posts small blind $1
amarillo778: posts big blind $3
*** HOLE CARDS ***
chipmover360: raises $3 to $6
amarillo778: calls $3
*** FLOP *** [Ts Ad Kd]
amarillo778: checks
chipmover360: checks
*** TURN *** [Ts Ad Kd] [Qc]
amarillo778: bets $6
chipmover360: folds
Uncalled bet ($6) returned to amarillo778
amarillo778 collected $11.76 from pot
amarillo778: doesn't show hand
*** SUMMARY ***
Total pot $12 | Rake $0.24
Board [Ts Ad Kd Qc]
Seat 1: amarillo778 (big blind) collected ($11.76)
Seat 6: chipmover360 (button) (small blind) folded on the Turn


PokerStars Hand #147517099199:  Hold'em Limit ($3/$6 USD) - 2016/01/22 23:29:44 ET
Table 'Columbia II' 6-max Seat #1 is the button
Seat 1: amarillo778 ($119.22 in chips)
Seat 6: chipmover360 ($109.38 in chips)
amarillo778: posts small blind $1
chipmover360: posts big blind $3
*** HOLE CARDS ***
amarillo778: folds
Uncalled bet ($2) returned to chipmover360
chipmover360 collected $2 from pot
chipmover360: doesn't show hand
*** SUMMARY ***
Total pot $2 | Rake $0
Seat 1: amarillo778 (button) (small blind) folded before Flop
Seat 6: chipmover360 (big blind) collected ($2)


PokerStars Hand #147517095524:  Hold'em Limit ($3/$6 USD) - 2016/01/22 23:29:33 ET
Table 'Columbia II' 6-max Seat #6 is the button
Seat 1: amarillo778 ($113.46 in chips)
Seat 6: chipmover360 ($115.38 in chips)
chipmover360: posts small blind $1
amarillo778: posts big blind $3
*** HOLE CARDS ***
chipmover360: raises $3 to $6
amarillo778: calls $3
*** FLOP *** [Th 6s Ts]
amarillo778: checks
chipmover360: checks
*** TURN *** [Th 6s Ts] [9d]
amarillo778: bets $6
chipmover360: folds
Uncalled bet ($6) returned to amarillo778
amarillo778 collected $11.76 from pot
amarillo778: doesn't show hand
*** SUMMARY ***
Total pot $12 | Rake $0.24
Board [Th 6s Ts 9d]
Seat 1: amarillo778 (big blind) collected ($11.76)
Seat 6: chipmover360 (button) (small blind) folded on the Turn


PokerStars Hand #147517083803:  Hold'em Limit ($3/$6 USD) - 2016/01/22 23:28:59 ET
Table 'Columbia II' 6-max Seat #1 is the button
Seat 1: amarillo778 ($93.18 in chips)
Seat 6: chipmover360 ($136.38 in chips)
amarillo778: posts small blind $1
chipmover360: posts big blind $3
*** HOLE CARDS ***
amarillo778: raises $3 to $6
chipmover360: folds
Uncalled bet ($3) returned to amarillo778
amarillo778 collected $6 from pot
amarillo778: doesn't show hand
*** SUMMARY ***
Total pot $6 | Rake $0
Seat 1: amarillo778 (button) (small blind) collected ($6)
Seat 6: chipmover360 (big blind) folded before Flop


PokerStars Hand #147517092410:  Hold'em Limit ($3/$6 USD) - 2016/01/22 23:29:24 ET
Table 'Columbia II' 6-max Seat #1 is the button
Seat 1: amarillo778 ($107.70 in chips)
Seat 6: chipmover360 ($121.38 in chips)
amarillo778: posts small blind $1
chipmover360: posts big blind $3
*** HOLE CARDS ***
amarillo778: raises $3 to $6
chipmover360: calls $3
*** FLOP *** [Tc Jh 2d]
chipmover360: checks
amarillo778: bets $3
chipmover360: folds
Uncalled bet ($3) returned to amarillo778
amarillo778 collected $11.76 from pot
amarillo778: doesn't show hand
*** SUMMARY ***
Total pot $12 | Rake $0.24
Board [Tc Jh 2d]
Seat 1: amarillo778 (button) (small blind) collected ($11.76)
Seat 6: chipmover360 (big blind) folded on the Flop


PokerStars Hand #147517086375:  Hold'em Limit ($3/$6 USD) - 2016/01/22 23:29:06 ET
Table 'Columbia II' 6-max Seat #6 is the button
Seat 1: amarillo778 ($96.18 in chips)
Seat 6: chipmover360 ($133.38 in chips)
chipmover360: posts small blind $1
amarillo778: posts big blind $3
*** HOLE CARDS ***
chipmover360: raises $3 to $6
amarillo778: calls $3
*** FLOP *** [Tc 4c Td]
amarillo778: checks
chipmover360: checks
*** TURN *** [Tc 4c Td] [8c]
amarillo778: bets $6
chipmover360: calls $6
*** RIVER *** [Tc 4c Td 8c] [4h]
amarillo778: checks
chipmover360: checks
*** SHOW DOWN ***
amarillo778: shows [Ts 9d] (a full house, Tens full of Fours)
chipmover360: mucks hand
amarillo778 collected $23.52 from pot
*** SUMMARY ***
Total pot $24 | Rake $0.48
Board [Tc 4c Td 8c 4h]
Seat 1: amarillo778 (big blind) showed [Ts 9d] and won ($23.52) with a full house, Tens full of Fours
Seat 6: chipmover360 (button) (small blind) mucked


PokerStars Hand #147517078025:  Hold'em Limit ($3/$6 USD) - 2016/01/22 23:28:41 ET
Table 'Columbia II' 6-max Seat #6 is the button
Seat 1: amarillo778 ($81.66 in chips)
Seat 6: chipmover360 ($148.38 in chips)
chipmover360: posts small blind $1
amarillo778: posts big blind $3
*** HOLE CARDS ***
chipmover360: raises $3 to $6
amarillo778: calls $3
*** FLOP *** [Tc 7c 5s]
amarillo778: checks
chipmover360: bets $3
amarillo778: raises $3 to $6
chipmover360: calls $3
*** TURN *** [Tc 7c 5s] [5c]
amarillo778: bets $6
chipmover360: folds
Uncalled bet ($6) returned to amarillo778
amarillo778 collected $23.52 from pot
amarillo778: doesn't show hand
*** SUMMARY ***
Total pot $24 | Rake $0.48
Board [Tc 7c 5s 5c]
Seat 1: amarillo778 (big blind) collected ($23.52)
Seat 6: chipmover360 (button) (small blind) folded on the Turn


PokerStars Hand #147517108465:  Hold'em Limit ($3/$6 USD) - 2016/01/22 23:30:12 ET
Table 'Columbia II' 6-max Seat #6 is the button
Seat 1: amarillo778 ($135.72 in chips)
Seat 6: chipmover360 ($92.38 in chips)
chipmover360: posts small blind $1
amarillo778: posts big blind $3
*** HOLE CARDS ***
chipmover360: raises $3 to $6
amarillo778: calls $3
*** FLOP *** [5s Js 9d]
amarillo778: checks
chipmover360: bets $3
amarillo778: calls $3
*** TURN *** [5s Js 9d] [6c]
amarillo778: checks
chipmover360: checks
*** RIVER *** [5s Js 9d 6c] [Kc]
amarillo778: bets $6
chipmover360: folds
Uncalled bet ($6) returned to amarillo778
amarillo778 collected $17.64 from pot
amarillo778: doesn't show hand
*** SUMMARY ***
Total pot $18 | Rake $0.36
Board [5s Js 9d 6c Kc]
Seat 1: amarillo778 (big blind) collected ($17.64)
Seat 6: chipmover360 (button) (small blind) folded on the River


PokerStars Hand #147517106607:  Hold'em Limit ($3/$6 USD) - 2016/01/22 23:30:06 ET
Table 'Columbia II' 6-max Seat #1 is the button
Seat 1: amarillo778 ($132.72 in chips)
Seat 6: chipmover360 ($95.38 in chips)
amarillo778: posts small blind $1
chipmover360: posts big blind $3
*** HOLE CARDS ***
amarillo778: raises $3 to $6
chipmover360: folds
Uncalled bet ($3) returned to amarillo778
amarillo778 collected $6 from pot
amarillo778: doesn't show hand
*** SUMMARY ***
Total pot $6 | Rake $0
Seat 1: amarillo778 (button) (small blind) collected ($6)
Seat 6: chipmover360 (big blind) folded before Flop


PokerStars Hand #147517100949:  Hold'em Limit ($3/$6 USD) - 2016/01/22 23:29:49 ET
Table 'Columbia II' 6-max Seat #6 is the button
Seat 1: amarillo778 ($118.22 in chips)
Seat 6: chipmover360 ($110.38 in chips)
chipmover360: posts small blind $1
amarillo778: posts big blind $3
*** HOLE CARDS ***
chipmover360: raises $3 to $6
amarillo778: raises $3 to $9
chipmover360: calls $3
*** FLOP *** [6s 2d 8h]
amarillo778: checks
chipmover360: checks
*** TURN *** [6s 2d 8h] [5h]
amarillo778: bets $6
chipmover360: calls $6
*** RIVER *** [6s 2d 8h 5h] [2c]
amarillo778: checks
chipmover360: checks
*** SHOW DOWN ***
amarillo778: shows [Kc Qh] (a pair of Deuces)
chipmover360: mucks hand
amarillo778 collected $29.50 from pot
*** SUMMARY ***
Total pot $30 | Rake $0.50
Board [6s 2d 8h 5h 2c]
Seat 1: amarillo778 (big blind) showed [Kc Qh] and won ($29.50) with a pair of Deuces
Seat 6: chipmover360 (button) (small blind) mucked


PokerStars Hand #147517116838:  Hold'em Limit ($3/$6 USD) - 2016/01/22 23:30:36 ET
Table 'Columbia II' 6-max Seat #6 is the button
Seat 1: amarillo778 ($143.36 in chips)
Seat 6: chipmover360 ($84.38 in chips)
chipmover360: posts small blind $1
amarillo778: posts big blind $3
*** HOLE CARDS ***
chipmover360: raises $3 to $6
amarillo778: folds
Uncalled bet ($3) returned to chipmover360
chipmover360 collected $6 from pot
chipmover360: doesn't show hand
*** SUMMARY ***
Total pot $6 | Rake $0
Seat 1: amarillo778 (big blind) folded before Flop
Seat 6: chipmover360 (button) (small blind) collected ($6)


PokerStars Hand #147517115205:  Hold'em Limit ($3/$6 USD) - 2016/01/22 23:30:32 ET
Table 'Columbia II' 6-max Seat #1 is the button
Seat 1: amarillo778 ($144.36 in chips)
Seat 6: chipmover360 ($83.38 in chips)
amarillo778: posts small blind $1
chipmover360: posts big blind $3
*** HOLE CARDS ***
amarillo778: folds
Uncalled bet ($2) returned to chipmover360
chipmover360 collected $2 from pot
chipmover360: doesn't show hand
*** SUMMARY ***
Total pot $2 | Rake $0
Seat 1: amarillo778 (button) (small blind) folded before Flop
Seat 6: chipmover360 (big blind) collected ($2)


PokerStars Hand #147517119089:  Hold'em Limit ($3/$6 USD) - 2016/01/22 23:30:43 ET
Table 'Columbia II' 6-max Seat #1 is the button
Seat 1: amarillo778 ($140.36 in chips)
Seat 6: chipmover360 ($87.38 in chips)
amarillo778: posts small blind $1
chipmover360: posts big blind $3
*** HOLE CARDS ***
amarillo778: raises $3 to $6
chipmover360: folds
Uncalled bet ($3) returned to amarillo778
amarillo778 collected $6 from pot
amarillo778: doesn't show hand
*** SUMMARY ***
Total pot $6 | Rake $0
Seat 1: amarillo778 (button) (small blind) collected ($6)
Seat 6: chipmover360 (big blind) folded before Flop


PokerStars Hand #147517121350:  Hold'em Limit ($3/$6 USD) - 2016/01/22 23:30:50 ET
Table 'Columbia II' 6-max Seat #6 is the button
Seat 1: amarillo778 ($143.36 in chips)
Seat 6: chipmover360 ($84.38 in chips)
chipmover360: posts small blind $1
amarillo778: posts big blind $3
*** HOLE CARDS ***
chipmover360: raises $3 to $6
amarillo778: folds
Uncalled bet ($3) returned to chipmover360
chipmover360 collected $6 from pot
chipmover360: doesn't show hand
*** SUMMARY ***
Total pot $6 | Rake $0
Seat 1: amarillo778 (big blind) folded before Flop
Seat 6: chipmover360 (button) (small blind) collected ($6)


PokerStars Hand #147517130051:  Hold'em Limit ($3/$6 USD) - 2016/01/22 23:31:16 ET
Table 'Columbia II' 6-max Seat #6 is the button
Seat 1: amarillo778 ($154.86 in chips)
Seat 6: chipmover360 ($72.38 in chips)
chipmover360: posts small blind $1
amarillo778: posts big blind $3
*** HOLE CARDS ***
chipmover360: folds
Uncalled bet ($2) returned to amarillo778
amarillo778 collected $2 from pot
amarillo778: doesn't show hand
*** SUMMARY ***
Total pot $2 | Rake $0
Seat 1: amarillo778 (big blind) collected ($2)
Seat 6: chipmover360 (button) (small blind) folded before Flop


PokerStars Hand #147517123143:  Hold'em Limit ($3/$6 USD) - 2016/01/22 23:30:55 ET
Table 'Columbia II' 6-max Seat #1 is the button
Seat 1: amarillo778 ($140.36 in chips)
Seat 6: chipmover360 ($87.38 in chips)
amarillo778: posts small blind $1
chipmover360: posts big blind $3
*** HOLE CARDS ***
amarillo778: raises $3 to $6
chipmover360: raises $3 to $9
amarillo778: raises $3 to $12
Betting is capped
chipmover360: calls $3
*** FLOP *** [2d Kh 9s]
chipmover360: checks
amarillo778: bets $3
chipmover360: calls $3
*** TURN *** [2d Kh 9s] [Jh]
chipmover360: checks
amarillo778: bets $6
chipmover360: folds
Uncalled bet ($6) returned to amarillo778
amarillo778 collected $29.50 from pot
amarillo778: doesn't show hand
*** SUMMARY ***
Total pot $30 | Rake $0.50
Board [2d Kh 9s Jh]
Seat 1: amarillo778 (button) (small blind) collected ($29.50)
Seat 6: chipmover360 (big blind) folded on the Turn


PokerStars Hand #147517137284:  Hold'em Limit ($3/$6 USD) - 2016/01/22 23:31:38 ET
Table 'Columbia II' 6-max Seat #1 is the button
Seat 1: amarillo778 ($148.86 in chips)
Seat 6: chipmover360 ($78.14 in chips)
amarillo778: posts small blind $1
chipmover360: posts big blind $3
*** HOLE CARDS ***
amarillo778: folds
Uncalled bet ($2) returned to chipmover360
chipmover360 collected $2 from pot
chipmover360: doesn't show hand
*** SUMMARY ***
Total pot $2 | Rake $0
Seat 1: amarillo778 (button) (small blind) folded before Flop
Seat 6: chipmover360 (big blind) collected ($2)


PokerStars Hand #147517133231:  Hold'em Limit ($3/$6 USD) - 2016/01/22 23:31:25 ET
Table 'Columbia II' 6-max Seat #6 is the button
Seat 1: amarillo778 ($154.86 in chips)
Seat 6: chipmover360 ($72.38 in chips)
chipmover360: posts small blind $1
amarillo778: posts big blind $3
*** HOLE CARDS ***
chipmover360: raises $3 to $6
amarillo778: calls $3
*** FLOP *** [5h 6s Tc]
amarillo778: checks
chipmover360: bets $3
amarillo778: folds
Uncalled bet ($3) returned to chipmover360
chipmover360 collected $11.76 from pot
chipmover360: doesn't show hand
*** SUMMARY ***
Total pot $12 | Rake $0.24
Board [5h 6s Tc]
Seat 1: amarillo778 (big blind) folded on the Flop
Seat 6: chipmover360 (button) (small blind) collected ($11.76)


PokerStars Hand #147517138970:  Hold'em Limit ($3/$6 USD) - 2016/01/22 23:31:42 ET
Table 'Columbia II' 6-max Seat #6 is the button
Seat 1: amarillo778 ($147.86 in chips)
Seat 6: chipmover360 ($79.14 in chips)
chipmover360: posts small blind $1
amarillo778: posts big blind $3
*** HOLE CARDS ***
chipmover360: raises $3 to $6
amarillo778: folds
Uncalled bet ($3) returned to chipmover360
chipmover360 collected $6 from pot
chipmover360: doesn't show hand
*** SUMMARY ***
Total pot $6 | Rake $0
Seat 1: amarillo778 (big blind) folded before Flop
Seat 6: chipmover360 (button) (small blind) collected ($6)


PokerStars Hand #147517146549:  Hold'em Limit ($3/$6 USD) - 2016/01/22 23:32:05 ET
Table 'Columbia II' 6-max Seat #1 is the button
Seat 1: amarillo778 ($147.62 in chips)
Seat 6: chipmover360 ($79.14 in chips)
amarillo778: posts small blind $1
chipmover360: posts big blind $3
*** HOLE CARDS ***
amarillo778: folds
Uncalled bet ($2) returned to chipmover360
chipmover360 collected $2 from pot
chipmover360: doesn't show hand
*** SUMMARY ***
Total pot $2 | Rake $0
Seat 1: amarillo778 (button) (small blind) folded before Flop
Seat 6: chipmover360 (big blind) collected ($2)


PokerStars Hand #147517144383:  Hold'em Limit ($3/$6 USD) - 2016/01/22 23:31:59 ET
Table 'Columbia II' 6-max Seat #6 is the button
Seat 1: amarillo778 ($150.62 in chips)
Seat 6: chipmover360 ($76.14 in chips)
chipmover360: posts small blind $1
amarillo778: posts big blind $3
*** HOLE CARDS ***
chipmover360: raises $3 to $6
amarillo778: folds
Uncalled bet ($3) returned to chipmover360
chipmover360 collected $6 from pot
chipmover360: doesn't show hand
*** SUMMARY ***
Total pot $6 | Rake $0
Seat 1: amarillo778 (big blind) folded before Flop
Seat 6: chipmover360 (button) (small blind) collected ($6)


PokerStars Hand #147517150498:  Hold'em Limit ($3/$6 USD) - 2016/01/22 23:32:17 ET
Table 'Columbia II' 6-max Seat #1 is the button
Seat 1: amarillo778 ($147.62 in chips)
Seat 6: chipmover360 ($79.14 in chips)
amarillo778: posts small blind $1
chipmover360: posts big blind $3
*** HOLE CARDS ***
amarillo778: raises $3 to $6
chipmover360: calls $3
*** FLOP *** [8s 5c 7h]
chipmover360: checks
amarillo778: bets $3
chipmover360: calls $3
*** TURN *** [8s 5c 7h] [Ac]
chipmover360: checks
amarillo778: bets $6
chipmover360: folds
Uncalled bet ($6) returned to amarillo778
amarillo778 collected $17.64 from pot
amarillo778: doesn't show hand
*** SUMMARY ***
Total pot $18 | Rake $0.36
Board [8s 5c 7h Ac]
Seat 1: amarillo778 (button) (small blind) collected ($17.64)
Seat 6: chipmover360 (big blind) folded on the Turn


PokerStars Hand #147517155058:  Hold'em Limit ($3/$6 USD) - 2016/01/22 23:32:31 ET
Table 'Columbia II' 6-max Seat #6 is the button
Seat 1: amarillo778 ($156.26 in chips)
Seat 6: chipmover360 ($70.14 in chips)
chipmover360: posts small blind $1
amarillo778: posts big blind $3
*** HOLE CARDS ***
chipmover360: raises $3 to $6
amarillo778: calls $3
*** FLOP *** [Tc 7h 4d]
amarillo778: checks
chipmover360: checks
*** TURN *** [Tc 7h 4d] [2c]
amarillo778: checks
chipmover360: bets $6
amarillo778: folds
Uncalled bet ($6) returned to chipmover360
chipmover360 collected $11.76 from pot
chipmover360: doesn't show hand
*** SUMMARY ***
Total pot $12 | Rake $0.24
Board [Tc 7h 4d 2c]
Seat 1: amarillo778 (big blind) folded on the Turn
Seat 6: chipmover360 (button) (small blind) collected ($11.76)


PokerStars Hand #147517148230:  Hold'em Limit ($3/$6 USD) - 2016/01/22 23:32:10 ET
Table 'Columbia II' 6-max Seat #6 is the button
Seat 1: amarillo778 ($146.62 in chips)
Seat 6: chipmover360 ($80.14 in chips)
chipmover360: posts small blind $1
amarillo778: posts big blind $3
*** HOLE CARDS ***
chipmover360: folds
Uncalled bet ($2) returned to amarillo778
amarillo778 collected $2 from pot
amarillo778: doesn't show hand
*** SUMMARY ***
Total pot $2 | Rake $0
Seat 1: amarillo778 (big blind) collected ($2)
Seat 6: chipmover360 (button) (small blind) folded before Flop


PokerStars Hand #147517140676:  Hold'em Limit ($3/$6 USD) - 2016/01/22 23:31:48 ET
Table 'Columbia II' 6-max Seat #1 is the button
Seat 1: amarillo778 ($144.86 in chips)
Seat 6: chipmover360 ($82.14 in chips)
amarillo778: posts small blind $1
chipmover360: posts big blind $3
*** HOLE CARDS ***
amarillo778: raises $3 to $6
chipmover360: calls $3
*** FLOP *** [2s Ac 8s]
chipmover360: checks
amarillo778: bets $3
chipmover360: folds
Uncalled bet ($3) returned to amarillo778
amarillo778 collected $11.76 from pot
amarillo778: doesn't show hand
*** SUMMARY ***
Total pot $12 | Rake $0.24
Board [2s Ac 8s]
Seat 1: amarillo778 (button) (small blind) collected ($11.76)
Seat 6: chipmover360 (big blind) folded on the Flop


PokerStars Hand #147517169771:  Hold'em Limit ($3/$6 USD) - 2016/01/22 23:33:15 ET
Table 'Columbia II' 6-max Seat #1 is the button
Seat 1: amarillo778 ($155.90 in chips)
Seat 6: chipmover360 ($69.90 in chips)
amarillo778: posts small blind $1
chipmover360: posts big blind $3
*** HOLE CARDS ***
amarillo778: raises $3 to $6
chipmover360: calls $3
*** FLOP *** [Kc Jh 2d]
chipmover360: checks
amarillo778: checks
*** TURN *** [Kc Jh 2d] [Qs]
chipmover360: bets $6
amarillo778: raises $6 to $12
chipmover360: calls $6
*** RIVER *** [Kc Jh 2d Qs] [As]
chipmover360: checks
amarillo778: checks
*** SHOW DOWN ***
chipmover360: shows [6d Kd] (a pair of Kings)
amarillo778: mucks hand
chipmover360 collected $35.50 from pot
*** SUMMARY ***
Total pot $36 | Rake $0.50
Board [Kc Jh 2d Qs As]
Seat 1: amarillo778 (button) (small blind) mucked
Seat 6: chipmover360 (big blind) showed [6d Kd] and won ($35.50) with a pair of Kings


PokerStars Hand #147517159487:  Hold'em Limit ($3/$6 USD) - 2016/01/22 23:32:44 ET
Table 'Columbia II' 6-max Seat #1 is the button
Seat 1: amarillo778 ($150.26 in chips)
Seat 6: chipmover360 ($75.90 in chips)
amarillo778: posts small blind $1
chipmover360: posts big blind $3
*** HOLE CARDS ***
amarillo778: raises $3 to $6
chipmover360: calls $3
*** FLOP *** [3h Qc 6s]
chipmover360: checks
amarillo778: bets $3
chipmover360: calls $3
*** TURN *** [3h Qc 6s] [Jd]
chipmover360: checks
amarillo778: bets $6
chipmover360: folds
Uncalled bet ($6) returned to amarillo778
amarillo778 collected $17.64 from pot
amarillo778: doesn't show hand
*** SUMMARY ***
Total pot $18 | Rake $0.36
Board [3h Qc 6s Jd]
Seat 1: amarillo778 (button) (small blind) collected ($17.64)
Seat 6: chipmover360 (big blind) folded on the Turn


PokerStars Hand #147517167828:  Hold'em Limit ($3/$6 USD) - 2016/01/22 23:33:09 ET
Table 'Columbia II' 6-max Seat #6 is the button
Seat 1: amarillo778 ($158.90 in chips)
Seat 6: chipmover360 ($66.90 in chips)
chipmover360: posts small blind $1
amarillo778: posts big blind $3
*** HOLE CARDS ***
chipmover360: raises $3 to $6
amarillo778: folds
Uncalled bet ($3) returned to chipmover360
chipmover360 collected $6 from pot
chipmover360: doesn't show hand
*** SUMMARY ***
Total pot $6 | Rake $0
Seat 1: amarillo778 (big blind) folded before Flop
Seat 6: chipmover360 (button) (small blind) collected ($6)


PokerStars Hand #147517175423:  Hold'em Limit ($3/$6 USD) - 2016/01/22 23:33:32 ET
Table 'Columbia II' 6-max Seat #6 is the button
Seat 1: amarillo778 ($137.90 in chips)
Seat 6: chipmover360 ($87.40 in chips)
chipmover360: posts small blind $1
amarillo778: posts big blind $3
*** HOLE CARDS ***
chipmover360: raises $3 to $6
amarillo778: raises $3 to $9
chipmover360: calls $3
*** FLOP *** [Td Jc 2c]
amarillo778: bets $3
chipmover360: calls $3
*** TURN *** [Td Jc 2c] [3c]
amarillo778: bets $6
chipmover360: calls $6
*** RIVER *** [Td Jc 2c 3c] [9c]
amarillo778: bets $6
chipmover360: calls $6
*** SHOW DOWN ***
amarillo778: shows [Jd Qc] (a flush, Queen high)
chipmover360: mucks hand
amarillo778 collected $47.50 from pot
*** SUMMARY ***
Total pot $48 | Rake $0.50
Board [Td Jc 2c 3c 9c]
Seat 1: amarillo778 (big blind) showed [Jd Qc] and won ($47.50) with a flush, Queen high
Seat 6: chipmover360 (button) (small blind) mucked


PokerStars Hand #147517166087:  Hold'em Limit ($3/$6 USD) - 2016/01/22 23:33:04 ET
Table 'Columbia II' 6-max Seat #1 is the button
Seat 1: amarillo778 ($155.90 in chips)
Seat 6: chipmover360 ($69.90 in chips)
amarillo778: posts small blind $1
chipmover360: posts big blind $3
*** HOLE CARDS ***
amarillo778: raises $3 to $6
chipmover360: folds
Uncalled bet ($3) returned to amarillo778
amarillo778 collected $6 from pot
amarillo778: doesn't show hand
*** SUMMARY ***
Total pot $6 | Rake $0
Seat 1: amarillo778 (button) (small blind) collected ($6)
Seat 6: chipmover360 (big blind) folded before Flop


PokerStars Hand #147517164185:  Hold'em Limit ($3/$6 USD) - 2016/01/22 23:32:58 ET
Table 'Columbia II' 6-max Seat #6 is the button
Seat 1: amarillo778 ($158.90 in chips)
Seat 6: chipmover360 ($66.90 in chips)
chipmover360: posts small blind $1
amarillo778: posts big blind $3
*** HOLE CARDS ***
chipmover360: raises $3 to $6
amarillo778: folds
Uncalled bet ($3) returned to chipmover360
chipmover360 collected $6 from pot
chipmover360: doesn't show hand
*** SUMMARY ***
Total pot $6 | Rake $0
Seat 1: amarillo778 (big blind) folded before Flop
Seat 6: chipmover360 (button) (small blind) collected ($6)


PokerStars Hand #147517189815:  Hold'em Limit ($3/$6 USD) - 2016/01/22 23:34:15 ET
Table 'Columbia II' 6-max Seat #1 is the button
Seat 1: amarillo778 ($161.16 in chips)
Seat 6: chipmover360 ($63.16 in chips)
amarillo778: posts small blind $1
chipmover360: posts big blind $3
*** HOLE CARDS ***
amarillo778: folds
Uncalled bet ($2) returned to chipmover360
chipmover360 collected $2 from pot
chipmover360: doesn't show hand
*** SUMMARY ***
Total pot $2 | Rake $0
Seat 1: amarillo778 (button) (small blind) folded before Flop
Seat 6: chipmover360 (big blind) collected ($2)


PokerStars Hand #147517186636:  Hold'em Limit ($3/$6 USD) - 2016/01/22 23:34:06 ET
Table 'Columbia II' 6-max Seat #6 is the button
Seat 1: amarillo778 ($167.16 in chips)
Seat 6: chipmover360 ($57.40 in chips)
chipmover360: posts small blind $1
amarillo778: posts big blind $3
*** HOLE CARDS ***
chipmover360: raises $3 to $6
amarillo778: calls $3
*** FLOP *** [Qc 4h 2d]
amarillo778: checks
chipmover360: bets $3
amarillo778: folds
Uncalled bet ($3) returned to chipmover360
chipmover360 collected $11.76 from pot
chipmover360: doesn't show hand
*** SUMMARY ***
Total pot $12 | Rake $0.24
Board [Qc 4h 2d]
Seat 1: amarillo778 (big blind) folded on the Flop
Seat 6: chipmover360 (button) (small blind) collected ($11.76)


PokerStars Hand #147517181001:  Hold'em Limit ($3/$6 USD) - 2016/01/22 23:33:49 ET
Table 'Columbia II' 6-max Seat #1 is the button
Seat 1: amarillo778 ($161.40 in chips)
Seat 6: chipmover360 ($63.40 in chips)
amarillo778: posts small blind $1
chipmover360: posts big blind $3
*** HOLE CARDS ***
amarillo778: raises $3 to $6
chipmover360: calls $3
*** FLOP *** [As Jc 7h]
chipmover360: checks
amarillo778: bets $3
chipmover360: folds
Uncalled bet ($3) returned to amarillo778
amarillo778 collected $11.76 from pot
amarillo778: doesn't show hand
*** SUMMARY ***
Total pot $12 | Rake $0.24
Board [As Jc 7h]
Seat 1: amarillo778 (button) (small blind) collected ($11.76)
Seat 6: chipmover360 (big blind) folded on the Flop


PokerStars Hand #147517193572:  Hold'em Limit ($3/$6 USD) - 2016/01/22 23:34:26 ET
Table 'Columbia II' 6-max Seat #1 is the button
Seat 1: amarillo778 ($157.16 in chips)
Seat 6: chipmover360 ($67.16 in chips)
amarillo778: posts small blind $1
chipmover360: posts big blind $3
*** HOLE CARDS ***
amarillo778: folds
Uncalled bet ($2) returned to chipmover360
chipmover360 collected $2 from pot
chipmover360: doesn't show hand
*** SUMMARY ***
Total pot $2 | Rake $0
Seat 1: amarillo778 (button) (small blind) folded before Flop
Seat 6: chipmover360 (big blind) collected ($2)


PokerStars Hand #147517191623:  Hold'em Limit ($3/$6 USD) - 2016/01/22 23:34:20 ET
Table 'Columbia II' 6-max Seat #6 is the button
Seat 1: amarillo778 ($160.16 in chips)
Seat 6: chipmover360 ($64.16 in chips)
chipmover360: posts small blind $1
amarillo778: posts big blind $3
*** HOLE CARDS ***
chipmover360: raises $3 to $6
amarillo778: folds
Uncalled bet ($3) returned to chipmover360
chipmover360 collected $6 from pot
chipmover360: doesn't show hand
*** SUMMARY ***
Total pot $6 | Rake $0
Seat 1: amarillo778 (big blind) folded before Flop
Seat 6: chipmover360 (button) (small blind) collected ($6)


PokerStars Hand #147517196684:  Hold'em Limit ($3/$6 USD) - 2016/01/22 23:34:36 ET
Table 'Columbia II' 6-max Seat #1 is the button
Seat 1: amarillo778 ($157.16 in chips)
Seat 6: chipmover360 ($67.16 in chips)
amarillo778: posts small blind $1
chipmover360: posts big blind $3
*** HOLE CARDS ***
amarillo778: folds
Uncalled bet ($2) returned to chipmover360
chipmover360 collected $2 from pot
chipmover360: doesn't show hand
*** SUMMARY ***
Total pot $2 | Rake $0
Seat 1: amarillo778 (button) (small blind) folded before Flop
Seat 6: chipmover360 (big blind) collected ($2)


PokerStars Hand #147517195171:  Hold'em Limit ($3/$6 USD) - 2016/01/22 23:34:31 ET
Table 'Columbia II' 6-max Seat #6 is the button
Seat 1: amarillo778 ($156.16 in chips)
Seat 6: chipmover360 ($68.16 in chips)
chipmover360: posts small blind $1
amarillo778: posts big blind $3
*** HOLE CARDS ***
chipmover360: folds
Uncalled bet ($2) returned to amarillo778
amarillo778 collected $2 from pot
amarillo778: doesn't show hand
*** SUMMARY ***
Total pot $2 | Rake $0
Seat 1: amarillo778 (big blind) collected ($2)
Seat 6: chipmover360 (button) (small blind) folded before Flop


PokerStars Hand #147517198272:  Hold'em Limit ($3/$6 USD) - 2016/01/22 23:34:40 ET
Table 'Columbia II' 6-max Seat #6 is the button
Seat 1: amarillo778 ($156.16 in chips)
Seat 6: chipmover360 ($68.16 in chips)
chipmover360: posts small blind $1
amarillo778: posts big blind $3
*** HOLE CARDS ***
chipmover360: raises $3 to $6
amarillo778: folds
Uncalled bet ($3) returned to chipmover360
chipmover360 collected $6 from pot
chipmover360: doesn't show hand
*** SUMMARY ***
Total pot $6 | Rake $0
Seat 1: amarillo778 (big blind) folded before Flop
Seat 6: chipmover360 (button) (small blind) collected ($6)


PokerStars Hand #147517200129:  Hold'em Limit ($3/$6 USD) - 2016/01/22 23:34:46 ET
Table 'Columbia II' 6-max Seat #1 is the button
Seat 1: amarillo778 ($153.16 in chips)
Seat 6: chipmover360 ($71.16 in chips)
amarillo778: posts small blind $1
chipmover360: posts big blind $3
*** HOLE CARDS ***
amarillo778: raises $3 to $6
chipmover360: raises $3 to $9
amarillo778: calls $3
*** FLOP *** [Jd Js 8s]
chipmover360: bets $3
amarillo778: folds
Uncalled bet ($3) returned to chipmover360
chipmover360 collected $17.64 from pot
chipmover360: doesn't show hand
*** SUMMARY ***
Total pot $18 | Rake $0.36
Board [Jd Js 8s]
Seat 1: amarillo778 (button) (small blind) folded on the Flop
Seat 6: chipmover360 (big blind) collected ($17.64)


PokerStars Hand #147517220143:  Hold'em Limit ($3/$6 USD) - 2016/01/22 23:35:46 ET
Table 'Columbia II' 6-max Seat #1 is the button
Seat 1: amarillo778 ($164.66 in chips)
Seat 6: chipmover360 ($58.56 in chips)
amarillo778: posts small blind $1
chipmover360: posts big blind $3
*** HOLE CARDS ***
amarillo778: folds
Uncalled bet ($2) returned to chipmover360
chipmover360 collected $2 from pot
chipmover360: doesn't show hand
*** SUMMARY ***
Total pot $2 | Rake $0
Seat 1: amarillo778 (button) (small blind) folded before Flop
Seat 6: chipmover360 (big blind) collected ($2)


PokerStars Hand #147517212483:  Hold'em Limit ($3/$6 USD) - 2016/01/22 23:35:23 ET
Table 'Columbia II' 6-max Seat #6 is the button
Seat 1: amarillo778 ($170.66 in chips)
Seat 6: chipmover360 ($52.80 in chips)
chipmover360: posts small blind $1
amarillo778: posts big blind $3
*** HOLE CARDS ***
chipmover360: raises $3 to $6
amarillo778: calls $3
*** FLOP *** [2s Qs 5d]
amarillo778: checks
chipmover360: bets $3
amarillo778: folds
Uncalled bet ($3) returned to chipmover360
chipmover360 collected $11.76 from pot
chipmover360: doesn't show hand
*** SUMMARY ***
Total pot $12 | Rake $0.24
Board [2s Qs 5d]
Seat 1: amarillo778 (big blind) folded on the Flop
Seat 6: chipmover360 (button) (small blind) collected ($11.76)


PokerStars Hand #147517210528:  Hold'em Limit ($3/$6 USD) - 2016/01/22 23:35:17 ET
Table 'Columbia II' 6-max Seat #1 is the button
Seat 1: amarillo778 ($167.66 in chips)
Seat 6: chipmover360 ($55.80 in chips)
amarillo778: posts small blind $1
chipmover360: posts big blind $3
*** HOLE CARDS ***
amarillo778: raises $3 to $6
chipmover360: folds
Uncalled bet ($3) returned to amarillo778
amarillo778 collected $6 from pot
amarillo778: doesn't show hand
*** SUMMARY ***
Total pot $6 | Rake $0
Seat 1: amarillo778 (button) (small blind) collected ($6)
Seat 6: chipmover360 (big blind) folded before Flop


PokerStars Hand #147517203895:  Hold'em Limit ($3/$6 USD) - 2016/01/22 23:34:57 ET
Table 'Columbia II' 6-max Seat #6 is the button
Seat 1: amarillo778 ($144.16 in chips)
Seat 6: chipmover360 ($79.80 in chips)
chipmover360: posts small blind $1
amarillo778: posts big blind $3
*** HOLE CARDS ***
chipmover360: raises $3 to $6
amarillo778: raises $3 to $9
chipmover360: calls $3
*** FLOP *** [5h Tc Qd]
amarillo778: bets $3
chipmover360: calls $3
*** TURN *** [5h Tc Qd] [Td]
amarillo778: bets $6
chipmover360: calls $6
*** RIVER *** [5h Tc Qd Td] [8c]
amarillo778: bets $6
chipmover360: calls $6
*** SHOW DOWN ***
amarillo778: shows [Qs Kc] (two pair, Queens and Tens)
chipmover360: mucks hand
amarillo778 collected $47.50 from pot
*** SUMMARY ***
Total pot $48 | Rake $0.50
Board [5h Tc Qd Td 8c]
Seat 1: amarillo778 (big blind) showed [Qs Kc] and won ($47.50) with two pair, Queens and Tens
Seat 6: chipmover360 (button) (small blind) mucked


PokerStars Hand #147517238969:  Hold'em Limit ($3/$6 USD) - 2016/01/22 23:36:42 ET
Table 'Columbia II' 6-max Seat #6 is the button
Seat 1: amarillo778 ($175.16 in chips)
Seat 6: chipmover360 ($47.32 in chips)
chipmover360: posts small blind $1
amarillo778: posts big blind $3
*** HOLE CARDS ***
chipmover360: raises $3 to $6
amarillo778: folds
Uncalled bet ($3) returned to chipmover360
chipmover360 collected $6 from pot
chipmover360: doesn't show hand
*** SUMMARY ***
Total pot $6 | Rake $0
Seat 1: amarillo778 (big blind) folded before Flop
Seat 6: chipmover360 (button) (small blind) collected ($6)


PokerStars Hand #147517221885:  Hold'em Limit ($3/$6 USD) - 2016/01/22 23:35:51 ET
Table 'Columbia II' 6-max Seat #6 is the button
Seat 1: amarillo778 ($163.66 in chips)
Seat 6: chipmover360 ($59.56 in chips)
chipmover360: posts small blind $1
amarillo778: posts big blind $3
*** HOLE CARDS ***
chipmover360: raises $3 to $6
amarillo778: raises $3 to $9
chipmover360: calls $3
*** FLOP *** [Ac 7c Ts]
amarillo778: bets $3
chipmover360: calls $3
*** TURN *** [Ac 7c Ts] [4h]
amarillo778: bets $6
chipmover360: calls $6
*** RIVER *** [Ac 7c Ts 4h] [2d]
amarillo778: bets $6
chipmover360: folds
Uncalled bet ($6) returned to amarillo778
amarillo778 collected $35.50 from pot
amarillo778: doesn't show hand
*** SUMMARY ***
Total pot $36 | Rake $0.50
Board [Ac 7c Ts 4h 2d]
Seat 1: amarillo778 (big blind) collected ($35.50)
Seat 6: chipmover360 (button) (small blind) folded on the River


PokerStars Hand #147517230923:  Hold'em Limit ($3/$6 USD) - 2016/01/22 23:36:18 ET
Table 'Columbia II' 6-max Seat #6 is the button
Seat 1: amarillo778 ($180.16 in chips)
Seat 6: chipmover360 ($42.56 in chips)
chipmover360: posts small blind $1
amarillo778: posts big blind $3
*** HOLE CARDS ***
chipmover360: folds
Uncalled bet ($2) returned to amarillo778
amarillo778 collected $2 from pot
amarillo778: doesn't show hand
*** SUMMARY ***
Total pot $2 | Rake $0
Seat 1: amarillo778 (big blind) collected ($2)
Seat 6: chipmover360 (button) (small blind) folded before Flop


PokerStars Hand #147517229559:  Hold'em Limit ($3/$6 USD) - 2016/01/22 23:36:14 ET
Table 'Columbia II' 6-max Seat #1 is the button
Seat 1: amarillo778 ($181.16 in chips)
Seat 6: chipmover360 ($41.56 in chips)
amarillo778: posts small blind $1
chipmover360: posts big blind $3
*** HOLE CARDS ***
amarillo778: folds
Uncalled bet ($2) returned to chipmover360
chipmover360 collected $2 from pot
chipmover360: doesn't show hand
*** SUMMARY ***
Total pot $2 | Rake $0
Seat 1: amarillo778 (button) (small blind) folded before Flop
Seat 6: chipmover360 (big blind) collected ($2)


PokerStars Hand #147517232605:  Hold'em Limit ($3/$6 USD) - 2016/01/22 23:36:23 ET
Table 'Columbia II' 6-max Seat #1 is the button
Seat 1: amarillo778 ($181.16 in chips)
Seat 6: chipmover360 ($41.56 in chips)
amarillo778: posts small blind $1
chipmover360: posts big blind $3
*** HOLE CARDS ***
amarillo778: raises $3 to $6
chipmover360: calls $3
*** FLOP *** [Qd 2s 6h]
chipmover360: checks
amarillo778: checks
*** TURN *** [Qd 2s 6h] [9d]
chipmover360: checks
amarillo778: checks
*** RIVER *** [Qd 2s 6h 9d] [Jc]
chipmover360: bets $6
amarillo778: folds
Uncalled bet ($6) returned to chipmover360
chipmover360 collected $11.76 from pot
chipmover360: doesn't show hand
*** SUMMARY ***
Total pot $12 | Rake $0.24
Board [Qd 2s 6h 9d Jc]
Seat 1: amarillo778 (button) (small blind) folded on the River
Seat 6: chipmover360 (big blind) collected ($11.76)


PokerStars Hand #147517246492:  Hold'em Limit ($3/$6 USD) - 2016/01/22 23:37:04 ET
Table 'Columbia II' 6-max Seat #1 is the button
Seat 1: amarillo778 ($178.92 in chips)
Seat 6: chipmover360 ($43.32 in chips)
amarillo778: posts small blind $1
chipmover360: posts big blind $3
*** HOLE CARDS ***
amarillo778: raises $3 to $6
chipmover360: calls $3
*** FLOP *** [6d Jh 3h]
chipmover360: checks
amarillo778: bets $3
chipmover360: folds
Uncalled bet ($3) returned to amarillo778
amarillo778 collected $11.76 from pot
amarillo778: doesn't show hand
*** SUMMARY ***
Total pot $12 | Rake $0.24
Board [6d Jh 3h]
Seat 1: amarillo778 (button) (small blind) collected ($11.76)
Seat 6: chipmover360 (big blind) folded on the Flop


PokerStars Hand #147517250896:  Hold'em Limit ($3/$6 USD) - 2016/01/22 23:37:17 ET
Table 'Columbia II' 6-max Seat #6 is the button
Seat 1: amarillo778 ($184.68 in chips)
Seat 6: chipmover360 ($37.32 in chips)
chipmover360: posts small blind $1
amarillo778: posts big blind $3
*** HOLE CARDS ***
chipmover360: raises $3 to $6
amarillo778: calls $3
*** FLOP *** [Kd 2c Js]
amarillo778: checks
chipmover360: bets $3
amarillo778: folds
Uncalled bet ($3) returned to chipmover360
chipmover360 collected $11.76 from pot
chipmover360: doesn't show hand
*** SUMMARY ***
Total pot $12 | Rake $0.24
Board [Kd 2c Js]
Seat 1: amarillo778 (big blind) folded on the Flop
Seat 6: chipmover360 (button) (small blind) collected ($11.76)


PokerStars Hand #147517244130:  Hold'em Limit ($3/$6 USD) - 2016/01/22 23:36:57 ET
Table 'Columbia II' 6-max Seat #6 is the button
Seat 1: amarillo778 ($177.92 in chips)
Seat 6: chipmover360 ($44.32 in chips)
chipmover360: posts small blind $1
amarillo778: posts big blind $3
*** HOLE CARDS ***
chipmover360: folds
Uncalled bet ($2) returned to amarillo778
amarillo778 collected $2 from pot
amarillo778: doesn't show hand
*** SUMMARY ***
Total pot $2 | Rake $0
Seat 1: amarillo778 (big blind) collected ($2)
Seat 6: chipmover360 (button) (small blind) folded before Flop


PokerStars Hand #147517240767:  Hold'em Limit ($3/$6 USD) - 2016/01/22 23:36:47 ET
Table 'Columbia II' 6-max Seat #1 is the button
Seat 1: amarillo778 ($172.16 in chips)
Seat 6: chipmover360 ($50.32 in chips)
amarillo778: posts small blind $1
chipmover360: posts big blind $3
*** HOLE CARDS ***
amarillo778: raises $3 to $6
chipmover360: calls $3
*** FLOP *** [6d Qd Ad]
chipmover360: checks
amarillo778: bets $3
chipmover360: folds
Uncalled bet ($3) returned to amarillo778
amarillo778 collected $11.76 from pot
amarillo778: doesn't show hand
*** SUMMARY ***
Total pot $12 | Rake $0.24
Board [6d Qd Ad]
Seat 1: amarillo778 (button) (small blind) collected ($11.76)
Seat 6: chipmover360 (big blind) folded on the Flop


PokerStars Hand #147517254023:  Hold'em Limit ($3/$6 USD) - 2016/01/22 23:37:27 ET
Table 'Columbia II' 6-max Seat #1 is the button
Seat 1: amarillo778 ($178.68 in chips)
Seat 6: chipmover360 ($43.08 in chips)
amarillo778: posts small blind $1
chipmover360: posts big blind $3
*** HOLE CARDS ***
amarillo778: raises $3 to $6
chipmover360: calls $3
*** FLOP *** [9c 3c 5d]
chipmover360: checks
amarillo778: checks
*** TURN *** [9c 3c 5d] [4s]
chipmover360: bets $6
amarillo778: folds
Uncalled bet ($6) returned to chipmover360
amarillo778 leaves the table
chipmover360 collected $11.76 from pot
chipmover360: doesn't show hand
*** SUMMARY ***
Total pot $12 | Rake $0.24
Board [9c 3c 5d 4s]
Seat 1: amarillo778 (button) (small blind) folded on the Turn
Seat 6: chipmover360 (big blind) collected ($11.76)


