PokerStars Hand #157868896802:  Hold'em Limit ($3/$6 USD) - 2016/08/28 18:49:22 ET
Table 'Columbia' 6-max Seat #4 is the button
Seat 3: Jeelsy ($64.14 in chips)
Seat 4: Actionni13 ($150 in chips)
Actionni13: posts small blind $1
Jeelsy: posts big blind $3
*** HOLE CARDS ***
Actionni13: raises $3 to $6
Jeelsy: calls $3
*** FLOP *** [5c Tc Qd]
Jeelsy: checks
Actionni13: bets $3
Jeelsy: folds
Uncalled bet ($3) returned to Actionni13
Actionni13 collected $11.76 from pot
Actionni13: doesn't show hand
*** SUMMARY ***
Total pot $12 | Rake $0.24
Board [5c Tc Qd]
Seat 3: Jeelsy (big blind) folded on the Flop
Seat 4: Actionni13 (button) (small blind) collected ($11.76)


PokerStars Hand #157868885259:  Hold'em Limit ($3/$6 USD) - 2016/08/28 18:49:04 ET
Table 'Columbia' 6-max Seat #3 is the button
Seat 3: Jeelsy ($55.50 in chips)
Seat 4: Actionni13 ($158.64 in chips)
Jeelsy: posts small blind $1
Actionni13: posts big blind $3
*** HOLE CARDS ***
Jeelsy: raises $3 to $6
Actionni13: calls $3
*** FLOP *** [Ad As Js]
Actionni13: bets $3
Jeelsy: calls $3
*** TURN *** [Ad As Js] [Qc]
Actionni13: checks
Jeelsy: bets $6
Actionni13: folds
Uncalled bet ($6) returned to Jeelsy
Jeelsy collected $17.64 from pot
Jeelsy: doesn't show hand
*** SUMMARY ***
Total pot $18 | Rake $0.36
Board [Ad As Js Qc]
Seat 3: Jeelsy (button) (small blind) collected ($17.64)
Seat 4: Actionni13 (big blind) folded on the Turn


PokerStars Hand #157868873983:  Hold'em Limit ($3/$6 USD) - 2016/08/28 18:48:47 ET
Table 'Columbia' 6-max Seat #4 is the button
Seat 3: Jeelsy ($64.50 in chips)
Seat 4: Actionni13 ($150 in chips)
Actionni13: posts small blind $1
Jeelsy: posts big blind $3
*** HOLE CARDS ***
Actionni13: raises $3 to $6
Jeelsy: calls $3
*** FLOP *** [5c Kh 5s]
Jeelsy: bets $3
Actionni13: calls $3
*** TURN *** [5c Kh 5s] [Qd]
Jeelsy: checks
Actionni13: bets $6
Jeelsy: folds
Uncalled bet ($6) returned to Actionni13
Actionni13 collected $17.64 from pot
Actionni13: doesn't show hand
*** SUMMARY ***
Total pot $18 | Rake $0.36
Board [5c Kh 5s Qd]
Seat 3: Jeelsy (big blind) folded on the Turn
Seat 4: Actionni13 (button) (small blind) collected ($17.64)


PokerStars Hand #157868931194:  Hold'em Limit ($3/$6 USD) - 2016/08/28 18:50:15 ET
Table 'Columbia' 6-max Seat #3 is the button
Seat 3: Jeelsy ($77.42 in chips)
Seat 4: Actionni13 ($150 in chips)
Jeelsy: posts small blind $1
Actionni13: posts big blind $3
*** HOLE CARDS ***
Jeelsy: raises $3 to $6
Actionni13: raises $3 to $9
Jeelsy: calls $3
*** FLOP *** [Kd 5c 5s]
Actionni13: bets $3
Jeelsy: calls $3
*** TURN *** [Kd 5c 5s] [6s]
Actionni13: bets $6
Jeelsy: calls $6
*** RIVER *** [Kd 5c 5s 6s] [6c]
Actionni13: checks
Jeelsy: checks
*** SHOW DOWN ***
Actionni13: shows [Js Qc] (two pair, Sixes and Fives)
Jeelsy: shows [Ad 4h] (two pair, Sixes and Fives - Ace kicker)
Jeelsy collected $35.50 from pot
*** SUMMARY ***
Total pot $36 | Rake $0.50
Board [Kd 5c 5s 6s 6c]
Seat 3: Jeelsy (button) (small blind) showed [Ad 4h] and won ($35.50) with two pair, Sixes and Fives
Seat 4: Actionni13 (big blind) showed [Js Qc] and lost with two pair, Sixes and Fives


PokerStars Hand #157868920837:  Hold'em Limit ($3/$6 USD) - 2016/08/28 18:49:58 ET
Table 'Columbia' 6-max Seat #4 is the button
Seat 3: Jeelsy ($68.78 in chips)
Seat 4: Actionni13 ($150 in chips)
Actionni13: posts small blind $1
Jeelsy: posts big blind $3
*** HOLE CARDS ***
Actionni13: raises $3 to $6
Jeelsy: calls $3
*** FLOP *** [Qd 5s Qc]
Jeelsy: checks
Actionni13: bets $3
Jeelsy: calls $3
*** TURN *** [Qd 5s Qc] [5h]
Jeelsy: checks
Actionni13: checks
*** RIVER *** [Qd 5s Qc 5h] [2h]
Jeelsy: bets $6
Actionni13: folds
Uncalled bet ($6) returned to Jeelsy
Jeelsy collected $17.64 from pot
Jeelsy: doesn't show hand
*** SUMMARY ***
Total pot $18 | Rake $0.36
Board [Qd 5s Qc 5h 2h]
Seat 3: Jeelsy (big blind) collected ($17.64)
Seat 4: Actionni13 (button) (small blind) folded on the River


PokerStars Hand #157868916401:  Hold'em Limit ($3/$6 USD) - 2016/08/28 18:49:52 ET
Table 'Columbia' 6-max Seat #3 is the button
Seat 3: Jeelsy ($65.78 in chips)
Seat 4: Actionni13 ($150 in chips)
Jeelsy: posts small blind $1
Actionni13: posts big blind $3
*** HOLE CARDS ***
Jeelsy: raises $3 to $6
Actionni13: folds
Uncalled bet ($3) returned to Jeelsy
Jeelsy collected $6 from pot
Jeelsy: doesn't show hand
*** SUMMARY ***
Total pot $6 | Rake $0
Seat 3: Jeelsy (button) (small blind) collected ($6)
Seat 4: Actionni13 (big blind) folded before Flop


PokerStars Hand #157868907838:  Hold'em Limit ($3/$6 USD) - 2016/08/28 18:49:39 ET
Table 'Columbia' 6-max Seat #4 is the button
Seat 3: Jeelsy ($57.14 in chips)
Seat 4: Actionni13 ($156.76 in chips)
Actionni13: posts small blind $1
Jeelsy: posts big blind $3
*** HOLE CARDS ***
Actionni13: raises $3 to $6
Jeelsy: calls $3
*** FLOP *** [5h 7h 5c]
Jeelsy: bets $3
Actionni13: calls $3
*** TURN *** [5h 7h 5c] [Th]
Jeelsy: bets $6
Actionni13: folds
Uncalled bet ($6) returned to Jeelsy
Jeelsy collected $17.64 from pot
Jeelsy: doesn't show hand
*** SUMMARY ***
Total pot $18 | Rake $0.36
Board [5h 7h 5c Th]
Seat 3: Jeelsy (big blind) collected ($17.64)
Seat 4: Actionni13 (button) (small blind) folded on the Turn


PokerStars Hand #157868904167:  Hold'em Limit ($3/$6 USD) - 2016/08/28 18:49:33 ET
Table 'Columbia' 6-max Seat #3 is the button
Seat 3: Jeelsy ($58.14 in chips)
Seat 4: Actionni13 ($155.76 in chips)
Jeelsy: posts small blind $1
Actionni13: posts big blind $3
*** HOLE CARDS ***
Jeelsy: folds
Uncalled bet ($2) returned to Actionni13
Actionni13 collected $2 from pot
Actionni13: doesn't show hand
*** SUMMARY ***
Total pot $2 | Rake $0
Seat 3: Jeelsy (button) (small blind) folded before Flop
Seat 4: Actionni13 (big blind) collected ($2)


PokerStars Hand #157868973092:  Hold'em Limit ($3/$6 USD) - 2016/08/28 18:51:19 ET
Table 'Columbia' 6-max Seat #3 is the button
Seat 3: Jeelsy ($85.68 in chips)
Seat 4: Actionni13 ($158.40 in chips)
Jeelsy: posts small blind $1
Actionni13: posts big blind $3
*** HOLE CARDS ***
Jeelsy: folds
Uncalled bet ($2) returned to Actionni13
Actionni13 collected $2 from pot
Actionni13: doesn't show hand
*** SUMMARY ***
Total pot $2 | Rake $0
Seat 3: Jeelsy (button) (small blind) folded before Flop
Seat 4: Actionni13 (big blind) collected ($2)


PokerStars Hand #157868960246:  Hold'em Limit ($3/$6 USD) - 2016/08/28 18:50:59 ET
Table 'Columbia' 6-max Seat #4 is the button
Seat 3: Jeelsy ($79.92 in chips)
Seat 4: Actionni13 ($164.40 in chips)
Actionni13: posts small blind $1
Jeelsy: posts big blind $3
*** HOLE CARDS ***
Actionni13: raises $3 to $6
Jeelsy: calls $3
*** FLOP *** [Th 5s 4h]
Jeelsy: checks
Actionni13: checks
*** TURN *** [Th 5s 4h] [Td]
Jeelsy: bets $6
Actionni13: folds
Uncalled bet ($6) returned to Jeelsy
Jeelsy collected $11.76 from pot
Jeelsy: doesn't show hand
*** SUMMARY ***
Total pot $12 | Rake $0.24
Board [Th 5s 4h Td]
Seat 3: Jeelsy (big blind) collected ($11.76)
Seat 4: Actionni13 (button) (small blind) folded on the Turn


PokerStars Hand #157868947989:  Hold'em Limit ($3/$6 USD) - 2016/08/28 18:50:40 ET
Table 'Columbia' 6-max Seat #3 is the button
Seat 3: Jeelsy ($88.92 in chips)
Seat 4: Actionni13 ($155.76 in chips)
Jeelsy: posts small blind $1
Actionni13: posts big blind $3
*** HOLE CARDS ***
Jeelsy: raises $3 to $6
Actionni13: calls $3
*** FLOP *** [8s Ks Ad]
Actionni13: checks
Jeelsy: bets $3
Actionni13: calls $3
*** TURN *** [8s Ks Ad] [Td]
Actionni13: checks
Jeelsy: checks
*** RIVER *** [8s Ks Ad Td] [8d]
Actionni13: bets $6
Jeelsy: folds
Uncalled bet ($6) returned to Actionni13
Actionni13 collected $17.64 from pot
Actionni13: doesn't show hand
*** SUMMARY ***
Total pot $18 | Rake $0.36
Board [8s Ks Ad Td 8d]
Seat 3: Jeelsy (button) (small blind) folded on the River
Seat 4: Actionni13 (big blind) collected ($17.64)


PokerStars Hand #157868941450:  Hold'em Limit ($3/$6 USD) - 2016/08/28 18:50:30 ET
Table 'Columbia' 6-max Seat #4 is the button
Seat 3: Jeelsy ($94.92 in chips)
Seat 4: Actionni13 ($150 in chips)
Actionni13: posts small blind $1
Jeelsy: posts big blind $3
*** HOLE CARDS ***
Actionni13: raises $3 to $6
Jeelsy: calls $3
*** FLOP *** [Kh 6s Ks]
Jeelsy: checks
Actionni13: bets $3
Jeelsy: folds
Uncalled bet ($3) returned to Actionni13
Actionni13 collected $11.76 from pot
Actionni13: doesn't show hand
*** SUMMARY ***
Total pot $12 | Rake $0.24
Board [Kh 6s Ks]
Seat 3: Jeelsy (big blind) folded on the Flop
Seat 4: Actionni13 (button) (small blind) collected ($11.76)


PokerStars Hand #157869009560:  Hold'em Limit ($3/$6 USD) - 2016/08/28 18:52:16 ET
Table 'Columbia' 6-max Seat #4 is the button
Seat 3: Jeelsy ($116.94 in chips)
Seat 4: Actionni13 ($150 in chips)
Actionni13: posts small blind $1
Jeelsy: posts big blind $3
*** HOLE CARDS ***
Actionni13: raises $3 to $6
Jeelsy: calls $3
*** FLOP *** [Ac 2s Qh]
Jeelsy: checks
Actionni13: bets $3
Jeelsy: folds
Uncalled bet ($3) returned to Actionni13
Actionni13 collected $11.76 from pot
Actionni13: doesn't show hand
*** SUMMARY ***
Total pot $12 | Rake $0.24
Board [Ac 2s Qh]
Seat 3: Jeelsy (big blind) folded on the Flop
Seat 4: Actionni13 (button) (small blind) collected ($11.76)


PokerStars Hand #157868997266:  Hold'em Limit ($3/$6 USD) - 2016/08/28 18:51:57 ET
Table 'Columbia' 6-max Seat #3 is the button
Seat 3: Jeelsy ($90.44 in chips)
Seat 4: Actionni13 ($153.40 in chips)
Jeelsy: posts small blind $1
Actionni13: posts big blind $3
*** HOLE CARDS ***
Jeelsy: raises $3 to $6
Actionni13: calls $3
*** FLOP *** [Ac 8s 2h]
Actionni13: bets $3
Jeelsy: calls $3
*** TURN *** [Ac 8s 2h] [Js]
Actionni13: checks
Jeelsy: bets $6
Actionni13: raises $6 to $12
Jeelsy: calls $6
*** RIVER *** [Ac 8s 2h Js] [2d]
Actionni13: bets $6
Jeelsy: calls $6
*** SHOW DOWN ***
Actionni13: shows [5s 6s] (a pair of Deuces)
Jeelsy: shows [8c 7h] (two pair, Eights and Deuces)
Jeelsy collected $53.50 from pot
*** SUMMARY ***
Total pot $54 | Rake $0.50
Board [Ac 8s 2h Js 2d]
Seat 3: Jeelsy (button) (small blind) showed [8c 7h] and won ($53.50) with two pair, Eights and Deuces
Seat 4: Actionni13 (big blind) showed [5s 6s] and lost with a pair of Deuces


PokerStars Hand #157868976760:  Hold'em Limit ($3/$6 USD) - 2016/08/28 18:51:25 ET
Table 'Columbia' 6-max Seat #4 is the button
Seat 3: Jeelsy ($84.68 in chips)
Seat 4: Actionni13 ($159.40 in chips)
Actionni13: posts small blind $1
Jeelsy: posts big blind $3
*** HOLE CARDS ***
Actionni13: raises $3 to $6
Jeelsy: calls $3
*** FLOP *** [7d 6d 4h]
Jeelsy: bets $3
Actionni13: folds
Uncalled bet ($3) returned to Jeelsy
Jeelsy collected $11.76 from pot
Jeelsy: doesn't show hand
*** SUMMARY ***
Total pot $12 | Rake $0.24
Board [7d 6d 4h]
Seat 3: Jeelsy (big blind) collected ($11.76)
Seat 4: Actionni13 (button) (small blind) folded on the Flop


PokerStars Hand #157869048728:  Hold'em Limit ($3/$6 USD) - 2016/08/28 18:53:17 ET
Table 'Columbia' 6-max Seat #4 is the button
Seat 3: Jeelsy ($95.94 in chips)
Seat 4: Actionni13 ($170.04 in chips)
Actionni13: posts small blind $1
Jeelsy: posts big blind $3
*** HOLE CARDS ***
Actionni13: raises $3 to $6
Jeelsy: calls $3
*** FLOP *** [Kc 8d Ks]
Jeelsy: checks
Actionni13: bets $3
Jeelsy: calls $3
*** TURN *** [Kc 8d Ks] [5d]
Jeelsy: checks
Actionni13: checks
*** RIVER *** [Kc 8d Ks 5d] [7h]
Jeelsy: bets $6
Actionni13: raises $6 to $12
Jeelsy: folds
Uncalled bet ($6) returned to Actionni13
Actionni13 collected $29.50 from pot
Actionni13: doesn't show hand
*** SUMMARY ***
Total pot $30 | Rake $0.50
Board [Kc 8d Ks 5d 7h]
Seat 3: Jeelsy (big blind) folded on the River
Seat 4: Actionni13 (button) (small blind) collected ($29.50)


PokerStars Hand #157869041795:  Hold'em Limit ($3/$6 USD) - 2016/08/28 18:53:06 ET
Table 'Columbia' 6-max Seat #3 is the button
Seat 3: Jeelsy ($92.94 in chips)
Seat 4: Actionni13 ($173.04 in chips)
Jeelsy: posts small blind $1
Actionni13: posts big blind $3
*** HOLE CARDS ***
Jeelsy: raises $3 to $6
Actionni13: folds
Uncalled bet ($3) returned to Jeelsy
Jeelsy collected $6 from pot
Jeelsy: doesn't show hand
*** SUMMARY ***
Total pot $6 | Rake $0
Seat 3: Jeelsy (button) (small blind) collected ($6)
Seat 4: Actionni13 (big blind) folded before Flop


PokerStars Hand #157869030342:  Hold'em Limit ($3/$6 USD) - 2016/08/28 18:52:48 ET
Table 'Columbia' 6-max Seat #4 is the button
Seat 3: Jeelsy ($104.94 in chips)
Seat 4: Actionni13 ($161.52 in chips)
Actionni13: posts small blind $1
Jeelsy: posts big blind $3
*** HOLE CARDS ***
Actionni13: raises $3 to $6
Jeelsy: raises $3 to $9
Actionni13: calls $3
*** FLOP *** [Tc 4h Th]
Jeelsy: bets $3
Actionni13: calls $3
*** TURN *** [Tc 4h Th] [Kc]
Jeelsy: checks
Actionni13: bets $6
Jeelsy: folds
Uncalled bet ($6) returned to Actionni13
Actionni13 collected $23.52 from pot
Actionni13: doesn't show hand
*** SUMMARY ***
Total pot $24 | Rake $0.48
Board [Tc 4h Th Kc]
Seat 3: Jeelsy (big blind) folded on the Turn
Seat 4: Actionni13 (button) (small blind) collected ($23.52)


PokerStars Hand #157869015834:  Hold'em Limit ($3/$6 USD) - 2016/08/28 18:52:26 ET
Table 'Columbia' 6-max Seat #3 is the button
Seat 3: Jeelsy ($110.94 in chips)
Seat 4: Actionni13 ($155.76 in chips)
Jeelsy: posts small blind $1
Actionni13: posts big blind $3
*** HOLE CARDS ***
Jeelsy: raises $3 to $6
Actionni13: calls $3
*** FLOP *** [8s 3d 4h]
Actionni13: checks
Jeelsy: checks
*** TURN *** [8s 3d 4h] [3h]
Actionni13: checks
Jeelsy: checks
*** RIVER *** [8s 3d 4h 3h] [9s]
Actionni13: checks
Jeelsy: checks
*** SHOW DOWN ***
Actionni13: shows [Ad 5c] (a pair of Threes)
Jeelsy: mucks hand
Actionni13 collected $11.76 from pot
*** SUMMARY ***
Total pot $12 | Rake $0.24
Board [8s 3d 4h 3h 9s]
Seat 3: Jeelsy (button) (small blind) mucked
Seat 4: Actionni13 (big blind) showed [Ad 5c] and won ($11.76) with a pair of Threes


PokerStars Hand #157869080917:  Hold'em Limit ($3/$6 USD) - 2016/08/28 18:54:08 ET
Table 'Columbia' 6-max Seat #4 is the button
Seat 3: Jeelsy ($98.34 in chips)
Seat 4: Actionni13 ($166.54 in chips)
Actionni13: posts small blind $1
Jeelsy: posts big blind $3
*** HOLE CARDS ***
Actionni13: raises $3 to $6
Jeelsy: calls $3
*** FLOP *** [As 7s Jc]
Jeelsy: checks
Actionni13: bets $3
Jeelsy: calls $3
*** TURN *** [As 7s Jc] [Ts]
Jeelsy: checks
Actionni13: bets $6
Jeelsy: folds
Uncalled bet ($6) returned to Actionni13
Actionni13 collected $17.64 from pot
Actionni13: doesn't show hand
*** SUMMARY ***
Total pot $18 | Rake $0.36
Board [As 7s Jc Ts]
Seat 3: Jeelsy (big blind) folded on the Turn
Seat 4: Actionni13 (button) (small blind) collected ($17.64)


PokerStars Hand #157869076935:  Hold'em Limit ($3/$6 USD) - 2016/08/28 18:54:02 ET
Table 'Columbia' 6-max Seat #3 is the button
Seat 3: Jeelsy ($95.34 in chips)
Seat 4: Actionni13 ($169.54 in chips)
Jeelsy: posts small blind $1
Actionni13: posts big blind $3
*** HOLE CARDS ***
Jeelsy: raises $3 to $6
Actionni13: folds
Uncalled bet ($3) returned to Jeelsy
Jeelsy collected $6 from pot
Jeelsy: doesn't show hand
*** SUMMARY ***
Total pot $6 | Rake $0
Seat 3: Jeelsy (button) (small blind) collected ($6)
Seat 4: Actionni13 (big blind) folded before Flop


PokerStars Hand #157869067539:  Hold'em Limit ($3/$6 USD) - 2016/08/28 18:53:47 ET
Table 'Columbia' 6-max Seat #4 is the button
Seat 3: Jeelsy ($86.70 in chips)
Seat 4: Actionni13 ($178.54 in chips)
Actionni13: posts small blind $1
Jeelsy: posts big blind $3
*** HOLE CARDS ***
Actionni13: raises $3 to $6
Jeelsy: calls $3
*** FLOP *** [Jh 3s 2s]
Jeelsy: checks
Actionni13: bets $3
Jeelsy: calls $3
*** TURN *** [Jh 3s 2s] [Jd]
Jeelsy: checks
Actionni13: checks
*** RIVER *** [Jh 3s 2s Jd] [Qd]
Jeelsy: bets $6
Actionni13: folds
Uncalled bet ($6) returned to Jeelsy
Jeelsy collected $17.64 from pot
Jeelsy: doesn't show hand
*** SUMMARY ***
Total pot $18 | Rake $0.36
Board [Jh 3s 2s Jd Qd]
Seat 3: Jeelsy (big blind) collected ($17.64)
Seat 4: Actionni13 (button) (small blind) folded on the River


PokerStars Hand #157869060169:  Hold'em Limit ($3/$6 USD) - 2016/08/28 18:53:35 ET
Table 'Columbia' 6-max Seat #3 is the button
Seat 3: Jeelsy ($80.94 in chips)
Seat 4: Actionni13 ($184.54 in chips)
Jeelsy: posts small blind $1
Actionni13: posts big blind $3
*** HOLE CARDS ***
Jeelsy: raises $3 to $6
Actionni13: calls $3
*** FLOP *** [Ad 4h Td]
Actionni13: checks
Jeelsy: bets $3
Actionni13: folds
Uncalled bet ($3) returned to Jeelsy
Jeelsy collected $11.76 from pot
Jeelsy: doesn't show hand
*** SUMMARY ***
Total pot $12 | Rake $0.24
Board [Ad 4h Td]
Seat 3: Jeelsy (button) (small blind) collected ($11.76)
Seat 4: Actionni13 (big blind) folded on the Flop


PokerStars Hand #157869111192:  Hold'em Limit ($3/$6 USD) - 2016/08/28 18:54:56 ET
Table 'Columbia' 6-max Seat #3 is the button
Seat 3: Jeelsy ($118.48 in chips)
Seat 4: Actionni13 ($150 in chips)
Jeelsy: posts small blind $1
Actionni13: posts big blind $3
*** HOLE CARDS ***
Jeelsy: raises $3 to $6
Actionni13: raises $3 to $9
Jeelsy: calls $3
*** FLOP *** [8d 9s 7h]
Actionni13: bets $3
Jeelsy: calls $3
*** TURN *** [8d 9s 7h] [Qd]
Actionni13: checks
Jeelsy: bets $6
Actionni13: calls $6
*** RIVER *** [8d 9s 7h Qd] [As]
Actionni13: bets $6
Jeelsy: folds
Uncalled bet ($6) returned to Actionni13
Actionni13 collected $35.50 from pot
Actionni13: doesn't show hand
*** SUMMARY ***
Total pot $36 | Rake $0.50
Board [8d 9s 7h Qd As]
Seat 3: Jeelsy (button) (small blind) folded on the River
Seat 4: Actionni13 (big blind) collected ($35.50)


PokerStars Hand #157869101165:  Hold'em Limit ($3/$6 USD) - 2016/08/28 18:54:40 ET
Table 'Columbia' 6-max Seat #4 is the button
Seat 3: Jeelsy ($109.84 in chips)
Seat 4: Actionni13 ($154.18 in chips)
Actionni13: posts small blind $1
Jeelsy: posts big blind $3
*** HOLE CARDS ***
Actionni13: raises $3 to $6
Jeelsy: calls $3
*** FLOP *** [4c 5c Jc]
Jeelsy: bets $3
Actionni13: calls $3
*** TURN *** [4c 5c Jc] [3s]
Jeelsy: bets $6
Actionni13: folds
Uncalled bet ($6) returned to Jeelsy
Jeelsy collected $17.64 from pot
Jeelsy: doesn't show hand
*** SUMMARY ***
Total pot $18 | Rake $0.36
Board [4c 5c Jc 3s]
Seat 3: Jeelsy (big blind) collected ($17.64)
Seat 4: Actionni13 (button) (small blind) folded on the Turn


PokerStars Hand #157869091565:  Hold'em Limit ($3/$6 USD) - 2016/08/28 18:54:25 ET
Table 'Columbia' 6-max Seat #3 is the button
Seat 3: Jeelsy ($89.34 in chips)
Seat 4: Actionni13 ($175.18 in chips)
Jeelsy: posts small blind $1
Actionni13: posts big blind $3
*** HOLE CARDS ***
Jeelsy: raises $3 to $6
Actionni13: calls $3
*** FLOP *** [4c 5d 3s]
Actionni13: bets $3
Jeelsy: calls $3
*** TURN *** [4c 5d 3s] [Tc]
Actionni13: bets $6
Jeelsy: calls $6
*** RIVER *** [4c 5d 3s Tc] [8h]
Actionni13: bets $6
Jeelsy: calls $6
*** SHOW DOWN ***
Actionni13: shows [Ac 4d] (a pair of Fours)
Jeelsy: shows [Ah 5h] (a pair of Fives)
Jeelsy collected $41.50 from pot
*** SUMMARY ***
Total pot $42 | Rake $0.50
Board [4c 5d 3s Tc 8h]
Seat 3: Jeelsy (button) (small blind) showed [Ah 5h] and won ($41.50) with a pair of Fives
Seat 4: Actionni13 (big blind) showed [Ac 4d] and lost with a pair of Fours


PokerStars Hand #157869141453:  Hold'em Limit ($3/$6 USD) - 2016/08/28 18:55:54 ET
Table 'Columbia' 6-max Seat #3 is the button
Seat 3: Jeelsy ($80.48 in chips)
Seat 4: Actionni13 ($186.76 in chips)
Jeelsy: posts small blind $1
Actionni13: posts big blind $3
*** HOLE CARDS ***
Jeelsy: calls $2
Actionni13: checks
*** FLOP *** [8h 6d Tc]
Actionni13: bets $3
Jeelsy: calls $3
*** TURN *** [8h 6d Tc] [6h]
Actionni13: bets $6
Jeelsy: calls $6
*** RIVER *** [8h 6d Tc 6h] [7d]
Actionni13: bets $6
Jeelsy: calls $6
*** SHOW DOWN ***
Actionni13: shows [Ts 3h] (two pair, Tens and Sixes)
Jeelsy: mucks hand
Actionni13 collected $35.50 from pot
*** SUMMARY ***
Total pot $36 | Rake $0.50
Board [8h 6d Tc 6h 7d]
Seat 3: Jeelsy (button) (small blind) mucked
Seat 4: Actionni13 (big blind) showed [Ts 3h] and won ($35.50) with two pair, Tens and Sixes


PokerStars Hand #157869138817:  Hold'em Limit ($3/$6 USD) - 2016/08/28 18:55:48 ET
Table 'Columbia' 6-max Seat #4 is the button
Seat 3: Jeelsy ($79.48 in chips)
Seat 4: Actionni13 ($187.76 in chips)
Actionni13: posts small blind $1
Jeelsy: posts big blind $3
*** HOLE CARDS ***
Actionni13: folds
Uncalled bet ($2) returned to Jeelsy
Jeelsy collected $2 from pot
Jeelsy: doesn't show hand
*** SUMMARY ***
Total pot $2 | Rake $0
Seat 3: Jeelsy (big blind) collected ($2)
Seat 4: Actionni13 (button) (small blind) folded before Flop


PokerStars Hand #157869134278:  Hold'em Limit ($3/$6 USD) - 2016/08/28 18:55:39 ET
Table 'Columbia' 6-max Seat #3 is the button
Seat 3: Jeelsy ($85.48 in chips)
Seat 4: Actionni13 ($182 in chips)
Jeelsy: posts small blind $1
Actionni13: posts big blind $3
*** HOLE CARDS ***
Jeelsy: raises $3 to $6
Actionni13: calls $3
*** FLOP *** [Qc Kc Ac]
Actionni13: bets $3
Jeelsy: folds
Uncalled bet ($3) returned to Actionni13
Actionni13 collected $11.76 from pot
Actionni13: doesn't show hand
*** SUMMARY ***
Total pot $12 | Rake $0.24
Board [Qc Kc Ac]
Seat 3: Jeelsy (button) (small blind) folded on the Flop
Seat 4: Actionni13 (big blind) collected ($11.76)


PokerStars Hand #157869127325:  Hold'em Limit ($3/$6 USD) - 2016/08/28 18:55:24 ET
Table 'Columbia' 6-max Seat #4 is the button
Seat 3: Jeelsy ($100.48 in chips)
Seat 4: Actionni13 ($167.50 in chips)
Actionni13: posts small blind $1
Jeelsy: posts big blind $3
*** HOLE CARDS ***
Actionni13: raises $3 to $6
Jeelsy: calls $3
*** FLOP *** [3h 7s 5h]
Jeelsy: bets $3
Actionni13: calls $3
*** TURN *** [3h 7s 5h] [Kd]
Jeelsy: bets $6
Actionni13: raises $6 to $12
Jeelsy: folds
Uncalled bet ($6) returned to Actionni13
Actionni13 collected $29.50 from pot
Actionni13: doesn't show hand
*** SUMMARY ***
Total pot $30 | Rake $0.50
Board [3h 7s 5h Kd]
Seat 3: Jeelsy (big blind) folded on the Turn
Seat 4: Actionni13 (button) (small blind) collected ($29.50)


PokerStars Hand #157869151261:  Hold'em Limit ($3/$6 USD) - 2016/08/28 18:56:15 ET
Table 'Columbia' 6-max Seat #4 is the button
Seat 3: Jeelsy ($62.48 in chips)
Seat 4: Actionni13 ($204.26 in chips)
Actionni13: posts small blind $1
Jeelsy: posts big blind $3
*** HOLE CARDS ***
Actionni13: raises $3 to $6
Jeelsy: raises $3 to $9
Actionni13: calls $3
*** FLOP *** [6s 2d 5c]
Jeelsy: bets $3
Actionni13: calls $3
*** TURN *** [6s 2d 5c] [6c]
Jeelsy: bets $6
Actionni13: calls $6
*** RIVER *** [6s 2d 5c 6c] [Js]
Jeelsy: bets $6
Actionni13: calls $6
*** SHOW DOWN ***
Jeelsy: shows [Kh Tc] (a pair of Sixes)
Actionni13: shows [2s Ac] (two pair, Sixes and Deuces)
Actionni13 collected $47.50 from pot
*** SUMMARY ***
Total pot $48 | Rake $0.50
Board [6s 2d 5c 6c Js]
Seat 3: Jeelsy (big blind) showed [Kh Tc] and lost with a pair of Sixes
Seat 4: Actionni13 (button) (small blind) showed [2s Ac] and won ($47.50) with two pair, Sixes and Deuces


PokerStars Hand #157869161602:  Hold'em Limit ($3/$6 USD) - 2016/08/28 18:56:37 ET
Table 'Columbia' 6-max Seat #3 is the button
Seat 3: Jeelsy ($38.48 in chips)
Seat 4: Actionni13 ($227.76 in chips)
Jeelsy: posts small blind $1
Actionni13: posts big blind $3
*** HOLE CARDS ***
Jeelsy: raises $3 to $6
Actionni13: raises $3 to $9
Jeelsy: calls $3
*** FLOP *** [4h Js 2h]
Actionni13: bets $3
Jeelsy: calls $3
*** TURN *** [4h Js 2h] [Ks]
Actionni13: bets $6
Jeelsy: calls $6
*** RIVER *** [4h Js 2h Ks] [Ts]
Actionni13: bets $6
Jeelsy: calls $6
*** SHOW DOWN ***
Actionni13: shows [Kc Jh] (two pair, Kings and Jacks)
Jeelsy: mucks hand
Actionni13 collected $47.50 from pot
*** SUMMARY ***
Total pot $48 | Rake $0.50
Board [4h Js 2h Ks Ts]
Seat 3: Jeelsy (button) (small blind) mucked
Seat 4: Actionni13 (big blind) showed [Kc Jh] and won ($47.50) with two pair, Kings and Jacks


PokerStars Hand #157869170902:  Hold'em Limit ($3/$6 USD) - 2016/08/28 18:56:57 ET
Table 'Columbia' 6-max Seat #4 is the button
Seat 3: Jeelsy ($14.48 in chips)
Seat 4: Actionni13 ($251.26 in chips)
Actionni13: posts small blind $1
Jeelsy: posts big blind $3
*** HOLE CARDS ***
Actionni13: raises $3 to $6
Jeelsy: calls $3
*** FLOP *** [Jd Ks As]
Jeelsy: bets $3
Actionni13: calls $3
*** TURN *** [Jd Ks As] [Ts]
Jeelsy: bets $5.48 and is all-in
Actionni13: calls $5.48
*** RIVER *** [Jd Ks As Ts] [Ac]
*** SHOW DOWN ***
Jeelsy: shows [Kh 5s] (two pair, Aces and Kings)
Actionni13: shows [Ad 6c] (three of a kind, Aces)
Actionni13 collected $28.46 from pot
*** SUMMARY ***
Total pot $28.96 | Rake $0.50
Board [Jd Ks As Ts Ac]
Seat 3: Jeelsy (big blind) showed [Kh 5s] and lost with two pair, Aces and Kings
Seat 4: Actionni13 (button) (small blind) showed [Ad 6c] and won ($28.46) with three of a kind, Aces


