PokerStars Hand #160281630514:  Hold'em Limit ($3/$6 USD) - 2016/10/22 11:25:52 ET
Table 'Comacina' 10-max Seat #1 is the button
Seat 1: StormToTo ($120 in chips)
Seat 8: TinaTurner72 ($120 in chips)
StormToTo: posts small blind $1
TinaTurner72: posts big blind $3
*** HOLE CARDS ***
StormToTo: raises $3 to $6
TinaTurner72: raises $3 to $9
StormToTo: calls $3
*** FLOP *** [Jd Qh 5c]
TinaTurner72: bets $3
StormToTo: calls $3
*** TURN *** [Jd Qh 5c] [7c]
TinaTurner72: checks
StormToTo: bets $6
TinaTurner72: calls $6
*** RIVER *** [Jd Qh 5c 7c] [Ks]
TinaTurner72: checks
StormToTo: checks
*** SHOW DOWN ***
TinaTurner72: shows [Ah 8h] (high card Ace)
StormToTo: shows [7s 6s] (a pair of Sevens)
StormToTo collected $35.50 from pot
*** SUMMARY ***
Total pot $36 | Rake $0.50
Board [Jd Qh 5c 7c Ks]
Seat 1: StormToTo (button) (small blind) showed [7s 6s] and won ($35.50) with a pair of Sevens
Seat 8: TinaTurner72 (big blind) showed [Ah 8h] and lost with high card Ace


PokerStars Hand #160281694873:  Hold'em Limit ($3/$6 USD) - 2016/10/22 11:27:29 ET
Table 'Comacina' 10-max Seat #8 is the button
Seat 1: StormToTo ($97.50 in chips)
Seat 8: TinaTurner72 ($141.02 in chips)
TinaTurner72: posts small blind $1
StormToTo: posts big blind $3
*** HOLE CARDS ***
TinaTurner72: folds
Uncalled bet ($2) returned to StormToTo
StormToTo collected $2 from pot
StormToTo: doesn't show hand
*** SUMMARY ***
Total pot $2 | Rake $0
Seat 1: StormToTo (big blind) collected ($2)
Seat 8: TinaTurner72 (button) (small blind) folded before Flop


PokerStars Hand #160281691291:  Hold'em Limit ($3/$6 USD) - 2016/10/22 11:27:24 ET
Table 'Comacina' 10-max Seat #1 is the button
Seat 1: StormToTo ($98.50 in chips)
Seat 8: TinaTurner72 ($140.02 in chips)
StormToTo: posts small blind $1
TinaTurner72: posts big blind $3
*** HOLE CARDS ***
StormToTo: folds
Uncalled bet ($2) returned to TinaTurner72
TinaTurner72 collected $2 from pot
TinaTurner72: doesn't show hand
*** SUMMARY ***
Total pot $2 | Rake $0
Seat 1: StormToTo (button) (small blind) folded before Flop
Seat 8: TinaTurner72 (big blind) collected ($2)


PokerStars Hand #160281683708:  Hold'em Limit ($3/$6 USD) - 2016/10/22 11:27:12 ET
Table 'Comacina' 10-max Seat #8 is the button
Seat 1: StormToTo ($104.50 in chips)
Seat 8: TinaTurner72 ($134.26 in chips)
TinaTurner72: posts small blind $1
StormToTo: posts big blind $3
*** HOLE CARDS ***
TinaTurner72: raises $3 to $6
StormToTo: calls $3
*** FLOP *** [9d 6d Kd]
StormToTo: checks
TinaTurner72: bets $3
StormToTo: folds
Uncalled bet ($3) returned to TinaTurner72
TinaTurner72 collected $11.76 from pot
TinaTurner72: doesn't show hand
*** SUMMARY ***
Total pot $12 | Rake $0.24
Board [9d 6d Kd]
Seat 1: StormToTo (big blind) folded on the Flop
Seat 8: TinaTurner72 (button) (small blind) collected ($11.76)


PokerStars Hand #160281665710:  Hold'em Limit ($3/$6 USD) - 2016/10/22 11:26:45 ET
Table 'Comacina' 10-max Seat #1 is the button
Seat 1: StormToTo ($131.50 in chips)
Seat 8: TinaTurner72 ($107.76 in chips)
StormToTo: posts small blind $1
TinaTurner72: posts big blind $3
*** HOLE CARDS ***
StormToTo: raises $3 to $6
TinaTurner72: raises $3 to $9
StormToTo: calls $3
*** FLOP *** [3d 9d Th]
TinaTurner72: bets $3
StormToTo: raises $3 to $6
TinaTurner72: raises $3 to $9
StormToTo: raises $3 to $12
Betting is capped
TinaTurner72: calls $3
*** TURN *** [3d 9d Th] [Ac]
TinaTurner72: checks
StormToTo: checks
*** RIVER *** [3d 9d Th Ac] [Jh]
TinaTurner72: bets $6
StormToTo: calls $6
*** SHOW DOWN ***
TinaTurner72: shows [Ks Js] (a pair of Jacks)
StormToTo: mucks hand
TinaTurner72 collected $53.50 from pot
*** SUMMARY ***
Total pot $54 | Rake $0.50
Board [3d 9d Th Ac Jh]
Seat 1: StormToTo (button) (small blind) mucked
Seat 8: TinaTurner72 (big blind) showed [Ks Js] and won ($53.50) with a pair of Jacks


PokerStars Hand #160281651939:  Hold'em Limit ($3/$6 USD) - 2016/10/22 11:26:24 ET
Table 'Comacina' 10-max Seat #8 is the button
Seat 1: StormToTo ($137.50 in chips)
Seat 8: TinaTurner72 ($102 in chips)
TinaTurner72: posts small blind $1
StormToTo: posts big blind $3
*** HOLE CARDS ***
TinaTurner72: raises $3 to $6
StormToTo: calls $3
*** FLOP *** [9h 6d 5h]
StormToTo: checks
TinaTurner72: checks
*** TURN *** [9h 6d 5h] [Ks]
StormToTo: checks
TinaTurner72: bets $6
StormToTo: folds
Uncalled bet ($6) returned to TinaTurner72
TinaTurner72 collected $11.76 from pot
TinaTurner72: doesn't show hand
*** SUMMARY ***
Total pot $12 | Rake $0.24
Board [9h 6d 5h Ks]
Seat 1: StormToTo (big blind) folded on the Turn
Seat 8: TinaTurner72 (button) (small blind) collected ($11.76)


PokerStars Hand #160281698425:  Hold'em Limit ($3/$6 USD) - 2016/10/22 11:27:34 ET
Table 'Comacina' 10-max Seat #1 is the button
Seat 1: StormToTo ($98.50 in chips)
Seat 8: TinaTurner72 ($140.02 in chips)
StormToTo: posts small blind $1
TinaTurner72: posts big blind $3
*** HOLE CARDS ***
StormToTo: raises $3 to $6
TinaTurner72: raises $3 to $9
StormToTo: raises $3 to $12
Betting is capped
TinaTurner72: calls $3
*** FLOP *** [Ac 5s Js]
TinaTurner72: checks
StormToTo: bets $3
TinaTurner72: calls $3
*** TURN *** [Ac 5s Js] [Ts]
TinaTurner72: checks
StormToTo: bets $6
TinaTurner72: raises $6 to $12
StormToTo: calls $6
*** RIVER *** [Ac 5s Js Ts] [9h]
TinaTurner72: bets $6
StormToTo: calls $6
*** SHOW DOWN ***
TinaTurner72: shows [Tc Td] (three of a kind, Tens)
StormToTo: mucks hand
TinaTurner72 collected $65.50 from pot
*** SUMMARY ***
Total pot $66 | Rake $0.50
Board [Ac 5s Js Ts 9h]
Seat 1: StormToTo (button) (small blind) mucked
Seat 8: TinaTurner72 (big blind) showed [Tc Td] and won ($65.50) with three of a kind, Tens


PokerStars Hand #160281763697:  Hold'em Limit ($3/$6 USD) - 2016/10/22 11:29:12 ET
Table 'Comacina' 10-max Seat #1 is the button
Seat 1: StormToTo ($95.50 in chips)
Seat 8: TinaTurner72 ($141.52 in chips)
StormToTo: posts small blind $1
TinaTurner72: posts big blind $3
*** HOLE CARDS ***
StormToTo: folds
Uncalled bet ($2) returned to TinaTurner72
TinaTurner72 collected $2 from pot
TinaTurner72: doesn't show hand
*** SUMMARY ***
Total pot $2 | Rake $0
Seat 1: StormToTo (button) (small blind) folded before Flop
Seat 8: TinaTurner72 (big blind) collected ($2)


PokerStars Hand #160281759761:  Hold'em Limit ($3/$6 USD) - 2016/10/22 11:29:06 ET
Table 'Comacina' 10-max Seat #8 is the button
Seat 1: StormToTo ($94.50 in chips)
Seat 8: TinaTurner72 ($142.52 in chips)
TinaTurner72: posts small blind $1
StormToTo: posts big blind $3
*** HOLE CARDS ***
TinaTurner72: folds
Uncalled bet ($2) returned to StormToTo
StormToTo collected $2 from pot
StormToTo: doesn't show hand
*** SUMMARY ***
Total pot $2 | Rake $0
Seat 1: StormToTo (big blind) collected ($2)
Seat 8: TinaTurner72 (button) (small blind) folded before Flop


PokerStars Hand #160281740048:  Hold'em Limit ($3/$6 USD) - 2016/10/22 11:28:37 ET
Table 'Comacina' 10-max Seat #1 is the button
Seat 1: StormToTo ($80 in chips)
Seat 8: TinaTurner72 ($157.52 in chips)
StormToTo: posts small blind $1
TinaTurner72: posts big blind $3
*** HOLE CARDS ***
StormToTo: raises $3 to $6
TinaTurner72: raises $3 to $9
StormToTo: calls $3
*** FLOP *** [Jc 2s 6h]
TinaTurner72: bets $3
StormToTo: raises $3 to $6
TinaTurner72: calls $3
*** TURN *** [Jc 2s 6h] [4c]
TinaTurner72: checks
StormToTo: bets $6
TinaTurner72: folds
Uncalled bet ($6) returned to StormToTo
StormToTo collected $29.50 from pot
StormToTo: doesn't show hand
*** SUMMARY ***
Total pot $30 | Rake $0.50
Board [Jc 2s 6h 4c]
Seat 1: StormToTo (button) (small blind) collected ($29.50)
Seat 8: TinaTurner72 (big blind) folded on the Turn


PokerStars Hand #160281726072:  Hold'em Limit ($3/$6 USD) - 2016/10/22 11:28:16 ET
Table 'Comacina' 10-max Seat #8 is the button
Seat 1: StormToTo ($65.50 in chips)
Seat 8: TinaTurner72 ($172.52 in chips)
TinaTurner72: posts small blind $1
StormToTo: posts big blind $3
*** HOLE CARDS ***
TinaTurner72: raises $3 to $6
StormToTo: calls $3
*** FLOP *** [4s 4c 9d]
StormToTo: checks
TinaTurner72: bets $3
StormToTo: calls $3
*** TURN *** [4s 4c 9d] [Jc]
StormToTo: checks
TinaTurner72: bets $6
StormToTo: calls $6
*** RIVER *** [4s 4c 9d Jc] [5s]
StormToTo: checks
TinaTurner72: checks
*** SHOW DOWN ***
StormToTo: shows [Th Ac] (a pair of Fours)
TinaTurner72: mucks hand
StormToTo collected $29.50 from pot
*** SUMMARY ***
Total pot $30 | Rake $0.50
Board [4s 4c 9d Jc 5s]
Seat 1: StormToTo (big blind) showed [Th Ac] and won ($29.50) with a pair of Fours
Seat 8: TinaTurner72 (button) (small blind) mucked


PokerStars Hand #160281781594:  Hold'em Limit ($3/$6 USD) - 2016/10/22 11:29:39 ET
Table 'Comacina' 10-max Seat #1 is the button
Seat 1: StormToTo ($91.50 in chips)
Seat 8: TinaTurner72 ($145.52 in chips)
StormToTo: posts small blind $1
TinaTurner72: posts big blind $3
*** HOLE CARDS ***
StormToTo: raises $3 to $6
TinaTurner72: calls $3
*** FLOP *** [Td Th 4h]
TinaTurner72: checks
StormToTo: bets $3
TinaTurner72: raises $3 to $6
StormToTo: calls $3
*** TURN *** [Td Th 4h] [9h]
TinaTurner72: bets $6
StormToTo: calls $6
*** RIVER *** [Td Th 4h 9h] [Ah]
TinaTurner72: checks
StormToTo: bets $6
TinaTurner72: folds
Uncalled bet ($6) returned to StormToTo
StormToTo collected $35.50 from pot
StormToTo: doesn't show hand
*** SUMMARY ***
Total pot $36 | Rake $0.50
Board [Td Th 4h 9h Ah]
Seat 1: StormToTo (button) (small blind) collected ($35.50)
Seat 8: TinaTurner72 (big blind) folded on the River


PokerStars Hand #160281768842:  Hold'em Limit ($3/$6 USD) - 2016/10/22 11:29:20 ET
Table 'Comacina' 10-max Seat #8 is the button
Seat 1: StormToTo ($94.50 in chips)
Seat 8: TinaTurner72 ($142.52 in chips)
TinaTurner72: posts small blind $1
StormToTo: posts big blind $3
*** HOLE CARDS ***
TinaTurner72: raises $3 to $6
StormToTo: folds
Uncalled bet ($3) returned to TinaTurner72
TinaTurner72 collected $6 from pot
TinaTurner72: doesn't show hand
*** SUMMARY ***
Total pot $6 | Rake $0
Seat 1: StormToTo (big blind) folded before Flop
Seat 8: TinaTurner72 (button) (small blind) collected ($6)


PokerStars Hand #160281860476:  Hold'em Limit ($3/$6 USD) - 2016/10/22 11:31:27 ET
Table 'Comacina' 10-max Seat #1 is the button
Seat 1: StormToTo ($111.64 in chips)
Seat 8: TinaTurner72 ($124.16 in chips)
StormToTo: posts small blind $1
TinaTurner72: posts big blind $3
*** HOLE CARDS ***
StormToTo: folds
Uncalled bet ($2) returned to TinaTurner72
TinaTurner72 collected $2 from pot
TinaTurner72: doesn't show hand
*** SUMMARY ***
Total pot $2 | Rake $0
Seat 1: StormToTo (button) (small blind) folded before Flop
Seat 8: TinaTurner72 (big blind) collected ($2)


PokerStars Hand #160281847175:  Hold'em Limit ($3/$6 USD) - 2016/10/22 11:31:07 ET
Table 'Comacina' 10-max Seat #8 is the button
Seat 1: StormToTo ($120.64 in chips)
Seat 8: TinaTurner72 ($115.52 in chips)
TinaTurner72: posts small blind $1
StormToTo: posts big blind $3
*** HOLE CARDS ***
TinaTurner72: raises $3 to $6
StormToTo: calls $3
*** FLOP *** [9c 4c 7s]
StormToTo: checks
TinaTurner72: bets $3
StormToTo: calls $3
*** TURN *** [9c 4c 7s] [Ad]
StormToTo: checks
TinaTurner72: bets $6
StormToTo: folds
Uncalled bet ($6) returned to TinaTurner72
TinaTurner72 collected $17.64 from pot
TinaTurner72: doesn't show hand
*** SUMMARY ***
Total pot $18 | Rake $0.36
Board [9c 4c 7s Ad]
Seat 1: StormToTo (big blind) folded on the Turn
Seat 8: TinaTurner72 (button) (small blind) collected ($17.64)


PokerStars Hand #160281837332:  Hold'em Limit ($3/$6 USD) - 2016/10/22 11:30:52 ET
Table 'Comacina' 10-max Seat #1 is the button
Seat 1: StormToTo ($117.64 in chips)
Seat 8: TinaTurner72 ($118.52 in chips)
StormToTo: posts small blind $1
TinaTurner72: posts big blind $3
*** HOLE CARDS ***
StormToTo: raises $3 to $6
TinaTurner72: folds
Uncalled bet ($3) returned to StormToTo
StormToTo collected $6 from pot
StormToTo: doesn't show hand
*** SUMMARY ***
Total pot $6 | Rake $0
Seat 1: StormToTo (button) (small blind) collected ($6)
Seat 8: TinaTurner72 (big blind) folded before Flop


PokerStars Hand #160281811604:  Hold'em Limit ($3/$6 USD) - 2016/10/22 11:30:14 ET
Table 'Comacina' 10-max Seat #8 is the button
Seat 1: StormToTo ($109 in chips)
Seat 8: TinaTurner72 ($127.52 in chips)
TinaTurner72: posts small blind $1
StormToTo: posts big blind $3
*** HOLE CARDS ***
TinaTurner72: raises $3 to $6
StormToTo: calls $3
*** FLOP *** [4d 2s Ad]
StormToTo: checks
TinaTurner72: bets $3
StormToTo: calls $3
*** TURN *** [4d 2s Ad] [2h]
StormToTo: checks
TinaTurner72: checks
*** RIVER *** [4d 2s Ad 2h] [Th]
StormToTo: checks
TinaTurner72: checks
*** SHOW DOWN ***
StormToTo: shows [Qs 5d] (a pair of Deuces)
TinaTurner72: mucks hand
StormToTo collected $17.64 from pot
*** SUMMARY ***
Total pot $18 | Rake $0.36
Board [4d 2s Ad 2h Th]
Seat 1: StormToTo (big blind) showed [Qs 5d] and won ($17.64) with a pair of Deuces
Seat 8: TinaTurner72 (button) (small blind) mucked


PokerStars Hand #160281864225:  Hold'em Limit ($3/$6 USD) - 2016/10/22 11:31:32 ET
Table 'Comacina' 10-max Seat #8 is the button
Seat 1: StormToTo ($110.64 in chips)
Seat 8: TinaTurner72 ($125.16 in chips)
TinaTurner72: posts small blind $1
StormToTo: posts big blind $3
*** HOLE CARDS ***
TinaTurner72: raises $3 to $6
StormToTo: calls $3
*** FLOP *** [Qs Ts 5c]
kouchan1214 joins the table at seat #5
StormToTo: checks
TinaTurner72: bets $3
StormToTo: calls $3
*** TURN *** [Qs Ts 5c] [Td]
StormToTo: checks
TinaTurner72: checks
*** RIVER *** [Qs Ts 5c Td] [Qd]
StormToTo: bets $6
TinaTurner72: calls $6
*** SHOW DOWN ***
StormToTo: shows [Qh 8h] (a full house, Queens full of Tens)
TinaTurner72: mucks hand
StormToTo collected $29.50 from pot
*** SUMMARY ***
Total pot $30 | Rake $0.50
Board [Qs Ts 5c Td Qd]
Seat 1: StormToTo (big blind) showed [Qh 8h] and won ($29.50) with a full house, Queens full of Tens
Seat 8: TinaTurner72 (button) (small blind) mucked


PokerStars Hand #160281992674:  Hold'em Limit ($3/$6 USD) - 2016/10/22 11:34:45 ET
Table 'Comacina' 10-max Seat #8 is the button
Seat 1: StormToTo ($100.14 in chips)
Seat 8: TinaTurner72 ($154.25 in chips)
TinaTurner72: posts small blind $1
StormToTo: posts big blind $3
*** HOLE CARDS ***
TinaTurner72: raises $3 to $6
StormToTo: calls $3
*** FLOP *** [Kh Ts 5h]
StormToTo: checks
TinaTurner72: bets $3
StormToTo: raises $3 to $6
TinaTurner72: calls $3
*** TURN *** [Kh Ts 5h] [Qs]
StormToTo: bets $6
TinaTurner72: calls $6
*** RIVER *** [Kh Ts 5h Qs] [8h]
StormToTo: bets $6
TinaTurner72: folds
Uncalled bet ($6) returned to StormToTo
StormToTo collected $35.50 from pot
StormToTo: doesn't show hand
*** SUMMARY ***
Total pot $36 | Rake $0.50
Board [Kh Ts 5h Qs 8h]
Seat 1: StormToTo (big blind) collected ($35.50)
Seat 8: TinaTurner72 (button) (small blind) folded on the River


PokerStars Hand #160281989017:  Hold'em Limit ($3/$6 USD) - 2016/10/22 11:34:40 ET
Table 'Comacina' 10-max Seat #1 is the button
Seat 1: StormToTo ($101.14 in chips)
Seat 8: TinaTurner72 ($153.25 in chips)
StormToTo: posts small blind $1
TinaTurner72: posts big blind $3
*** HOLE CARDS ***
StormToTo: folds
Uncalled bet ($2) returned to TinaTurner72
TinaTurner72 collected $2 from pot
TinaTurner72: doesn't show hand
*** SUMMARY ***
Total pot $2 | Rake $0
Seat 1: StormToTo (button) (small blind) folded before Flop
Seat 8: TinaTurner72 (big blind) collected ($2)


PokerStars Hand #160282025234:  Hold'em Limit ($3/$6 USD) - 2016/10/22 11:35:35 ET
Table 'Comacina' 10-max Seat #1 is the button
Seat 1: StormToTo ($117.64 in chips)
Seat 8: TinaTurner72 ($136.25 in chips)
StormToTo: posts small blind $1
TinaTurner72: posts big blind $3
*** HOLE CARDS ***
StormToTo: raises $3 to $6
TinaTurner72: raises $3 to $9
StormToTo: calls $3
*** FLOP *** [5h 4h Th]
TinaTurner72: bets $3
StormToTo: raises $3 to $6
TinaTurner72: raises $3 to $9
StormToTo: calls $3
*** TURN *** [5h 4h Th] [6s]
TinaTurner72: bets $6
StormToTo: calls $6
*** RIVER *** [5h 4h Th 6s] [Qd]
TinaTurner72: bets $6
StormToTo: calls $6
*** SHOW DOWN ***
TinaTurner72: shows [9h Jh] (a flush, Jack high)
StormToTo: mucks hand
TinaTurner72 collected $59.50 from pot
*** SUMMARY ***
Total pot $60 | Rake $0.50
Board [5h 4h Th 6s Qd]
Seat 1: StormToTo (button) (small blind) mucked
Seat 8: TinaTurner72 (big blind) showed [9h Jh] and won ($59.50) with a flush, Jack high


PokerStars Hand #160282053787:  Hold'em Limit ($3/$6 USD) - 2016/10/22 11:36:18 ET
Table 'Comacina' 10-max Seat #8 is the button
Seat 1: StormToTo ($87.64 in chips)
Seat 8: TinaTurner72 ($165.75 in chips)
TinaTurner72: posts small blind $1
StormToTo: posts big blind $3
*** HOLE CARDS ***
TinaTurner72: raises $3 to $6
StormToTo: calls $3
*** FLOP *** [Qc Td Js]
StormToTo: checks
TinaTurner72: bets $3
StormToTo: calls $3
*** TURN *** [Qc Td Js] [Jd]
StormToTo: checks
TinaTurner72: bets $6
StormToTo: calls $6
*** RIVER *** [Qc Td Js Jd] [2s]
StormToTo: checks
TinaTurner72: bets $6
StormToTo: folds
Uncalled bet ($6) returned to TinaTurner72
TinaTurner72 collected $29.50 from pot
TinaTurner72: doesn't show hand
*** SUMMARY ***
Total pot $30 | Rake $0.50
Board [Qc Td Js Jd 2s]
Seat 1: StormToTo (big blind) folded on the River
Seat 8: TinaTurner72 (button) (small blind) collected ($29.50)


PokerStars Hand #160282075632:  Hold'em Limit ($3/$6 USD) - 2016/10/22 11:36:51 ET
Table 'Comacina' 10-max Seat #1 is the button
Seat 1: StormToTo ($72.64 in chips)
Seat 8: TinaTurner72 ($180.25 in chips)
StormToTo: posts small blind $1
TinaTurner72: posts big blind $3
*** HOLE CARDS ***
StormToTo: calls $2
TinaTurner72: checks
*** FLOP *** [6s 4d Jc]
TinaTurner72: bets $3
StormToTo: calls $3
*** TURN *** [6s 4d Jc] [Td]
TinaTurner72: checks
StormToTo: bets $6
TinaTurner72: calls $6
*** RIVER *** [6s 4d Jc Td] [Ah]
TinaTurner72: checks
StormToTo: bets $6
TinaTurner72: folds
Uncalled bet ($6) returned to StormToTo
StormToTo collected $23.52 from pot
StormToTo: doesn't show hand
*** SUMMARY ***
Total pot $24 | Rake $0.48
Board [6s 4d Jc Td Ah]
Seat 1: StormToTo (button) (small blind) collected ($23.52)
Seat 8: TinaTurner72 (big blind) folded on the River


PokerStars Hand #160282117149:  Hold'em Limit ($3/$6 USD) - 2016/10/22 11:37:53 ET
Table 'Comacina' 10-max Seat #8 is the button
Seat 1: StormToTo ($84.16 in chips)
Seat 8: TinaTurner72 ($168.25 in chips)
TinaTurner72: posts small blind $1
StormToTo: posts big blind $3
*** HOLE CARDS ***
TinaTurner72: raises $3 to $6
StormToTo: folds
Uncalled bet ($3) returned to TinaTurner72
TinaTurner72 collected $6 from pot
TinaTurner72: doesn't show hand
*** SUMMARY ***
Total pot $6 | Rake $0
Seat 1: StormToTo (big blind) folded before Flop
Seat 8: TinaTurner72 (button) (small blind) collected ($6)


PokerStars Hand #160282128608:  Hold'em Limit ($3/$6 USD) - 2016/10/22 11:38:10 ET
Table 'Comacina' 10-max Seat #1 is the button
Seat 1: StormToTo ($81.16 in chips)
Seat 8: TinaTurner72 ($171.25 in chips)
StormToTo: posts small blind $1
TinaTurner72: posts big blind $3
*** HOLE CARDS ***
StormToTo: raises $3 to $6
TinaTurner72: calls $3
*** FLOP *** [Jh 4h Qs]
TinaTurner72: checks
StormToTo: bets $3
TinaTurner72: folds
Uncalled bet ($3) returned to StormToTo
StormToTo collected $11.76 from pot
StormToTo: doesn't show hand
*** SUMMARY ***
Total pot $12 | Rake $0.24
Board [Jh 4h Qs]
Seat 1: StormToTo (button) (small blind) collected ($11.76)
Seat 8: TinaTurner72 (big blind) folded on the Flop


PokerStars Hand #160282150766:  Hold'em Limit ($3/$6 USD) - 2016/10/22 11:38:44 ET
Table 'Comacina' 10-max Seat #8 is the button
Seat 1: StormToTo ($86.92 in chips)
Seat 8: TinaTurner72 ($165.25 in chips)
TinaTurner72: posts small blind $1
StormToTo: posts big blind $3
*** HOLE CARDS ***
TinaTurner72: raises $3 to $6
StormToTo: folds
Uncalled bet ($3) returned to TinaTurner72
TinaTurner72 collected $6 from pot
TinaTurner72: doesn't show hand
*** SUMMARY ***
Total pot $6 | Rake $0
Seat 1: StormToTo (big blind) folded before Flop
Seat 8: TinaTurner72 (button) (small blind) collected ($6)


PokerStars Hand #160282185734:  Hold'em Limit ($3/$6 USD) - 2016/10/22 11:39:37 ET
Table 'Comacina' 10-max Seat #8 is the button
Seat 1: StormToTo ($68.92 in chips)
Seat 8: TinaTurner72 ($182.75 in chips)
TinaTurner72: posts small blind $1
StormToTo: posts big blind $3
*** HOLE CARDS ***
TinaTurner72: raises $3 to $6
StormToTo: calls $3
*** FLOP *** [2h Qc 8d]
StormToTo: checks
TinaTurner72: bets $3
StormToTo: calls $3
*** TURN *** [2h Qc 8d] [8c]
StormToTo: checks
TinaTurner72: bets $6
StormToTo: calls $6
*** RIVER *** [2h Qc 8d 8c] [3c]
StormToTo: checks
TinaTurner72: checks
*** SHOW DOWN ***
StormToTo: shows [Ac 9d] (a pair of Eights)
TinaTurner72: shows [7d 7c] (two pair, Eights and Sevens)
TinaTurner72 collected $29.50 from pot
*** SUMMARY ***
Total pot $30 | Rake $0.50
Board [2h Qc 8d 8c 3c]
Seat 1: StormToTo (big blind) showed [Ac 9d] and lost with a pair of Eights
Seat 8: TinaTurner72 (button) (small blind) showed [7d 7c] and won ($29.50) with two pair, Eights and Sevens


PokerStars Hand #160282206548:  Hold'em Limit ($3/$6 USD) - 2016/10/22 11:40:07 ET
Table 'Comacina' 10-max Seat #1 is the button
Seat 1: StormToTo ($53.92 in chips)
Seat 8: TinaTurner72 ($197.25 in chips)
StormToTo: posts small blind $1
TinaTurner72: posts big blind $3
*** HOLE CARDS ***
StormToTo: folds
Uncalled bet ($2) returned to TinaTurner72
TinaTurner72 collected $2 from pot
TinaTurner72: doesn't show hand
*** SUMMARY ***
Total pot $2 | Rake $0
Seat 1: StormToTo (button) (small blind) folded before Flop
Seat 8: TinaTurner72 (big blind) collected ($2)


PokerStars Hand #160282214851:  Hold'em Limit ($3/$6 USD) - 2016/10/22 11:40:20 ET
Table 'Comacina' 10-max Seat #8 is the button
Seat 1: StormToTo ($132.98 in chips)
Seat 8: TinaTurner72 ($198.25 in chips)
TinaTurner72: posts small blind $1
StormToTo: posts big blind $3
*** HOLE CARDS ***
TinaTurner72: raises $3 to $6
StormToTo: calls $3
*** FLOP *** [Tc Ac 8d]
StormToTo: checks
TinaTurner72: bets $3
StormToTo: calls $3
*** TURN *** [Tc Ac 8d] [Ks]
StormToTo: checks
TinaTurner72: bets $6
StormToTo: folds
Uncalled bet ($6) returned to TinaTurner72
TinaTurner72 collected $17.64 from pot
TinaTurner72: doesn't show hand
*** SUMMARY ***
Total pot $18 | Rake $0.36
Board [Tc Ac 8d Ks]
Seat 1: StormToTo (big blind) folded on the Turn
Seat 8: TinaTurner72 (button) (small blind) collected ($17.64)


PokerStars Hand #160282239423:  Hold'em Limit ($3/$6 USD) - 2016/10/22 11:40:57 ET
Table 'Comacina' 10-max Seat #1 is the button
Seat 1: StormToTo ($123.98 in chips)
Seat 8: TinaTurner72 ($206.89 in chips)
StormToTo: posts small blind $1
TinaTurner72: posts big blind $3
*** HOLE CARDS ***
StormToTo: folds
Uncalled bet ($2) returned to TinaTurner72
TinaTurner72 collected $2 from pot
TinaTurner72: doesn't show hand
*** SUMMARY ***
Total pot $2 | Rake $0
Seat 1: StormToTo (button) (small blind) folded before Flop
Seat 8: TinaTurner72 (big blind) collected ($2)


PokerStars Hand #160282261088:  Hold'em Limit ($3/$6 USD) - 2016/10/22 11:41:29 ET
Table 'Comacina' 10-max Seat #1 is the button
Seat 1: StormToTo ($146.48 in chips)
Seat 8: TinaTurner72 ($183.89 in chips)
StormToTo: posts small blind $1
TinaTurner72: posts big blind $3
*** HOLE CARDS ***
StormToTo: folds
Uncalled bet ($2) returned to TinaTurner72
TinaTurner72 collected $2 from pot
TinaTurner72: doesn't show hand
*** SUMMARY ***
Total pot $2 | Rake $0
Seat 1: StormToTo (button) (small blind) folded before Flop
Seat 8: TinaTurner72 (big blind) collected ($2)


PokerStars Hand #160282243578:  Hold'em Limit ($3/$6 USD) - 2016/10/22 11:41:03 ET
Table 'Comacina' 10-max Seat #8 is the button
Seat 1: StormToTo ($122.98 in chips)
Seat 8: TinaTurner72 ($207.89 in chips)
TinaTurner72: posts small blind $1
StormToTo: posts big blind $3
*** HOLE CARDS ***
TinaTurner72: raises $3 to $6
StormToTo: calls $3
*** FLOP *** [Qs 6c 7c]
StormToTo: checks
TinaTurner72: bets $3
StormToTo: raises $3 to $6
TinaTurner72: calls $3
*** TURN *** [Qs 6c 7c] [6d]
StormToTo: bets $6
TinaTurner72: calls $6
*** RIVER *** [Qs 6c 7c 6d] [6h]
StormToTo: bets $6
TinaTurner72: calls $6
*** SHOW DOWN ***
StormToTo: shows [Qc 5c] (a full house, Sixes full of Queens)
TinaTurner72: mucks hand
StormToTo collected $47.50 from pot
*** SUMMARY ***
Total pot $48 | Rake $0.50
Board [Qs 6c 7c 6d 6h]
Seat 1: StormToTo (big blind) showed [Qc 5c] and won ($47.50) with a full house, Sixes full of Queens
Seat 8: TinaTurner72 (button) (small blind) mucked


PokerStars Hand #160282264569:  Hold'em Limit ($3/$6 USD) - 2016/10/22 11:41:34 ET
Table 'Comacina' 10-max Seat #8 is the button
Seat 1: StormToTo ($145.48 in chips)
Seat 8: TinaTurner72 ($184.89 in chips)
TinaTurner72: posts small blind $1
StormToTo: posts big blind $3
*** HOLE CARDS ***
TinaTurner72: raises $3 to $6
StormToTo: calls $3
*** FLOP *** [Kd Qh 3s]
StormToTo: checks
TinaTurner72: bets $3
StormToTo: calls $3
*** TURN *** [Kd Qh 3s] [Ks]
StormToTo: checks
TinaTurner72: checks
*** RIVER *** [Kd Qh 3s Ks] [5d]
StormToTo: bets $6
TinaTurner72: calls $6
*** SHOW DOWN ***
StormToTo: shows [5s 3d] (two pair, Kings and Fives)
TinaTurner72: mucks hand
StormToTo collected $29.50 from pot
*** SUMMARY ***
Total pot $30 | Rake $0.50
Board [Kd Qh 3s Ks 5d]
Seat 1: StormToTo (big blind) showed [5s 3d] and won ($29.50) with two pair, Kings and Fives
Seat 8: TinaTurner72 (button) (small blind) mucked


PokerStars Hand #160282278382:  Hold'em Limit ($3/$6 USD) - 2016/10/22 11:41:55 ET
Table 'Comacina' 10-max Seat #1 is the button
Seat 1: StormToTo ($159.98 in chips)
Seat 8: TinaTurner72 ($169.89 in chips)
StormToTo: posts small blind $1
TinaTurner72: posts big blind $3
*** HOLE CARDS ***
StormToTo: raises $3 to $6
TinaTurner72: folds
Uncalled bet ($3) returned to StormToTo
StormToTo collected $6 from pot
StormToTo: doesn't show hand
*** SUMMARY ***
Total pot $6 | Rake $0
Seat 1: StormToTo (button) (small blind) collected ($6)
Seat 8: TinaTurner72 (big blind) folded before Flop


PokerStars Hand #160282290075:  Hold'em Limit ($3/$6 USD) - 2016/10/22 11:42:12 ET
Table 'Comacina' 10-max Seat #8 is the button
Seat 1: StormToTo ($162.98 in chips)
Seat 8: TinaTurner72 ($166.89 in chips)
TinaTurner72: posts small blind $1
StormToTo: posts big blind $3
*** HOLE CARDS ***
TinaTurner72: raises $3 to $6
StormToTo: calls $3
*** FLOP *** [2c 7d Ac]
StormToTo: checks
TinaTurner72: bets $3
StormToTo: folds
Uncalled bet ($3) returned to TinaTurner72
TinaTurner72 collected $11.76 from pot
TinaTurner72: doesn't show hand
*** SUMMARY ***
Total pot $12 | Rake $0.24
Board [2c 7d Ac]
Seat 1: StormToTo (big blind) folded on the Flop
Seat 8: TinaTurner72 (button) (small blind) collected ($11.76)


PokerStars Hand #160282298775:  Hold'em Limit ($3/$6 USD) - 2016/10/22 11:42:25 ET
Table 'Comacina' 10-max Seat #1 is the button
Seat 1: StormToTo ($156.98 in chips)
Seat 8: TinaTurner72 ($172.65 in chips)
StormToTo: posts small blind $1
TinaTurner72: posts big blind $3
*** HOLE CARDS ***
StormToTo: raises $3 to $6
TinaTurner72: folds
Uncalled bet ($3) returned to StormToTo
StormToTo collected $6 from pot
StormToTo: doesn't show hand
*** SUMMARY ***
Total pot $6 | Rake $0
Seat 1: StormToTo (button) (small blind) collected ($6)
Seat 8: TinaTurner72 (big blind) folded before Flop


PokerStars Hand #160282304083:  Hold'em Limit ($3/$6 USD) - 2016/10/22 11:42:33 ET
Table 'Comacina' 10-max Seat #8 is the button
Seat 1: StormToTo ($159.98 in chips)
Seat 8: TinaTurner72 ($169.65 in chips)
TinaTurner72: posts small blind $1
StormToTo: posts big blind $3
*** HOLE CARDS ***
TinaTurner72: raises $3 to $6
StormToTo: calls $3
*** FLOP *** [6c Qc 3d]
StormToTo: checks
TinaTurner72: bets $3
StormToTo: calls $3
*** TURN *** [6c Qc 3d] [Jh]
StormToTo: checks
TinaTurner72: bets $6
StormToTo: calls $6
*** RIVER *** [6c Qc 3d Jh] [Ts]
StormToTo: checks
TinaTurner72: bets $6
StormToTo: calls $6
*** SHOW DOWN ***
TinaTurner72: shows [Jc 7d] (a pair of Jacks)
StormToTo: mucks hand
TinaTurner72 collected $41.50 from pot
*** SUMMARY ***
Total pot $42 | Rake $0.50
Board [6c Qc 3d Jh Ts]
Seat 1: StormToTo (big blind) mucked
Seat 8: TinaTurner72 (button) (small blind) showed [Jc 7d] and won ($41.50) with a pair of Jacks


PokerStars Hand #160282319492:  Hold'em Limit ($3/$6 USD) - 2016/10/22 11:42:56 ET
Table 'Comacina' 10-max Seat #1 is the button
Seat 1: StormToTo ($138.98 in chips)
Seat 8: TinaTurner72 ($190.15 in chips)
StormToTo: posts small blind $1
TinaTurner72: posts big blind $3
*** HOLE CARDS ***
StormToTo: raises $3 to $6
TinaTurner72: calls $3
*** FLOP *** [8d 5h Kd]
TinaTurner72: checks
StormToTo: checks
*** TURN *** [8d 5h Kd] [3h]
TinaTurner72: checks
StormToTo: bets $6
TinaTurner72: folds
Uncalled bet ($6) returned to StormToTo
StormToTo collected $11.76 from pot
StormToTo: doesn't show hand
*** SUMMARY ***
Total pot $12 | Rake $0.24
Board [8d 5h Kd 3h]
Seat 1: StormToTo (button) (small blind) collected ($11.76)
Seat 8: TinaTurner72 (big blind) folded on the Turn


PokerStars Hand #160282355792:  Hold'em Limit ($3/$6 USD) - 2016/10/22 11:43:50 ET
Table 'Comacina' 10-max Seat #1 is the button
Seat 1: StormToTo ($171.24 in chips)
Seat 8: TinaTurner72 ($157.15 in chips)
StormToTo: posts small blind $1
TinaTurner72: posts big blind $3
*** HOLE CARDS ***
StormToTo: folds
Uncalled bet ($2) returned to TinaTurner72
TinaTurner72 collected $2 from pot
TinaTurner72: doesn't show hand
*** SUMMARY ***
Total pot $2 | Rake $0
Seat 1: StormToTo (button) (small blind) folded before Flop
Seat 8: TinaTurner72 (big blind) collected ($2)


PokerStars Hand #160282333507:  Hold'em Limit ($3/$6 USD) - 2016/10/22 11:43:17 ET
Table 'Comacina' 10-max Seat #8 is the button
Seat 1: StormToTo ($144.74 in chips)
Seat 8: TinaTurner72 ($184.15 in chips)
TinaTurner72: posts small blind $1
StormToTo: posts big blind $3
*** HOLE CARDS ***
TinaTurner72: raises $3 to $6
StormToTo: calls $3
*** FLOP *** [8h 6h 5s]
StormToTo: checks
TinaTurner72: bets $3
StormToTo: calls $3
*** TURN *** [8h 6h 5s] [Qs]
StormToTo: checks
TinaTurner72: bets $6
StormToTo: raises $6 to $12
TinaTurner72: calls $6
*** RIVER *** [8h 6h 5s Qs] [6c]
StormToTo: bets $6
TinaTurner72: calls $6
*** SHOW DOWN ***
StormToTo: shows [Qh Td] (two pair, Queens and Sixes)
TinaTurner72: mucks hand
StormToTo collected $53.50 from pot
*** SUMMARY ***
Total pot $54 | Rake $0.50
Board [8h 6h 5s Qs 6c]
Seat 1: StormToTo (big blind) showed [Qh Td] and won ($53.50) with two pair, Queens and Sixes
Seat 8: TinaTurner72 (button) (small blind) mucked


PokerStars Hand #160282360003:  Hold'em Limit ($3/$6 USD) - 2016/10/22 11:43:56 ET
Table 'Comacina' 10-max Seat #8 is the button
Seat 1: StormToTo ($170.24 in chips)
Seat 8: TinaTurner72 ($158.15 in chips)
TinaTurner72: posts small blind $1
StormToTo: posts big blind $3
*** HOLE CARDS ***
TinaTurner72: raises $3 to $6
StormToTo: folds
Uncalled bet ($3) returned to TinaTurner72
TinaTurner72 collected $6 from pot
TinaTurner72: doesn't show hand
*** SUMMARY ***
Total pot $6 | Rake $0
Seat 1: StormToTo (big blind) folded before Flop
Seat 8: TinaTurner72 (button) (small blind) collected ($6)


PokerStars Hand #160282374765:  Hold'em Limit ($3/$6 USD) - 2016/10/22 11:44:18 ET
Table 'Comacina' 10-max Seat #8 is the button
Seat 1: StormToTo ($158.24 in chips)
Seat 8: TinaTurner72 ($169.79 in chips)
TinaTurner72: posts small blind $1
StormToTo: posts big blind $3
*** HOLE CARDS ***
TinaTurner72: folds
Uncalled bet ($2) returned to StormToTo
StormToTo collected $2 from pot
StormToTo: doesn't show hand
*** SUMMARY ***
Total pot $2 | Rake $0
Seat 1: StormToTo (big blind) collected ($2)
Seat 8: TinaTurner72 (button) (small blind) folded before Flop


PokerStars Hand #160282366160:  Hold'em Limit ($3/$6 USD) - 2016/10/22 11:44:05 ET
Table 'Comacina' 10-max Seat #1 is the button
Seat 1: StormToTo ($167.24 in chips)
Seat 8: TinaTurner72 ($161.15 in chips)
StormToTo: posts small blind $1
TinaTurner72: posts big blind $3
*** HOLE CARDS ***
StormToTo: raises $3 to $6
TinaTurner72: calls $3
*** FLOP *** [7h Ad 5h]
TinaTurner72: checks
StormToTo: bets $3
TinaTurner72: raises $3 to $6
StormToTo: folds
Uncalled bet ($3) returned to TinaTurner72
TinaTurner72 collected $17.64 from pot
TinaTurner72: doesn't show hand
*** SUMMARY ***
Total pot $18 | Rake $0.36
Board [7h Ad 5h]
Seat 1: StormToTo (button) (small blind) folded on the Flop
Seat 8: TinaTurner72 (big blind) collected ($17.64)


PokerStars Hand #160282378305:  Hold'em Limit ($3/$6 USD) - 2016/10/22 11:44:23 ET
Table 'Comacina' 10-max Seat #1 is the button
Seat 1: StormToTo ($159.24 in chips)
Seat 8: TinaTurner72 ($168.79 in chips)
StormToTo: posts small blind $1
TinaTurner72: posts big blind $3
*** HOLE CARDS ***
StormToTo: folds
Uncalled bet ($2) returned to TinaTurner72
TinaTurner72 collected $2 from pot
TinaTurner72: doesn't show hand
*** SUMMARY ***
Total pot $2 | Rake $0
Seat 1: StormToTo (button) (small blind) folded before Flop
Seat 8: TinaTurner72 (big blind) collected ($2)


PokerStars Hand #160282396275:  Hold'em Limit ($3/$6 USD) - 2016/10/22 11:44:50 ET
Table 'Comacina' 10-max Seat #1 is the button
Seat 1: StormToTo ($158.06 in chips)
Seat 8: TinaTurner72 ($169.61 in chips)
StormToTo: posts small blind $1
TinaTurner72: posts big blind $3
*** HOLE CARDS ***
StormToTo: folds
Uncalled bet ($2) returned to TinaTurner72
TinaTurner72 collected $2 from pot
TinaTurner72: doesn't show hand
*** SUMMARY ***
Total pot $2 | Rake $0
Seat 1: StormToTo (button) (small blind) folded before Flop
Seat 8: TinaTurner72 (big blind) collected ($2)


PokerStars Hand #160282381765:  Hold'em Limit ($3/$6 USD) - 2016/10/22 11:44:29 ET
Table 'Comacina' 10-max Seat #8 is the button
Seat 1: StormToTo ($158.24 in chips)
Seat 8: TinaTurner72 ($169.79 in chips)
TinaTurner72: posts small blind $1
StormToTo: posts big blind $3
*** HOLE CARDS ***
TinaTurner72: raises $3 to $6
StormToTo: calls $3
*** FLOP *** [9d Jd Qd]
StormToTo: checks
TinaTurner72: bets $3
StormToTo: calls $3
*** TURN *** [9d Jd Qd] [Kd]
StormToTo: checks
TinaTurner72: checks
*** RIVER *** [9d Jd Qd Kd] [7d]
StormToTo: checks
TinaTurner72: checks
*** SHOW DOWN ***
StormToTo: shows [Js Qc] (a flush, King high)
TinaTurner72: shows [9h Ts] (a flush, King high)
StormToTo collected $8.82 from pot
TinaTurner72 collected $8.82 from pot
*** SUMMARY ***
Total pot $18 | Rake $0.36
Board [9d Jd Qd Kd 7d]
Seat 1: StormToTo (big blind) showed [Js Qc] and won ($8.82) with a flush, King high
Seat 8: TinaTurner72 (button) (small blind) showed [9h Ts] and won ($8.82) with a flush, King high


PokerStars Hand #160282399742:  Hold'em Limit ($3/$6 USD) - 2016/10/22 11:44:55 ET
Table 'Comacina' 10-max Seat #8 is the button
Seat 1: StormToTo ($157.06 in chips)
Seat 8: TinaTurner72 ($170.61 in chips)
TinaTurner72: posts small blind $1
StormToTo: posts big blind $3
*** HOLE CARDS ***
TinaTurner72: raises $3 to $6
StormToTo: calls $3
*** FLOP *** [7d 4c 2s]
StormToTo: checks
TinaTurner72: bets $3
StormToTo: calls $3
*** TURN *** [7d 4c 2s] [2h]
StormToTo: checks
TinaTurner72: checks
*** RIVER *** [7d 4c 2s 2h] [Ac]
StormToTo: checks
TinaTurner72: checks
*** SHOW DOWN ***
StormToTo: shows [Jd 9c] (a pair of Deuces)
TinaTurner72: shows [Kh 6h] (a pair of Deuces - Ace+King kicker)
TinaTurner72 collected $17.64 from pot
*** SUMMARY ***
Total pot $18 | Rake $0.36
Board [7d 4c 2s 2h Ac]
Seat 1: StormToTo (big blind) showed [Jd 9c] and lost with a pair of Deuces
Seat 8: TinaTurner72 (button) (small blind) showed [Kh 6h] and won ($17.64) with a pair of Deuces


PokerStars Hand #160282420942:  Hold'em Limit ($3/$6 USD) - 2016/10/22 11:45:27 ET
Table 'Comacina' 10-max Seat #1 is the button
Seat 1: StormToTo ($148.06 in chips)
Seat 8: TinaTurner72 ($179.25 in chips)
StormToTo: posts small blind $1
TinaTurner72: posts big blind $3
*** HOLE CARDS ***
StormToTo: raises $3 to $6
TinaTurner72: calls $3
*** FLOP *** [6h 8d Js]
TinaTurner72: checks
StormToTo: bets $3
TinaTurner72: raises $3 to $6
StormToTo: calls $3
*** TURN *** [6h 8d Js] [5d]
TinaTurner72: bets $6
StormToTo: raises $6 to $12
TinaTurner72: calls $6
*** RIVER *** [6h 8d Js 5d] [5s]
TinaTurner72: checks
StormToTo: checks
*** SHOW DOWN ***
TinaTurner72: shows [Jd 4c] (two pair, Jacks and Fives)
StormToTo: mucks hand
TinaTurner72 collected $47.50 from pot
*** SUMMARY ***
Total pot $48 | Rake $0.50
Board [6h 8d Js 5d 5s]
Seat 1: StormToTo (button) (small blind) mucked
Seat 8: TinaTurner72 (big blind) showed [Jd 4c] and won ($47.50) with two pair, Jacks and Fives


PokerStars Hand #160282449272:  Hold'em Limit ($3/$6 USD) - 2016/10/22 11:46:09 ET
Table 'Comacina' 10-max Seat #1 is the button
Seat 1: StormToTo ($100.06 in chips)
Seat 8: TinaTurner72 ($226.25 in chips)
StormToTo: posts small blind $1
TinaTurner72: posts big blind $3
*** HOLE CARDS ***
StormToTo: raises $3 to $6
TinaTurner72: folds
Uncalled bet ($3) returned to StormToTo
StormToTo collected $6 from pot
StormToTo: doesn't show hand
*** SUMMARY ***
Total pot $6 | Rake $0
Seat 1: StormToTo (button) (small blind) collected ($6)
Seat 8: TinaTurner72 (big blind) folded before Flop


PokerStars Hand #160282433689:  Hold'em Limit ($3/$6 USD) - 2016/10/22 11:45:46 ET
Table 'Comacina' 10-max Seat #8 is the button
Seat 1: StormToTo ($124.06 in chips)
Seat 8: TinaTurner72 ($202.75 in chips)
TinaTurner72: posts small blind $1
StormToTo: posts big blind $3
*** HOLE CARDS ***
TinaTurner72: raises $3 to $6
StormToTo: raises $3 to $9
TinaTurner72: calls $3
*** FLOP *** [8h 6h Js]
StormToTo: bets $3
TinaTurner72: calls $3
*** TURN *** [8h 6h Js] [Jh]
StormToTo: checks
TinaTurner72: bets $6
StormToTo: calls $6
*** RIVER *** [8h 6h Js Jh] [6c]
StormToTo: checks
TinaTurner72: bets $6
StormToTo: calls $6
*** SHOW DOWN ***
TinaTurner72: shows [Th 3h] (a flush, Jack high)
StormToTo: mucks hand
TinaTurner72 collected $47.50 from pot
*** SUMMARY ***
Total pot $48 | Rake $0.50
Board [8h 6h Js Jh 6c]
Seat 1: StormToTo (big blind) mucked
Seat 8: TinaTurner72 (button) (small blind) showed [Th 3h] and won ($47.50) with a flush, Jack high


PokerStars Hand #160282455077:  Hold'em Limit ($3/$6 USD) - 2016/10/22 11:46:17 ET
Table 'Comacina' 10-max Seat #8 is the button
Seat 1: StormToTo ($103.06 in chips)
Seat 8: TinaTurner72 ($223.25 in chips)
TinaTurner72: posts small blind $1
StormToTo: posts big blind $3
*** HOLE CARDS ***
TinaTurner72: raises $3 to $6
StormToTo: calls $3
*** FLOP *** [3s 8s Ts]
StormToTo: checks
TinaTurner72: bets $3
StormToTo: calls $3
*** TURN *** [3s 8s Ts] [Ad]
StormToTo: checks
TinaTurner72: bets $6
StormToTo: calls $6
*** RIVER *** [3s 8s Ts Ad] [6h]
StormToTo: checks
TinaTurner72: checks
*** SHOW DOWN ***
StormToTo: shows [Tc 7c] (a pair of Tens)
TinaTurner72: mucks hand
StormToTo collected $29.50 from pot
*** SUMMARY ***
Total pot $30 | Rake $0.50
Board [3s 8s Ts Ad 6h]
Seat 1: StormToTo (big blind) showed [Tc 7c] and won ($29.50) with a pair of Tens
Seat 8: TinaTurner72 (button) (small blind) mucked


PokerStars Hand #160282473257:  Hold'em Limit ($3/$6 USD) - 2016/10/22 11:46:45 ET
Table 'Comacina' 10-max Seat #1 is the button
Seat 1: StormToTo ($117.56 in chips)
Seat 8: TinaTurner72 ($208.25 in chips)
StormToTo: posts small blind $1
TinaTurner72: posts big blind $3
*** HOLE CARDS ***
StormToTo: raises $3 to $6
TinaTurner72: calls $3
*** FLOP *** [4c Jh 5s]
TinaTurner72: checks
StormToTo: bets $3
TinaTurner72: raises $3 to $6
StormToTo: raises $3 to $9
TinaTurner72: calls $3
*** TURN *** [4c Jh 5s] [2s]
TinaTurner72: checks
StormToTo: checks
*** RIVER *** [4c Jh 5s 2s] [8c]
TinaTurner72: checks
StormToTo: bets $6
TinaTurner72: calls $6
*** SHOW DOWN ***
StormToTo: shows [6h 7s] (a straight, Four to Eight)
TinaTurner72: mucks hand
StormToTo collected $41.50 from pot
*** SUMMARY ***
Total pot $42 | Rake $0.50
Board [4c Jh 5s 2s 8c]
Seat 1: StormToTo (button) (small blind) showed [6h 7s] and won ($41.50) with a straight, Four to Eight
Seat 8: TinaTurner72 (big blind) mucked


PokerStars Hand #160282488681:  Hold'em Limit ($3/$6 USD) - 2016/10/22 11:47:08 ET
Table 'Comacina' 10-max Seat #8 is the button
Seat 1: StormToTo ($138.06 in chips)
Seat 8: TinaTurner72 ($187.25 in chips)
TinaTurner72: posts small blind $1
StormToTo: posts big blind $3
*** HOLE CARDS ***
TinaTurner72: raises $3 to $6
StormToTo: calls $3
*** FLOP *** [6h 8c 3h]
StormToTo: checks
TinaTurner72: bets $3
StormToTo: raises $3 to $6
TinaTurner72: calls $3
*** TURN *** [6h 8c 3h] [2c]
StormToTo: bets $6
TinaTurner72: folds
Uncalled bet ($6) returned to StormToTo
StormToTo collected $23.52 from pot
StormToTo: doesn't show hand
*** SUMMARY ***
Total pot $24 | Rake $0.48
Board [6h 8c 3h 2c]
Seat 1: StormToTo (big blind) collected ($23.52)
Seat 8: TinaTurner72 (button) (small blind) folded on the Turn


PokerStars Hand #160282512875:  Hold'em Limit ($3/$6 USD) - 2016/10/22 11:47:44 ET
Table 'Comacina' 10-max Seat #1 is the button
Seat 1: StormToTo ($149.58 in chips)
Seat 8: TinaTurner72 ($175.25 in chips)
StormToTo: posts small blind $1
TinaTurner72: posts big blind $3
*** HOLE CARDS ***
StormToTo: raises $3 to $6
TinaTurner72: calls $3
*** FLOP *** [Jc 4c 6h]
TinaTurner72: checks
StormToTo: bets $3
TinaTurner72: raises $3 to $6
StormToTo: calls $3
*** TURN *** [Jc 4c 6h] [9h]
TinaTurner72: bets $6
StormToTo: raises $6 to $12
TinaTurner72: calls $6
*** RIVER *** [Jc 4c 6h 9h] [Th]
TinaTurner72: checks
StormToTo: bets $6
TinaTurner72: calls $6
*** SHOW DOWN ***
StormToTo: shows [Ks Kd] (a pair of Kings)
TinaTurner72: mucks hand
StormToTo collected $59.50 from pot
*** SUMMARY ***
Total pot $60 | Rake $0.50
Board [Jc 4c 6h 9h Th]
Seat 1: StormToTo (button) (small blind) showed [Ks Kd] and won ($59.50) with a pair of Kings
Seat 8: TinaTurner72 (big blind) mucked


PokerStars Hand #160282529511:  Hold'em Limit ($3/$6 USD) - 2016/10/22 11:48:09 ET
Table 'Comacina' 10-max Seat #8 is the button
Seat 1: StormToTo ($179.08 in chips)
Seat 8: TinaTurner72 ($145.25 in chips)
TinaTurner72: posts small blind $1
StormToTo: posts big blind $3
*** HOLE CARDS ***
TinaTurner72: raises $3 to $6
StormToTo: calls $3
*** FLOP *** [Jc 4d 3h]
StormToTo: bets $3
TinaTurner72: calls $3
*** TURN *** [Jc 4d 3h] [Tc]
StormToTo: checks
TinaTurner72: bets $6
StormToTo: folds
Uncalled bet ($6) returned to TinaTurner72
TinaTurner72 collected $17.64 from pot
TinaTurner72: doesn't show hand
*** SUMMARY ***
Total pot $18 | Rake $0.36
Board [Jc 4d 3h Tc]
Seat 1: StormToTo (big blind) folded on the Turn
Seat 8: TinaTurner72 (button) (small blind) collected ($17.64)


PokerStars Hand #160282559093:  Hold'em Limit ($3/$6 USD) - 2016/10/22 11:48:53 ET
Table 'Comacina' 10-max Seat #8 is the button
Seat 1: StormToTo ($169.83 in chips)
Seat 8: TinaTurner72 ($153.64 in chips)
TinaTurner72: posts small blind $1
StormToTo: posts big blind $3
*** HOLE CARDS ***
TinaTurner72: raises $3 to $6
StormToTo: folds
Uncalled bet ($3) returned to TinaTurner72
TinaTurner72 collected $6 from pot
TinaTurner72: doesn't show hand
*** SUMMARY ***
Total pot $6 | Rake $0
Seat 1: StormToTo (big blind) folded before Flop
Seat 8: TinaTurner72 (button) (small blind) collected ($6)


PokerStars Hand #160282542394:  Hold'em Limit ($3/$6 USD) - 2016/10/22 11:48:28 ET
Table 'Comacina' 10-max Seat #1 is the button
Seat 1: StormToTo ($170.08 in chips)
Seat 8: TinaTurner72 ($153.89 in chips)
StormToTo: posts small blind $1
TinaTurner72: posts big blind $3
*** HOLE CARDS ***
StormToTo: raises $3 to $6
TinaTurner72: calls $3
*** FLOP *** [6c 7h Kc]
TinaTurner72: checks
StormToTo: bets $3
TinaTurner72: raises $3 to $6
StormToTo: raises $3 to $9
TinaTurner72: calls $3
*** TURN *** [6c 7h Kc] [6d]
TinaTurner72: checks
StormToTo: bets $6
TinaTurner72: calls $6
*** RIVER *** [6c 7h Kc 6d] [8s]
TinaTurner72: checks
StormToTo: bets $6
TinaTurner72: calls $6
*** SHOW DOWN ***
StormToTo: shows [8c Kh] (two pair, Kings and Eights)
TinaTurner72: shows [Ks 8d] (two pair, Kings and Eights)
TinaTurner72 collected $26.75 from pot
StormToTo collected $26.75 from pot
*** SUMMARY ***
Total pot $54 | Rake $0.50
Board [6c 7h Kc 6d 8s]
Seat 1: StormToTo (button) (small blind) showed [8c Kh] and won ($26.75) with two pair, Kings and Eights
Seat 8: TinaTurner72 (big blind) showed [Ks 8d] and won ($26.75) with two pair, Kings and Eights


PokerStars Hand #160282562717:  Hold'em Limit ($3/$6 USD) - 2016/10/22 11:48:58 ET
Table 'Comacina' 10-max Seat #1 is the button
Seat 1: StormToTo ($166.83 in chips)
Seat 8: TinaTurner72 ($156.64 in chips)
StormToTo: posts small blind $1
TinaTurner72: posts big blind $3
*** HOLE CARDS ***
StormToTo: raises $3 to $6
TinaTurner72: calls $3
*** FLOP *** [Jd 6c Qh]
TinaTurner72: checks
StormToTo: bets $3
TinaTurner72: raises $3 to $6
StormToTo: calls $3
*** TURN *** [Jd 6c Qh] [9h]
TinaTurner72: checks
StormToTo: bets $6
TinaTurner72: calls $6
*** RIVER *** [Jd 6c Qh 9h] [5d]
TinaTurner72: checks
StormToTo: bets $6
TinaTurner72: calls $6
*** SHOW DOWN ***
StormToTo: shows [Ts 8c] (a straight, Eight to Queen)
TinaTurner72: mucks hand
StormToTo collected $47.50 from pot
*** SUMMARY ***
Total pot $48 | Rake $0.50
Board [Jd 6c Qh 9h 5d]
Seat 1: StormToTo (button) (small blind) showed [Ts 8c] and won ($47.50) with a straight, Eight to Queen
Seat 8: TinaTurner72 (big blind) mucked


PokerStars Hand #160282585826:  Hold'em Limit ($3/$6 USD) - 2016/10/22 11:49:32 ET
Table 'Comacina' 10-max Seat #8 is the button
Seat 1: StormToTo ($190.33 in chips)
Seat 8: TinaTurner72 ($132.64 in chips)
TinaTurner72: posts small blind $1
StormToTo: posts big blind $3
*** HOLE CARDS ***
TinaTurner72: raises $3 to $6
StormToTo: folds
Uncalled bet ($3) returned to TinaTurner72
TinaTurner72 collected $6 from pot
TinaTurner72: doesn't show hand
*** SUMMARY ***
Total pot $6 | Rake $0
Seat 1: StormToTo (big blind) folded before Flop
Seat 8: TinaTurner72 (button) (small blind) collected ($6)


