PokerStars Hand #144838523414:  Hold'em Limit ($3/$6 USD) - 2015/12/04 20:52:14 ET
Table 'Comacina' 2-max Seat #2 is the button
Seat 1: MAGER911 ($97.64 in chips)
Seat 2: LotsaBalls12 ($55.10 in chips)
LotsaBalls12: posts small blind $1
MAGER911: posts big blind $3
*** HOLE CARDS ***
LotsaBalls12: raises $3 to $6
MAGER911: raises $3 to $9
LotsaBalls12: calls $3
*** FLOP *** [3h 2h 8c]
MAGER911: bets $3
LotsaBalls12: calls $3
*** TURN *** [3h 2h 8c] [3c]
MAGER911: bets $6
LotsaBalls12: calls $6
*** RIVER *** [3h 2h 8c 3c] [4d]
MAGER911: bets $6
LotsaBalls12: folds
Uncalled bet ($6) returned to MAGER911
MAGER911 collected $35.50 from pot
MAGER911: doesn't show hand
*** SUMMARY ***
Total pot $36 | Rake $0.50
Board [3h 2h 8c 3c 4d]
Seat 1: MAGER911 (big blind) collected ($35.50)
Seat 2: LotsaBalls12 (button) (small blind) folded on the River


PokerStars Hand #144838512843:  Hold'em Limit ($3/$6 USD) - 2015/12/04 20:51:54 ET
Table 'Comacina' 2-max Seat #1 is the button
Seat 1: MAGER911 ($98.64 in chips)
Seat 2: LotsaBalls12 ($54.10 in chips)
MAGER911: posts small blind $1
LotsaBalls12: posts big blind $3
*** HOLE CARDS ***
MAGER911: folds
Uncalled bet ($2) returned to LotsaBalls12
LotsaBalls12 collected $2 from pot
LotsaBalls12: doesn't show hand
*** SUMMARY ***
Total pot $2 | Rake $0
Seat 1: MAGER911 (button) (small blind) folded before Flop
Seat 2: LotsaBalls12 (big blind) collected ($2)


PokerStars Hand #144838551635:  Hold'em Limit ($3/$6 USD) - 2015/12/04 20:53:11 ET
Table 'Comacina' 2-max Seat #2 is the button
Seat 1: MAGER911 ($135.64 in chips)
Seat 2: LotsaBalls12 ($16.10 in chips)
LotsaBalls12: posts small blind $1
MAGER911: posts big blind $3
*** HOLE CARDS ***
LotsaBalls12: raises $3 to $6
MAGER911: raises $3 to $9
LotsaBalls12: raises $3 to $12
Betting is capped
MAGER911: calls $3
*** FLOP *** [Jh 4d 9d]
MAGER911: bets $3
LotsaBalls12: raises $1.10 to $4.10 and is all-in
MAGER911: calls $1.10
*** TURN *** [Jh 4d 9d] [5c]
*** RIVER *** [Jh 4d 9d 5c] [8h]
*** SHOW DOWN ***
MAGER911: shows [9s Ah] (a pair of Nines)
LotsaBalls12: shows [Kc Ac] (high card Ace)
MAGER911 collected $31.70 from pot
*** SUMMARY ***
Total pot $32.20 | Rake $0.50
Board [Jh 4d 9d 5c 8h]
Seat 1: MAGER911 (big blind) showed [9s Ah] and won ($31.70) with a pair of Nines
Seat 2: LotsaBalls12 (button) (small blind) showed [Kc Ac] and lost with high card Ace


PokerStars Hand #144838533806:  Hold'em Limit ($3/$6 USD) - 2015/12/04 20:52:35 ET
Table 'Comacina' 2-max Seat #1 is the button
Seat 1: MAGER911 ($115.14 in chips)
Seat 2: LotsaBalls12 ($37.10 in chips)
MAGER911: posts small blind $1
LotsaBalls12: posts big blind $3
*** HOLE CARDS ***
MAGER911: raises $3 to $6
LotsaBalls12: calls $3
*** FLOP *** [4c As 9c]
LotsaBalls12: checks
MAGER911: bets $3
LotsaBalls12: calls $3
*** TURN *** [4c As 9c] [Js]
LotsaBalls12: checks
MAGER911: bets $6
LotsaBalls12: calls $6
*** RIVER *** [4c As 9c Js] [6c]
LotsaBalls12: checks
MAGER911: bets $6
LotsaBalls12: calls $6
*** SHOW DOWN ***
MAGER911: shows [2d Ad] (a pair of Aces)
LotsaBalls12: mucks hand
MAGER911 collected $41.50 from pot
*** SUMMARY ***
Total pot $42 | Rake $0.50
Board [4c As 9c Js 6c]
Seat 1: MAGER911 (button) (small blind) showed [2d Ad] and won ($41.50) with a pair of Aces
Seat 2: LotsaBalls12 (big blind) mucked


