PokerStars Hand #166153818025:  Hold'em Limit ($3/$6 USD) - 2017/02/13 12:13:30 ET
Table 'Comacina' 6-max Seat #5 is the button
Seat 4: MTails ($150.02 in chips)
Seat 5: Titanic001 ($12.42 in chips)
Titanic001: posts small blind $1
MTails: posts big blind $3
*** HOLE CARDS ***
Titanic001: folds
Uncalled bet ($2) returned to MTails
MTails collected $2 from pot
MTails: doesn't show hand
*** SUMMARY ***
Total pot $2 | Rake $0
Seat 4: MTails (big blind) collected ($2)
Seat 5: Titanic001 (button) (small blind) folded before Flop


PokerStars Hand #166153814461:  Hold'em Limit ($3/$6 USD) - 2017/02/13 12:13:26 ET
Table 'Comacina' 6-max Seat #4 is the button
Seat 4: MTails ($151.02 in chips)
Seat 5: Titanic001 ($11.42 in chips)
MTails: posts small blind $1
Titanic001: posts big blind $3
*** HOLE CARDS ***
MTails: folds
Uncalled bet ($2) returned to Titanic001
Titanic001 collected $2 from pot
*** SUMMARY ***
Total pot $2 | Rake $0
Seat 4: MTails (button) (small blind) folded before Flop
Seat 5: Titanic001 (big blind) collected ($2)


PokerStars Hand #166153809542:  Hold'em Limit ($3/$6 USD) - 2017/02/13 12:13:20 ET
Table 'Comacina' 6-max Seat #5 is the button
Seat 4: MTails ($150.02 in chips)
Seat 5: Titanic001 ($12.42 in chips)
Titanic001: posts small blind $1
MTails: posts big blind $3
*** HOLE CARDS ***
Titanic001: folds
Uncalled bet ($2) returned to MTails
MTails collected $2 from pot
MTails: doesn't show hand
*** SUMMARY ***
Total pot $2 | Rake $0
Seat 4: MTails (big blind) collected ($2)
Seat 5: Titanic001 (button) (small blind) folded before Flop


PokerStars Hand #166153799712:  Hold'em Limit ($3/$6 USD) - 2017/02/13 12:13:08 ET
Table 'Comacina' 6-max Seat #4 is the button
Seat 4: MTails ($144.26 in chips)
Seat 5: Titanic001 ($18.42 in chips)
MTails: posts small blind $1
Titanic001: posts big blind $3
*** HOLE CARDS ***
MTails: raises $3 to $6
Titanic001: calls $3
*** FLOP *** [3h Td As]
Titanic001: checks
MTails: bets $3
Titanic001: folds
Uncalled bet ($3) returned to MTails
MTails collected $11.76 from pot
*** SUMMARY ***
Total pot $12 | Rake $0.24
Board [3h Td As]
Seat 4: MTails (button) (small blind) collected ($11.76)
Seat 5: Titanic001 (big blind) folded on the Flop


PokerStars Hand #166153782468:  Hold'em Limit ($3/$6 USD) - 2017/02/13 12:12:47 ET
Table 'Comacina' 6-max Seat #5 is the button
Seat 4: MTails ($129.76 in chips)
Seat 5: Titanic001 ($33.42 in chips)
Titanic001: posts small blind $1
MTails: posts big blind $3
*** HOLE CARDS ***
Titanic001: raises $3 to $6
MTails: calls $3
*** FLOP *** [4d 2d Ac]
MTails: checks
Titanic001: bets $3
MTails: calls $3
*** TURN *** [4d 2d Ac] [Td]
MTails: checks
Titanic001: bets $6
MTails: calls $6
*** RIVER *** [4d 2d Ac Td] [8s]
MTails: checks
Titanic001: checks
*** SHOW DOWN ***
MTails: shows [2c Qd] (a pair of Deuces)
Titanic001: mucks hand
MTails collected $29.50 from pot
*** SUMMARY ***
Total pot $30 | Rake $0.50
Board [4d 2d Ac Td 8s]
Seat 4: MTails (big blind) showed [2c Qd] and won ($29.50) with a pair of Deuces
Seat 5: Titanic001 (button) (small blind) mucked


PokerStars Hand #166153776796:  Hold'em Limit ($3/$6 USD) - 2017/02/13 12:12:41 ET
Table 'Comacina' 6-max Seat #4 is the button
Seat 4: MTails ($126.76 in chips)
Seat 5: Titanic001 ($36.42 in chips)
MTails: posts small blind $1
Titanic001: posts big blind $3
*** HOLE CARDS ***
MTails: raises $3 to $6
Titanic001: folds
Uncalled bet ($3) returned to MTails
MTails collected $6 from pot
MTails: doesn't show hand
*** SUMMARY ***
Total pot $6 | Rake $0
Seat 4: MTails (button) (small blind) collected ($6)
Seat 5: Titanic001 (big blind) folded before Flop


PokerStars Hand #166153769263:  Hold'em Limit ($3/$6 USD) - 2017/02/13 12:12:32 ET
Table 'Comacina' 6-max Seat #5 is the button
Seat 4: MTails ($125.76 in chips)
Seat 5: Titanic001 ($37.42 in chips)
Titanic001: posts small blind $1
MTails: posts big blind $3
*** HOLE CARDS ***
Titanic001: folds
Uncalled bet ($2) returned to MTails
MTails collected $2 from pot
*** SUMMARY ***
Total pot $2 | Rake $0
Seat 4: MTails (big blind) collected ($2)
Seat 5: Titanic001 (button) (small blind) folded before Flop


PokerStars Hand #166153865691:  Hold'em Limit ($3/$6 USD) - 2017/02/13 12:14:27 ET
Table 'Comacina' 6-max Seat #4 is the button
Seat 4: MTails ($161.98 in chips)
Seat 5: Titanic001 ($30 in chips)
MTails: posts small blind $1
Titanic001: posts big blind $3
*** HOLE CARDS ***
MTails: raises $3 to $6
Titanic001: folds
Uncalled bet ($3) returned to MTails
MTails collected $6 from pot
MTails: doesn't show hand
*** SUMMARY ***
Total pot $6 | Rake $0
Seat 4: MTails (button) (small blind) collected ($6)
Seat 5: Titanic001 (big blind) folded before Flop


PokerStars Hand #166153833120:  Hold'em Limit ($3/$6 USD) - 2017/02/13 12:13:48 ET
Table 'Comacina' 6-max Seat #5 is the button
Seat 4: MTails ($156.78 in chips)
Seat 5: Titanic001 ($5.42 in chips)
Titanic001: posts small blind $1
MTails: posts big blind $3
*** HOLE CARDS ***
Titanic001: raises $2.42 to $5.42 and is all-in
MTails: calls $2.42
*** FLOP *** [Jc 7s 4s]
*** TURN *** [Jc 7s 4s] [5d]
*** RIVER *** [Jc 7s 4s 5d] [2c]
*** SHOW DOWN ***
MTails: shows [Jd 5s] (two pair, Jacks and Fives)
Titanic001: shows [Ad Js] (a pair of Jacks)
MTails collected $10.62 from pot
*** SUMMARY ***
Total pot $10.84 | Rake $0.22
Board [Jc 7s 4s 5d 2c]
Seat 4: MTails (big blind) showed [Jd 5s] and won ($10.62) with two pair, Jacks and Fives
Seat 5: Titanic001 (button) (small blind) showed [Ad Js] and lost with a pair of Jacks


PokerStars Hand #166153822669:  Hold'em Limit ($3/$6 USD) - 2017/02/13 12:13:36 ET
Table 'Comacina' 6-max Seat #4 is the button
Seat 4: MTails ($151.02 in chips)
Seat 5: Titanic001 ($11.42 in chips)
MTails: posts small blind $1
Titanic001: posts big blind $3
*** HOLE CARDS ***
MTails: raises $3 to $6
Titanic001: calls $3
*** FLOP *** [7s 5h Td]
Titanic001: checks
MTails: bets $3
Titanic001: folds
Uncalled bet ($3) returned to MTails
MTails collected $11.76 from pot
*** SUMMARY ***
Total pot $12 | Rake $0.24
Board [7s 5h Td]
Seat 4: MTails (button) (small blind) collected ($11.76)
Seat 5: Titanic001 (big blind) folded on the Flop


PokerStars Hand #166153906091:  Hold'em Limit ($3/$6 USD) - 2017/02/13 12:15:16 ET
Table 'Comacina' 6-max Seat #5 is the button
Seat 4: MTails ($152.48 in chips)
Seat 5: Titanic001 ($38.50 in chips)
Titanic001: posts small blind $1
MTails: posts big blind $3
*** HOLE CARDS ***
Titanic001: raises $3 to $6
MTails: calls $3
*** FLOP *** [5d Kh 3h]
MTails: checks
Titanic001: bets $3
MTails: calls $3
*** TURN *** [5d Kh 3h] [6c]
MTails: checks
Titanic001: bets $6
MTails: raises $6 to $12
Titanic001: calls $6
*** RIVER *** [5d Kh 3h 6c] [8c]
MTails: bets $6
Titanic001: folds
Uncalled bet ($6) returned to MTails
MTails collected $41.50 from pot
*** SUMMARY ***
Total pot $42 | Rake $0.50
Board [5d Kh 3h 6c 8c]
Seat 4: MTails (big blind) collected ($41.50)
Seat 5: Titanic001 (button) (small blind) folded on the River


PokerStars Hand #166153890866:  Hold'em Limit ($3/$6 USD) - 2017/02/13 12:14:57 ET
Table 'Comacina' 6-max Seat #4 is the button
Seat 4: MTails ($137.98 in chips)
Seat 5: Titanic001 ($53.50 in chips)
MTails: posts small blind $1
Titanic001: posts big blind $3
*** HOLE CARDS ***
MTails: raises $3 to $6
Titanic001: calls $3
*** FLOP *** [Td Ks 6h]
Titanic001: checks
MTails: bets $3
Titanic001: calls $3
*** TURN *** [Td Ks 6h] [5c]
Titanic001: checks
MTails: bets $6
Titanic001: calls $6
*** RIVER *** [Td Ks 6h 5c] [4d]
Titanic001: checks
MTails: bets $6
Titanic001: folds
Uncalled bet ($6) returned to MTails
MTails collected $29.50 from pot
*** SUMMARY ***
Total pot $30 | Rake $0.50
Board [Td Ks 6h 5c 4d]
Seat 4: MTails (button) (small blind) collected ($29.50)
Seat 5: Titanic001 (big blind) folded on the River


PokerStars Hand #166153873321:  Hold'em Limit ($3/$6 USD) - 2017/02/13 12:14:36 ET
Table 'Comacina' 6-max Seat #5 is the button
Seat 4: MTails ($164.98 in chips)
Seat 5: Titanic001 ($27 in chips)
Titanic001: posts small blind $1
MTails: posts big blind $3
*** HOLE CARDS ***
Titanic001: raises $3 to $6
MTails: calls $3
*** FLOP *** [8h Qh Jd]
MTails: checks
Titanic001: bets $3
MTails: calls $3
*** TURN *** [8h Qh Jd] [7d]
MTails: checks
Titanic001: bets $6
MTails: calls $6
*** RIVER *** [8h Qh Jd 7d] [5d]
MTails: checks
Titanic001: bets $6
MTails: raises $6 to $12
Titanic001: calls $6 and is all-in
*** SHOW DOWN ***
MTails: shows [5s Js] (two pair, Jacks and Fives)
Titanic001: shows [9h Ts] (a straight, Eight to Queen)
Titanic001 collected $53.50 from pot
*** SUMMARY ***
Total pot $54 | Rake $0.50
Board [8h Qh Jd 7d 5d]
Seat 4: MTails (big blind) showed [5s Js] and lost with two pair, Jacks and Fives
Seat 5: Titanic001 (button) (small blind) showed [9h Ts] and won ($53.50) with a straight, Eight to Queen


PokerStars Hand #166153921850:  Hold'em Limit ($3/$6 USD) - 2017/02/13 12:15:35 ET
Table 'Comacina' 6-max Seat #4 is the button
Seat 4: MTails ($172.98 in chips)
Seat 5: Titanic001 ($17.50 in chips)
MTails: posts small blind $1
Titanic001: posts big blind $3
*** HOLE CARDS ***
MTails: raises $3 to $6
Titanic001: calls $3
*** FLOP *** [4s 4c 9s]
Titanic001: checks
MTails: bets $3
Titanic001: calls $3
*** TURN *** [4s 4c 9s] [4h]
Titanic001: checks
MTails: bets $6
Titanic001: calls $6
*** RIVER *** [4s 4c 9s 4h] [Jh]
Titanic001: bets $2.50 and is all-in
MTails: calls $2.50
*** SHOW DOWN ***
Titanic001: shows [Qc 6h] (three of a kind, Fours)
MTails: shows [Qs Kc] (three of a kind, Fours - King kicker)
MTails collected $34.50 from pot
*** SUMMARY ***
Total pot $35 | Rake $0.50
Board [4s 4c 9s 4h Jh]
Seat 4: MTails (button) (small blind) showed [Qs Kc] and won ($34.50) with three of a kind, Fours
Seat 5: Titanic001 (big blind) showed [Qc 6h] and lost with three of a kind, Fours


