PokerStars Hand #166489358916:  Hold'em Limit ($3/$6 USD) - 2017/02/20 3:08:10 ET
Table 'Concordia' 6-max Seat #4 is the button
Seat 1: tttzzz ($113.10 in chips)
Seat 4: makemydaypls ($126.02 in chips)
makemydaypls: posts small blind $1
tttzzz: posts big blind $3
*** HOLE CARDS ***
makemydaypls: folds
Uncalled bet ($2) returned to tttzzz
tttzzz collected $2 from pot
tttzzz: doesn't show hand
*** SUMMARY ***
Total pot $2 | Rake $0
Seat 1: tttzzz (big blind) collected ($2)
Seat 4: makemydaypls (button) (small blind) folded before Flop


PokerStars Hand #166489354107:  Hold'em Limit ($3/$6 USD) - 2017/02/20 3:07:54 ET
Table 'Concordia' 6-max Seat #1 is the button
Seat 1: tttzzz ($110.10 in chips)
Seat 4: makemydaypls ($129.02 in chips)
tttzzz: posts small blind $1
Agrotait: is sitting out
makemydaypls: posts big blind $3
*** HOLE CARDS ***
tttzzz: raises $3 to $6
makemydaypls: folds
Uncalled bet ($3) returned to tttzzz
tttzzz collected $6 from pot
tttzzz: doesn't show hand
*** SUMMARY ***
Total pot $6 | Rake $0
Seat 1: tttzzz (button) (small blind) collected ($6)
Seat 4: makemydaypls (big blind) folded before Flop


PokerStars Hand #166492078439:  Hold'em Limit ($3/$6 USD) - 2017/02/20 5:18:20 ET
Table 'Concordia' 6-max Seat #5 is the button
Seat 4: Mordnilap ($260.70 in chips)
Seat 5: Bueffel ($25.07 in chips)
Bueffel: posts small blind $1
Luanto 14: is sitting out
AzureCaper: is sitting out
Mordnilap: posts big blind $3
*** HOLE CARDS ***
Bueffel: raises $3 to $6
Mordnilap: calls $3
*** FLOP *** [Ad 4c 6s]
Mordnilap: checks
Bueffel: bets $3
Mordnilap: calls $3
*** TURN *** [Ad 4c 6s] [3s]
Mordnilap: checks
Bueffel: checks
*** RIVER *** [Ad 4c 6s 3s] [5s]
Mordnilap: checks
Bueffel: bets $6
Mordnilap: calls $6
*** SHOW DOWN ***
Bueffel: shows [Th Kc] (high card Ace)
Mordnilap: shows [6c 8s] (a pair of Sixes)
tttzzz joins the table at seat #3
Mordnilap collected $29.50 from pot
*** SUMMARY ***
Total pot $30 | Rake $0.50
Board [Ad 4c 6s 3s 5s]
Seat 4: Mordnilap (big blind) showed [6c 8s] and won ($29.50) with a pair of Sixes
Seat 5: Bueffel (button) (small blind) showed [Th Kc] and lost with high card Ace


PokerStars Hand #166492210928:  Hold'em Limit ($3/$6 USD) - 2017/02/20 5:23:36 ET
Table 'Concordia' 6-max Seat #6 is the button
Seat 3: tttzzz ($98 in chips)
Seat 6: Luanto 14 ($195.11 in chips)
Bueffel will be allowed to play after the button
Luanto 14: posts small blind $1
AzureCaper: is sitting out
tttzzz: posts big blind $3
*** HOLE CARDS ***
Luanto 14: raises $3 to $6
tttzzz: calls $3
*** FLOP *** [Td 6c 9h]
tttzzz: checks
Luanto 14: bets $3
tttzzz: raises $3 to $6
Luanto 14: calls $3
*** TURN *** [Td 6c 9h] [Ah]
tttzzz: checks
Luanto 14: checks
*** RIVER *** [Td 6c 9h Ah] [2h]
tttzzz: bets $6
Luanto 14: folds
Uncalled bet ($6) returned to tttzzz
tttzzz collected $23.52 from pot
tttzzz: doesn't show hand
*** SUMMARY ***
Total pot $24 | Rake $0.48
Board [Td 6c 9h Ah 2h]
Seat 3: tttzzz (big blind) collected ($23.52)
Seat 6: Luanto 14 (button) (small blind) folded on the River


PokerStars Hand #166492919110:  Hold'em Limit ($3/$6 USD) - 2017/02/20 5:50:50 ET
Table 'Concordia' 6-max Seat #2 is the button
Seat 1: captainbdog ($170.89 in chips)
Seat 2: AzureCaper ($121.46 in chips)
AzureCaper: posts small blind $1
opdbqo: is sitting out
captainbdog: posts big blind $3
*** HOLE CARDS ***
opdbqo leaves the table
AzureCaper: raises $3 to $6
captainbdog: calls $3
*** FLOP *** [7h 6h Jc]
captainbdog: checks
AzureCaper: bets $3
captainbdog: calls $3
*** TURN *** [7h 6h Jc] [8s]
captainbdog: checks
AzureCaper: bets $6
captainbdog: calls $6
*** RIVER *** [7h 6h Jc 8s] [8d]
captainbdog: checks
AzureCaper: bets $6
captainbdog: calls $6
*** SHOW DOWN ***
AzureCaper: shows [8c Kc] (three of a kind, Eights)
captainbdog: mucks hand
AzureCaper collected $41.50 from pot
*** SUMMARY ***
Total pot $42 | Rake $0.50
Board [7h 6h Jc 8s 8d]
Seat 1: captainbdog (big blind) mucked
Seat 2: AzureCaper (button) (small blind) showed [8c Kc] and won ($41.50) with three of a kind, Eights


