PokerStars Hand #176017164713:  Hold'em Limit ($3/$6 USD) - 2017/09/23 11:13:22 ET
Table 'Conrada' 6-max Seat #2 is the button
Seat 1: cola26licht ($58.25 in chips)
Seat 2: TbIP-TbIP 88 ($72 in chips)
TbIP-TbIP 88: posts small blind $1
Agrotait: is sitting out
cola26licht: posts big blind $3
*** HOLE CARDS ***
TbIP-TbIP 88: raises $3 to $6
cola26licht: folds
Uncalled bet ($3) returned to TbIP-TbIP 88
TbIP-TbIP 88 collected $6 from pot
TbIP-TbIP 88: doesn't show hand
*** SUMMARY ***
Total pot $6 | Rake $0
Seat 1: cola26licht (big blind) folded before Flop
Seat 2: TbIP-TbIP 88 (button) (small blind) collected ($6)


PokerStars Hand #176017187028:  Hold'em Limit ($3/$6 USD) - 2017/09/23 11:13:58 ET
Table 'Conrada' 6-max Seat #2 is the button
Seat 1: cola26licht ($61.01 in chips)
Seat 2: TbIP-TbIP 88 ($72 in chips)
TbIP-TbIP 88: posts small blind $1
cola26licht: posts big blind $3
*** HOLE CARDS ***
TbIP-TbIP 88: folds
Uncalled bet ($2) returned to cola26licht
cola26licht collected $2 from pot
*** SUMMARY ***
Total pot $2 | Rake $0
Seat 1: cola26licht (big blind) collected ($2)
Seat 2: TbIP-TbIP 88 (button) (small blind) folded before Flop


PokerStars Hand #176017174307:  Hold'em Limit ($3/$6 USD) - 2017/09/23 11:13:37 ET
Table 'Conrada' 6-max Seat #1 is the button
Seat 1: cola26licht ($55.25 in chips)
Seat 2: TbIP-TbIP 88 ($75 in chips)
cola26licht: posts small blind $1
TbIP-TbIP 88: posts big blind $3
*** HOLE CARDS ***
cola26licht: raises $3 to $6
TbIP-TbIP 88: calls $3
*** FLOP *** [Js Kd Qh]
TbIP-TbIP 88: checks
cola26licht: bets $3
TbIP-TbIP 88: folds
Uncalled bet ($3) returned to cola26licht
cola26licht collected $11.76 from pot
*** SUMMARY ***
Total pot $12 | Rake $0.24
Board [Js Kd Qh]
Seat 1: cola26licht (button) (small blind) collected ($11.76)
Seat 2: TbIP-TbIP 88 (big blind) folded on the Flop


PokerStars Hand #176017191933:  Hold'em Limit ($3/$6 USD) - 2017/09/23 11:14:06 ET
Table 'Conrada' 6-max Seat #1 is the button
Seat 1: cola26licht ($62.01 in chips)
Seat 2: TbIP-TbIP 88 ($72 in chips)
cola26licht: posts small blind $1
TbIP-TbIP 88: posts big blind $3
*** HOLE CARDS ***
cola26licht: raises $3 to $6
Agrotait leaves the table
TbIP-TbIP 88: calls $3
*** FLOP *** [Jc 8c Ad]
TbIP-TbIP 88: checks
cola26licht: bets $3
TbIP-TbIP 88: folds
Uncalled bet ($3) returned to cola26licht
cola26licht collected $11.76 from pot
*** SUMMARY ***
Total pot $12 | Rake $0.24
Board [Jc 8c Ad]
Seat 1: cola26licht (button) (small blind) collected ($11.76)
Seat 2: TbIP-TbIP 88 (big blind) folded on the Flop


PokerStars Hand #176017226771:  Hold'em Limit ($3/$6 USD) - 2017/09/23 11:15:02 ET
Table 'Conrada' 6-max Seat #1 is the button
Seat 1: cola26licht ($64.77 in chips)
Seat 2: TbIP-TbIP 88 ($75 in chips)
cola26licht: posts small blind $1
TbIP-TbIP 88: posts big blind $3
*** HOLE CARDS ***
cola26licht: raises $3 to $6
TbIP-TbIP 88: calls $3
*** FLOP *** [Js 5d 3s]
TbIP-TbIP 88: checks
cola26licht: bets $3
TbIP-TbIP 88: calls $3
*** TURN *** [Js 5d 3s] [9d]
TbIP-TbIP 88: checks
cola26licht: bets $6
TbIP-TbIP 88: calls $6
*** RIVER *** [Js 5d 3s 9d] [2s]
TbIP-TbIP 88: checks
cola26licht: bets $6
TbIP-TbIP 88: raises $6 to $12
cola26licht: calls $6
*** SHOW DOWN ***
TbIP-TbIP 88: shows [4h Ac] (a straight, Ace to Five)
cola26licht: mucks hand
TbIP-TbIP 88 collected $53.50 from pot
*** SUMMARY ***
Total pot $54 | Rake $0.50
Board [Js 5d 3s 9d 2s]
Seat 1: cola26licht (button) (small blind) mucked
Seat 2: TbIP-TbIP 88 (big blind) showed [4h Ac] and won ($53.50) with a straight, Ace to Five


PokerStars Hand #176017216998:  Hold'em Limit ($3/$6 USD) - 2017/09/23 11:14:46 ET
Table 'Conrada' 6-max Seat #2 is the button
Seat 1: cola26licht ($67.77 in chips)
Seat 2: TbIP-TbIP 88 ($72 in chips)
TbIP-TbIP 88: posts small blind $1
cola26licht: posts big blind $3
*** HOLE CARDS ***
TbIP-TbIP 88: raises $3 to $6
cola26licht: folds
Uncalled bet ($3) returned to TbIP-TbIP 88
TbIP-TbIP 88 collected $6 from pot
TbIP-TbIP 88: doesn't show hand
*** SUMMARY ***
Total pot $6 | Rake $0
Seat 1: cola26licht (big blind) folded before Flop
Seat 2: TbIP-TbIP 88 (button) (small blind) collected ($6)


PokerStars Hand #176017261657:  Hold'em Limit ($3/$6 USD) - 2017/09/23 11:15:58 ET
Table 'Conrada' 6-max Seat #1 is the button
Seat 1: cola26licht ($46.41 in chips)
Seat 2: TbIP-TbIP 88 ($92.50 in chips)
cola26licht: posts small blind $1
TbIP-TbIP 88: posts big blind $3
*** HOLE CARDS ***
cola26licht: raises $3 to $6
TbIP-TbIP 88: calls $3
*** FLOP *** [4d 2s 7c]
TbIP-TbIP 88: bets $3
cola26licht: calls $3
*** TURN *** [4d 2s 7c] [9s]
TbIP-TbIP 88: bets $6
cola26licht: calls $6
*** RIVER *** [4d 2s 7c 9s] [7h]
TbIP-TbIP 88: bets $6
cola26licht: folds
Uncalled bet ($6) returned to TbIP-TbIP 88
TbIP-TbIP 88 collected $29.50 from pot
TbIP-TbIP 88: doesn't show hand
*** SUMMARY ***
Total pot $30 | Rake $0.50
Board [4d 2s 7c 9s 7h]
Seat 1: cola26licht (button) (small blind) folded on the River
Seat 2: TbIP-TbIP 88 (big blind) collected ($29.50)


PokerStars Hand #176017246552:  Hold'em Limit ($3/$6 USD) - 2017/09/23 11:15:34 ET
Table 'Conrada' 6-max Seat #2 is the button
Seat 1: cola26licht ($37.77 in chips)
Seat 2: TbIP-TbIP 88 ($101.50 in chips)
TbIP-TbIP 88: posts small blind $1
cola26licht: posts big blind $3
*** HOLE CARDS ***
TbIP-TbIP 88: raises $3 to $6
cola26licht: raises $3 to $9
TbIP-TbIP 88: calls $3
*** FLOP *** [6s 6h Qs]
cola26licht: bets $3
TbIP-TbIP 88: folds
Uncalled bet ($3) returned to cola26licht
cola26licht collected $17.64 from pot
*** SUMMARY ***
Total pot $18 | Rake $0.36
Board [6s 6h Qs]
Seat 1: cola26licht (big blind) collected ($17.64)
Seat 2: TbIP-TbIP 88 (button) (small blind) folded on the Flop


PokerStars Hand #176017329634:  Hold'em Limit ($3/$6 USD) - 2017/09/23 11:17:45 ET
Table 'Conrada' 6-max Seat #1 is the button
Seat 1: cola26licht ($61.41 in chips)
Seat 2: TbIP-TbIP 88 ($76 in chips)
cola26licht: posts small blind $1
TbIP-TbIP 88: posts big blind $3
*** HOLE CARDS ***
cola26licht: folds
Uncalled bet ($2) returned to TbIP-TbIP 88
TbIP-TbIP 88 collected $2 from pot
TbIP-TbIP 88: doesn't show hand
*** SUMMARY ***
Total pot $2 | Rake $0
Seat 1: cola26licht (button) (small blind) folded before Flop
Seat 2: TbIP-TbIP 88 (big blind) collected ($2)


PokerStars Hand #176017326756:  Hold'em Limit ($3/$6 USD) - 2017/09/23 11:17:41 ET
Table 'Conrada' 6-max Seat #2 is the button
Seat 1: cola26licht ($60.41 in chips)
Seat 2: TbIP-TbIP 88 ($77 in chips)
TbIP-TbIP 88: posts small blind $1
cola26licht: posts big blind $3
*** HOLE CARDS ***
TbIP-TbIP 88: folds
Uncalled bet ($2) returned to cola26licht
cola26licht collected $2 from pot
*** SUMMARY ***
Total pot $2 | Rake $0
Seat 1: cola26licht (big blind) collected ($2)
Seat 2: TbIP-TbIP 88 (button) (small blind) folded before Flop


PokerStars Hand #176017315910:  Hold'em Limit ($3/$6 USD) - 2017/09/23 11:17:23 ET
Table 'Conrada' 6-max Seat #1 is the button
Seat 1: cola26licht ($45.91 in chips)
Seat 2: TbIP-TbIP 88 ($92 in chips)
cola26licht: posts small blind $1
TbIP-TbIP 88: posts big blind $3
*** HOLE CARDS ***
cola26licht: raises $3 to $6
TbIP-TbIP 88: calls $3
*** FLOP *** [Qd 6c 9h]
TbIP-TbIP 88: checks
cola26licht: bets $3
TbIP-TbIP 88: calls $3
*** TURN *** [Qd 6c 9h] [5c]
TbIP-TbIP 88: checks
cola26licht: checks
*** RIVER *** [Qd 6c 9h 5c] [Ad]
TbIP-TbIP 88: checks
cola26licht: bets $6
TbIP-TbIP 88: calls $6
*** SHOW DOWN ***
cola26licht: shows [3c As] (a pair of Aces)
TbIP-TbIP 88: mucks hand
cola26licht collected $29.50 from pot
*** SUMMARY ***
Total pot $30 | Rake $0.50
Board [Qd 6c 9h 5c Ad]
Seat 1: cola26licht (button) (small blind) showed [3c As] and won ($29.50) with a pair of Aces
Seat 2: TbIP-TbIP 88 (big blind) mucked


PokerStars Hand #176017283631:  Hold'em Limit ($3/$6 USD) - 2017/09/23 11:16:31 ET
Table 'Conrada' 6-max Seat #2 is the button
Seat 1: cola26licht ($31.41 in chips)
Seat 2: TbIP-TbIP 88 ($107 in chips)
TbIP-TbIP 88: posts small blind $1
cola26licht: posts big blind $3
*** HOLE CARDS ***
TbIP-TbIP 88: raises $3 to $6
cola26licht: calls $3
*** FLOP *** [Kc Qc Js]
cola26licht: checks
TbIP-TbIP 88: bets $3
cola26licht: calls $3
*** TURN *** [Kc Qc Js] [2s]
cola26licht: checks
TbIP-TbIP 88: checks
*** RIVER *** [Kc Qc Js 2s] [8h]
cola26licht: checks
TbIP-TbIP 88: bets $6
cola26licht: calls $6
*** SHOW DOWN ***
TbIP-TbIP 88: shows [8s Ah] (a pair of Eights)
cola26licht: shows [Jc Ac] (a pair of Jacks)
cola26licht collected $29.50 from pot
*** SUMMARY ***
Total pot $30 | Rake $0.50
Board [Kc Qc Js 2s 8h]
Seat 1: cola26licht (big blind) showed [Jc Ac] and won ($29.50) with a pair of Jacks
Seat 2: TbIP-TbIP 88 (button) (small blind) showed [8s Ah] and lost with a pair of Eights


PokerStars Hand #176017332672:  Hold'em Limit ($3/$6 USD) - 2017/09/23 11:17:50 ET
Table 'Conrada' 6-max Seat #2 is the button
Seat 1: cola26licht ($60.41 in chips)
Seat 2: TbIP-TbIP 88 ($77 in chips)
TbIP-TbIP 88: posts small blind $1
cola26licht: posts big blind $3
*** HOLE CARDS ***
TbIP-TbIP 88: raises $3 to $6
cola26licht: raises $3 to $9
TbIP-TbIP 88: calls $3
*** FLOP *** [7s 8c Qc]
cola26licht: bets $3
TbIP-TbIP 88: calls $3
*** TURN *** [7s 8c Qc] [5d]
cola26licht: bets $6
TbIP-TbIP 88: folds
Uncalled bet ($6) returned to cola26licht
cola26licht collected $23.52 from pot
*** SUMMARY ***
Total pot $24 | Rake $0.48
Board [7s 8c Qc 5d]
Seat 1: cola26licht (big blind) collected ($23.52)
Seat 2: TbIP-TbIP 88 (button) (small blind) folded on the Turn


PokerStars Hand #176017354066:  Hold'em Limit ($3/$6 USD) - 2017/09/23 11:18:25 ET
Table 'Conrada' 6-max Seat #1 is the button
Seat 1: cola26licht ($71.93 in chips)
Seat 2: TbIP-TbIP 88 ($72 in chips)
cola26licht: posts small blind $1
TbIP-TbIP 88: posts big blind $3
*** HOLE CARDS ***
cola26licht: raises $3 to $6
TbIP-TbIP 88: raises $3 to $9
cola26licht: calls $3
*** FLOP *** [5h 8h 6d]
TbIP-TbIP 88: bets $3
cola26licht: raises $3 to $6
TbIP-TbIP 88: raises $3 to $9
cola26licht: calls $3
*** TURN *** [5h 8h 6d] [As]
TbIP-TbIP 88: bets $6
cola26licht: raises $6 to $12
TbIP-TbIP 88: raises $6 to $18
cola26licht: calls $6
*** RIVER *** [5h 8h 6d As] [8d]
TbIP-TbIP 88: bets $6
cola26licht: calls $6
*** SHOW DOWN ***
TbIP-TbIP 88: shows [5s 5d] (a full house, Fives full of Eights)
cola26licht: mucks hand
TbIP-TbIP 88 collected $83.50 from pot
*** SUMMARY ***
Total pot $84 | Rake $0.50
Board [5h 8h 6d As 8d]
Seat 1: cola26licht (button) (small blind) mucked
Seat 2: TbIP-TbIP 88 (big blind) showed [5s 5d] and won ($83.50) with a full house, Fives full of Eights


PokerStars Hand #176017374713:  Hold'em Limit ($3/$6 USD) - 2017/09/23 11:18:59 ET
Table 'Conrada' 6-max Seat #2 is the button
Seat 1: cola26licht ($29.93 in chips)
Seat 2: TbIP-TbIP 88 ($113.50 in chips)
TbIP-TbIP 88: posts small blind $1
cola26licht: posts big blind $3
*** HOLE CARDS ***
TbIP-TbIP 88: raises $3 to $6
cola26licht: calls $3
*** FLOP *** [Qh Jc 3d]
cola26licht: checks
TbIP-TbIP 88: bets $3
cola26licht: folds
Uncalled bet ($3) returned to TbIP-TbIP 88
TbIP-TbIP 88 collected $11.76 from pot
TbIP-TbIP 88: doesn't show hand
*** SUMMARY ***
Total pot $12 | Rake $0.24
Board [Qh Jc 3d]
Seat 1: cola26licht (big blind) folded on the Flop
Seat 2: TbIP-TbIP 88 (button) (small blind) collected ($11.76)


