PokerStars Hand #160788872072:  Hold'em Limit ($3/$6 USD) - 2016/11/02 10:49:51 ET
Table 'Constantia II' 10-max Seat #1 is the button
Seat 1: MilkyWay2016 ($120 in chips)
Seat 6: assitoni ($72 in chips)
MilkyWay2016: posts small blind $1
B_loJkl joins the table at seat #2
assitoni: posts big blind $3
*** HOLE CARDS ***
MilkyWay2016: raises $3 to $6
assitoni: folds
Uncalled bet ($3) returned to MilkyWay2016
MilkyWay2016 collected $6 from pot
*** SUMMARY ***
Total pot $6 | Rake $0
Seat 1: MilkyWay2016 (button) (small blind) collected ($6)
Seat 6: assitoni (big blind) folded before Flop


PokerStars Hand #160788878214:  Hold'em Limit ($3/$6 USD) - 2016/11/02 10:50:01 ET
Table 'Constantia II' 10-max Seat #6 is the button
Seat 1: MilkyWay2016 ($123 in chips)
Seat 6: assitoni ($72 in chips)
assitoni: posts small blind $1
MilkyWay2016: posts big blind $3
*** HOLE CARDS ***
assitoni: raises $3 to $6
MilkyWay2016: calls $3
*** FLOP *** [8d 3d 4d]
MilkyWay2016: checks
assitoni: bets $3
MilkyWay2016: calls $3
*** TURN *** [8d 3d 4d] [Jc]
MilkyWay2016: checks
assitoni: checks
*** RIVER *** [8d 3d 4d Jc] [6d]
MilkyWay2016: bets $6
assitoni: folds
Uncalled bet ($6) returned to MilkyWay2016
MilkyWay2016 collected $17.64 from pot
*** SUMMARY ***
Total pot $18 | Rake $0.36
Board [8d 3d 4d Jc 6d]
Seat 1: MilkyWay2016 (big blind) collected ($17.64)
Seat 6: assitoni (button) (small blind) folded on the River


PokerStars Hand #160788920111:  Hold'em Limit ($3/$6 USD) - 2016/11/02 10:51:06 ET
Table 'Constantia II' 10-max Seat #1 is the button
Seat 1: MilkyWay2016 ($131.64 in chips)
Seat 6: assitoni ($72 in chips)
MilkyWay2016: posts small blind $1
assitoni: posts big blind $3
*** HOLE CARDS ***
kolaz03 joins the table at seat #2
MilkyWay2016: raises $3 to $6
assitoni: raises $3 to $9
MilkyWay2016: calls $3
*** FLOP *** [Qs Ts Js]
assitoni: bets $3
MilkyWay2016: calls $3
*** TURN *** [Qs Ts Js] [3d]
assitoni: bets $6
MilkyWay2016: calls $6
*** RIVER *** [Qs Ts Js 3d] [Td]
assitoni: checks
MilkyWay2016: checks
*** SHOW DOWN ***
assitoni: shows [As Jh] (two pair, Jacks and Tens)
MilkyWay2016: mucks hand
assitoni collected $35.50 from pot
*** SUMMARY ***
Total pot $36 | Rake $0.50
Board [Qs Ts Js 3d Td]
Seat 1: MilkyWay2016 (button) (small blind) mucked
Seat 6: assitoni (big blind) showed [As Jh] and won ($35.50) with two pair, Jacks and Tens


PokerStars Hand #160788983756:  Hold'em Limit ($3/$6 USD) - 2016/11/02 10:52:45 ET
Table 'Constantia II' 10-max Seat #2 is the button
Seat 1: MilkyWay2016 ($113.64 in chips)
Seat 2: kolaz03 ($89.50 in chips)
kolaz03: posts small blind $1
MilkyWay2016: posts big blind $3
*** HOLE CARDS ***
kolaz03: folds
Uncalled bet ($2) returned to MilkyWay2016
MilkyWay2016 collected $2 from pot
*** SUMMARY ***
Total pot $2 | Rake $0
Seat 1: MilkyWay2016 (big blind) collected ($2)
Seat 2: kolaz03 (button) (small blind) folded before Flop


PokerStars Hand #160788943038:  Hold'em Limit ($3/$6 USD) - 2016/11/02 10:51:42 ET
Table 'Constantia II' 10-max Seat #6 is the button
Seat 2: kolaz03 ($72 in chips)
Seat 6: assitoni ($89.50 in chips)
assitoni: posts small blind $1
kolaz03: posts big blind $3
*** HOLE CARDS ***
assitoni: raises $3 to $6
kolaz03: calls $3
*** FLOP *** [Kd 7h 9c]
kolaz03: checks
assitoni: bets $3
kolaz03: raises $3 to $6
assitoni: calls $3
*** TURN *** [Kd 7h 9c] [5d]
kolaz03: bets $6
assitoni: calls $6
*** RIVER *** [Kd 7h 9c 5d] [5s]
kolaz03: bets $6
assitoni: folds
Uncalled bet ($6) returned to kolaz03
kolaz03 collected $35.50 from pot
kolaz03: doesn't show hand
*** SUMMARY ***
Total pot $36 | Rake $0.50
Board [Kd 7h 9c 5d 5s]
Seat 2: kolaz03 (big blind) collected ($35.50)
Seat 6: assitoni (button) (small blind) folded on the River


PokerStars Hand #160788996757:  Hold'em Limit ($3/$6 USD) - 2016/11/02 10:53:05 ET
Table 'Constantia II' 10-max Seat #2 is the button
Seat 1: MilkyWay2016 ($120.40 in chips)
Seat 2: kolaz03 ($82.50 in chips)
kolaz03: posts small blind $1
MilkyWay2016: posts big blind $3
*** HOLE CARDS ***
kolaz03: folds
Uncalled bet ($2) returned to MilkyWay2016
MilkyWay2016 collected $2 from pot
*** SUMMARY ***
Total pot $2 | Rake $0
Seat 1: MilkyWay2016 (big blind) collected ($2)
Seat 2: kolaz03 (button) (small blind) folded before Flop


PokerStars Hand #160788987603:  Hold'em Limit ($3/$6 USD) - 2016/11/02 10:52:51 ET
Table 'Constantia II' 10-max Seat #1 is the button
Seat 1: MilkyWay2016 ($114.64 in chips)
Seat 2: kolaz03 ($88.50 in chips)
MilkyWay2016: posts small blind $1
kolaz03: posts big blind $3
*** HOLE CARDS ***
MilkyWay2016: raises $3 to $6
kolaz03: calls $3
*** FLOP *** [Qd 2d Ks]
kolaz03: checks
MilkyWay2016: bets $3
kolaz03: folds
Uncalled bet ($3) returned to MilkyWay2016
MilkyWay2016 collected $11.76 from pot
*** SUMMARY ***
Total pot $12 | Rake $0.24
Board [Qd 2d Ks]
Seat 1: MilkyWay2016 (button) (small blind) collected ($11.76)
Seat 2: kolaz03 (big blind) folded on the Flop


PokerStars Hand #160789016681:  Hold'em Limit ($3/$6 USD) - 2016/11/02 10:53:36 ET
Table 'Constantia II' 10-max Seat #2 is the button
Seat 1: MilkyWay2016 ($127.16 in chips)
Seat 2: kolaz03 ($75.50 in chips)
kolaz03: posts small blind $1
MilkyWay2016: posts big blind $3
*** HOLE CARDS ***
kolaz03: folds
Uncalled bet ($2) returned to MilkyWay2016
MilkyWay2016 collected $2 from pot
*** SUMMARY ***
Total pot $2 | Rake $0
Seat 1: MilkyWay2016 (big blind) collected ($2)
Seat 2: kolaz03 (button) (small blind) folded before Flop


PokerStars Hand #160789002534:  Hold'em Limit ($3/$6 USD) - 2016/11/02 10:53:14 ET
Table 'Constantia II' 10-max Seat #1 is the button
Seat 1: MilkyWay2016 ($121.40 in chips)
Seat 2: kolaz03 ($81.50 in chips)
MilkyWay2016: posts small blind $1
kolaz03: posts big blind $3
*** HOLE CARDS ***
MilkyWay2016: raises $3 to $6
kolaz03: calls $3
*** FLOP *** [5s Ac Qd]
kolaz03: checks
MilkyWay2016: checks
*** TURN *** [5s Ac Qd] [Kc]
kolaz03: checks
MilkyWay2016: bets $6
kolaz03: folds
Uncalled bet ($6) returned to MilkyWay2016
MilkyWay2016 collected $11.76 from pot
*** SUMMARY ***
Total pot $12 | Rake $0.24
Board [5s Ac Qd Kc]
Seat 1: MilkyWay2016 (button) (small blind) collected ($11.76)
Seat 2: kolaz03 (big blind) folded on the Turn


PokerStars Hand #160789065067:  Hold'em Limit ($3/$6 USD) - 2016/11/02 10:54:50 ET
Table 'Constantia II' 10-max Seat #2 is the button
Seat 2: kolaz03 ($73 in chips)
Seat 3: B_loJkl ($155.61 in chips)
kolaz03: posts small blind $1
B_loJkl: posts big blind $3
*** HOLE CARDS ***
kolaz03: folds
Uncalled bet ($2) returned to B_loJkl
B_loJkl collected $2 from pot
B_loJkl: doesn't show hand
*** SUMMARY ***
Total pot $2 | Rake $0
Seat 2: kolaz03 (button) (small blind) folded before Flop
Seat 3: B_loJkl (big blind) collected ($2)


PokerStars Hand #160789056888:  Hold'em Limit ($3/$6 USD) - 2016/11/02 10:54:38 ET
Table 'Constantia II' 10-max Seat #3 is the button
Seat 2: kolaz03 ($72 in chips)
Seat 3: B_loJkl ($156.61 in chips)
B_loJkl: posts small blind $1
kolaz03: posts big blind $3
*** HOLE CARDS ***
B_loJkl: folds
Uncalled bet ($2) returned to kolaz03
kolaz03 collected $2 from pot
kolaz03: doesn't show hand
*** SUMMARY ***
Total pot $2 | Rake $0
Seat 2: kolaz03 (big blind) collected ($2)
Seat 3: B_loJkl (button) (small blind) folded before Flop


PokerStars Hand #160789019832:  Hold'em Limit ($3/$6 USD) - 2016/11/02 10:53:41 ET
Table 'Constantia II' 10-max Seat #1 is the button
Seat 1: MilkyWay2016 ($128.16 in chips)
Seat 2: kolaz03 ($74.50 in chips)
MilkyWay2016: posts small blind $1
kolaz03: posts big blind $3
*** HOLE CARDS ***
MilkyWay2016: raises $3 to $6
kolaz03: raises $3 to $9
MilkyWay2016: calls $3
*** FLOP *** [5h As 9d]
kolaz03: bets $3
B_loJkl joins the table at seat #3
MilkyWay2016: calls $3
*** TURN *** [5h As 9d] [Ad]
kolaz03: checks
MilkyWay2016: checks
*** RIVER *** [5h As 9d Ad] [7d]
kolaz03: checks
MilkyWay2016: bets $6
kolaz03: folds
Uncalled bet ($6) returned to MilkyWay2016
MilkyWay2016 collected $23.52 from pot
*** SUMMARY ***
Total pot $24 | Rake $0.48
Board [5h As 9d Ad 7d]
Seat 1: MilkyWay2016 (button) (small blind) collected ($23.52)
Seat 2: kolaz03 (big blind) folded on the River


