PokerStars Hand #156921085076:  Hold'em Limit ($3/$6 USD) - 2016/08/05 23:12:43 ET
Table 'Constantia' 6-max Seat #4 is the button
Seat 3: pratmish ($205.76 in chips)
Seat 4: AzureCaper ($72 in chips)
AzureCaper: posts small blind $1
pratmish: posts big blind $3
*** HOLE CARDS ***
AzureCaper: folds
Uncalled bet ($2) returned to pratmish
pratmish collected $2 from pot
pratmish: doesn't show hand
*** SUMMARY ***
Total pot $2 | Rake $0
Seat 3: pratmish (big blind) collected ($2)
Seat 4: AzureCaper (button) (small blind) folded before Flop


PokerStars Hand #156921079894:  Hold'em Limit ($3/$6 USD) - 2016/08/05 23:12:26 ET
Table 'Constantia' 6-max Seat #3 is the button
Seat 3: pratmish ($200 in chips)
Seat 4: AzureCaper ($72 in chips)
pratmish: posts small blind $1
AzureCaper: posts big blind $3
*** HOLE CARDS ***
pratmish: raises $3 to $6
AzureCaper: calls $3
*** FLOP *** [Qd Js 9d]
AzureCaper: checks
pratmish: bets $3
AzureCaper: folds
Uncalled bet ($3) returned to pratmish
pratmish collected $11.76 from pot
pratmish: doesn't show hand
*** SUMMARY ***
Total pot $12 | Rake $0.24
Board [Qd Js 9d]
Seat 3: pratmish (button) (small blind) collected ($11.76)
Seat 4: AzureCaper (big blind) folded on the Flop


PokerStars Hand #156921096617:  Hold'em Limit ($3/$6 USD) - 2016/08/05 23:13:22 ET
Table 'Constantia' 6-max Seat #4 is the button
Seat 3: pratmish ($175.76 in chips)
Seat 4: AzureCaper ($102.14 in chips)
AzureCaper: posts small blind $1
pratmish: posts big blind $3
*** HOLE CARDS ***
AzureCaper: folds
Uncalled bet ($2) returned to pratmish
pratmish collected $2 from pot
pratmish: doesn't show hand
*** SUMMARY ***
Total pot $2 | Rake $0
Seat 3: pratmish (big blind) collected ($2)
Seat 4: AzureCaper (button) (small blind) folded before Flop


PokerStars Hand #156921095145:  Hold'em Limit ($3/$6 USD) - 2016/08/05 23:13:17 ET
Table 'Constantia' 6-max Seat #3 is the button
Seat 3: pratmish ($176.76 in chips)
Seat 4: AzureCaper ($101.14 in chips)
pratmish: posts small blind $1
AzureCaper: posts big blind $3
*** HOLE CARDS ***
pratmish: folds
Uncalled bet ($2) returned to AzureCaper
AzureCaper collected $2 from pot
AzureCaper: doesn't show hand
*** SUMMARY ***
Total pot $2 | Rake $0
Seat 3: pratmish (button) (small blind) folded before Flop
Seat 4: AzureCaper (big blind) collected ($2)


PokerStars Hand #156921098189:  Hold'em Limit ($3/$6 USD) - 2016/08/05 23:13:27 ET
Table 'Constantia' 6-max Seat #3 is the button
Seat 3: pratmish ($176.76 in chips)
Seat 4: AzureCaper ($101.14 in chips)
pratmish: posts small blind $1
AzureCaper: posts big blind $3
*** HOLE CARDS ***
pratmish: raises $3 to $6
AzureCaper: folds
Uncalled bet ($3) returned to pratmish
pratmish collected $6 from pot
pratmish: doesn't show hand
*** SUMMARY ***
Total pot $6 | Rake $0
Seat 3: pratmish (button) (small blind) collected ($6)
Seat 4: AzureCaper (big blind) folded before Flop


PokerStars Hand #156921087022:  Hold'em Limit ($3/$6 USD) - 2016/08/05 23:12:49 ET
Table 'Constantia' 6-max Seat #3 is the button
Seat 3: pratmish ($206.76 in chips)
Seat 4: AzureCaper ($72 in chips)
pratmish: posts small blind $1
AzureCaper: posts big blind $3
*** HOLE CARDS ***
pratmish: raises $3 to $6
AzureCaper: raises $3 to $9
pratmish: calls $3
*** FLOP *** [2h Ac 7c]
AzureCaper: bets $3
pratmish: folds
Uncalled bet ($3) returned to AzureCaper
AzureCaper collected $17.64 from pot
AzureCaper: doesn't show hand
*** SUMMARY ***
Total pot $18 | Rake $0.36
Board [2h Ac 7c]
Seat 3: pratmish (button) (small blind) folded on the Flop
Seat 4: AzureCaper (big blind) collected ($17.64)


PokerStars Hand #156921109997:  Hold'em Limit ($3/$6 USD) - 2016/08/05 23:14:06 ET
Table 'Constantia' 6-max Seat #3 is the button
Seat 3: pratmish ($198.14 in chips)
Seat 4: AzureCaper ($79.14 in chips)
pratmish: posts small blind $1
AzureCaper: posts big blind $3
*** HOLE CARDS ***
pratmish: raises $3 to $6
AzureCaper: folds
Uncalled bet ($3) returned to pratmish
pratmish collected $6 from pot
pratmish: doesn't show hand
*** SUMMARY ***
Total pot $6 | Rake $0
Seat 3: pratmish (button) (small blind) collected ($6)
Seat 4: AzureCaper (big blind) folded before Flop


PokerStars Hand #156921112575:  Hold'em Limit ($3/$6 USD) - 2016/08/05 23:14:15 ET
Table 'Constantia' 6-max Seat #4 is the button
Seat 3: pratmish ($201.14 in chips)
Seat 4: AzureCaper ($76.14 in chips)
AzureCaper: posts small blind $1
pratmish: posts big blind $3
*** HOLE CARDS ***
AzureCaper: folds
Uncalled bet ($2) returned to pratmish
pratmish collected $2 from pot
pratmish: doesn't show hand
*** SUMMARY ***
Total pot $2 | Rake $0
Seat 3: pratmish (big blind) collected ($2)
Seat 4: AzureCaper (button) (small blind) folded before Flop


PokerStars Hand #156921101370:  Hold'em Limit ($3/$6 USD) - 2016/08/05 23:13:37 ET
Table 'Constantia' 6-max Seat #4 is the button
Seat 3: pratmish ($179.76 in chips)
Seat 4: AzureCaper ($98.14 in chips)
AzureCaper: posts small blind $1
pratmish: posts big blind $3
*** HOLE CARDS ***
AzureCaper: raises $3 to $6
pratmish: calls $3
*** FLOP *** [Kc Ad 3d]
pratmish: checks
AzureCaper: bets $3
pratmish: calls $3
*** TURN *** [Kc Ad 3d] [5c]
pratmish: checks
AzureCaper: bets $6
pratmish: raises $6 to $12
AzureCaper: folds
Uncalled bet ($6) returned to pratmish
pratmish collected $29.50 from pot
pratmish: doesn't show hand
*** SUMMARY ***
Total pot $30 | Rake $0.50
Board [Kc Ad 3d 5c]
Seat 3: pratmish (big blind) collected ($29.50)
Seat 4: AzureCaper (button) (small blind) folded on the Turn


PokerStars Hand #156921113974:  Hold'em Limit ($3/$6 USD) - 2016/08/05 23:14:20 ET
Table 'Constantia' 6-max Seat #3 is the button
Seat 3: pratmish ($202.14 in chips)
Seat 4: AzureCaper ($75.14 in chips)
pratmish: posts small blind $1
AzureCaper: posts big blind $3
*** HOLE CARDS ***
pratmish: raises $3 to $6
AzureCaper: calls $3
*** FLOP *** [Ad Kd Jh]
AzureCaper: checks
pratmish: bets $3
AzureCaper: raises $3 to $6
pratmish: calls $3
*** TURN *** [Ad Kd Jh] [6s]
AzureCaper: bets $6
pratmish: calls $6
*** RIVER *** [Ad Kd Jh 6s] [6d]
AzureCaper: bets $6
pratmish: calls $6
*** SHOW DOWN ***
AzureCaper: shows [Td 5d] (a flush, Ace high)
pratmish: mucks hand
AzureCaper collected $47.50 from pot
*** SUMMARY ***
Total pot $48 | Rake $0.50
Board [Ad Kd Jh 6s 6d]
Seat 3: pratmish (button) (small blind) mucked
Seat 4: AzureCaper (big blind) showed [Td 5d] and won ($47.50) with a flush, Ace high


PokerStars Hand #156921108534:  Hold'em Limit ($3/$6 USD) - 2016/08/05 23:14:01 ET
Table 'Constantia' 6-max Seat #4 is the button
Seat 3: pratmish ($197.14 in chips)
Seat 4: AzureCaper ($80.14 in chips)
AzureCaper: posts small blind $1
pratmish: posts big blind $3
*** HOLE CARDS ***
AzureCaper: folds
Uncalled bet ($2) returned to pratmish
pratmish collected $2 from pot
pratmish: doesn't show hand
*** SUMMARY ***
Total pot $2 | Rake $0
Seat 3: pratmish (big blind) collected ($2)
Seat 4: AzureCaper (button) (small blind) folded before Flop


PokerStars Hand #156921105769:  Hold'em Limit ($3/$6 USD) - 2016/08/05 23:13:52 ET
Table 'Constantia' 6-max Seat #3 is the button
Seat 3: pratmish ($194.26 in chips)
Seat 4: AzureCaper ($83.14 in chips)
pratmish: posts small blind $1
AzureCaper: posts big blind $3
*** HOLE CARDS ***
pratmish: calls $2
AzureCaper: checks
*** FLOP *** [8c Kc Ts]
AzureCaper: checks
pratmish: bets $3
AzureCaper: folds
Uncalled bet ($3) returned to pratmish
pratmish collected $5.88 from pot
pratmish: doesn't show hand
*** SUMMARY ***
Total pot $6 | Rake $0.12
Board [8c Kc Ts]
Seat 3: pratmish (button) (small blind) collected ($5.88)
Seat 4: AzureCaper (big blind) folded on the Flop


PokerStars Hand #156921119255:  Hold'em Limit ($3/$6 USD) - 2016/08/05 23:14:38 ET
Table 'Constantia' 6-max Seat #4 is the button
Seat 3: pratmish ($178.14 in chips)
Seat 4: AzureCaper ($98.64 in chips)
AzureCaper: posts small blind $1
pratmish: posts big blind $3
*** HOLE CARDS ***
AzureCaper: raises $3 to $6
pratmish: calls $3
*** FLOP *** [9c 2c 5c]
pratmish: checks
AzureCaper: bets $3
pratmish: folds
Uncalled bet ($3) returned to AzureCaper
AzureCaper collected $11.76 from pot
AzureCaper: doesn't show hand
*** SUMMARY ***
Total pot $12 | Rake $0.24
Board [9c 2c 5c]
Seat 3: pratmish (big blind) folded on the Flop
Seat 4: AzureCaper (button) (small blind) collected ($11.76)


PokerStars Hand #156921123426:  Hold'em Limit ($3/$6 USD) - 2016/08/05 23:14:52 ET
Table 'Constantia' 6-max Seat #4 is the button
Seat 3: pratmish ($171.14 in chips)
Seat 4: AzureCaper ($105.40 in chips)
AzureCaper: posts small blind $1
pratmish: posts big blind $3
*** HOLE CARDS ***
AzureCaper: raises $3 to $6
pratmish: folds
Uncalled bet ($3) returned to AzureCaper
AzureCaper collected $6 from pot
AzureCaper: doesn't show hand
*** SUMMARY ***
Total pot $6 | Rake $0
Seat 3: pratmish (big blind) folded before Flop
Seat 4: AzureCaper (button) (small blind) collected ($6)


PokerStars Hand #156921122107:  Hold'em Limit ($3/$6 USD) - 2016/08/05 23:14:47 ET
Table 'Constantia' 6-max Seat #3 is the button
Seat 3: pratmish ($172.14 in chips)
Seat 4: AzureCaper ($104.40 in chips)
pratmish: posts small blind $1
AzureCaper: posts big blind $3
*** HOLE CARDS ***
pratmish: folds
Uncalled bet ($2) returned to AzureCaper
AzureCaper collected $2 from pot
AzureCaper: doesn't show hand
*** SUMMARY ***
Total pot $2 | Rake $0
Seat 3: pratmish (button) (small blind) folded before Flop
Seat 4: AzureCaper (big blind) collected ($2)


PokerStars Hand #156921126710:  Hold'em Limit ($3/$6 USD) - 2016/08/05 23:15:03 ET
Table 'Constantia' 6-max Seat #4 is the button
Seat 3: pratmish ($167.14 in chips)
Seat 4: AzureCaper ($109.40 in chips)
AzureCaper: posts small blind $1
pratmish: posts big blind $3
*** HOLE CARDS ***
AzureCaper: folds
Uncalled bet ($2) returned to pratmish
pratmish collected $2 from pot
pratmish: doesn't show hand
*** SUMMARY ***
Total pot $2 | Rake $0
Seat 3: pratmish (big blind) collected ($2)
Seat 4: AzureCaper (button) (small blind) folded before Flop


PokerStars Hand #156921125305:  Hold'em Limit ($3/$6 USD) - 2016/08/05 23:14:58 ET
Table 'Constantia' 6-max Seat #3 is the button
Seat 3: pratmish ($168.14 in chips)
Seat 4: AzureCaper ($108.40 in chips)
pratmish: posts small blind $1
AzureCaper: posts big blind $3
*** HOLE CARDS ***
pratmish: folds
Uncalled bet ($2) returned to AzureCaper
AzureCaper collected $2 from pot
AzureCaper: doesn't show hand
*** SUMMARY ***
Total pot $2 | Rake $0
Seat 3: pratmish (button) (small blind) folded before Flop
Seat 4: AzureCaper (big blind) collected ($2)


PokerStars Hand #156921128097:  Hold'em Limit ($3/$6 USD) - 2016/08/05 23:15:07 ET
Table 'Constantia' 6-max Seat #3 is the button
Seat 3: pratmish ($168.14 in chips)
Seat 4: AzureCaper ($108.40 in chips)
pratmish: posts small blind $1
AzureCaper: posts big blind $3
*** HOLE CARDS ***
pratmish: raises $3 to $6
AzureCaper: calls $3
*** FLOP *** [As 4c Ac]
AzureCaper: checks
pratmish: bets $3
AzureCaper: raises $3 to $6
pratmish: calls $3
*** TURN *** [As 4c Ac] [2d]
AzureCaper: bets $6
pratmish: calls $6
*** RIVER *** [As 4c Ac 2d] [4s]
AzureCaper: bets $6
pratmish: calls $6
*** SHOW DOWN ***
AzureCaper: shows [Ad 3h] (a full house, Aces full of Fours)
pratmish: mucks hand
AzureCaper collected $47.50 from pot
*** SUMMARY ***
Total pot $48 | Rake $0.50
Board [As 4c Ac 2d 4s]
Seat 3: pratmish (button) (small blind) mucked
Seat 4: AzureCaper (big blind) showed [Ad 3h] and won ($47.50) with a full house, Aces full of Fours


PokerStars Hand #156921135245:  Hold'em Limit ($3/$6 USD) - 2016/08/05 23:15:31 ET
Table 'Constantia' 6-max Seat #4 is the button
Seat 3: pratmish ($144.14 in chips)
Seat 4: AzureCaper ($131.90 in chips)
AzureCaper: posts small blind $1
pratmish: posts big blind $3
*** HOLE CARDS ***
AzureCaper: raises $3 to $6
pratmish: folds
Uncalled bet ($3) returned to AzureCaper
AzureCaper collected $6 from pot
AzureCaper: doesn't show hand
*** SUMMARY ***
Total pot $6 | Rake $0
Seat 3: pratmish (big blind) folded before Flop
Seat 4: AzureCaper (button) (small blind) collected ($6)


