PokerStars Hand #151302111964:  Hold'em Limit ($3/$6 USD) - 2016/04/02 2:12:54 ET
Table 'Constantia II' 6-max Seat #4 is the button
Seat 4: VolkovDmitri ($121 in chips)
Seat 6: ajbooomX ($119 in chips)
VolkovDmitri: posts small blind $1
ajbooomX: posts big blind $3
*** HOLE CARDS ***
Agrotait joins the table at seat #1
VolkovDmitri: raises $3 to $6
ajbooomX: folds
Uncalled bet ($3) returned to VolkovDmitri
VolkovDmitri collected $6 from pot
VolkovDmitri: doesn't show hand
*** SUMMARY ***
Total pot $6 | Rake $0
Seat 4: VolkovDmitri (button) (small blind) collected ($6)
Seat 6: ajbooomX (big blind) folded before Flop


PokerStars Hand #151302107350:  Hold'em Limit ($3/$6 USD) - 2016/04/02 2:12:38 ET
Table 'Constantia II' 6-max Seat #6 is the button
Seat 4: VolkovDmitri ($120 in chips)
Seat 6: ajbooomX ($120 in chips)
ajbooomX: posts small blind $1
VolkovDmitri: posts big blind $3
*** HOLE CARDS ***
ajbooomX: folds
Uncalled bet ($2) returned to VolkovDmitri
VolkovDmitri collected $2 from pot
VolkovDmitri: doesn't show hand
*** SUMMARY ***
Total pot $2 | Rake $0
Seat 4: VolkovDmitri (big blind) collected ($2)
Seat 6: ajbooomX (button) (small blind) folded before Flop


