PokerStars Hand #149584896436:  Hold'em Limit ($3/$6 USD) - 2016/02/28 17:39:53 ET
Table 'Constantia' 6-max Seat #4 is the button
Seat 3: wuck249 ($139.26 in chips)
Seat 4: AzureCaper ($72 in chips)
AzureCaper: posts small blind $1
wuck249: posts big blind $3
*** HOLE CARDS ***
AzureCaper: folds
Uncalled bet ($2) returned to wuck249
wuck249 collected $2 from pot
wuck249: doesn't show hand
*** SUMMARY ***
Total pot $2 | Rake $0
Seat 3: wuck249 (big blind) collected ($2)
Seat 4: AzureCaper (button) (small blind) folded before Flop


PokerStars Hand #149584885628:  Hold'em Limit ($3/$6 USD) - 2016/02/28 17:39:42 ET
Table 'Constantia' 6-max Seat #3 is the button
Seat 3: wuck249 ($133.50 in chips)
Seat 4: AzureCaper ($72 in chips)
wuck249: posts small blind $1
AzureCaper: posts big blind $3
*** HOLE CARDS ***
wuck249: raises $3 to $6
AzureCaper: calls $3
*** FLOP *** [3h 2c As]
AzureCaper: checks
wuck249: bets $3
AzureCaper: folds
Uncalled bet ($3) returned to wuck249
wuck249 collected $11.76 from pot
wuck249: doesn't show hand
*** SUMMARY ***
Total pot $12 | Rake $0.24
Board [3h 2c As]
Seat 3: wuck249 (button) (small blind) collected ($11.76)
Seat 4: AzureCaper (big blind) folded on the Flop


PokerStars Hand #149584857652:  Hold'em Limit ($3/$6 USD) - 2016/02/28 17:39:13 ET
Table 'Constantia' 6-max Seat #4 is the button
Seat 3: wuck249 ($116 in chips)
Seat 4: AzureCaper ($78.76 in chips)
AzureCaper: posts small blind $1
wuck249: posts big blind $3
*** HOLE CARDS ***
AzureCaper: raises $3 to $6
wuck249: calls $3
*** FLOP *** [4s Jd 7s]
wuck249: checks
AzureCaper: bets $3
wuck249: raises $3 to $6
AzureCaper: calls $3
*** TURN *** [4s Jd 7s] [Ks]
wuck249: bets $6
AzureCaper: calls $6
*** RIVER *** [4s Jd 7s Ks] [Jh]
wuck249: bets $6
AzureCaper: folds
Uncalled bet ($6) returned to wuck249
wuck249 collected $35.50 from pot
wuck249: doesn't show hand
*** SUMMARY ***
Total pot $36 | Rake $0.50
Board [4s Jd 7s Ks Jh]
Seat 3: wuck249 (big blind) collected ($35.50)
Seat 4: AzureCaper (button) (small blind) folded on the River


PokerStars Hand #149584901234:  Hold'em Limit ($3/$6 USD) - 2016/02/28 17:39:58 ET
Table 'Constantia' 6-max Seat #3 is the button
Seat 3: wuck249 ($140.26 in chips)
Seat 4: AzureCaper ($72 in chips)
wuck249: posts small blind $1
AzureCaper: posts big blind $3
*** HOLE CARDS ***
wuck249: raises $3 to $6
AzureCaper: raises $3 to $9
PrayFTR joins the table at seat #5
wuck249: raises $3 to $12
Betting is capped
AzureCaper: calls $3
*** FLOP *** [8h 2d 3c]
AzureCaper: checks
wuck249: bets $3
AzureCaper: calls $3
*** TURN *** [8h 2d 3c] [7h]
AzureCaper: checks
wuck249: bets $6
AzureCaper: calls $6
*** RIVER *** [8h 2d 3c 7h] [Ts]
AzureCaper: checks
wuck249: bets $6
AzureCaper: calls $6
*** SHOW DOWN ***
wuck249: shows [Js 8s] (a pair of Eights)
AzureCaper: shows [Jd Jc] (a pair of Jacks)
AzureCaper collected $53.50 from pot
*** SUMMARY ***
Total pot $54 | Rake $0.50
Board [8h 2d 3c 7h Ts]
Seat 3: wuck249 (button) (small blind) showed [Js 8s] and lost with a pair of Eights
Seat 4: AzureCaper (big blind) showed [Jd Jc] and won ($53.50) with a pair of Jacks


PokerStars Hand #149585833088:  Hold'em Limit ($3/$6 USD) - 2016/02/28 17:57:12 ET
Table 'Constantia' 6-max Seat #1 is the button
Seat 1: LWNS ($77 in chips)
Seat 6: Chessnok ($155.19 in chips)
LWNS: posts small blind $1
AzureCaper: is sitting out
BuzovaPro: is sitting out
Chessnok: posts big blind $3
*** HOLE CARDS ***
AzureCaper leaves the table
LWNS: folds
Uncalled bet ($2) returned to Chessnok
BuzovaPro leaves the table
Chessnok collected $2 from pot
Chessnok: doesn't show hand
*** SUMMARY ***
Total pot $2 | Rake $0
Seat 1: LWNS (button) (small blind) folded before Flop
Seat 6: Chessnok (big blind) collected ($2)


