PokerStars Hand #152859943030:  Hold'em Limit ($3/$6 USD) - 2016/05/04 17:34:58 ET
Table 'Constantia' 6-max Seat #3 is the button
Seat 3: alingi77 ($59.76 in chips)
Seat 5: Pandakey ($119.76 in chips)
alingi77: posts small blind $1
Pandakey: posts big blind $3
*** HOLE CARDS ***
alingi77: folds
Uncalled bet ($2) returned to Pandakey
Pandakey collected $2 from pot
Pandakey: doesn't show hand
*** SUMMARY ***
Total pot $2 | Rake $0
Seat 3: alingi77 (button) (small blind) folded before Flop
Seat 5: Pandakey (big blind) collected ($2)


PokerStars Hand #152859947703:  Hold'em Limit ($3/$6 USD) - 2016/05/04 17:35:04 ET
Table 'Constantia' 6-max Seat #5 is the button
Seat 3: alingi77 ($58.76 in chips)
Seat 5: Pandakey ($120.76 in chips)
Pandakey: posts small blind $1
alingi77: posts big blind $3
*** HOLE CARDS ***
Pandakey: raises $3 to $6
alingi77: calls $3
*** FLOP *** [8s Qd 3c]
alingi77: bets $3
Pandakey: calls $3
*** TURN *** [8s Qd 3c] [Ad]
alingi77: bets $6
Pandakey: calls $6
*** RIVER *** [8s Qd 3c Ad] [4d]
alingi77: bets $6
Pandakey: calls $6
*** SHOW DOWN ***
alingi77: shows [2c Qc] (a pair of Queens)
Pandakey: mucks hand
alingi77 collected $41.50 from pot
*** SUMMARY ***
Total pot $42 | Rake $0.50
Board [8s Qd 3c Ad 4d]
Seat 3: alingi77 (big blind) showed [2c Qc] and won ($41.50) with a pair of Queens
Seat 5: Pandakey (button) (small blind) mucked


PokerStars Hand #152859961943:  Hold'em Limit ($3/$6 USD) - 2016/05/04 17:35:20 ET
Table 'Constantia' 6-max Seat #3 is the button
Seat 3: alingi77 ($79.26 in chips)
Seat 5: Pandakey ($99.76 in chips)
alingi77: posts small blind $1
Pandakey: posts big blind $3
*** HOLE CARDS ***
alingi77: raises $3 to $6
Pandakey: raises $3 to $9
alingi77: calls $3
*** FLOP *** [5h 7d Qh]
Pandakey: bets $3
alingi77: raises $3 to $6
Pandakey: raises $3 to $9
alingi77: calls $3
*** TURN *** [5h 7d Qh] [Jh]
Pandakey: bets $6
alingi77: calls $6
*** RIVER *** [5h 7d Qh Jh] [8s]
Pandakey: bets $6
alingi77: calls $6
*** SHOW DOWN ***
Pandakey: shows [Ah Th] (a flush, Ace high)
alingi77: mucks hand
Pandakey collected $59.50 from pot
*** SUMMARY ***
Total pot $60 | Rake $0.50
Board [5h 7d Qh Jh 8s]
Seat 3: alingi77 (button) (small blind) mucked
Seat 5: Pandakey (big blind) showed [Ah Th] and won ($59.50) with a flush, Ace high


PokerStars Hand #152859978094:  Hold'em Limit ($3/$6 USD) - 2016/05/04 17:35:40 ET
Table 'Constantia' 6-max Seat #5 is the button
Seat 3: alingi77 ($49.26 in chips)
Seat 5: Pandakey ($129.26 in chips)
Pandakey: posts small blind $1
alingi77: posts big blind $3
*** HOLE CARDS ***
Pandakey: raises $3 to $6
alingi77: calls $3
*** FLOP *** [Ah Th 2c]
alingi77: checks
Pandakey: bets $3
alingi77: calls $3
*** TURN *** [Ah Th 2c] [7d]
alingi77: bets $6
Pandakey: raises $6 to $12
alingi77: calls $6
*** RIVER *** [Ah Th 2c 7d] [2h]
alingi77: checks
Pandakey: bets $6
alingi77: calls $6
*** SHOW DOWN ***
Pandakey: shows [5h Qh] (a flush, Ace high)
alingi77: mucks hand
Pandakey collected $53.50 from pot
*** SUMMARY ***
Total pot $54 | Rake $0.50
Board [Ah Th 2c 7d 2h]
Seat 3: alingi77 (big blind) mucked
Seat 5: Pandakey (button) (small blind) showed [5h Qh] and won ($53.50) with a flush, Ace high


PokerStars Hand #152859997513:  Hold'em Limit ($3/$6 USD) - 2016/05/04 17:36:03 ET
Table 'Constantia' 6-max Seat #3 is the button
Seat 3: alingi77 ($22.26 in chips)
Seat 5: Pandakey ($155.76 in chips)
alingi77: posts small blind $1
Pandakey: posts big blind $3
*** HOLE CARDS ***
alingi77: raises $3 to $6
Pandakey: calls $3
*** FLOP *** [6h 7h 9h]
Pandakey: checks
alingi77: bets $3
Pandakey: folds
Uncalled bet ($3) returned to alingi77
alingi77 collected $11.76 from pot
alingi77: doesn't show hand
*** SUMMARY ***
Total pot $12 | Rake $0.24
Board [6h 7h 9h]
Seat 3: alingi77 (button) (small blind) collected ($11.76)
Seat 5: Pandakey (big blind) folded on the Flop


PokerStars Hand #152860053681:  Hold'em Limit ($3/$6 USD) - 2016/05/04 17:37:09 ET
Table 'Constantia' 6-max Seat #4 is the button
Seat 3: alingi77 ($67.13 in chips)
Seat 4: ValeryRon ($93 in chips)
ValeryRon: posts small blind $1
alingi77: posts big blind $3
*** HOLE CARDS ***
ValeryRon: folds
Uncalled bet ($2) returned to alingi77
alingi77 collected $2 from pot
alingi77: doesn't show hand
*** SUMMARY ***
Total pot $2 | Rake $0
Seat 3: alingi77 (big blind) collected ($2)
Seat 4: ValeryRon (button) (small blind) folded before Flop


PokerStars Hand #152860006504:  Hold'em Limit ($3/$6 USD) - 2016/05/04 17:36:13 ET
Table 'Constantia' 6-max Seat #5 is the button
Seat 3: alingi77 ($28.02 in chips)
Seat 5: Pandakey ($149.76 in chips)
ValeryRon joins the table at seat #4
Pandakey: posts small blind $1
alingi77: posts big blind $3
*** HOLE CARDS ***
Pandakey: folds
Uncalled bet ($2) returned to alingi77
alingi77 collected $2 from pot
alingi77: doesn't show hand
*** SUMMARY ***
Total pot $2 | Rake $0
Seat 3: alingi77 (big blind) collected ($2)
Seat 5: Pandakey (button) (small blind) folded before Flop


PokerStars Hand #152860061536:  Hold'em Limit ($3/$6 USD) - 2016/05/04 17:37:18 ET
Table 'Constantia' 6-max Seat #3 is the button
Seat 3: alingi77 ($68.13 in chips)
Seat 4: ValeryRon ($92 in chips)
alingi77: posts small blind $1
ValeryRon: posts big blind $3
*** HOLE CARDS ***
alingi77: raises $3 to $6
ValeryRon: raises $3 to $9
alingi77: calls $3
*** FLOP *** [Qs 4s 8h]
ValeryRon: bets $3
alingi77: raises $3 to $6
ValeryRon: calls $3
*** TURN *** [Qs 4s 8h] [3s]
ValeryRon: checks
alingi77: bets $6
ValeryRon: raises $6 to $12
alingi77: calls $6
*** RIVER *** [Qs 4s 8h 3s] [Kh]
ValeryRon: bets $6
alingi77: calls $6
*** SHOW DOWN ***
ValeryRon: shows [Kd Qc] (two pair, Kings and Queens)
alingi77: mucks hand
ValeryRon collected $65.50 from pot
*** SUMMARY ***
Total pot $66 | Rake $0.50
Board [Qs 4s 8h 3s Kh]
Seat 3: alingi77 (button) (small blind) mucked
Seat 4: ValeryRon (big blind) showed [Kd Qc] and won ($65.50) with two pair, Kings and Queens


PokerStars Hand #152860085086:  Hold'em Limit ($3/$6 USD) - 2016/05/04 17:37:47 ET
Table 'Constantia' 6-max Seat #4 is the button
Seat 3: alingi77 ($35.13 in chips)
Seat 4: ValeryRon ($124.50 in chips)
ValeryRon: posts small blind $1
alingi77: posts big blind $3
*** HOLE CARDS ***
ValeryRon: raises $3 to $6
alingi77: calls $3
*** FLOP *** [9c Tc Ac]
alingi77: bets $3
ValeryRon: folds
Uncalled bet ($3) returned to alingi77
alingi77 collected $11.76 from pot
alingi77: doesn't show hand
*** SUMMARY ***
Total pot $12 | Rake $0.24
Board [9c Tc Ac]
Seat 3: alingi77 (big blind) collected ($11.76)
Seat 4: ValeryRon (button) (small blind) folded on the Flop


PokerStars Hand #152860137018:  Hold'em Limit ($3/$6 USD) - 2016/05/04 17:38:49 ET
Table 'Constantia' 6-max Seat #3 is the button
Seat 3: alingi77 ($27.28 in chips)
Seat 4: ValeryRon ($131.11 in chips)
alingi77: posts small blind $1
ValeryRon: posts big blind $3
*** HOLE CARDS ***
alingi77: raises $3 to $6
ValeryRon: raises $3 to $9
alingi77: calls $3
*** FLOP *** [7c 4c 4s]
ValeryRon: bets $3
alingi77: raises $3 to $6
ValeryRon: calls $3
*** TURN *** [7c 4c 4s] [3s]
ValeryRon: checks
alingi77: bets $6
ValeryRon: calls $6
*** RIVER *** [7c 4c 4s 3s] [7s]
ValeryRon: checks
alingi77: bets $6
ValeryRon: calls $6
*** SHOW DOWN ***
alingi77: shows [2d 7d] (a full house, Sevens full of Fours)
ValeryRon: mucks hand
alingi77 collected $53.50 from pot
*** SUMMARY ***
Total pot $54 | Rake $0.50
Board [7c 4c 4s 3s 7s]
Seat 3: alingi77 (button) (small blind) showed [2d 7d] and won ($53.50) with a full house, Sevens full of Fours
Seat 4: ValeryRon (big blind) mucked


PokerStars Hand #152860095840:  Hold'em Limit ($3/$6 USD) - 2016/05/04 17:38:00 ET
Table 'Constantia' 6-max Seat #3 is the button
Seat 3: alingi77 ($40.89 in chips)
Seat 4: ValeryRon ($118.50 in chips)
alingi77: posts small blind $1
ValeryRon: posts big blind $3
*** HOLE CARDS ***
alingi77: raises $3 to $6
ValeryRon: calls $3
*** FLOP *** [5c 3s 4c]
ValeryRon: checks
alingi77: bets $3
ValeryRon: calls $3
*** TURN *** [5c 3s 4c] [Kc]
ValeryRon: checks
alingi77: bets $6
ValeryRon: raises $6 to $12
alingi77: calls $6
*** RIVER *** [5c 3s 4c Kc] [Ah]
ValeryRon: bets $6
alingi77: calls $6
*** SHOW DOWN ***
ValeryRon: shows [Tc 8c] (a flush, King high)
alingi77: mucks hand
ValeryRon collected $53.50 from pot
*** SUMMARY ***
Total pot $54 | Rake $0.50
Board [5c 3s 4c Kc Ah]
Seat 3: alingi77 (button) (small blind) mucked
Seat 4: ValeryRon (big blind) showed [Tc 8c] and won ($53.50) with a flush, King high


PokerStars Hand #152860121057:  Hold'em Limit ($3/$6 USD) - 2016/05/04 17:38:30 ET
Table 'Constantia' 6-max Seat #4 is the button
Seat 3: alingi77 ($13.89 in chips)
Seat 4: ValeryRon ($145 in chips)
ValeryRon: posts small blind $1
alingi77: posts big blind $3
*** HOLE CARDS ***
ValeryRon: raises $3 to $6
alingi77: raises $3 to $9
ValeryRon: calls $3
*** FLOP *** [Ac 3s 9d]
alingi77: bets $3
ValeryRon: calls $3
*** TURN *** [Ac 3s 9d] [Ah]
alingi77: bets $1.89 and is all-in
ValeryRon: calls $1.89
*** RIVER *** [Ac 3s 9d Ah] [8s]
*** SHOW DOWN ***
alingi77: shows [Qh Kc] (a pair of Aces)
ValeryRon: shows [4c Qd] (a pair of Aces - lower kicker)
alingi77 collected $27.28 from pot
*** SUMMARY ***
Total pot $27.78 | Rake $0.50
Board [Ac 3s 9d Ah 8s]
Seat 3: alingi77 (big blind) showed [Qh Kc] and won ($27.28) with a pair of Aces
Seat 4: ValeryRon (button) (small blind) showed [4c Qd] and lost with a pair of Aces


PokerStars Hand #152860195651:  Hold'em Limit ($3/$6 USD) - 2016/05/04 17:39:50 ET
Table 'Constantia' 6-max Seat #3 is the button
Seat 3: alingi77 ($14.78 in chips)
Seat 4: ValeryRon ($142.61 in chips)
alingi77: posts small blind $1
ValeryRon: posts big blind $3
*** HOLE CARDS ***
alingi77: raises $3 to $6
ValeryRon: raises $3 to $9
alingi77: calls $3
*** FLOP *** [Tc 6s Ad]
ValeryRon: bets $3
alingi77: raises $2.78 to $5.78 and is all-in
ValeryRon: calls $2.78
*** TURN *** [Tc 6s Ad] [Ts]
*** RIVER *** [Tc 6s Ad Ts] [Qc]
*** SHOW DOWN ***
ValeryRon: shows [5h 5s] (two pair, Tens and Fives)
alingi77: shows [Jd 7s] (a pair of Tens)
ValeryRon collected $29.06 from pot
*** SUMMARY ***
Total pot $29.56 | Rake $0.50
Board [Tc 6s Ad Ts Qc]
Seat 3: alingi77 (button) (small blind) showed [Jd 7s] and lost with a pair of Tens
Seat 4: ValeryRon (big blind) showed [5h 5s] and won ($29.06) with two pair, Tens and Fives


PokerStars Hand #152860161064:  Hold'em Limit ($3/$6 USD) - 2016/05/04 17:39:18 ET
Table 'Constantia' 6-max Seat #4 is the button
Seat 3: alingi77 ($53.78 in chips)
Seat 4: ValeryRon ($104.11 in chips)
ValeryRon: posts small blind $1
alingi77: posts big blind $3
*** HOLE CARDS ***
ValeryRon: raises $3 to $6
alingi77: raises $3 to $9
ValeryRon: raises $3 to $12
Betting is capped
alingi77: calls $3
*** FLOP *** [7s As Ac]
alingi77: bets $3
ValeryRon: calls $3
*** TURN *** [7s As Ac] [3d]
alingi77: bets $6
ValeryRon: raises $6 to $12
alingi77: calls $6
*** RIVER *** [7s As Ac 3d] [5d]
alingi77: bets $6
ValeryRon: raises $6 to $12
alingi77: calls $6
*** SHOW DOWN ***
ValeryRon: shows [Qd Ah] (three of a kind, Aces)
alingi77: mucks hand
ValeryRon collected $77.50 from pot
*** SUMMARY ***
Total pot $78 | Rake $0.50
Board [7s As Ac 3d 5d]
Seat 3: alingi77 (big blind) mucked
Seat 4: ValeryRon (button) (small blind) showed [Qd Ah] and won ($77.50) with three of a kind, Aces


