PokerStars Hand #171065112663:  Hold'em Limit ($3/$6 USD) - 2017/05/29 8:09:07 ET
Table 'Constantia' 6-max Seat #1 is the button
Seat 1: scorpio04 ($171.50 in chips)
Seat 5: Chrisgalo33 ($10.87 in chips)
scorpio04: posts small blind $1
Chrisgalo33: posts big blind $3
*** HOLE CARDS ***
scorpio04: folds
Uncalled bet ($2) returned to Chrisgalo33
Chrisgalo33 collected $2 from pot
Chrisgalo33: doesn't show hand
*** SUMMARY ***
Total pot $2 | Rake $0
Seat 1: scorpio04 (button) (small blind) folded before Flop
Seat 5: Chrisgalo33 (big blind) collected ($2)


PokerStars Hand #171065110031:  Hold'em Limit ($3/$6 USD) - 2017/05/29 8:09:02 ET
Table 'Constantia' 6-max Seat #5 is the button
Seat 1: scorpio04 ($170.50 in chips)
Seat 5: Chrisgalo33 ($11.87 in chips)
Chrisgalo33: posts small blind $1
scorpio04: posts big blind $3
*** HOLE CARDS ***
Chrisgalo33: folds
Uncalled bet ($2) returned to scorpio04
scorpio04 collected $2 from pot
scorpio04: doesn't show hand
*** SUMMARY ***
Total pot $2 | Rake $0
Seat 1: scorpio04 (big blind) collected ($2)
Seat 5: Chrisgalo33 (button) (small blind) folded before Flop


PokerStars Hand #171065096880:  Hold'em Limit ($3/$6 USD) - 2017/05/29 8:08:34 ET
Table 'Constantia' 6-max Seat #1 is the button
Seat 1: scorpio04 ($150 in chips)
Seat 5: Chrisgalo33 ($32.87 in chips)
scorpio04: posts small blind $1
Chrisgalo33: posts big blind $3
*** HOLE CARDS ***
scorpio04: raises $3 to $6
Chrisgalo33: calls $3
*** FLOP *** [Jh Ad Ac]
Chrisgalo33: checks
scorpio04: bets $3
Chrisgalo33: calls $3
*** TURN *** [Jh Ad Ac] [4c]
Chrisgalo33: checks
scorpio04: bets $6
Chrisgalo33: calls $6
*** RIVER *** [Jh Ad Ac 4c] [5s]
Chrisgalo33: checks
scorpio04: bets $6
Chrisgalo33: calls $6
*** SHOW DOWN ***
scorpio04: shows [Td As] (three of a kind, Aces)
Chrisgalo33: mucks hand
scorpio04 collected $41.50 from pot
*** SUMMARY ***
Total pot $42 | Rake $0.50
Board [Jh Ad Ac 4c 5s]
Seat 1: scorpio04 (button) (small blind) showed [Td As] and won ($41.50) with three of a kind, Aces
Seat 5: Chrisgalo33 (big blind) mucked


PokerStars Hand #171065129413:  Hold'em Limit ($3/$6 USD) - 2017/05/29 8:09:43 ET
Table 'Constantia' 6-max Seat #1 is the button
Seat 1: scorpio04 ($158.63 in chips)
Seat 5: Chrisgalo33 ($23.27 in chips)
scorpio04: posts small blind $1
Chrisgalo33: posts big blind $3
*** HOLE CARDS ***
scorpio04: raises $3 to $6
Chrisgalo33: calls $3
*** FLOP *** [5h 5d 6c]
Chrisgalo33: checks
scorpio04: bets $3
Chrisgalo33: calls $3
*** TURN *** [5h 5d 6c] [7h]
Chrisgalo33: checks
scorpio04: bets $6
Chrisgalo33: raises $6 to $12
scorpio04: raises $6 to $18
Chrisgalo33: calls $2.27 and is all-in
Uncalled bet ($3.73) returned to scorpio04
*** RIVER *** [5h 5d 6c 7h] [Qs]
*** SHOW DOWN ***
Chrisgalo33: shows [8c 5c] (three of a kind, Fives)
scorpio04: shows [Kh Kc] (two pair, Kings and Fives)
Chrisgalo33 collected $46.04 from pot
*** SUMMARY ***
Total pot $46.54 | Rake $0.50
Board [5h 5d 6c 7h Qs]
Seat 1: scorpio04 (button) (small blind) showed [Kh Kc] and lost with two pair, Kings and Fives
Seat 5: Chrisgalo33 (big blind) showed [8c 5c] and won ($46.04) with three of a kind, Fives


PokerStars Hand #171065116270:  Hold'em Limit ($3/$6 USD) - 2017/05/29 8:09:15 ET
Table 'Constantia' 6-max Seat #5 is the button
Seat 1: scorpio04 ($170.50 in chips)
Seat 5: Chrisgalo33 ($11.87 in chips)
Chrisgalo33: posts small blind $1
scorpio04: posts big blind $3
*** HOLE CARDS ***
Chrisgalo33: raises $3 to $6
scorpio04: raises $3 to $9
Chrisgalo33: raises $2.87 to $11.87 and is all-in
Betting is capped
scorpio04: calls $2.87
*** FLOP *** [7d 5c 9h]
*** TURN *** [7d 5c 9h] [4d]
*** RIVER *** [7d 5c 9h 4d] [2c]
*** SHOW DOWN ***
scorpio04: shows [6d 5d] (a pair of Fives)
Chrisgalo33: shows [Qd 9d] (a pair of Nines)
Chrisgalo33 collected $23.27 from pot
*** SUMMARY ***
Total pot $23.74 | Rake $0.47
Board [7d 5c 9h 4d 2c]
Seat 1: scorpio04 (big blind) showed [6d 5d] and lost with a pair of Fives
Seat 5: Chrisgalo33 (button) (small blind) showed [Qd 9d] and won ($23.27) with a pair of Nines


PokerStars Hand #171065146331:  Hold'em Limit ($3/$6 USD) - 2017/05/29 8:10:18 ET
Table 'Constantia' 6-max Seat #5 is the button
Seat 1: scorpio04 ($150 in chips)
Seat 5: Chrisgalo33 ($46.04 in chips)
Chrisgalo33: posts small blind $1
scorpio04: posts big blind $3
*** HOLE CARDS ***
Chrisgalo33: calls $2
scorpio04: checks
*** FLOP *** [4d 7s 6c]
scorpio04: checks
Chrisgalo33: bets $3
scorpio04: raises $3 to $6
Chrisgalo33: calls $3
*** TURN *** [4d 7s 6c] [9c]
scorpio04: bets $6
Chrisgalo33: raises $6 to $12
scorpio04: calls $6
*** RIVER *** [4d 7s 6c 9c] [4s]
scorpio04: checks
Chrisgalo33: bets $6
scorpio04: calls $6
*** SHOW DOWN ***
Chrisgalo33: shows [Tc 8d] (a straight, Six to Ten)
scorpio04: mucks hand
Chrisgalo33 collected $53.50 from pot
*** SUMMARY ***
Total pot $54 | Rake $0.50
Board [4d 7s 6c 9c 4s]
Seat 1: scorpio04 (big blind) mucked
Seat 5: Chrisgalo33 (button) (small blind) showed [Tc 8d] and won ($53.50) with a straight, Six to Ten


PokerStars Hand #171065922849:  Hold'em Limit ($3/$6 USD) - 2017/05/29 8:36:58 ET
Table 'Constantia' 6-max Seat #1 is the button
Seat 1: scorpio04 ($159.64 in chips)
Seat 5: Chrisgalo33 ($20 in chips)
scorpio04: posts small blind $1
Chrisgalo33: posts big blind $3
*** HOLE CARDS ***
scorpio04: raises $3 to $6
Chrisgalo33: calls $3
*** FLOP *** [2s 7d Qc]
Chrisgalo33: checks
scorpio04: bets $3
Chrisgalo33: folds
Uncalled bet ($3) returned to scorpio04
scorpio04 collected $11.76 from pot
scorpio04: doesn't show hand
*** SUMMARY ***
Total pot $12 | Rake $0.24
Board [2s 7d Qc]
Seat 1: scorpio04 (button) (small blind) collected ($11.76)
Seat 5: Chrisgalo33 (big blind) folded on the Flop


PokerStars Hand #171065920227:  Hold'em Limit ($3/$6 USD) - 2017/05/29 8:36:52 ET
Table 'Constantia' 6-max Seat #5 is the button
Seat 1: scorpio04 ($158.64 in chips)
Seat 5: Chrisgalo33 ($21 in chips)
Chrisgalo33: posts small blind $1
scorpio04: posts big blind $3
*** HOLE CARDS ***
Chrisgalo33: folds
Uncalled bet ($2) returned to scorpio04
scorpio04 collected $2 from pot
scorpio04: doesn't show hand
*** SUMMARY ***
Total pot $2 | Rake $0
Seat 1: scorpio04 (big blind) collected ($2)
Seat 5: Chrisgalo33 (button) (small blind) folded before Flop


PokerStars Hand #171065909958:  Hold'em Limit ($3/$6 USD) - 2017/05/29 8:36:31 ET
Table 'Constantia' 6-max Seat #1 is the button
Seat 1: scorpio04 ($150 in chips)
Seat 5: Chrisgalo33 ($30 in chips)
scorpio04: posts small blind $1
Chrisgalo33: posts big blind $3
*** HOLE CARDS ***
scorpio04: raises $3 to $6
Chrisgalo33: calls $3
*** FLOP *** [5s Jh 4d]
Chrisgalo33: checks
scorpio04: bets $3
Chrisgalo33: calls $3
*** TURN *** [5s Jh 4d] [Qc]
Chrisgalo33: checks
scorpio04: bets $6
Chrisgalo33: folds
Uncalled bet ($6) returned to scorpio04
scorpio04 collected $17.64 from pot
scorpio04: doesn't show hand
*** SUMMARY ***
Total pot $18 | Rake $0.36
Board [5s Jh 4d Qc]
Seat 1: scorpio04 (button) (small blind) collected ($17.64)
Seat 5: Chrisgalo33 (big blind) folded on the Turn


PokerStars Hand #171065947029:  Hold'em Limit ($3/$6 USD) - 2017/05/29 8:37:48 ET
Table 'Constantia' 6-max Seat #5 is the button
Seat 1: scorpio04 ($177.90 in chips)
Seat 5: Chrisgalo33 ($35.91 in chips)
Chrisgalo33: posts small blind $1
scorpio04: posts big blind $3
*** HOLE CARDS ***
Chrisgalo33: calls $2
scorpio04: raises $3 to $6
Chrisgalo33: calls $3
*** FLOP *** [Th Kc 6d]
scorpio04: bets $3
Chrisgalo33: calls $3
*** TURN *** [Th Kc 6d] [5c]
scorpio04: checks
Chrisgalo33: bets $6
scorpio04: calls $6
*** RIVER *** [Th Kc 6d 5c] [7s]
scorpio04: checks
Chrisgalo33: checks
*** SHOW DOWN ***
scorpio04: shows [Ad Qh] (high card Ace)
Chrisgalo33: shows [7h 9c] (a pair of Sevens)
Chrisgalo33 collected $29.50 from pot
*** SUMMARY ***
Total pot $30 | Rake $0.50
Board [Th Kc 6d 5c 7s]
Seat 1: scorpio04 (big blind) showed [Ad Qh] and lost with high card Ace
Seat 5: Chrisgalo33 (button) (small blind) showed [7h 9c] and won ($29.50) with a pair of Sevens


PokerStars Hand #171065960786:  Hold'em Limit ($3/$6 USD) - 2017/05/29 8:38:16 ET
Table 'Constantia' 6-max Seat #1 is the button
Seat 1: scorpio04 ($162.90 in chips)
Seat 5: Chrisgalo33 ($50.41 in chips)
scorpio04: posts small blind $1
Chrisgalo33: posts big blind $3
*** HOLE CARDS ***
scorpio04: raises $3 to $6
Chrisgalo33: calls $3
*** FLOP *** [9s Qc 5d]
Chrisgalo33: checks
scorpio04: bets $3
Chrisgalo33: calls $3
*** TURN *** [9s Qc 5d] [2d]
Chrisgalo33: checks
scorpio04: bets $6
Chrisgalo33: folds
Uncalled bet ($6) returned to scorpio04
scorpio04 collected $17.64 from pot
scorpio04: doesn't show hand
*** SUMMARY ***
Total pot $18 | Rake $0.36
Board [9s Qc 5d 2d]
Seat 1: scorpio04 (button) (small blind) collected ($17.64)
Seat 5: Chrisgalo33 (big blind) folded on the Turn


PokerStars Hand #171065944735:  Hold'em Limit ($3/$6 USD) - 2017/05/29 8:37:43 ET
Table 'Constantia' 6-max Seat #1 is the button
Seat 1: scorpio04 ($178.90 in chips)
Seat 5: Chrisgalo33 ($34.91 in chips)
scorpio04: posts small blind $1
Chrisgalo33: posts big blind $3
*** HOLE CARDS ***
scorpio04: folds
Uncalled bet ($2) returned to Chrisgalo33
Chrisgalo33 collected $2 from pot
Chrisgalo33: doesn't show hand
*** SUMMARY ***
Total pot $2 | Rake $0
Seat 1: scorpio04 (button) (small blind) folded before Flop
Seat 5: Chrisgalo33 (big blind) collected ($2)


PokerStars Hand #171065979647:  Hold'em Limit ($3/$6 USD) - 2017/05/29 8:38:55 ET
Table 'Constantia' 6-max Seat #1 is the button
Seat 1: scorpio04 ($150 in chips)
Seat 5: Chrisgalo33 ($70.91 in chips)
scorpio04: posts small blind $1
Chrisgalo33: posts big blind $3
*** HOLE CARDS ***
scorpio04: folds
Uncalled bet ($2) returned to Chrisgalo33
Chrisgalo33 collected $2 from pot
Chrisgalo33: doesn't show hand
*** SUMMARY ***
Total pot $2 | Rake $0
Seat 1: scorpio04 (button) (small blind) folded before Flop
Seat 5: Chrisgalo33 (big blind) collected ($2)


PokerStars Hand #171065968716:  Hold'em Limit ($3/$6 USD) - 2017/05/29 8:38:32 ET
Table 'Constantia' 6-max Seat #5 is the button
Seat 1: scorpio04 ($171.54 in chips)
Seat 5: Chrisgalo33 ($41.41 in chips)
Chrisgalo33: posts small blind $1
scorpio04: posts big blind $3
*** HOLE CARDS ***
Chrisgalo33: raises $3 to $6
scorpio04: calls $3
*** FLOP *** [Js 3h Kc]
scorpio04: checks
Chrisgalo33: bets $3
scorpio04: raises $3 to $6
Chrisgalo33: calls $3
*** TURN *** [Js 3h Kc] [Ad]
scorpio04: bets $6
Chrisgalo33: raises $6 to $12
scorpio04: calls $6
*** RIVER *** [Js 3h Kc Ad] [As]
scorpio04: checks
Chrisgalo33: bets $6
scorpio04: calls $6
*** SHOW DOWN ***
Chrisgalo33: shows [Td Qh] (a straight, Ten to Ace)
scorpio04: mucks hand
Chrisgalo33 collected $59.50 from pot
*** SUMMARY ***
Total pot $60 | Rake $0.50
Board [Js 3h Kc Ad As]
Seat 1: scorpio04 (big blind) mucked
Seat 5: Chrisgalo33 (button) (small blind) showed [Td Qh] and won ($59.50) with a straight, Ten to Ace


PokerStars Hand #171065992835:  Hold'em Limit ($3/$6 USD) - 2017/05/29 8:39:22 ET
Table 'Constantia' 6-max Seat #1 is the button
Seat 1: scorpio04 ($167.50 in chips)
Seat 5: Chrisgalo33 ($53.91 in chips)
scorpio04: posts small blind $1
Chrisgalo33: posts big blind $3
*** HOLE CARDS ***
scorpio04: raises $3 to $6
Chrisgalo33: folds
Uncalled bet ($3) returned to scorpio04
scorpio04 collected $6 from pot
scorpio04: doesn't show hand
*** SUMMARY ***
Total pot $6 | Rake $0
Seat 1: scorpio04 (button) (small blind) collected ($6)
Seat 5: Chrisgalo33 (big blind) folded before Flop


PokerStars Hand #171065983553:  Hold'em Limit ($3/$6 USD) - 2017/05/29 8:39:03 ET
Table 'Constantia' 6-max Seat #5 is the button
Seat 1: scorpio04 ($150 in chips)
Seat 5: Chrisgalo33 ($71.91 in chips)
Chrisgalo33: posts small blind $1
scorpio04: posts big blind $3
*** HOLE CARDS ***
Chrisgalo33: raises $3 to $6
scorpio04: raises $3 to $9
Chrisgalo33: calls $3
*** FLOP *** [Js Qc 5c]
scorpio04: bets $3
Chrisgalo33: calls $3
*** TURN *** [Js Qc 5c] [Ks]
scorpio04: bets $6
Chrisgalo33: calls $6
*** RIVER *** [Js Qc 5c Ks] [Qd]
scorpio04: bets $6
Chrisgalo33: folds
Uncalled bet ($6) returned to scorpio04
scorpio04 collected $35.50 from pot
scorpio04: doesn't show hand
*** SUMMARY ***
Total pot $36 | Rake $0.50
Board [Js Qc 5c Ks Qd]
Seat 1: scorpio04 (big blind) collected ($35.50)
Seat 5: Chrisgalo33 (button) (small blind) folded on the River


PokerStars Hand #171066011236:  Hold'em Limit ($3/$6 USD) - 2017/05/29 8:40:00 ET
Table 'Constantia' 6-max Seat #1 is the button
Seat 1: scorpio04 ($179.14 in chips)
Seat 5: Chrisgalo33 ($41.91 in chips)
scorpio04: posts small blind $1
Chrisgalo33: posts big blind $3
*** HOLE CARDS ***
scorpio04: raises $3 to $6
Chrisgalo33: raises $3 to $9
scorpio04: calls $3
*** FLOP *** [8h 5c 7c]
Chrisgalo33: bets $3
scorpio04: raises $3 to $6
Chrisgalo33: calls $3
*** TURN *** [8h 5c 7c] [3h]
Chrisgalo33: checks
scorpio04: bets $6
Chrisgalo33: calls $6
*** RIVER *** [8h 5c 7c 3h] [2c]
nedo1414 joins the table at seat #2
Chrisgalo33: checks
scorpio04: bets $6
Chrisgalo33: calls $6
*** SHOW DOWN ***
scorpio04: shows [7h 9h] (a pair of Sevens)
Chrisgalo33: mucks hand
scorpio04 collected $53.50 from pot
*** SUMMARY ***
Total pot $54 | Rake $0.50
Board [8h 5c 7c 3h 2c]
Seat 1: scorpio04 (button) (small blind) showed [7h 9h] and won ($53.50) with a pair of Sevens
Seat 5: Chrisgalo33 (big blind) mucked


PokerStars Hand #171066020872:  Hold'em Limit ($3/$6 USD) - 2017/05/29 8:40:20 ET
Table 'Constantia' 6-max Seat #5 is the button
Seat 1: scorpio04 ($205.64 in chips)
Seat 5: Chrisgalo33 ($14.91 in chips)
Chrisgalo33: posts small blind $1
scorpio04: posts big blind $3
*** HOLE CARDS ***
Chrisgalo33: folds
Uncalled bet ($2) returned to scorpio04
scorpio04 collected $2 from pot
scorpio04: doesn't show hand
*** SUMMARY ***
Total pot $2 | Rake $0
Seat 1: scorpio04 (big blind) collected ($2)
Seat 5: Chrisgalo33 (button) (small blind) folded before Flop


PokerStars Hand #171065995663:  Hold'em Limit ($3/$6 USD) - 2017/05/29 8:39:28 ET
Table 'Constantia' 6-max Seat #5 is the button
Seat 1: scorpio04 ($170.50 in chips)
Seat 5: Chrisgalo33 ($50.91 in chips)
Chrisgalo33: posts small blind $1
scorpio04: posts big blind $3
*** HOLE CARDS ***
Chrisgalo33: raises $3 to $6
scorpio04: calls $3
*** FLOP *** [5s 2s Ac]
scorpio04: checks
Chrisgalo33: bets $3
scorpio04: calls $3
*** TURN *** [5s 2s Ac] [3h]
scorpio04: checks
Chrisgalo33: checks
*** RIVER *** [5s 2s Ac 3h] [6s]
scorpio04: bets $6
Chrisgalo33: folds
Uncalled bet ($6) returned to scorpio04
scorpio04 collected $17.64 from pot
scorpio04: doesn't show hand
*** SUMMARY ***
Total pot $18 | Rake $0.36
Board [5s 2s Ac 3h 6s]
Seat 1: scorpio04 (big blind) collected ($17.64)
Seat 5: Chrisgalo33 (button) (small blind) folded on the River


PokerStars Hand #171066131374:  Hold'em Limit ($3/$6 USD) - 2017/05/29 8:44:06 ET
Table 'Constantia' 6-max Seat #2 is the button
Seat 1: scorpio04 ($312.24 in chips)
Seat 2: nedo1414 ($174.50 in chips)
nedo1414: posts small blind $1
scorpio04: posts big blind $3
*** HOLE CARDS ***
nedo1414: raises $3 to $6
scorpio04: calls $3
*** FLOP *** [5d 7h Jh]
Chrisgalo33 leaves the table
scorpio04: checks
nedo1414: bets $3
scorpio04: calls $3
*** TURN *** [5d 7h Jh] [6c]
scorpio04: checks
nedo1414: bets $6
scorpio04: calls $6
*** RIVER *** [5d 7h Jh 6c] [Ad]
scorpio04: checks
nedo1414: checks
*** SHOW DOWN ***
scorpio04: shows [9s 5h] (a pair of Fives)
nedo1414: shows [9d 7s] (a pair of Sevens)
nedo1414 collected $29.50 from pot
*** SUMMARY ***
Total pot $30 | Rake $0.50
Board [5d 7h Jh 6c Ad]
Seat 1: scorpio04 (big blind) showed [9s 5h] and lost with a pair of Fives
Seat 2: nedo1414 (button) (small blind) showed [9d 7s] and won ($29.50) with a pair of Sevens


PokerStars Hand #171066164783:  Hold'em Limit ($3/$6 USD) - 2017/05/29 8:45:14 ET
Table 'Constantia' 6-max Seat #1 is the button
Seat 1: scorpio04 ($321.74 in chips)
Seat 2: nedo1414 ($164 in chips)
scorpio04: posts small blind $1
nedo1414: posts big blind $3
*** HOLE CARDS ***
scorpio04: raises $3 to $6
nedo1414: raises $3 to $9
scorpio04: calls $3
*** FLOP *** [Kc Tc Td]
nedo1414: bets $3
scorpio04: calls $3
*** TURN *** [Kc Tc Td] [Kd]
nedo1414: bets $6
scorpio04: folds
Uncalled bet ($6) returned to nedo1414
nedo1414 collected $23.52 from pot
nedo1414: doesn't show hand
*** SUMMARY ***
Total pot $24 | Rake $0.48
Board [Kc Tc Td Kd]
Seat 1: scorpio04 (button) (small blind) folded on the Turn
Seat 2: nedo1414 (big blind) collected ($23.52)


PokerStars Hand #171066162737:  Hold'em Limit ($3/$6 USD) - 2017/05/29 8:45:10 ET
Table 'Constantia' 6-max Seat #2 is the button
Seat 1: scorpio04 ($320.74 in chips)
Seat 2: nedo1414 ($165 in chips)
nedo1414: posts small blind $1
scorpio04: posts big blind $3
*** HOLE CARDS ***
nedo1414: folds
Uncalled bet ($2) returned to scorpio04
scorpio04 collected $2 from pot
scorpio04: doesn't show hand
*** SUMMARY ***
Total pot $2 | Rake $0
Seat 1: scorpio04 (big blind) collected ($2)
Seat 2: nedo1414 (button) (small blind) folded before Flop


PokerStars Hand #171066153598:  Hold'em Limit ($3/$6 USD) - 2017/05/29 8:44:51 ET
Table 'Constantia' 6-max Seat #1 is the button
Seat 1: scorpio04 ($297.24 in chips)
Seat 2: nedo1414 ($189 in chips)
scorpio04: posts small blind $1
nedo1414: posts big blind $3
*** HOLE CARDS ***
scorpio04: raises $3 to $6
nedo1414: raises $3 to $9
scorpio04: calls $3
*** FLOP *** [8s Kc 3s]
nedo1414: bets $3
scorpio04: calls $3
*** TURN *** [8s Kc 3s] [Th]
nedo1414: bets $6
scorpio04: calls $6
*** RIVER *** [8s Kc 3s Th] [4d]
nedo1414: bets $6
scorpio04: raises $6 to $12
nedo1414: folds
Uncalled bet ($6) returned to scorpio04
scorpio04 collected $47.50 from pot
scorpio04: doesn't show hand
*** SUMMARY ***
Total pot $48 | Rake $0.50
Board [8s Kc 3s Th 4d]
Seat 1: scorpio04 (button) (small blind) collected ($47.50)
Seat 2: nedo1414 (big blind) folded on the River


PokerStars Hand #171066198948:  Hold'em Limit ($3/$6 USD) - 2017/05/29 8:46:23 ET
Table 'Constantia' 6-max Seat #2 is the button
Seat 1: scorpio04 ($309.24 in chips)
Seat 2: nedo1414 ($174.54 in chips)
nedo1414: posts small blind $1
scorpio04: posts big blind $3
*** HOLE CARDS ***
nedo1414: raises $3 to $6
scorpio04: folds
Uncalled bet ($3) returned to nedo1414
nedo1414 collected $6 from pot
nedo1414: doesn't show hand
*** SUMMARY ***
Total pot $6 | Rake $0
Seat 1: scorpio04 (big blind) folded before Flop
Seat 2: nedo1414 (button) (small blind) collected ($6)


PokerStars Hand #171066186140:  Hold'em Limit ($3/$6 USD) - 2017/05/29 8:45:57 ET
Table 'Constantia' 6-max Seat #2 is the button
Seat 1: scorpio04 ($336.24 in chips)
Seat 2: nedo1414 ($148.52 in chips)
nedo1414: posts small blind $1
scorpio04: posts big blind $3
*** HOLE CARDS ***
nedo1414: raises $3 to $6
scorpio04: raises $3 to $9
nedo1414: calls $3
*** FLOP *** [4c 7d Kd]
scorpio04: bets $3
nedo1414: calls $3
*** TURN *** [4c 7d Kd] [Ac]
scorpio04: checks
nedo1414: bets $6
scorpio04: folds
Uncalled bet ($6) returned to nedo1414
nedo1414 collected $23.52 from pot
nedo1414: doesn't show hand
*** SUMMARY ***
Total pot $24 | Rake $0.48
Board [4c 7d Kd Ac]
Seat 1: scorpio04 (big blind) folded on the Turn
Seat 2: nedo1414 (button) (small blind) collected ($23.52)


PokerStars Hand #171066181474:  Hold'em Limit ($3/$6 USD) - 2017/05/29 8:45:48 ET
Table 'Constantia' 6-max Seat #1 is the button
Seat 1: scorpio04 ($333.24 in chips)
Seat 2: nedo1414 ($151.52 in chips)
scorpio04: posts small blind $1
nedo1414: posts big blind $3
*** HOLE CARDS ***
scorpio04: raises $3 to $6
nedo1414: folds
Uncalled bet ($3) returned to scorpio04
scorpio04 collected $6 from pot
scorpio04: doesn't show hand
*** SUMMARY ***
Total pot $6 | Rake $0
Seat 1: scorpio04 (button) (small blind) collected ($6)
Seat 2: nedo1414 (big blind) folded before Flop


PokerStars Hand #171066192385:  Hold'em Limit ($3/$6 USD) - 2017/05/29 8:46:10 ET
Table 'Constantia' 6-max Seat #1 is the button
Seat 1: scorpio04 ($324.24 in chips)
Seat 2: nedo1414 ($160.04 in chips)
scorpio04: posts small blind $1
nedo1414: posts big blind $3
*** HOLE CARDS ***
scorpio04: raises $3 to $6
nedo1414: calls $3
*** FLOP *** [Th 9c 4h]
nedo1414: checks
scorpio04: bets $3
nedo1414: calls $3
*** TURN *** [Th 9c 4h] [7s]
nedo1414: checks
scorpio04: checks
*** RIVER *** [Th 9c 4h 7s] [Td]
nedo1414: bets $6
scorpio04: calls $6
*** SHOW DOWN ***
nedo1414: shows [4c Kd] (two pair, Tens and Fours)
scorpio04: mucks hand
nedo1414 collected $29.50 from pot
*** SUMMARY ***
Total pot $30 | Rake $0.50
Board [Th 9c 4h 7s Td]
Seat 1: scorpio04 (button) (small blind) mucked
Seat 2: nedo1414 (big blind) showed [4c Kd] and won ($29.50) with two pair, Tens and Fours


PokerStars Hand #171066172916:  Hold'em Limit ($3/$6 USD) - 2017/05/29 8:45:31 ET
Table 'Constantia' 6-max Seat #2 is the button
Seat 1: scorpio04 ($309.74 in chips)
Seat 2: nedo1414 ($175.52 in chips)
nedo1414: posts small blind $1
scorpio04: posts big blind $3
*** HOLE CARDS ***
nedo1414: raises $3 to $6
scorpio04: raises $3 to $9
nedo1414: calls $3
*** FLOP *** [5d Kd Ts]
scorpio04: bets $3
nedo1414: calls $3
*** TURN *** [5d Kd Ts] [Ad]
scorpio04: bets $6
nedo1414: calls $6
*** RIVER *** [5d Kd Ts Ad] [Qh]
scorpio04: bets $6
nedo1414: calls $6
*** SHOW DOWN ***
scorpio04: shows [Qc Kc] (two pair, Kings and Queens)
nedo1414: mucks hand
scorpio04 collected $47.50 from pot
*** SUMMARY ***
Total pot $48 | Rake $0.50
Board [5d Kd Ts Ad Qh]
Seat 1: scorpio04 (big blind) showed [Qc Kc] and won ($47.50) with two pair, Kings and Queens
Seat 2: nedo1414 (button) (small blind) mucked


PokerStars Hand #171066210447:  Hold'em Limit ($3/$6 USD) - 2017/05/29 8:46:46 ET
Table 'Constantia' 6-max Seat #2 is the button
Seat 1: scorpio04 ($282.24 in chips)
Seat 2: nedo1414 ($201.04 in chips)
nedo1414: posts small blind $1
scorpio04: posts big blind $3
*** HOLE CARDS ***
nedo1414: folds
Uncalled bet ($2) returned to scorpio04
scorpio04 collected $2 from pot
scorpio04: doesn't show hand
*** SUMMARY ***
Total pot $2 | Rake $0
Seat 1: scorpio04 (big blind) collected ($2)
Seat 2: nedo1414 (button) (small blind) folded before Flop


PokerStars Hand #171066202713:  Hold'em Limit ($3/$6 USD) - 2017/05/29 8:46:31 ET
Table 'Constantia' 6-max Seat #1 is the button
Seat 1: scorpio04 ($306.24 in chips)
Seat 2: nedo1414 ($177.54 in chips)
scorpio04: posts small blind $1
nedo1414: posts big blind $3
*** HOLE CARDS ***
scorpio04: raises $3 to $6
nedo1414: raises $3 to $9
scorpio04: calls $3
*** FLOP *** [2s 5s 3d]
nedo1414: bets $3
scorpio04: calls $3
*** TURN *** [2s 5s 3d] [6c]
nedo1414: bets $6
scorpio04: calls $6
*** RIVER *** [2s 5s 3d 6c] [5h]
nedo1414: bets $6
scorpio04: calls $6
*** SHOW DOWN ***
nedo1414: shows [Ts Th] (two pair, Tens and Fives)
scorpio04: mucks hand
nedo1414 collected $47.50 from pot
*** SUMMARY ***
Total pot $48 | Rake $0.50
Board [2s 5s 3d 6c 5h]
Seat 1: scorpio04 (button) (small blind) mucked
Seat 2: nedo1414 (big blind) showed [Ts Th] and won ($47.50) with two pair, Tens and Fives


PokerStars Hand #171066233661:  Hold'em Limit ($3/$6 USD) - 2017/05/29 8:47:34 ET
Table 'Constantia' 6-max Seat #1 is the button
Seat 1: scorpio04 ($297.64 in chips)
Seat 2: nedo1414 ($185.04 in chips)
scorpio04: posts small blind $1
nedo1414: posts big blind $3
*** HOLE CARDS ***
scorpio04: raises $3 to $6
nedo1414: calls $3
*** FLOP *** [2c 2s Ac]
nedo1414: checks
scorpio04: bets $3
nedo1414: folds
Uncalled bet ($3) returned to scorpio04
scorpio04 collected $11.76 from pot
scorpio04: doesn't show hand
*** SUMMARY ***
Total pot $12 | Rake $0.24
Board [2c 2s Ac]
Seat 1: scorpio04 (button) (small blind) collected ($11.76)
Seat 2: nedo1414 (big blind) folded on the Flop


PokerStars Hand #171066224778:  Hold'em Limit ($3/$6 USD) - 2017/05/29 8:47:16 ET
Table 'Constantia' 6-max Seat #2 is the button
Seat 1: scorpio04 ($289 in chips)
Seat 2: nedo1414 ($194.04 in chips)
nedo1414: posts small blind $1
scorpio04: posts big blind $3
*** HOLE CARDS ***
nedo1414: raises $3 to $6
scorpio04: calls $3
*** FLOP *** [2d 6c 6s]
scorpio04: checks
nedo1414: bets $3
scorpio04: calls $3
*** TURN *** [2d 6c 6s] [4h]
scorpio04: checks
nedo1414: checks
*** RIVER *** [2d 6c 6s 4h] [8h]
scorpio04: checks
nedo1414: checks
*** SHOW DOWN ***
scorpio04: shows [3d Kd] (a pair of Sixes)
nedo1414: mucks hand
scorpio04 collected $17.64 from pot
*** SUMMARY ***
Total pot $18 | Rake $0.36
Board [2d 6c 6s 4h 8h]
Seat 1: scorpio04 (big blind) showed [3d Kd] and won ($17.64) with a pair of Sixes
Seat 2: nedo1414 (button) (small blind) mucked


PokerStars Hand #171066214741:  Hold'em Limit ($3/$6 USD) - 2017/05/29 8:46:55 ET
Table 'Constantia' 6-max Seat #1 is the button
Seat 1: scorpio04 ($283.24 in chips)
Seat 2: nedo1414 ($200.04 in chips)
scorpio04: posts small blind $1
nedo1414: posts big blind $3
*** HOLE CARDS ***
scorpio04: raises $3 to $6
nedo1414: calls $3
*** FLOP *** [Qd 5h 4s]
nedo1414: checks
scorpio04: bets $3
nedo1414: folds
Uncalled bet ($3) returned to scorpio04
scorpio04 collected $11.76 from pot
scorpio04: doesn't show hand
*** SUMMARY ***
Total pot $12 | Rake $0.24
Board [Qd 5h 4s]
Seat 1: scorpio04 (button) (small blind) collected ($11.76)
Seat 2: nedo1414 (big blind) folded on the Flop


PokerStars Hand #171066250131:  Hold'em Limit ($3/$6 USD) - 2017/05/29 8:48:07 ET
Table 'Constantia' 6-max Seat #2 is the button
Seat 1: scorpio04 ($317.80 in chips)
Seat 2: nedo1414 ($164.04 in chips)
nedo1414: posts small blind $1
scorpio04: posts big blind $3
*** HOLE CARDS ***
nedo1414: raises $3 to $6
scorpio04: raises $3 to $9
nedo1414: calls $3
*** FLOP *** [9h 9s Kc]
scorpio04: bets $3
nedo1414: calls $3
*** TURN *** [9h 9s Kc] [Ah]
scorpio04: checks
nedo1414: checks
*** RIVER *** [9h 9s Kc Ah] [Jd]
scorpio04: bets $6
nedo1414: calls $6
*** SHOW DOWN ***
scorpio04: shows [7s As] (two pair, Aces and Nines)
nedo1414: mucks hand
scorpio04 collected $35.50 from pot
*** SUMMARY ***
Total pot $36 | Rake $0.50
Board [9h 9s Kc Ah Jd]
Seat 1: scorpio04 (big blind) showed [7s As] and won ($35.50) with two pair, Aces and Nines
Seat 2: nedo1414 (button) (small blind) mucked


PokerStars Hand #171066245019:  Hold'em Limit ($3/$6 USD) - 2017/05/29 8:47:57 ET
Table 'Constantia' 6-max Seat #1 is the button
Seat 1: scorpio04 ($312.04 in chips)
Seat 2: nedo1414 ($170.04 in chips)
scorpio04: posts small blind $1
nedo1414: posts big blind $3
*** HOLE CARDS ***
scorpio04: raises $3 to $6
nedo1414: calls $3
*** FLOP *** [Ad 4c 9h]
nedo1414: checks
scorpio04: bets $3
nedo1414: folds
Uncalled bet ($3) returned to scorpio04
scorpio04 collected $11.76 from pot
scorpio04: doesn't show hand
*** SUMMARY ***
Total pot $12 | Rake $0.24
Board [Ad 4c 9h]
Seat 1: scorpio04 (button) (small blind) collected ($11.76)
Seat 2: nedo1414 (big blind) folded on the Flop


PokerStars Hand #171066261140:  Hold'em Limit ($3/$6 USD) - 2017/05/29 8:48:29 ET
Table 'Constantia' 6-max Seat #2 is the button
Seat 1: scorpio04 ($334.30 in chips)
Seat 2: nedo1414 ($147.04 in chips)
nedo1414: posts small blind $1
scorpio04: posts big blind $3
*** HOLE CARDS ***
nedo1414: raises $3 to $6
scorpio04: raises $3 to $9
nedo1414: calls $3
*** FLOP *** [9h 2s Ks]
scorpio04: bets $3
nedo1414: calls $3
*** TURN *** [9h 2s Ks] [3c]
scorpio04: bets $6
nedo1414: raises $6 to $12
scorpio04: calls $6
*** RIVER *** [9h 2s Ks 3c] [8d]
scorpio04: checks
nedo1414: bets $6
scorpio04: calls $6
*** SHOW DOWN ***
nedo1414: shows [2c Kc] (two pair, Kings and Deuces)
scorpio04: mucks hand
nedo1414 collected $59.50 from pot
*** SUMMARY ***
Total pot $60 | Rake $0.50
Board [9h 2s Ks 3c 8d]
Seat 1: scorpio04 (big blind) mucked
Seat 2: nedo1414 (button) (small blind) showed [2c Kc] and won ($59.50) with two pair, Kings and Deuces


PokerStars Hand #171066239430:  Hold'em Limit ($3/$6 USD) - 2017/05/29 8:47:45 ET
Table 'Constantia' 6-max Seat #2 is the button
Seat 1: scorpio04 ($303.40 in chips)
Seat 2: nedo1414 ($179.04 in chips)
nedo1414: posts small blind $1
scorpio04: posts big blind $3
*** HOLE CARDS ***
nedo1414: raises $3 to $6
scorpio04: calls $3
*** FLOP *** [4s Ks 3h]
scorpio04: checks
nedo1414: bets $3
scorpio04: raises $3 to $6
nedo1414: folds
Uncalled bet ($3) returned to scorpio04
scorpio04 collected $17.64 from pot
scorpio04: doesn't show hand
*** SUMMARY ***
Total pot $18 | Rake $0.36
Board [4s Ks 3h]
Seat 1: scorpio04 (big blind) collected ($17.64)
Seat 2: nedo1414 (button) (small blind) folded on the Flop


PokerStars Hand #171066259033:  Hold'em Limit ($3/$6 USD) - 2017/05/29 8:48:25 ET
Table 'Constantia' 6-max Seat #1 is the button
Seat 1: scorpio04 ($335.30 in chips)
Seat 2: nedo1414 ($146.04 in chips)
scorpio04: posts small blind $1
nedo1414: posts big blind $3
*** HOLE CARDS ***
scorpio04: folds
Uncalled bet ($2) returned to nedo1414
nedo1414 collected $2 from pot
nedo1414: doesn't show hand
*** SUMMARY ***
Total pot $2 | Rake $0
Seat 1: scorpio04 (button) (small blind) folded before Flop
Seat 2: nedo1414 (big blind) collected ($2)


PokerStars Hand #171066269257:  Hold'em Limit ($3/$6 USD) - 2017/05/29 8:48:45 ET
Table 'Constantia' 6-max Seat #1 is the button
Seat 1: scorpio04 ($304.30 in chips)
Seat 2: nedo1414 ($176.54 in chips)
scorpio04: posts small blind $1
nedo1414: posts big blind $3
*** HOLE CARDS ***
scorpio04: raises $3 to $6
nedo1414: calls $3
*** FLOP *** [7h 9h Kd]
nedo1414: checks
scorpio04: checks
*** TURN *** [7h 9h Kd] [3h]
nedo1414: bets $6
scorpio04: folds
Uncalled bet ($6) returned to nedo1414
nedo1414 collected $11.76 from pot
nedo1414: doesn't show hand
*** SUMMARY ***
Total pot $12 | Rake $0.24
Board [7h 9h Kd 3h]
Seat 1: scorpio04 (button) (small blind) folded on the Turn
Seat 2: nedo1414 (big blind) collected ($11.76)


PokerStars Hand #171066289620:  Hold'em Limit ($3/$6 USD) - 2017/05/29 8:49:27 ET
Table 'Constantia' 6-max Seat #1 is the button
Seat 1: scorpio04 ($284.30 in chips)
Seat 2: nedo1414 ($195.70 in chips)
scorpio04: posts small blind $1
nedo1414: posts big blind $3
*** HOLE CARDS ***
scorpio04: raises $3 to $6
nedo1414: calls $3
*** FLOP *** [Kd 8d 7d]
nedo1414: checks
scorpio04: checks
*** TURN *** [Kd 8d 7d] [9c]
nedo1414: bets $6
scorpio04: calls $6
*** RIVER *** [Kd 8d 7d 9c] [7s]
nedo1414: bets $6
scorpio04: raises $6 to $12
nedo1414: raises $6 to $18
scorpio04: calls $6
*** SHOW DOWN ***
nedo1414: shows [2d Td] (a flush, King high)
scorpio04: mucks hand
nedo1414 collected $59.50 from pot
*** SUMMARY ***
Total pot $60 | Rake $0.50
Board [Kd 8d 7d 9c 7s]
Seat 1: scorpio04 (button) (small blind) mucked
Seat 2: nedo1414 (big blind) showed [2d Td] and won ($59.50) with a flush, King high


PokerStars Hand #171066279879:  Hold'em Limit ($3/$6 USD) - 2017/05/29 8:49:07 ET
Table 'Constantia' 6-max Seat #2 is the button
Seat 1: scorpio04 ($291.30 in chips)
Seat 2: nedo1414 ($189.06 in chips)
nedo1414: posts small blind $1
scorpio04: posts big blind $3
*** HOLE CARDS ***
nedo1414: folds
Uncalled bet ($2) returned to scorpio04
scorpio04 collected $2 from pot
scorpio04: doesn't show hand
*** SUMMARY ***
Total pot $2 | Rake $0
Seat 1: scorpio04 (big blind) collected ($2)
Seat 2: nedo1414 (button) (small blind) folded before Flop


PokerStars Hand #171066277825:  Hold'em Limit ($3/$6 USD) - 2017/05/29 8:49:03 ET
Table 'Constantia' 6-max Seat #1 is the button
Seat 1: scorpio04 ($292.30 in chips)
Seat 2: nedo1414 ($188.06 in chips)
scorpio04: posts small blind $1
nedo1414: posts big blind $3
*** HOLE CARDS ***
scorpio04: folds
Uncalled bet ($2) returned to nedo1414
nedo1414 collected $2 from pot
nedo1414: doesn't show hand
*** SUMMARY ***
Total pot $2 | Rake $0
Seat 1: scorpio04 (button) (small blind) folded before Flop
Seat 2: nedo1414 (big blind) collected ($2)


PokerStars Hand #171066274495:  Hold'em Limit ($3/$6 USD) - 2017/05/29 8:48:56 ET
Table 'Constantia' 6-max Seat #2 is the button
Seat 1: scorpio04 ($298.30 in chips)
Seat 2: nedo1414 ($182.30 in chips)
nedo1414: posts small blind $1
scorpio04: posts big blind $3
*** HOLE CARDS ***
nedo1414: raises $3 to $6
scorpio04: calls $3
*** FLOP *** [Ah Ac 9c]
scorpio04: checks
nedo1414: bets $3
scorpio04: folds
Uncalled bet ($3) returned to nedo1414
nedo1414 collected $11.76 from pot
nedo1414: doesn't show hand
*** SUMMARY ***
Total pot $12 | Rake $0.24
Board [Ah Ac 9c]
Seat 1: scorpio04 (big blind) folded on the Flop
Seat 2: nedo1414 (button) (small blind) collected ($11.76)


PokerStars Hand #171066287438:  Hold'em Limit ($3/$6 USD) - 2017/05/29 8:49:22 ET
Table 'Constantia' 6-max Seat #2 is the button
Seat 1: scorpio04 ($283.30 in chips)
Seat 2: nedo1414 ($196.70 in chips)
nedo1414: posts small blind $1
scorpio04: posts big blind $3
*** HOLE CARDS ***
nedo1414: folds
Uncalled bet ($2) returned to scorpio04
scorpio04 collected $2 from pot
scorpio04: doesn't show hand
*** SUMMARY ***
Total pot $2 | Rake $0
Seat 1: scorpio04 (big blind) collected ($2)
Seat 2: nedo1414 (button) (small blind) folded before Flop


PokerStars Hand #171066282019:  Hold'em Limit ($3/$6 USD) - 2017/05/29 8:49:11 ET
Table 'Constantia' 6-max Seat #1 is the button
Seat 1: scorpio04 ($292.30 in chips)
Seat 2: nedo1414 ($188.06 in chips)
scorpio04: posts small blind $1
nedo1414: posts big blind $3
*** HOLE CARDS ***
scorpio04: raises $3 to $6
nedo1414: raises $3 to $9
scorpio04: calls $3
*** FLOP *** [4h Qh 5c]
nedo1414: bets $3
scorpio04: folds
Uncalled bet ($3) returned to nedo1414
nedo1414 collected $17.64 from pot
nedo1414: doesn't show hand
*** SUMMARY ***
Total pot $18 | Rake $0.36
Board [4h Qh 5c]
Seat 1: scorpio04 (button) (small blind) folded on the Flop
Seat 2: nedo1414 (big blind) collected ($17.64)


PokerStars Hand #171066299788:  Hold'em Limit ($3/$6 USD) - 2017/05/29 8:49:47 ET
Table 'Constantia' 6-max Seat #1 is the button
Seat 1: scorpio04 ($255.30 in chips)
Seat 2: nedo1414 ($224.20 in chips)
scorpio04: posts small blind $1
nedo1414: posts big blind $3
*** HOLE CARDS ***
scorpio04: raises $3 to $6
nedo1414: calls $3
*** FLOP *** [Jd 8h 7s]
nedo1414: checks
scorpio04: bets $3
nedo1414: folds
Uncalled bet ($3) returned to scorpio04
nedo1414 leaves the table
scorpio04 collected $11.76 from pot
scorpio04: doesn't show hand
*** SUMMARY ***
Total pot $12 | Rake $0.24
Board [Jd 8h 7s]
Seat 1: scorpio04 (button) (small blind) collected ($11.76)
Seat 2: nedo1414 (big blind) folded on the Flop


PokerStars Hand #171066296019:  Hold'em Limit ($3/$6 USD) - 2017/05/29 8:49:40 ET
Table 'Constantia' 6-max Seat #2 is the button
Seat 1: scorpio04 ($254.30 in chips)
Seat 2: nedo1414 ($225.20 in chips)
nedo1414: posts small blind $1
scorpio04: posts big blind $3
*** HOLE CARDS ***
nedo1414: folds
Uncalled bet ($2) returned to scorpio04
scorpio04 collected $2 from pot
scorpio04: doesn't show hand
*** SUMMARY ***
Total pot $2 | Rake $0
Seat 1: scorpio04 (big blind) collected ($2)
Seat 2: nedo1414 (button) (small blind) folded before Flop


