PokerStars Hand #167112654342:  Hold'em Limit ($3/$6 USD) - 2017/03/04 15:23:08 ET
Table 'Constantia' 6-max Seat #3 is the button
Seat 1: igmoney4916 ($141.88 in chips)
Seat 3: **Geka**555 ($8.63 in chips)
**Geka**555: posts small blind $1
igmoney4916: posts big blind $3
*** HOLE CARDS ***
**Geka**555: raises $3 to $6
igmoney4916: folds
Uncalled bet ($3) returned to **Geka**555
**Geka**555 collected $6 from pot
*** SUMMARY ***
Total pot $6 | Rake $0
Seat 1: igmoney4916 (big blind) folded before Flop
Seat 3: **Geka**555 (button) (small blind) collected ($6)


PokerStars Hand #167112643117:  Hold'em Limit ($3/$6 USD) - 2017/03/04 15:22:56 ET
Table 'Constantia' 6-max Seat #1 is the button
Seat 1: igmoney4916 ($142.06 in chips)
Seat 3: **Geka**555 ($8.80 in chips)
igmoney4916: posts small blind $1
**Geka**555: posts big blind $3
*** HOLE CARDS ***
igmoney4916: raises $3 to $6
**Geka**555: raises $2.80 to $8.80 and is all-in
igmoney4916: calls $2.80
*** FLOP *** [Kc Jc Qs]
*** TURN *** [Kc Jc Qs] [Js]
*** RIVER *** [Kc Jc Qs Js] [Qh]
*** SHOW DOWN ***
**Geka**555: shows [Ts Kh] (two pair, Kings and Queens)
igmoney4916: shows [Ks 8d] (two pair, Kings and Queens)
**Geka**555 collected $8.63 from pot
igmoney4916 collected $8.62 from pot
*** SUMMARY ***
Total pot $17.60 | Rake $0.35
Board [Kc Jc Qs Js Qh]
Seat 1: igmoney4916 (button) (small blind) showed [Ks 8d] and won ($8.62) with two pair, Kings and Queens
Seat 3: **Geka**555 (big blind) showed [Ts Kh] and won ($8.63) with two pair, Kings and Queens


PokerStars Hand #167112637937:  Hold'em Limit ($3/$6 USD) - 2017/03/04 15:22:50 ET
Table 'Constantia' 6-max Seat #3 is the button
Seat 1: igmoney4916 ($141.06 in chips)
Seat 3: **Geka**555 ($9.80 in chips)
**Geka**555: posts small blind $1
igmoney4916: posts big blind $3
*** HOLE CARDS ***
**Geka**555: folds
Uncalled bet ($2) returned to igmoney4916
igmoney4916 collected $2 from pot
igmoney4916: doesn't show hand
*** SUMMARY ***
Total pot $2 | Rake $0
Seat 1: igmoney4916 (big blind) collected ($2)
Seat 3: **Geka**555 (button) (small blind) folded before Flop


PokerStars Hand #167112619915:  Hold'em Limit ($3/$6 USD) - 2017/03/04 15:22:30 ET
Table 'Constantia' 6-max Seat #3 is the button
Seat 1: igmoney4916 ($145.06 in chips)
Seat 3: **Geka**555 ($6 in chips)
**Geka**555: posts small blind $1
igmoney4916: posts big blind $3
*** HOLE CARDS ***
**Geka**555: folds
Uncalled bet ($2) returned to igmoney4916
igmoney4916 collected $2 from pot
igmoney4916: doesn't show hand
*** SUMMARY ***
Total pot $2 | Rake $0
Seat 1: igmoney4916 (big blind) collected ($2)
Seat 3: **Geka**555 (button) (small blind) folded before Flop


PokerStars Hand #167112595815:  Hold'em Limit ($3/$6 USD) - 2017/03/04 15:22:02 ET
Table 'Constantia' 6-max Seat #1 is the button
Seat 1: igmoney4916 ($118.56 in chips)
Seat 3: **Geka**555 ($33 in chips)
igmoney4916: posts small blind $1
**Geka**555: posts big blind $3
*** HOLE CARDS ***
igmoney4916: raises $3 to $6
**Geka**555: calls $3
*** FLOP *** [9h 5s 7s]
**Geka**555: checks
igmoney4916: bets $3
**Geka**555: calls $3
*** TURN *** [9h 5s 7s] [Jc]
**Geka**555: bets $6
igmoney4916: raises $6 to $12
**Geka**555: calls $6
*** RIVER *** [9h 5s 7s Jc] [Kd]
**Geka**555: checks
igmoney4916: bets $6
**Geka**555: calls $6
*** SHOW DOWN ***
igmoney4916: shows [Js 4s] (a pair of Jacks)
**Geka**555: mucks hand
igmoney4916 collected $53.50 from pot
*** SUMMARY ***
Total pot $54 | Rake $0.50
Board [9h 5s 7s Jc Kd]
Seat 1: igmoney4916 (button) (small blind) showed [Js 4s] and won ($53.50) with a pair of Jacks
Seat 3: **Geka**555 (big blind) mucked


PokerStars Hand #167112659179:  Hold'em Limit ($3/$6 USD) - 2017/03/04 15:23:14 ET
Table 'Constantia' 6-max Seat #1 is the button
Seat 1: igmoney4916 ($138.88 in chips)
Seat 3: **Geka**555 ($11.63 in chips)
igmoney4916: posts small blind $1
**Geka**555: posts big blind $3
*** HOLE CARDS ***
igmoney4916: raises $3 to $6
**Geka**555: raises $3 to $9
igmoney4916: raises $3 to $12
Betting is capped
**Geka**555: calls $2.63 and is all-in
Uncalled bet ($0.37) returned to igmoney4916
*** FLOP *** [9c Ad 5d]
*** TURN *** [9c Ad 5d] [Qh]
*** RIVER *** [9c Ad 5d Qh] [2h]
*** SHOW DOWN ***
**Geka**555: shows [3c Kd] (high card Ace)
igmoney4916: shows [Qc 6d] (a pair of Queens)
igmoney4916 collected $22.79 from pot
*** SUMMARY ***
Total pot $23.26 | Rake $0.47
Board [9c Ad 5d Qh 2h]
Seat 1: igmoney4916 (button) (small blind) showed [Qc 6d] and won ($22.79) with a pair of Queens
Seat 3: **Geka**555 (big blind) showed [3c Kd] and lost with high card Ace


PokerStars Hand #167112994356:  Hold'em Limit ($3/$6 USD) - 2017/03/04 15:29:19 ET
Table 'Constantia' 6-max Seat #1 is the button
Seat 1: igmoney4916 ($151.04 in chips)
Seat 2: tilion22 ($119 in chips)
igmoney4916: posts small blind $1
tilion22: posts big blind $3
*** HOLE CARDS ***
igmoney4916: folds
Uncalled bet ($2) returned to tilion22
tilion22 collected $2 from pot
tilion22: doesn't show hand
*** SUMMARY ***
Total pot $2 | Rake $0
Seat 1: igmoney4916 (button) (small blind) folded before Flop
Seat 2: tilion22 (big blind) collected ($2)


PokerStars Hand #167113971718:  Hold'em Limit ($3/$6 USD) - 2017/03/04 15:47:51 ET
Table 'Constantia' 6-max Seat #1 is the button
Seat 1: igmoney4916 ($143.04 in chips)
Seat 2: LillThore ($126.64 in chips)
igmoney4916: posts small blind $1
LillThore: posts big blind $3
*** HOLE CARDS ***
igmoney4916: raises $3 to $6
LillThore: calls $3
*** FLOP *** [5d 5s Ac]
LillThore: checks
igmoney4916: bets $3
LillThore: raises $3 to $6
igmoney4916: calls $3
*** TURN *** [5d 5s Ac] [8s]
LillThore: bets $6
igmoney4916: folds
Uncalled bet ($6) returned to LillThore
No.9 joins the table at seat #3
LillThore collected $23.52 from pot
LillThore: doesn't show hand
*** SUMMARY ***
Total pot $24 | Rake $0.48
Board [5d 5s Ac 8s]
Seat 1: igmoney4916 (button) (small blind) folded on the Turn
Seat 2: LillThore (big blind) collected ($23.52)


PokerStars Hand #167113966819:  Hold'em Limit ($3/$6 USD) - 2017/03/04 15:47:46 ET
Table 'Constantia' 6-max Seat #2 is the button
Seat 1: igmoney4916 ($142.04 in chips)
Seat 2: LillThore ($127.64 in chips)
LillThore: posts small blind $1
igmoney4916: posts big blind $3
*** HOLE CARDS ***
LillThore: folds
Uncalled bet ($2) returned to igmoney4916
igmoney4916 collected $2 from pot
igmoney4916: doesn't show hand
*** SUMMARY ***
Total pot $2 | Rake $0
Seat 1: igmoney4916 (big blind) collected ($2)
Seat 2: LillThore (button) (small blind) folded before Flop


