PokerStars Hand #147291379454:  Hold'em Limit ($3/$6 USD) - 2016/01/18 23:05:40 ET
Table 'Coppelia II' 6-max Seat #2 is the button
Seat 2: Jrracc1 ($182.42 in chips)
Seat 4: MusicalClown ($102.83 in chips)
Jrracc1: posts small blind $1
MusicalClown: posts big blind $3
*** HOLE CARDS ***
Jrracc1: raises $3 to $6
MusicalClown: raises $3 to $9
Jrracc1: calls $3
*** FLOP *** [8h 7d Jc]
MusicalClown: bets $3
Jrracc1: calls $3
*** TURN *** [8h 7d Jc] [5s]
MusicalClown: checks
Jrracc1: bets $6
MusicalClown: calls $6
*** RIVER *** [8h 7d Jc 5s] [6h]
MusicalClown: checks
Jrracc1: bets $6
MusicalClown: calls $6
*** SHOW DOWN ***
Jrracc1: shows [8s 7s] (two pair, Eights and Sevens)
MusicalClown: mucks hand
Jrracc1 collected $47.50 from pot
*** SUMMARY ***
Total pot $48 | Rake $0.50
Board [8h 7d Jc 5s 6h]
Seat 2: Jrracc1 (button) (small blind) showed [8s 7s] and won ($47.50) with two pair, Eights and Sevens
Seat 4: MusicalClown (big blind) mucked


PokerStars Hand #147291374526:  Hold'em Limit ($3/$6 USD) - 2016/01/18 23:05:25 ET
Table 'Coppelia II' 6-max Seat #4 is the button
Seat 2: Jrracc1 ($188.42 in chips)
Seat 4: MusicalClown ($97.07 in chips)
MusicalClown: posts small blind $1
Jrracc1: posts big blind $3
*** HOLE CARDS ***
MusicalClown: raises $3 to $6
Jrracc1: calls $3
*** FLOP *** [4h 9s Ad]
Jrracc1: checks
MusicalClown: bets $3
Jrracc1: folds
Uncalled bet ($3) returned to MusicalClown
MusicalClown collected $11.76 from pot
MusicalClown: doesn't show hand
*** SUMMARY ***
Total pot $12 | Rake $0.24
Board [4h 9s Ad]
Seat 2: Jrracc1 (big blind) folded on the Flop
Seat 4: MusicalClown (button) (small blind) collected ($11.76)


PokerStars Hand #147291395725:  Hold'em Limit ($3/$6 USD) - 2016/01/18 23:06:30 ET
Table 'Coppelia II' 6-max Seat #2 is the button
Seat 2: Jrracc1 ($202.92 in chips)
Seat 4: MusicalClown ($81.83 in chips)
Jrracc1: posts small blind $1
MusicalClown: posts big blind $3
*** HOLE CARDS ***
Jrracc1: folds
Uncalled bet ($2) returned to MusicalClown
MusicalClown collected $2 from pot
MusicalClown: doesn't show hand
*** SUMMARY ***
Total pot $2 | Rake $0
Seat 2: Jrracc1 (button) (small blind) folded before Flop
Seat 4: MusicalClown (big blind) collected ($2)


PokerStars Hand #147291393500:  Hold'em Limit ($3/$6 USD) - 2016/01/18 23:06:23 ET
Table 'Coppelia II' 6-max Seat #4 is the button
Seat 2: Jrracc1 ($205.92 in chips)
Seat 4: MusicalClown ($78.83 in chips)
MusicalClown: posts small blind $1
Jrracc1: posts big blind $3
*** HOLE CARDS ***
MusicalClown: raises $3 to $6
Jrracc1: folds
Uncalled bet ($3) returned to MusicalClown
MusicalClown collected $6 from pot
MusicalClown: doesn't show hand
*** SUMMARY ***
Total pot $6 | Rake $0
Seat 2: Jrracc1 (big blind) folded before Flop
Seat 4: MusicalClown (button) (small blind) collected ($6)


PokerStars Hand #147291401389:  Hold'em Limit ($3/$6 USD) - 2016/01/18 23:06:48 ET
Table 'Coppelia II' 6-max Seat #2 is the button
Seat 2: Jrracc1 ($195.92 in chips)
Seat 4: MusicalClown ($88.59 in chips)
Jrracc1: posts small blind $1
MusicalClown: posts big blind $3
*** HOLE CARDS ***
Jrracc1: raises $3 to $6
MusicalClown: calls $3
*** FLOP *** [7h Kc 8h]
MusicalClown: checks
Jrracc1: bets $3
MusicalClown: raises $3 to $6
Jrracc1: calls $3
*** TURN *** [7h Kc 8h] [2c]
MusicalClown: bets $6
Jrracc1: calls $6
*** RIVER *** [7h Kc 8h 2c] [As]
MusicalClown: checks
Jrracc1: checks
*** SHOW DOWN ***
MusicalClown: shows [6c 4h] (high card Ace)
Jrracc1: shows [7c Ts] (a pair of Sevens)
Jrracc1 collected $35.50 from pot
*** SUMMARY ***
Total pot $36 | Rake $0.50
Board [7h Kc 8h 2c As]
Seat 2: Jrracc1 (button) (small blind) showed [7c Ts] and won ($35.50) with a pair of Sevens
Seat 4: MusicalClown (big blind) showed [6c 4h] and lost with high card Ace


PokerStars Hand #147291397443:  Hold'em Limit ($3/$6 USD) - 2016/01/18 23:06:35 ET
Table 'Coppelia II' 6-max Seat #4 is the button
Seat 2: Jrracc1 ($201.92 in chips)
Seat 4: MusicalClown ($82.83 in chips)
MusicalClown: posts small blind $1
Jrracc1: posts big blind $3
*** HOLE CARDS ***
MusicalClown: raises $3 to $6
Jrracc1: calls $3
*** FLOP *** [8s 2h Th]
Jrracc1: checks
MusicalClown: bets $3
Jrracc1: folds
Uncalled bet ($3) returned to MusicalClown
MusicalClown collected $11.76 from pot
MusicalClown: doesn't show hand
*** SUMMARY ***
Total pot $12 | Rake $0.24
Board [8s 2h Th]
Seat 2: Jrracc1 (big blind) folded on the Flop
Seat 4: MusicalClown (button) (small blind) collected ($11.76)


PokerStars Hand #147291424045:  Hold'em Limit ($3/$6 USD) - 2016/01/18 23:07:57 ET
Table 'Coppelia II' 6-max Seat #4 is the button
Seat 2: Jrracc1 ($221.94 in chips)
Seat 4: MusicalClown ($78 in chips)
MusicalClown: posts small blind $1
Jrracc1: posts big blind $3
*** HOLE CARDS ***
MusicalClown: raises $3 to $6
Jrracc1: raises $3 to $9
MusicalClown: calls $3
*** FLOP *** [Ac 9d Th]
Jrracc1: bets $3
MusicalClown: folds
Uncalled bet ($3) returned to Jrracc1
Jrracc1 collected $17.64 from pot
Jrracc1: doesn't show hand
*** SUMMARY ***
Total pot $18 | Rake $0.36
Board [Ac 9d Th]
Seat 2: Jrracc1 (big blind) collected ($17.64)
Seat 4: MusicalClown (button) (small blind) folded on the Flop


PokerStars Hand #147291415128:  Hold'em Limit ($3/$6 USD) - 2016/01/18 23:07:30 ET
Table 'Coppelia II' 6-max Seat #2 is the button
Seat 2: Jrracc1 ($210.42 in chips)
Seat 4: MusicalClown ($81 in chips)
Jrracc1: posts small blind $1
MusicalClown: posts big blind $3
*** HOLE CARDS ***
Jrracc1: raises $3 to $6
MusicalClown: raises $3 to $9
Jrracc1: calls $3
*** FLOP *** [3s 5d 2c]
MusicalClown: bets $3
Jrracc1: calls $3
*** TURN *** [3s 5d 2c] [2h]
MusicalClown: checks
Jrracc1: checks
*** RIVER *** [3s 5d 2c 2h] [Ts]
MusicalClown: checks
Jrracc1: checks
*** SHOW DOWN ***
MusicalClown: shows [Kh 9h] (a pair of Deuces)
Jrracc1: shows [Jh Kd] (a pair of Deuces - King+Jack kicker)
Jrracc1 collected $23.52 from pot
*** SUMMARY ***
Total pot $24 | Rake $0.48
Board [3s 5d 2c 2h Ts]
Seat 2: Jrracc1 (button) (small blind) showed [Jh Kd] and won ($23.52) with a pair of Deuces
Seat 4: MusicalClown (big blind) showed [Kh 9h] and lost with a pair of Deuces


PokerStars Hand #147291432135:  Hold'em Limit ($3/$6 USD) - 2016/01/18 23:08:22 ET
Table 'Coppelia II' 6-max Seat #4 is the button
Seat 2: Jrracc1 ($236.34 in chips)
Seat 4: MusicalClown ($78 in chips)
MusicalClown: posts small blind $1
Jrracc1: posts big blind $3
*** HOLE CARDS ***
MusicalClown: folds
Uncalled bet ($2) returned to Jrracc1
Jrracc1 collected $2 from pot
Jrracc1: doesn't show hand
*** SUMMARY ***
Total pot $2 | Rake $0
Seat 2: Jrracc1 (big blind) collected ($2)
Seat 4: MusicalClown (button) (small blind) folded before Flop


PokerStars Hand #147291427876:  Hold'em Limit ($3/$6 USD) - 2016/01/18 23:08:09 ET
Table 'Coppelia II' 6-max Seat #2 is the button
Seat 2: Jrracc1 ($230.58 in chips)
Seat 4: MusicalClown ($78 in chips)
Jrracc1: posts small blind $1
MusicalClown: posts big blind $3
*** HOLE CARDS ***
Jrracc1: raises $3 to $6
MusicalClown: calls $3
*** FLOP *** [Tc 7d 2s]
MusicalClown: checks
Jrracc1: bets $3
MusicalClown: folds
Uncalled bet ($3) returned to Jrracc1
Jrracc1 collected $11.76 from pot
Jrracc1: doesn't show hand
*** SUMMARY ***
Total pot $12 | Rake $0.24
Board [Tc 7d 2s]
Seat 2: Jrracc1 (button) (small blind) collected ($11.76)
Seat 4: MusicalClown (big blind) folded on the Flop


PokerStars Hand #147291412763:  Hold'em Limit ($3/$6 USD) - 2016/01/18 23:07:22 ET
Table 'Coppelia II' 6-max Seat #4 is the button
Seat 2: Jrracc1 ($213.42 in chips)
Seat 4: MusicalClown ($78 in chips)
MusicalClown: posts small blind $1
Jrracc1: posts big blind $3
*** HOLE CARDS ***
MusicalClown: raises $3 to $6
Jrracc1: folds
Uncalled bet ($3) returned to MusicalClown
MusicalClown collected $6 from pot
MusicalClown: doesn't show hand
*** SUMMARY ***
Total pot $6 | Rake $0
Seat 2: Jrracc1 (big blind) folded before Flop
Seat 4: MusicalClown (button) (small blind) collected ($6)


PokerStars Hand #147291449873:  Hold'em Limit ($3/$6 USD) - 2016/01/18 23:09:16 ET
Table 'Coppelia II' 6-max Seat #5 is the button
Seat 4: MusicalClown ($86.46 in chips)
Seat 5: Fabulous108 ($111 in chips)
Fabulous108: posts small blind $1
MusicalClown: posts big blind $3
*** HOLE CARDS ***
Fabulous108: folds
Uncalled bet ($2) returned to MusicalClown
MusicalClown collected $2 from pot
MusicalClown: doesn't show hand
*** SUMMARY ***
Total pot $2 | Rake $0
Seat 4: MusicalClown (big blind) collected ($2)
Seat 5: Fabulous108 (button) (small blind) folded before Flop


PokerStars Hand #147291448555:  Hold'em Limit ($3/$6 USD) - 2016/01/18 23:09:12 ET
Table 'Coppelia II' 6-max Seat #4 is the button
Seat 4: MusicalClown ($87.46 in chips)
Seat 5: Fabulous108 ($110 in chips)
MusicalClown: posts small blind $1
Fabulous108: posts big blind $3
*** HOLE CARDS ***
MusicalClown: folds
Uncalled bet ($2) returned to Fabulous108
Fabulous108 collected $2 from pot
Fabulous108: doesn't show hand
*** SUMMARY ***
Total pot $2 | Rake $0
Seat 4: MusicalClown (button) (small blind) folded before Flop
Seat 5: Fabulous108 (big blind) collected ($2)


PokerStars Hand #147291446296:  Hold'em Limit ($3/$6 USD) - 2016/01/18 23:09:05 ET
Table 'Coppelia II' 6-max Seat #5 is the button
Seat 4: MusicalClown ($86.46 in chips)
Seat 5: Fabulous108 ($111 in chips)
Fabulous108: posts small blind $1
Jrracc1: is sitting out
MusicalClown: posts big blind $3
*** HOLE CARDS ***
Jrracc1 leaves the table
Fabulous108: folds
Uncalled bet ($2) returned to MusicalClown
MusicalClown collected $2 from pot
MusicalClown: doesn't show hand
*** SUMMARY ***
Total pot $2 | Rake $0
Seat 4: MusicalClown (big blind) collected ($2)
Seat 5: Fabulous108 (button) (small blind) folded before Flop


PokerStars Hand #147291434380:  Hold'em Limit ($3/$6 USD) - 2016/01/18 23:08:29 ET
Table 'Coppelia II' 6-max Seat #2 is the button
Seat 2: Jrracc1 ($237.34 in chips)
Seat 4: MusicalClown ($78 in chips)
Jrracc1: posts small blind $1
MusicalClown: posts big blind $3
*** HOLE CARDS ***
Jrracc1: raises $3 to $6
MusicalClown: calls $3
*** FLOP *** [6s As Qd]
MusicalClown: checks
Jrracc1: bets $3
Fabulous108 joins the table at seat #5
MusicalClown: folds
Uncalled bet ($3) returned to Jrracc1
Jrracc1 collected $11.76 from pot
Jrracc1: doesn't show hand
*** SUMMARY ***
Total pot $12 | Rake $0.24
Board [6s As Qd]
Seat 2: Jrracc1 (button) (small blind) collected ($11.76)
Seat 4: MusicalClown (big blind) folded on the Flop


