PokerStars Hand #174489305791:  Hold'em Limit ($3/$6 USD) - 2017/08/18 12:04:38 ET
Table 'Coppelia' 6-max Seat #3 is the button
Seat 3: ROCK2010 ($165.76 in chips)
Seat 5: AzureCaper ($72 in chips)
ROCK2010: posts small blind $1
AzureCaper: posts big blind $3
*** HOLE CARDS ***
ROCK2010: folds
Uncalled bet ($2) returned to AzureCaper
AzureCaper collected $2 from pot
AzureCaper: doesn't show hand
*** SUMMARY ***
Total pot $2 | Rake $0
Seat 3: ROCK2010 (button) (small blind) folded before Flop
Seat 5: AzureCaper (big blind) collected ($2)


PokerStars Hand #174489302125:  Hold'em Limit ($3/$6 USD) - 2017/08/18 12:04:32 ET
Table 'Coppelia' 6-max Seat #5 is the button
Seat 3: ROCK2010 ($164.76 in chips)
Seat 5: AzureCaper ($72 in chips)
AzureCaper: posts small blind $1
ROCK2010: posts big blind $3
*** HOLE CARDS ***
VolkovDmitri leaves the table
AzureCaper: folds
Uncalled bet ($2) returned to ROCK2010
ROCK2010 collected $2 from pot
ROCK2010: doesn't show hand
*** SUMMARY ***
Total pot $2 | Rake $0
Seat 3: ROCK2010 (big blind) collected ($2)
Seat 5: AzureCaper (button) (small blind) folded before Flop


PokerStars Hand #174489345562:  Hold'em Limit ($3/$6 USD) - 2017/08/18 12:05:44 ET
Table 'Coppelia' 6-max Seat #3 is the button
Seat 3: ROCK2010 ($171.01 in chips)
Seat 5: AzureCaper ($73.88 in chips)
ROCK2010: posts small blind $1
AzureCaper: posts big blind $3
*** HOLE CARDS ***
ROCK2010: folds
Uncalled bet ($2) returned to AzureCaper
AzureCaper collected $2 from pot
AzureCaper: doesn't show hand
*** SUMMARY ***
Total pot $2 | Rake $0
Seat 3: ROCK2010 (button) (small blind) folded before Flop
Seat 5: AzureCaper (big blind) collected ($2)


PokerStars Hand #174489342234:  Hold'em Limit ($3/$6 USD) - 2017/08/18 12:05:39 ET
Table 'Coppelia' 6-max Seat #5 is the button
Seat 3: ROCK2010 ($170.01 in chips)
Seat 5: AzureCaper ($74.88 in chips)
AzureCaper: posts small blind $1
ROCK2010: posts big blind $3
*** HOLE CARDS ***
AzureCaper: folds
Uncalled bet ($2) returned to ROCK2010
ROCK2010 collected $2 from pot
ROCK2010: doesn't show hand
*** SUMMARY ***
Total pot $2 | Rake $0
Seat 3: ROCK2010 (big blind) collected ($2)
Seat 5: AzureCaper (button) (small blind) folded before Flop


PokerStars Hand #174489337584:  Hold'em Limit ($3/$6 USD) - 2017/08/18 12:05:31 ET
Table 'Coppelia' 6-max Seat #3 is the button
Seat 3: ROCK2010 ($173.01 in chips)
Seat 5: AzureCaper ($72 in chips)
ROCK2010: posts small blind $1
AzureCaper: posts big blind $3
*** HOLE CARDS ***
ROCK2010: calls $2
AzureCaper: checks
*** FLOP *** [Kd 8s Qc]
AzureCaper: bets $3
ROCK2010: folds
Uncalled bet ($3) returned to AzureCaper
AzureCaper collected $5.88 from pot
AzureCaper: doesn't show hand
*** SUMMARY ***
Total pot $6 | Rake $0.12
Board [Kd 8s Qc]
Seat 3: ROCK2010 (button) (small blind) folded on the Flop
Seat 5: AzureCaper (big blind) collected ($5.88)


PokerStars Hand #174489329261:  Hold'em Limit ($3/$6 USD) - 2017/08/18 12:05:17 ET
Table 'Coppelia' 6-max Seat #5 is the button
Seat 3: ROCK2010 ($173.26 in chips)
Seat 5: AzureCaper ($72 in chips)
AzureCaper: posts small blind $1
ROCK2010: posts big blind $3
*** HOLE CARDS ***
AzureCaper: raises $3 to $6
ROCK2010: calls $3
*** FLOP *** [7h 5s 6d]
ROCK2010: checks
AzureCaper: bets $3
ROCK2010: calls $3
*** TURN *** [7h 5s 6d] [9d]
ROCK2010: checks
AzureCaper: bets $6
ROCK2010: calls $6
*** RIVER *** [7h 5s 6d 9d] [8s]
ROCK2010: checks
AzureCaper: checks
*** SHOW DOWN ***
ROCK2010: shows [2c 2d] (a straight, Five to Nine)
AzureCaper: shows [6h 7c] (a straight, Five to Nine)
ROCK2010 collected $14.75 from pot
AzureCaper collected $14.75 from pot
*** SUMMARY ***
Total pot $30 | Rake $0.50
Board [7h 5s 6d 9d 8s]
Seat 3: ROCK2010 (big blind) showed [2c 2d] and won ($14.75) with a straight, Five to Nine
Seat 5: AzureCaper (button) (small blind) showed [6h 7c] and won ($14.75) with a straight, Five to Nine


PokerStars Hand #174489317349:  Hold'em Limit ($3/$6 USD) - 2017/08/18 12:04:58 ET
Table 'Coppelia' 6-max Seat #3 is the button
Seat 3: ROCK2010 ($137.76 in chips)
Seat 5: AzureCaper ($99.50 in chips)
ROCK2010: posts small blind $1
AzureCaper: posts big blind $3
*** HOLE CARDS ***
ROCK2010: raises $3 to $6
AzureCaper: calls $3
*** FLOP *** [8c 5s 5d]
AzureCaper: checks
ROCK2010: checks
*** TURN *** [8c 5s 5d] [4d]
AzureCaper: bets $6
ROCK2010: raises $6 to $12
AzureCaper: raises $6 to $18
ROCK2010: raises $6 to $24
Betting is capped
AzureCaper: calls $6
*** RIVER *** [8c 5s 5d 4d] [Tc]
AzureCaper: checks
ROCK2010: bets $6
AzureCaper: calls $6
*** SHOW DOWN ***
ROCK2010: shows [7d 5c] (three of a kind, Fives)
AzureCaper: mucks hand
ROCK2010 collected $71.50 from pot
*** SUMMARY ***
Total pot $72 | Rake $0.50
Board [8c 5s 5d 4d Tc]
Seat 3: ROCK2010 (button) (small blind) showed [7d 5c] and won ($71.50) with three of a kind, Fives
Seat 5: AzureCaper (big blind) mucked


PokerStars Hand #174489308688:  Hold'em Limit ($3/$6 USD) - 2017/08/18 12:04:43 ET
Table 'Coppelia' 6-max Seat #5 is the button
Seat 3: ROCK2010 ($164.76 in chips)
Seat 5: AzureCaper ($73 in chips)
AzureCaper: posts small blind $1
ROCK2010: posts big blind $3
*** HOLE CARDS ***
AzureCaper: raises $3 to $6
ROCK2010: calls $3
*** FLOP *** [6h Jh 2d]
ROCK2010: bets $3
AzureCaper: calls $3
*** TURN *** [6h Jh 2d] [Qs]
ROCK2010: bets $6
AzureCaper: raises $6 to $12
ROCK2010: calls $6
*** RIVER *** [6h Jh 2d Qs] [Js]
ROCK2010: checks
AzureCaper: bets $6
ROCK2010: calls $6
*** SHOW DOWN ***
AzureCaper: shows [9c Jd] (three of a kind, Jacks)
ROCK2010: mucks hand
AzureCaper collected $53.50 from pot
*** SUMMARY ***
Total pot $54 | Rake $0.50
Board [6h Jh 2d Qs Js]
Seat 3: ROCK2010 (big blind) mucked
Seat 5: AzureCaper (button) (small blind) showed [9c Jd] and won ($53.50) with three of a kind, Jacks


PokerStars Hand #174489374712:  Hold'em Limit ($3/$6 USD) - 2017/08/18 12:06:33 ET
Table 'Coppelia' 6-max Seat #3 is the button
Seat 3: ROCK2010 ($184.26 in chips)
Seat 5: AzureCaper ($72 in chips)
ROCK2010: posts small blind $1
AzureCaper: posts big blind $3
*** HOLE CARDS ***
ROCK2010: raises $3 to $6
AzureCaper: calls $3
*** FLOP *** [Qh 5s 5h]
AzureCaper: checks
ROCK2010: checks
*** TURN *** [Qh 5s 5h] [9d]
AzureCaper: checks
ROCK2010: bets $6
AzureCaper: folds
Uncalled bet ($6) returned to ROCK2010
ROCK2010 collected $11.76 from pot
ROCK2010: doesn't show hand
*** SUMMARY ***
Total pot $12 | Rake $0.24
Board [Qh 5s 5h 9d]
Seat 3: ROCK2010 (button) (small blind) collected ($11.76)
Seat 5: AzureCaper (big blind) folded on the Turn


PokerStars Hand #174489367431:  Hold'em Limit ($3/$6 USD) - 2017/08/18 12:06:21 ET
Table 'Coppelia' 6-max Seat #5 is the button
Seat 3: ROCK2010 ($166.76 in chips)
Seat 5: AzureCaper ($77.63 in chips)
AzureCaper: posts small blind $1
ROCK2010: posts big blind $3
*** HOLE CARDS ***
AzureCaper: raises $3 to $6
ROCK2010: calls $3
*** FLOP *** [Jc 4d Qs]
ROCK2010: bets $3
AzureCaper: raises $3 to $6
ROCK2010: calls $3
*** TURN *** [Jc 4d Qs] [5s]
ROCK2010: checks
AzureCaper: checks
*** RIVER *** [Jc 4d Qs 5s] [7h]
ROCK2010: bets $6
AzureCaper: calls $6
*** SHOW DOWN ***
ROCK2010: shows [5h 4s] (two pair, Fives and Fours)
AzureCaper: mucks hand
ROCK2010 collected $35.50 from pot
*** SUMMARY ***
Total pot $36 | Rake $0.50
Board [Jc 4d Qs 5s 7h]
Seat 3: ROCK2010 (big blind) showed [5h 4s] and won ($35.50) with two pair, Fives and Fours
Seat 5: AzureCaper (button) (small blind) mucked


PokerStars Hand #174489357101:  Hold'em Limit ($3/$6 USD) - 2017/08/18 12:06:04 ET
Table 'Coppelia' 6-max Seat #3 is the button
Seat 3: ROCK2010 ($167.01 in chips)
Seat 5: AzureCaper ($77.88 in chips)
ROCK2010: posts small blind $1
AzureCaper: posts big blind $3
*** HOLE CARDS ***
ROCK2010: raises $3 to $6
AzureCaper: raises $3 to $9
ROCK2010: raises $3 to $12
Betting is capped
AzureCaper: calls $3
*** FLOP *** [6d 3s 9h]
AzureCaper: checks
ROCK2010: checks
*** TURN *** [6d 3s 9h] [8s]
AzureCaper: checks
ROCK2010: checks
*** RIVER *** [6d 3s 9h 8s] [Kd]
AzureCaper: checks
ROCK2010: bets $6
AzureCaper: calls $6
*** SHOW DOWN ***
ROCK2010: shows [Ks Jh] (a pair of Kings)
AzureCaper: shows [Jc Kc] (a pair of Kings)
AzureCaper collected $17.75 from pot
ROCK2010 collected $17.75 from pot
*** SUMMARY ***
Total pot $36 | Rake $0.50
Board [6d 3s 9h 8s Kd]
Seat 3: ROCK2010 (button) (small blind) showed [Ks Jh] and won ($17.75) with a pair of Kings
Seat 5: AzureCaper (big blind) showed [Jc Kc] and won ($17.75) with a pair of Kings


PokerStars Hand #174489354018:  Hold'em Limit ($3/$6 USD) - 2017/08/18 12:05:59 ET
Table 'Coppelia' 6-max Seat #5 is the button
Seat 3: ROCK2010 ($170.01 in chips)
Seat 5: AzureCaper ($74.88 in chips)
AzureCaper: posts small blind $1
ROCK2010: posts big blind $3
*** HOLE CARDS ***
AzureCaper: raises $3 to $6
ROCK2010: folds
Uncalled bet ($3) returned to AzureCaper
AzureCaper collected $6 from pot
AzureCaper: doesn't show hand
*** SUMMARY ***
Total pot $6 | Rake $0
Seat 3: ROCK2010 (big blind) folded before Flop
Seat 5: AzureCaper (button) (small blind) collected ($6)


PokerStars Hand #174489351188:  Hold'em Limit ($3/$6 USD) - 2017/08/18 12:05:54 ET
Table 'Coppelia' 6-max Seat #3 is the button
Seat 3: ROCK2010 ($171.01 in chips)
Seat 5: AzureCaper ($73.88 in chips)
ROCK2010: posts small blind $1
AzureCaper: posts big blind $3
*** HOLE CARDS ***
ROCK2010: folds
Uncalled bet ($2) returned to AzureCaper
AzureCaper collected $2 from pot
AzureCaper: doesn't show hand
*** SUMMARY ***
Total pot $2 | Rake $0
Seat 3: ROCK2010 (button) (small blind) folded before Flop
Seat 5: AzureCaper (big blind) collected ($2)


PokerStars Hand #174489348078:  Hold'em Limit ($3/$6 USD) - 2017/08/18 12:05:49 ET
Table 'Coppelia' 6-max Seat #5 is the button
Seat 3: ROCK2010 ($170.01 in chips)
Seat 5: AzureCaper ($74.88 in chips)
AzureCaper: posts small blind $1
ROCK2010: posts big blind $3
*** HOLE CARDS ***
AzureCaper: folds
Uncalled bet ($2) returned to ROCK2010
ROCK2010 collected $2 from pot
ROCK2010: doesn't show hand
*** SUMMARY ***
Total pot $2 | Rake $0
Seat 3: ROCK2010 (big blind) collected ($2)
Seat 5: AzureCaper (button) (small blind) folded before Flop


PokerStars Hand #174489402352:  Hold'em Limit ($3/$6 USD) - 2017/08/18 12:07:20 ET
Table 'Coppelia' 6-max Seat #3 is the button
Seat 3: ROCK2010 ($200.52 in chips)
Seat 5: AzureCaper ($76 in chips)
ROCK2010: posts small blind $1
AzureCaper: posts big blind $3
*** HOLE CARDS ***
ROCK2010: calls $2
AzureCaper: checks
*** FLOP *** [3c Qc 6s]
AzureCaper: bets $3
ROCK2010: folds
Uncalled bet ($3) returned to AzureCaper
AzureCaper collected $5.88 from pot
AzureCaper: doesn't show hand
*** SUMMARY ***
Total pot $6 | Rake $0.12
Board [3c Qc 6s]
Seat 3: ROCK2010 (button) (small blind) folded on the Flop
Seat 5: AzureCaper (big blind) collected ($5.88)


PokerStars Hand #174489398520:  Hold'em Limit ($3/$6 USD) - 2017/08/18 12:07:13 ET
Table 'Coppelia' 6-max Seat #5 is the button
Seat 3: ROCK2010 ($203.52 in chips)
Seat 5: AzureCaper ($73 in chips)
AzureCaper: posts small blind $1
ROCK2010: posts big blind $3
*** HOLE CARDS ***
AzureCaper: raises $3 to $6
ROCK2010: folds
Uncalled bet ($3) returned to AzureCaper
AzureCaper collected $6 from pot
AzureCaper: doesn't show hand
*** SUMMARY ***
Total pot $6 | Rake $0
Seat 3: ROCK2010 (big blind) folded before Flop
Seat 5: AzureCaper (button) (small blind) collected ($6)


PokerStars Hand #174489394597:  Hold'em Limit ($3/$6 USD) - 2017/08/18 12:07:07 ET
Table 'Coppelia' 6-max Seat #3 is the button
Seat 3: ROCK2010 ($204.52 in chips)
Seat 5: AzureCaper ($72 in chips)
ROCK2010: posts small blind $1
AzureCaper: posts big blind $3
*** HOLE CARDS ***
ROCK2010: folds
Uncalled bet ($2) returned to AzureCaper
AzureCaper collected $2 from pot
AzureCaper: doesn't show hand
*** SUMMARY ***
Total pot $2 | Rake $0
Seat 3: ROCK2010 (button) (small blind) folded before Flop
Seat 5: AzureCaper (big blind) collected ($2)


PokerStars Hand #174489449687:  Hold'em Limit ($3/$6 USD) - 2017/08/18 12:08:28 ET
Table 'Coppelia' 6-max Seat #5 is the button
Seat 3: ROCK2010 ($183.02 in chips)
Seat 5: AzureCaper ($92.38 in chips)
AzureCaper: posts small blind $1
ROCK2010: posts big blind $3
*** HOLE CARDS ***
AzureCaper: folds
Uncalled bet ($2) returned to ROCK2010
ROCK2010 collected $2 from pot
ROCK2010: doesn't show hand
*** SUMMARY ***
Total pot $2 | Rake $0
Seat 3: ROCK2010 (big blind) collected ($2)
Seat 5: AzureCaper (button) (small blind) folded before Flop


PokerStars Hand #174489446899:  Hold'em Limit ($3/$6 USD) - 2017/08/18 12:08:23 ET
Table 'Coppelia' 6-max Seat #3 is the button
Seat 3: ROCK2010 ($184.02 in chips)
Seat 5: AzureCaper ($91.38 in chips)
ROCK2010: posts small blind $1
AzureCaper: posts big blind $3
*** HOLE CARDS ***
ROCK2010: folds
Uncalled bet ($2) returned to AzureCaper
AzureCaper collected $2 from pot
AzureCaper: doesn't show hand
*** SUMMARY ***
Total pot $2 | Rake $0
Seat 3: ROCK2010 (button) (small blind) folded before Flop
Seat 5: AzureCaper (big blind) collected ($2)


PokerStars Hand #174489439659:  Hold'em Limit ($3/$6 USD) - 2017/08/18 12:08:11 ET
Table 'Coppelia' 6-max Seat #5 is the button
Seat 3: ROCK2010 ($169.52 in chips)
Seat 5: AzureCaper ($106.38 in chips)
AzureCaper: posts small blind $1
ROCK2010: posts big blind $3
*** HOLE CARDS ***
AzureCaper: raises $3 to $6
ROCK2010: raises $3 to $9
AzureCaper: raises $3 to $12
Betting is capped
ROCK2010: calls $3
*** FLOP *** [2d 4h Ac]
ROCK2010: bets $3
AzureCaper: calls $3
*** TURN *** [2d 4h Ac] [5s]
ROCK2010: bets $6
AzureCaper: folds
Uncalled bet ($6) returned to ROCK2010
ROCK2010 collected $29.50 from pot
ROCK2010: doesn't show hand
*** SUMMARY ***
Total pot $30 | Rake $0.50
Board [2d 4h Ac 5s]
Seat 3: ROCK2010 (big blind) collected ($29.50)
Seat 5: AzureCaper (button) (small blind) folded on the Turn


PokerStars Hand #174489436810:  Hold'em Limit ($3/$6 USD) - 2017/08/18 12:08:06 ET
Table 'Coppelia' 6-max Seat #3 is the button
Seat 3: ROCK2010 ($170.52 in chips)
Seat 5: AzureCaper ($105.38 in chips)
ROCK2010: posts small blind $1
AzureCaper: posts big blind $3
*** HOLE CARDS ***
ROCK2010: folds
Uncalled bet ($2) returned to AzureCaper
AzureCaper collected $2 from pot
AzureCaper: doesn't show hand
*** SUMMARY ***
Total pot $2 | Rake $0
Seat 3: ROCK2010 (button) (small blind) folded before Flop
Seat 5: AzureCaper (big blind) collected ($2)


PokerStars Hand #174489433307:  Hold'em Limit ($3/$6 USD) - 2017/08/18 12:08:00 ET
Table 'Coppelia' 6-max Seat #5 is the button
Seat 3: ROCK2010 ($169.52 in chips)
Seat 5: AzureCaper ($106.38 in chips)
AzureCaper: posts small blind $1
ROCK2010: posts big blind $3
*** HOLE CARDS ***
AzureCaper: folds
Uncalled bet ($2) returned to ROCK2010
ROCK2010 collected $2 from pot
ROCK2010: doesn't show hand
*** SUMMARY ***
Total pot $2 | Rake $0
Seat 3: ROCK2010 (big blind) collected ($2)
Seat 5: AzureCaper (button) (small blind) folded before Flop


PokerStars Hand #174489430293:  Hold'em Limit ($3/$6 USD) - 2017/08/18 12:07:55 ET
Table 'Coppelia' 6-max Seat #3 is the button
Seat 3: ROCK2010 ($170.52 in chips)
Seat 5: AzureCaper ($105.38 in chips)
ROCK2010: posts small blind $1
AzureCaper: posts big blind $3
*** HOLE CARDS ***
ROCK2010: folds
Uncalled bet ($2) returned to AzureCaper
AzureCaper collected $2 from pot
AzureCaper: doesn't show hand
*** SUMMARY ***
Total pot $2 | Rake $0
Seat 3: ROCK2010 (button) (small blind) folded before Flop
Seat 5: AzureCaper (big blind) collected ($2)


PokerStars Hand #174489413727:  Hold'em Limit ($3/$6 USD) - 2017/08/18 12:07:39 ET
Table 'Coppelia' 6-max Seat #5 is the button
Seat 3: ROCK2010 ($197.52 in chips)
Seat 5: AzureCaper ($78.88 in chips)
AzureCaper: posts small blind $1
ROCK2010: posts big blind $3
*** HOLE CARDS ***
AzureCaper: raises $3 to $6
ROCK2010: raises $3 to $9
AzureCaper: raises $3 to $12
Betting is capped
ROCK2010: calls $3
*** FLOP *** [Td 7d 2c]
ROCK2010: bets $3
AzureCaper: calls $3
*** TURN *** [Td 7d 2c] [8h]
ROCK2010: bets $6
AzureCaper: calls $6
*** RIVER *** [Td 7d 2c 8h] [5h]
ROCK2010: bets $6
AzureCaper: calls $6
*** SHOW DOWN ***
ROCK2010: shows [6c 6h] (a pair of Sixes)
AzureCaper: shows [Ts Ah] (a pair of Tens)
AzureCaper collected $53.50 from pot
*** SUMMARY ***
Total pot $54 | Rake $0.50
Board [Td 7d 2c 8h 5h]
Seat 3: ROCK2010 (big blind) showed [6c 6h] and lost with a pair of Sixes
Seat 5: AzureCaper (button) (small blind) showed [Ts Ah] and won ($53.50) with a pair of Tens


PokerStars Hand #174489487610:  Hold'em Limit ($3/$6 USD) - 2017/08/18 12:09:31 ET
Table 'Coppelia' 6-max Seat #3 is the button
Seat 3: ROCK2010 ($178.66 in chips)
Seat 5: AzureCaper ($95.78 in chips)
ROCK2010: posts small blind $1
AzureCaper: posts big blind $3
*** HOLE CARDS ***
ROCK2010: raises $3 to $6
AzureCaper: calls $3
*** FLOP *** [7c Jc 7d]
AzureCaper: checks
ROCK2010: checks
*** TURN *** [7c Jc 7d] [Kd]
AzureCaper: checks
ROCK2010: bets $6
AzureCaper: folds
Uncalled bet ($6) returned to ROCK2010
ROCK2010 collected $11.76 from pot
ROCK2010: doesn't show hand
*** SUMMARY ***
Total pot $12 | Rake $0.24
Board [7c Jc 7d Kd]
Seat 3: ROCK2010 (button) (small blind) collected ($11.76)
Seat 5: AzureCaper (big blind) folded on the Turn


PokerStars Hand #174489484330:  Hold'em Limit ($3/$6 USD) - 2017/08/18 12:09:25 ET
Table 'Coppelia' 6-max Seat #5 is the button
Seat 3: ROCK2010 ($177.66 in chips)
Seat 5: AzureCaper ($96.78 in chips)
AzureCaper: posts small blind $1
ROCK2010: posts big blind $3
*** HOLE CARDS ***
AzureCaper: folds
Uncalled bet ($2) returned to ROCK2010
ROCK2010 collected $2 from pot
ROCK2010: doesn't show hand
*** SUMMARY ***
Total pot $2 | Rake $0
Seat 3: ROCK2010 (big blind) collected ($2)
Seat 5: AzureCaper (button) (small blind) folded before Flop


PokerStars Hand #174489477806:  Hold'em Limit ($3/$6 USD) - 2017/08/18 12:09:15 ET
Table 'Coppelia' 6-max Seat #3 is the button
Seat 3: ROCK2010 ($180.66 in chips)
Seat 5: AzureCaper ($93.90 in chips)
ROCK2010: posts small blind $1
AzureCaper: posts big blind $3
*** HOLE CARDS ***
ROCK2010: calls $2
AzureCaper: checks
*** FLOP *** [4c 6s 3d]
AzureCaper: bets $3
ROCK2010: folds
Uncalled bet ($3) returned to AzureCaper
AzureCaper collected $5.88 from pot
AzureCaper: doesn't show hand
*** SUMMARY ***
Total pot $6 | Rake $0.12
Board [4c 6s 3d]
Seat 3: ROCK2010 (button) (small blind) folded on the Flop
Seat 5: AzureCaper (big blind) collected ($5.88)


PokerStars Hand #174489474495:  Hold'em Limit ($3/$6 USD) - 2017/08/18 12:09:09 ET
Table 'Coppelia' 6-max Seat #5 is the button
Seat 3: ROCK2010 ($179.66 in chips)
Seat 5: AzureCaper ($94.90 in chips)
AzureCaper: posts small blind $1
ROCK2010: posts big blind $3
*** HOLE CARDS ***
AzureCaper: folds
Uncalled bet ($2) returned to ROCK2010
ROCK2010 collected $2 from pot
ROCK2010: doesn't show hand
*** SUMMARY ***
Total pot $2 | Rake $0
Seat 3: ROCK2010 (big blind) collected ($2)
Seat 5: AzureCaper (button) (small blind) folded before Flop


PokerStars Hand #174489471865:  Hold'em Limit ($3/$6 USD) - 2017/08/18 12:09:05 ET
Table 'Coppelia' 6-max Seat #3 is the button
Seat 3: ROCK2010 ($180.66 in chips)
Seat 5: AzureCaper ($93.90 in chips)
ROCK2010: posts small blind $1
AzureCaper: posts big blind $3
*** HOLE CARDS ***
ROCK2010: folds
Uncalled bet ($2) returned to AzureCaper
AzureCaper collected $2 from pot
AzureCaper: doesn't show hand
*** SUMMARY ***
Total pot $2 | Rake $0
Seat 3: ROCK2010 (button) (small blind) folded before Flop
Seat 5: AzureCaper (big blind) collected ($2)


PokerStars Hand #174489464422:  Hold'em Limit ($3/$6 USD) - 2017/08/18 12:08:52 ET
Table 'Coppelia' 6-max Seat #5 is the button
Seat 3: ROCK2010 ($172.02 in chips)
Seat 5: AzureCaper ($102.90 in chips)
AzureCaper: posts small blind $1
ROCK2010: posts big blind $3
*** HOLE CARDS ***
AzureCaper: raises $3 to $6
ROCK2010: calls $3
*** FLOP *** [Ah 3c 4h]
ROCK2010: checks
AzureCaper: bets $3
ROCK2010: calls $3
*** TURN *** [Ah 3c 4h] [Qh]
ROCK2010: checks
AzureCaper: checks
*** RIVER *** [Ah 3c 4h Qh] [3s]
ROCK2010: bets $6
AzureCaper: folds
Uncalled bet ($6) returned to ROCK2010
ROCK2010 collected $17.64 from pot
ROCK2010: doesn't show hand
*** SUMMARY ***
Total pot $18 | Rake $0.36
Board [Ah 3c 4h Qh 3s]
Seat 3: ROCK2010 (big blind) collected ($17.64)
Seat 5: AzureCaper (button) (small blind) folded on the River


PokerStars Hand #174489453350:  Hold'em Limit ($3/$6 USD) - 2017/08/18 12:08:34 ET
Table 'Coppelia' 6-max Seat #3 is the button
Seat 3: ROCK2010 ($184.02 in chips)
Seat 5: AzureCaper ($91.38 in chips)
ROCK2010: posts small blind $1
AzureCaper: posts big blind $3
*** HOLE CARDS ***
ROCK2010: raises $3 to $6
AzureCaper: calls $3
*** FLOP *** [7d Ad Ac]
AzureCaper: checks
ROCK2010: checks
*** TURN *** [7d Ad Ac] [Td]
AzureCaper: checks
ROCK2010: bets $6
AzureCaper: raises $6 to $12
ROCK2010: folds
Uncalled bet ($6) returned to AzureCaper
AzureCaper collected $23.52 from pot
AzureCaper: doesn't show hand
*** SUMMARY ***
Total pot $24 | Rake $0.48
Board [7d Ad Ac Td]
Seat 3: ROCK2010 (button) (small blind) folded on the Turn
Seat 5: AzureCaper (big blind) collected ($23.52)


PokerStars Hand #174489522968:  Hold'em Limit ($3/$6 USD) - 2017/08/18 12:10:30 ET
Table 'Coppelia' 6-max Seat #5 is the button
Seat 3: ROCK2010 ($202.92 in chips)
Seat 5: AzureCaper ($73 in chips)
AzureCaper: posts small blind $1
ROCK2010: posts big blind $3
*** HOLE CARDS ***
AzureCaper: raises $3 to $6
ROCK2010: raises $3 to $9
AzureCaper: raises $3 to $12
Betting is capped
ROCK2010: calls $3
*** FLOP *** [4c 2s 2h]
ROCK2010: bets $3
AzureCaper: calls $3
*** TURN *** [4c 2s 2h] [6h]
ROCK2010: bets $6
AzureCaper: calls $6
*** RIVER *** [4c 2s 2h 6h] [Jc]
ROCK2010: bets $6
AzureCaper: calls $6
*** SHOW DOWN ***
ROCK2010: shows [Ah Jh] (two pair, Jacks and Deuces)
AzureCaper: mucks hand
ROCK2010 collected $53.50 from pot
*** SUMMARY ***
Total pot $54 | Rake $0.50
Board [4c 2s 2h 6h Jc]
Seat 3: ROCK2010 (big blind) showed [Ah Jh] and won ($53.50) with two pair, Jacks and Deuces
Seat 5: AzureCaper (button) (small blind) mucked


PokerStars Hand #174489520331:  Hold'em Limit ($3/$6 USD) - 2017/08/18 12:10:25 ET
Table 'Coppelia' 6-max Seat #3 is the button
Seat 3: ROCK2010 ($203.92 in chips)
Seat 5: AzureCaper ($72 in chips)
ROCK2010: posts small blind $1
AzureCaper: posts big blind $3
*** HOLE CARDS ***
ROCK2010: folds
Uncalled bet ($2) returned to AzureCaper
AzureCaper collected $2 from pot
AzureCaper: doesn't show hand
*** SUMMARY ***
Total pot $2 | Rake $0
Seat 3: ROCK2010 (button) (small blind) folded before Flop
Seat 5: AzureCaper (big blind) collected ($2)


PokerStars Hand #174489511832:  Hold'em Limit ($3/$6 USD) - 2017/08/18 12:10:11 ET
Table 'Coppelia' 6-max Seat #5 is the button
Seat 3: ROCK2010 ($177.42 in chips)
Seat 5: AzureCaper ($96.54 in chips)
AzureCaper: posts small blind $1
ROCK2010: posts big blind $3
*** HOLE CARDS ***
AzureCaper: raises $3 to $6
ROCK2010: raises $3 to $9
AzureCaper: raises $3 to $12
Betting is capped
ROCK2010: calls $3
*** FLOP *** [Ah As 6h]
ROCK2010: bets $3
AzureCaper: calls $3
*** TURN *** [Ah As 6h] [Kc]
ROCK2010: bets $6
AzureCaper: calls $6
*** RIVER *** [Ah As 6h Kc] [Jh]
ROCK2010: bets $6
AzureCaper: calls $6
*** SHOW DOWN ***
ROCK2010: shows [Js Jd] (a full house, Jacks full of Aces)
AzureCaper: mucks hand
ROCK2010 collected $53.50 from pot
*** SUMMARY ***
Total pot $54 | Rake $0.50
Board [Ah As 6h Kc Jh]
Seat 3: ROCK2010 (big blind) showed [Js Jd] and won ($53.50) with a full house, Jacks full of Aces
Seat 5: AzureCaper (button) (small blind) mucked


PokerStars Hand #174489509186:  Hold'em Limit ($3/$6 USD) - 2017/08/18 12:10:07 ET
Table 'Coppelia' 6-max Seat #3 is the button
Seat 3: ROCK2010 ($178.42 in chips)
Seat 5: AzureCaper ($95.54 in chips)
ROCK2010: posts small blind $1
AzureCaper: posts big blind $3
*** HOLE CARDS ***
ROCK2010: folds
Uncalled bet ($2) returned to AzureCaper
AzureCaper collected $2 from pot
AzureCaper: doesn't show hand
*** SUMMARY ***
Total pot $2 | Rake $0
Seat 3: ROCK2010 (button) (small blind) folded before Flop
Seat 5: AzureCaper (big blind) collected ($2)


PokerStars Hand #174489503991:  Hold'em Limit ($3/$6 USD) - 2017/08/18 12:09:58 ET
Table 'Coppelia' 6-max Seat #5 is the button
Seat 3: ROCK2010 ($184.42 in chips)
Seat 5: AzureCaper ($89.78 in chips)
AzureCaper: posts small blind $1
ROCK2010: posts big blind $3
*** HOLE CARDS ***
AzureCaper: raises $3 to $6
ROCK2010: calls $3
*** FLOP *** [7d 8s Tc]
ROCK2010: checks
AzureCaper: bets $3
ROCK2010: folds
Uncalled bet ($3) returned to AzureCaper
AzureCaper collected $11.76 from pot
AzureCaper: doesn't show hand
*** SUMMARY ***
Total pot $12 | Rake $0.24
Board [7d 8s Tc]
Seat 3: ROCK2010 (big blind) folded on the Flop
Seat 5: AzureCaper (button) (small blind) collected ($11.76)


PokerStars Hand #174489501225:  Hold'em Limit ($3/$6 USD) - 2017/08/18 12:09:54 ET
Table 'Coppelia' 6-max Seat #3 is the button
Seat 3: ROCK2010 ($185.42 in chips)
Seat 5: AzureCaper ($88.78 in chips)
ROCK2010: posts small blind $1
AzureCaper: posts big blind $3
*** HOLE CARDS ***
ROCK2010: folds
Uncalled bet ($2) returned to AzureCaper
AzureCaper collected $2 from pot
AzureCaper: doesn't show hand
*** SUMMARY ***
Total pot $2 | Rake $0
Seat 3: ROCK2010 (button) (small blind) folded before Flop
Seat 5: AzureCaper (big blind) collected ($2)


PokerStars Hand #174489497331:  Hold'em Limit ($3/$6 USD) - 2017/08/18 12:09:47 ET
Table 'Coppelia' 6-max Seat #5 is the button
Seat 3: ROCK2010 ($184.42 in chips)
Seat 5: AzureCaper ($89.78 in chips)
AzureCaper: posts small blind $1
ROCK2010: posts big blind $3
*** HOLE CARDS ***
AzureCaper: folds
Uncalled bet ($2) returned to ROCK2010
ROCK2010 collected $2 from pot
ROCK2010: doesn't show hand
*** SUMMARY ***
Total pot $2 | Rake $0
Seat 3: ROCK2010 (big blind) collected ($2)
Seat 5: AzureCaper (button) (small blind) folded before Flop


PokerStars Hand #174489561291:  Hold'em Limit ($3/$6 USD) - 2017/08/18 12:11:34 ET
Table 'Coppelia' 6-max Seat #3 is the button
Seat 3: ROCK2010 ($175.42 in chips)
Seat 5: AzureCaper ($124.88 in chips)
ROCK2010: posts small blind $1
AzureCaper: posts big blind $3
*** HOLE CARDS ***
ROCK2010: folds
Uncalled bet ($2) returned to AzureCaper
AzureCaper collected $2 from pot
AzureCaper: doesn't show hand
*** SUMMARY ***
Total pot $2 | Rake $0
Seat 3: ROCK2010 (button) (small blind) folded before Flop
Seat 5: AzureCaper (big blind) collected ($2)


PokerStars Hand #174489557917:  Hold'em Limit ($3/$6 USD) - 2017/08/18 12:11:28 ET
Table 'Coppelia' 6-max Seat #5 is the button
Seat 3: ROCK2010 ($174.42 in chips)
Seat 5: AzureCaper ($125.88 in chips)
AzureCaper: posts small blind $1
ROCK2010: posts big blind $3
*** HOLE CARDS ***
AzureCaper: folds
Uncalled bet ($2) returned to ROCK2010
ROCK2010 collected $2 from pot
ROCK2010: doesn't show hand
*** SUMMARY ***
Total pot $2 | Rake $0
Seat 3: ROCK2010 (big blind) collected ($2)
Seat 5: AzureCaper (button) (small blind) folded before Flop


PokerStars Hand #174489551782:  Hold'em Limit ($3/$6 USD) - 2017/08/18 12:11:18 ET
Table 'Coppelia' 6-max Seat #3 is the button
Seat 3: ROCK2010 ($195.42 in chips)
Seat 5: AzureCaper ($105.38 in chips)
ROCK2010: posts small blind $1
AzureCaper: posts big blind $3
*** HOLE CARDS ***
ROCK2010: calls $2
AzureCaper: raises $3 to $6
ROCK2010: calls $3
*** FLOP *** [Ac Th 4c]
AzureCaper: bets $3
ROCK2010: calls $3
*** TURN *** [Ac Th 4c] [Ts]
AzureCaper: bets $6
ROCK2010: calls $6
*** RIVER *** [Ac Th 4c Ts] [Qh]
AzureCaper: bets $6
ROCK2010: calls $6
*** SHOW DOWN ***
AzureCaper: shows [Jh Ad] (two pair, Aces and Tens)
ROCK2010: mucks hand
AzureCaper collected $41.50 from pot
*** SUMMARY ***
Total pot $42 | Rake $0.50
Board [Ac Th 4c Ts Qh]
Seat 3: ROCK2010 (button) (small blind) mucked
Seat 5: AzureCaper (big blind) showed [Jh Ad] and won ($41.50) with two pair, Aces and Tens


PokerStars Hand #174489544399:  Hold'em Limit ($3/$6 USD) - 2017/08/18 12:11:06 ET
Table 'Coppelia' 6-max Seat #5 is the button
Seat 3: ROCK2010 ($222.42 in chips)
Seat 5: AzureCaper ($78.88 in chips)
AzureCaper: posts small blind $1
ROCK2010: posts big blind $3
*** HOLE CARDS ***
AzureCaper: raises $3 to $6
ROCK2010: calls $3
*** FLOP *** [Tc 9c 7h]
ROCK2010: bets $3
AzureCaper: calls $3
*** TURN *** [Tc 9c 7h] [3s]
ROCK2010: bets $6
AzureCaper: raises $6 to $12
ROCK2010: calls $6
*** RIVER *** [Tc 9c 7h 3s] [4s]
ROCK2010: checks
AzureCaper: bets $6
ROCK2010: calls $6
*** SHOW DOWN ***
AzureCaper: shows [Ks Th] (a pair of Tens)
ROCK2010: mucks hand
AzureCaper collected $53.50 from pot
*** SUMMARY ***
Total pot $54 | Rake $0.50
Board [Tc 9c 7h 3s 4s]
Seat 3: ROCK2010 (big blind) mucked
Seat 5: AzureCaper (button) (small blind) showed [Ks Th] and won ($53.50) with a pair of Tens


PokerStars Hand #174489541783:  Hold'em Limit ($3/$6 USD) - 2017/08/18 12:11:01 ET
Table 'Coppelia' 6-max Seat #3 is the button
Seat 3: ROCK2010 ($223.42 in chips)
Seat 5: AzureCaper ($77.88 in chips)
ROCK2010: posts small blind $1
AzureCaper: posts big blind $3
*** HOLE CARDS ***
ROCK2010: folds
Uncalled bet ($2) returned to AzureCaper
AzureCaper collected $2 from pot
AzureCaper: doesn't show hand
*** SUMMARY ***
Total pot $2 | Rake $0
Seat 3: ROCK2010 (button) (small blind) folded before Flop
Seat 5: AzureCaper (big blind) collected ($2)


PokerStars Hand #174489538966:  Hold'em Limit ($3/$6 USD) - 2017/08/18 12:10:57 ET
Table 'Coppelia' 6-max Seat #5 is the button
Seat 3: ROCK2010 ($226.42 in chips)
Seat 5: AzureCaper ($74.88 in chips)
AzureCaper: posts small blind $1
ROCK2010: posts big blind $3
*** HOLE CARDS ***
AzureCaper: raises $3 to $6
ROCK2010: folds
Uncalled bet ($3) returned to AzureCaper
AzureCaper collected $6 from pot
AzureCaper: doesn't show hand
*** SUMMARY ***
Total pot $6 | Rake $0
Seat 3: ROCK2010 (big blind) folded before Flop
Seat 5: AzureCaper (button) (small blind) collected ($6)


PokerStars Hand #174489532851:  Hold'em Limit ($3/$6 USD) - 2017/08/18 12:10:46 ET
Table 'Coppelia' 6-max Seat #3 is the button
Seat 3: ROCK2010 ($229.42 in chips)
Seat 5: AzureCaper ($72 in chips)
ROCK2010: posts small blind $1
AzureCaper: posts big blind $3
*** HOLE CARDS ***
ROCK2010: calls $2
AzureCaper: checks
*** FLOP *** [Kh 3s 9c]
AzureCaper: checks
ROCK2010: checks
*** TURN *** [Kh 3s 9c] [Ts]
AzureCaper: bets $6
ROCK2010: folds
Uncalled bet ($6) returned to AzureCaper
AzureCaper collected $5.88 from pot
AzureCaper: doesn't show hand
*** SUMMARY ***
Total pot $6 | Rake $0.12
Board [Kh 3s 9c Ts]
Seat 3: ROCK2010 (button) (small blind) folded on the Turn
Seat 5: AzureCaper (big blind) collected ($5.88)


PokerStars Hand #174489594562:  Hold'em Limit ($3/$6 USD) - 2017/08/18 12:12:30 ET
Table 'Coppelia' 6-max Seat #5 is the button
Seat 3: ROCK2010 ($182.42 in chips)
Seat 5: AzureCaper ($116.26 in chips)
AzureCaper: posts small blind $1
ROCK2010: posts big blind $3
*** HOLE CARDS ***
AzureCaper: raises $3 to $6
ROCK2010: raises $3 to $9
AzureCaper: raises $3 to $12
Betting is capped
ROCK2010: calls $3
*** FLOP *** [6c Ah 6h]
ROCK2010: bets $3
AzureCaper: calls $3
*** TURN *** [6c Ah 6h] [Ac]
@92gara42@ joins the table at seat #6
ROCK2010: checks
AzureCaper: checks
*** RIVER *** [6c Ah 6h Ac] [3h]
ROCK2010: bets $6
AzureCaper: calls $6
*** SHOW DOWN ***
ROCK2010: shows [Kc Jd] (two pair, Aces and Sixes)
AzureCaper: mucks hand
ROCK2010 collected $41.50 from pot
*** SUMMARY ***
Total pot $42 | Rake $0.50
Board [6c Ah 6h Ac 3h]
Seat 3: ROCK2010 (big blind) showed [Kc Jd] and won ($41.50) with two pair, Aces and Sixes
Seat 5: AzureCaper (button) (small blind) mucked


PokerStars Hand #174489586198:  Hold'em Limit ($3/$6 USD) - 2017/08/18 12:12:16 ET
Table 'Coppelia' 6-max Seat #3 is the button
Seat 3: ROCK2010 ($158.92 in chips)
Seat 5: AzureCaper ($140.26 in chips)
ROCK2010: posts small blind $1
AzureCaper: posts big blind $3
*** HOLE CARDS ***
ROCK2010: raises $3 to $6
AzureCaper: calls $3
*** FLOP *** [4s 6h Kd]
AzureCaper: checks
ROCK2010: checks
*** TURN *** [4s 6h Kd] [Kh]
AzureCaper: bets $6
ROCK2010: raises $6 to $12
naspirkataa joins the table at seat #4
AzureCaper: calls $6
*** RIVER *** [4s 6h Kd Kh] [Qs]
AzureCaper: checks
ROCK2010: bets $6
AzureCaper: calls $6
*** SHOW DOWN ***
ROCK2010: shows [Kc 5c] (three of a kind, Kings)
AzureCaper: mucks hand
ROCK2010 collected $47.50 from pot
*** SUMMARY ***
Total pot $48 | Rake $0.50
Board [4s 6h Kd Kh Qs]
Seat 3: ROCK2010 (button) (small blind) showed [Kc 5c] and won ($47.50) with three of a kind, Kings
Seat 5: AzureCaper (big blind) mucked


PokerStars Hand #174489575850:  Hold'em Limit ($3/$6 USD) - 2017/08/18 12:11:58 ET
Table 'Coppelia' 6-max Seat #5 is the button
Seat 3: ROCK2010 ($194.92 in chips)
Seat 5: AzureCaper ($104.76 in chips)
AzureCaper: posts small blind $1
ROCK2010: posts big blind $3
*** HOLE CARDS ***
AzureCaper: raises $3 to $6
ROCK2010: raises $3 to $9
AzureCaper: calls $3
*** FLOP *** [Qs Td 5s]
ROCK2010: bets $3
AzureCaper: calls $3
*** TURN *** [Qs Td 5s] [8h]
ROCK2010: bets $6
AzureCaper: raises $6 to $12
ROCK2010: raises $6 to $18
AzureCaper: raises $6 to $24
Betting is capped
ROCK2010: calls $6
*** RIVER *** [Qs Td 5s 8h] [Tc]
ROCK2010: checks
AzureCaper: checks
*** SHOW DOWN ***
ROCK2010: shows [As Kd] (a pair of Tens)
AzureCaper: shows [7h Qh] (two pair, Queens and Tens)
AzureCaper collected $71.50 from pot
*** SUMMARY ***
Total pot $72 | Rake $0.50
Board [Qs Td 5s 8h Tc]
Seat 3: ROCK2010 (big blind) showed [As Kd] and lost with a pair of Tens
Seat 5: AzureCaper (button) (small blind) showed [7h Qh] and won ($71.50) with two pair, Queens and Tens


PokerStars Hand #174489571235:  Hold'em Limit ($3/$6 USD) - 2017/08/18 12:11:51 ET
Table 'Coppelia' 6-max Seat #3 is the button
Seat 3: ROCK2010 ($197.92 in chips)
Seat 5: AzureCaper ($101.88 in chips)
ROCK2010: posts small blind $1
AzureCaper: posts big blind $3
*** HOLE CARDS ***
ROCK2010: calls $2
AzureCaper: checks
*** FLOP *** [2c Ad 4c]
AzureCaper: bets $3
ROCK2010: folds
Uncalled bet ($3) returned to AzureCaper
AzureCaper collected $5.88 from pot
AzureCaper: doesn't show hand
*** SUMMARY ***
Total pot $6 | Rake $0.12
Board [2c Ad 4c]
Seat 3: ROCK2010 (button) (small blind) folded on the Flop
Seat 5: AzureCaper (big blind) collected ($5.88)


PokerStars Hand #174489564250:  Hold'em Limit ($3/$6 USD) - 2017/08/18 12:11:39 ET
Table 'Coppelia' 6-max Seat #5 is the button
Seat 3: ROCK2010 ($174.42 in chips)
Seat 5: AzureCaper ($125.88 in chips)
AzureCaper: posts small blind $1
ROCK2010: posts big blind $3
*** HOLE CARDS ***
AzureCaper: raises $3 to $6
ROCK2010: raises $3 to $9
AzureCaper: calls $3
*** FLOP *** [7s 8c 9d]
ROCK2010: bets $3
AzureCaper: calls $3
*** TURN *** [7s 8c 9d] [8s]
ROCK2010: bets $6
AzureCaper: calls $6
*** RIVER *** [7s 8c 9d 8s] [6h]
ROCK2010: bets $6
AzureCaper: calls $6
*** SHOW DOWN ***
ROCK2010: shows [Qh Ts] (a straight, Six to Ten)
AzureCaper: mucks hand
ROCK2010 collected $47.50 from pot
*** SUMMARY ***
Total pot $48 | Rake $0.50
Board [7s 8c 9d 8s 6h]
Seat 3: ROCK2010 (big blind) showed [Qh Ts] and won ($47.50) with a straight, Six to Ten
Seat 5: AzureCaper (button) (small blind) mucked


PokerStars Hand #174489711110:  Hold'em Limit ($3/$6 USD) - 2017/08/18 12:15:45 ET
Table 'Coppelia' 6-max Seat #6 is the button
Seat 5: AzureCaper ($114.55 in chips)
Seat 6: @92gara42@ ($165.14 in chips)
@92gara42@: posts small blind $1
AzureCaper: posts big blind $3
*** HOLE CARDS ***
@92gara42@: calls $2
AzureCaper: checks
*** FLOP *** [Jh 8h 2s]
AzureCaper: checks
@92gara42@: bets $3
AzureCaper: raises $3 to $6
@92gara42@: calls $3
*** TURN *** [Jh 8h 2s] [8d]
AzureCaper: bets $6
@92gara42@: folds
Uncalled bet ($6) returned to AzureCaper
AzureCaper collected $17.64 from pot
AzureCaper: doesn't show hand
*** SUMMARY ***
Total pot $18 | Rake $0.36
Board [Jh 8h 2s 8d]
Seat 5: AzureCaper (big blind) collected ($17.64)
Seat 6: @92gara42@ (button) (small blind) folded on the Turn


