PokerStars Hand #149591406194:  Hold'em Limit ($3/$6 USD) - 2016/02/28 20:08:07 ET
Table 'Corduba' 6-max Seat #6 is the button
Seat 4: AzureCaper ($72 in chips)
Seat 6: roxy1362 ($135.50 in chips)
roxy1362: posts small blind $1
AzureCaper: posts big blind $3
*** HOLE CARDS ***
roxy1362: raises $3 to $6
AzureCaper: calls $3
*** FLOP *** [4c Td 3d]
AzureCaper: checks
roxy1362: bets $3
AzureCaper: raises $3 to $6
roxy1362: calls $3
*** TURN *** [4c Td 3d] [4d]
AzureCaper: bets $6
roxy1362: calls $6
*** RIVER *** [4c Td 3d 4d] [5c]
AzureCaper: bets $6
roxy1362: raises $6 to $12
AzureCaper: calls $6
*** SHOW DOWN ***
roxy1362: shows [Qd Qh] (two pair, Queens and Fours)
AzureCaper: mucks hand
roxy1362 collected $59.50 from pot
*** SUMMARY ***
Total pot $60 | Rake $0.50
Board [4c Td 3d 4d 5c]
Seat 4: AzureCaper (big blind) mucked
Seat 6: roxy1362 (button) (small blind) showed [Qd Qh] and won ($59.50) with two pair, Queens and Fours


PokerStars Hand #149591403240:  Hold'em Limit ($3/$6 USD) - 2016/02/28 20:08:02 ET
Table 'Corduba' 6-max Seat #4 is the button
Seat 4: AzureCaper ($72 in chips)
Seat 6: roxy1362 ($134.50 in chips)
AzureCaper: posts small blind $1
roxy1362: posts big blind $3
*** HOLE CARDS ***
AzureCaper: folds
Uncalled bet ($2) returned to roxy1362
roxy1362 collected $2 from pot
*** SUMMARY ***
Total pot $2 | Rake $0
Seat 4: AzureCaper (button) (small blind) folded before Flop
Seat 6: roxy1362 (big blind) collected ($2)


PokerStars Hand #149591390259:  Hold'em Limit ($3/$6 USD) - 2016/02/28 20:07:39 ET
Table 'Corduba' 6-max Seat #6 is the button
Seat 4: AzureCaper ($72 in chips)
Seat 6: roxy1362 ($120 in chips)
roxy1362: posts small blind $1
AzureCaper: posts big blind $3
*** HOLE CARDS ***
roxy1362: raises $3 to $6
AzureCaper: calls $3
*** FLOP *** [4d 9d 6h]
AzureCaper: checks
roxy1362: bets $3
AzureCaper: calls $3
*** TURN *** [4d 9d 6h] [Qs]
AzureCaper: checks
roxy1362: bets $6
AzureCaper: calls $6
*** RIVER *** [4d 9d 6h Qs] [4h]
AzureCaper: checks
roxy1362: bets $6
AzureCaper: folds
Uncalled bet ($6) returned to roxy1362
roxy1362 collected $29.50 from pot
*** SUMMARY ***
Total pot $30 | Rake $0.50
Board [4d 9d 6h Qs 4h]
Seat 4: AzureCaper (big blind) folded on the River
Seat 6: roxy1362 (button) (small blind) collected ($29.50)


PokerStars Hand #149591453851:  Hold'em Limit ($3/$6 USD) - 2016/02/28 20:09:31 ET
Table 'Corduba' 6-max Seat #6 is the button
Seat 4: AzureCaper ($78.76 in chips)
Seat 6: roxy1362 ($166.32 in chips)
roxy1362: posts small blind $1
AzureCaper: posts big blind $3
*** HOLE CARDS ***
roxy1362: folds
Uncalled bet ($2) returned to AzureCaper
skripka77740 joins the table at seat #3
AzureCaper collected $2 from pot
*** SUMMARY ***
Total pot $2 | Rake $0
Seat 4: AzureCaper (big blind) collected ($2)
Seat 6: roxy1362 (button) (small blind) folded before Flop


PokerStars Hand #149591449206:  Hold'em Limit ($3/$6 USD) - 2016/02/28 20:09:23 ET
Table 'Corduba' 6-max Seat #4 is the button
Seat 4: AzureCaper ($73 in chips)
Seat 6: roxy1362 ($172.32 in chips)
AzureCaper: posts small blind $1
roxy1362: posts big blind $3
*** HOLE CARDS ***
AzureCaper: raises $3 to $6
roxy1362: calls $3
*** FLOP *** [5h Td Jd]
roxy1362: checks
AzureCaper: bets $3
roxy1362: folds
Uncalled bet ($3) returned to AzureCaper
AzureCaper collected $11.76 from pot
AzureCaper: doesn't show hand
*** SUMMARY ***
Total pot $12 | Rake $0.24
Board [5h Td Jd]
Seat 4: AzureCaper (button) (small blind) collected ($11.76)
Seat 6: roxy1362 (big blind) folded on the Flop


PokerStars Hand #149591446578:  Hold'em Limit ($3/$6 USD) - 2016/02/28 20:09:18 ET
Table 'Corduba' 6-max Seat #6 is the button
Seat 4: AzureCaper ($72 in chips)
Seat 6: roxy1362 ($173.32 in chips)
roxy1362: posts small blind $1
AzureCaper: posts big blind $3
*** HOLE CARDS ***
roxy1362: folds
Uncalled bet ($2) returned to AzureCaper
AzureCaper collected $2 from pot
AzureCaper: doesn't show hand
*** SUMMARY ***
Total pot $2 | Rake $0
Seat 4: AzureCaper (big blind) collected ($2)
Seat 6: roxy1362 (button) (small blind) folded before Flop


PokerStars Hand #149591440548:  Hold'em Limit ($3/$6 USD) - 2016/02/28 20:09:07 ET
Table 'Corduba' 6-max Seat #4 is the button
Seat 4: AzureCaper ($73 in chips)
Seat 6: roxy1362 ($172.32 in chips)
AzureCaper: posts small blind $1
roxy1362: posts big blind $3
*** HOLE CARDS ***
AzureCaper: folds
Uncalled bet ($2) returned to roxy1362
roxy1362 collected $2 from pot
*** SUMMARY ***
Total pot $2 | Rake $0
Seat 4: AzureCaper (button) (small blind) folded before Flop
Seat 6: roxy1362 (big blind) collected ($2)


PokerStars Hand #149591437883:  Hold'em Limit ($3/$6 USD) - 2016/02/28 20:09:03 ET
Table 'Corduba' 6-max Seat #6 is the button
Seat 4: AzureCaper ($72 in chips)
Seat 6: roxy1362 ($173.32 in chips)
roxy1362: posts small blind $1
AzureCaper: posts big blind $3
*** HOLE CARDS ***
roxy1362: folds
Uncalled bet ($2) returned to AzureCaper
AzureCaper collected $2 from pot
AzureCaper: doesn't show hand
*** SUMMARY ***
Total pot $2 | Rake $0
Seat 4: AzureCaper (big blind) collected ($2)
Seat 6: roxy1362 (button) (small blind) folded before Flop


PokerStars Hand #149591431634:  Hold'em Limit ($3/$6 USD) - 2016/02/28 20:08:51 ET
Table 'Corduba' 6-max Seat #4 is the button
Seat 4: AzureCaper ($72 in chips)
Seat 6: roxy1362 ($173.50 in chips)
AzureCaper: posts small blind $1
roxy1362: posts big blind $3
*** HOLE CARDS ***
AzureCaper: raises $3 to $6
roxy1362: calls $3
*** FLOP *** [Jc Tc 7c]
roxy1362: checks
AzureCaper: bets $3
roxy1362: calls $3
*** TURN *** [Jc Tc 7c] [5c]
roxy1362: checks
AzureCaper: checks
*** RIVER *** [Jc Tc 7c 5c] [Ac]
roxy1362: checks
AzureCaper: checks
*** SHOW DOWN ***
roxy1362: shows [Qd Jd] (a flush, Ace high)
AzureCaper: shows [3h 3c] (a flush, Ace high)
roxy1362 collected $8.82 from pot
AzureCaper collected $8.82 from pot
*** SUMMARY ***
Total pot $18 | Rake $0.36
Board [Jc Tc 7c 5c Ac]
Seat 4: AzureCaper (button) (small blind) showed [3h 3c] and won ($8.82) with a flush, Ace high
Seat 6: roxy1362 (big blind) showed [Qd Jd] and won ($8.82) with a flush, Ace high


PokerStars Hand #149591423625:  Hold'em Limit ($3/$6 USD) - 2016/02/28 20:08:37 ET
Table 'Corduba' 6-max Seat #6 is the button
Seat 4: AzureCaper ($80.64 in chips)
Seat 6: roxy1362 ($156 in chips)
roxy1362: posts small blind $1
AzureCaper: posts big blind $3
*** HOLE CARDS ***
roxy1362: raises $3 to $6
AzureCaper: calls $3
*** FLOP *** [3c Qc 8s]
AzureCaper: checks
roxy1362: bets $3
AzureCaper: raises $3 to $6
roxy1362: calls $3
*** TURN *** [3c Qc 8s] [Ac]
AzureCaper: bets $6
roxy1362: calls $6
*** RIVER *** [3c Qc 8s Ac] [Jh]
AzureCaper: checks
roxy1362: bets $6
AzureCaper: folds
Uncalled bet ($6) returned to roxy1362
roxy1362 collected $35.50 from pot
*** SUMMARY ***
Total pot $36 | Rake $0.50
Board [3c Qc 8s Ac Jh]
Seat 4: AzureCaper (big blind) folded on the River
Seat 6: roxy1362 (button) (small blind) collected ($35.50)


PokerStars Hand #149591415626:  Hold'em Limit ($3/$6 USD) - 2016/02/28 20:08:23 ET
Table 'Corduba' 6-max Seat #4 is the button
Seat 4: AzureCaper ($72 in chips)
Seat 6: roxy1362 ($165 in chips)
AzureCaper: posts small blind $1
roxy1362: posts big blind $3
*** HOLE CARDS ***
AzureCaper: raises $3 to $6
roxy1362: calls $3
*** FLOP *** [5d 2d Js]
roxy1362: checks
AzureCaper: bets $3
roxy1362: calls $3
*** TURN *** [5d 2d Js] [6s]
roxy1362: checks
AzureCaper: checks
*** RIVER *** [5d 2d Js 6s] [Ts]
roxy1362: checks
AzureCaper: checks
*** SHOW DOWN ***
roxy1362: shows [Qd 4c] (high card Queen)
AzureCaper: shows [3c As] (high card Ace)
AzureCaper collected $17.64 from pot
*** SUMMARY ***
Total pot $18 | Rake $0.36
Board [5d 2d Js 6s Ts]
Seat 4: AzureCaper (button) (small blind) showed [3c As] and won ($17.64) with high card Ace
Seat 6: roxy1362 (big blind) showed [Qd 4c] and lost with high card Queen


PokerStars Hand #149591456583:  Hold'em Limit ($3/$6 USD) - 2016/02/28 20:09:36 ET
Table 'Corduba' 6-max Seat #4 is the button
Seat 4: AzureCaper ($79.76 in chips)
Seat 6: roxy1362 ($165.32 in chips)
AzureCaper: posts small blind $1
roxy1362: posts big blind $3
*** HOLE CARDS ***
AzureCaper: folds
Uncalled bet ($2) returned to roxy1362
roxy1362 collected $2 from pot
*** SUMMARY ***
Total pot $2 | Rake $0
Seat 4: AzureCaper (button) (small blind) folded before Flop
Seat 6: roxy1362 (big blind) collected ($2)


PokerStars Hand #149592713644:  Hold'em Limit ($3/$6 USD) - 2016/02/28 20:49:56 ET
Table 'Corduba' 6-max Seat #5 is the button
Seat 1: Chessnok ($313.70 in chips)
Seat 5: rascal_319 ($323.18 in chips)
rascal_319: posts small blind $1
Chessnok: posts big blind $3
*** HOLE CARDS ***
rascal_319: raises $3 to $6
Chessnok: folds
Uncalled bet ($3) returned to rascal_319
rascal_319 collected $6 from pot
*** SUMMARY ***
Total pot $6 | Rake $0
Seat 1: Chessnok (big blind) folded before Flop
Seat 5: rascal_319 (button) (small blind) collected ($6)


PokerStars Hand #149592716284:  Hold'em Limit ($3/$6 USD) - 2016/02/28 20:50:02 ET
Table 'Corduba' 6-max Seat #1 is the button
Seat 1: Chessnok ($310.70 in chips)
Seat 5: rascal_319 ($326.18 in chips)
Chessnok: posts small blind $1
rascal_319: posts big blind $3
*** HOLE CARDS ***
Chessnok: raises $3 to $6
rascal_319: folds
Uncalled bet ($3) returned to Chessnok
Chessnok collected $6 from pot
Chessnok: doesn't show hand
*** SUMMARY ***
Total pot $6 | Rake $0
Seat 1: Chessnok (button) (small blind) collected ($6)
Seat 5: rascal_319 (big blind) folded before Flop


PokerStars Hand #149592750982:  Hold'em Limit ($3/$6 USD) - 2016/02/28 20:51:15 ET
Table 'Corduba' 6-max Seat #1 is the button
Seat 1: Chessnok ($360.24 in chips)
Seat 5: rascal_319 ($304.18 in chips)
Chessnok: posts small blind $1
rascal_319: posts big blind $3
*** HOLE CARDS ***
Chessnok: raises $3 to $6
rascal_319: calls $3
*** FLOP *** [Ts Ah 7c]
rascal_319: checks
Chessnok: bets $3
rascal_319: raises $3 to $6
Chessnok: calls $3
*** TURN *** [Ts Ah 7c] [As]
rascal_319: bets $6
JMMROCHA leaves the table
Chessnok: calls $6
*** RIVER *** [Ts Ah 7c As] [6d]
rascal_319: bets $6
Chessnok: calls $6
*** SHOW DOWN ***
rascal_319: shows [8s Js] (a pair of Aces)
Chessnok: shows [9c 9h] (two pair, Aces and Nines)
Chessnok collected $47.50 from pot
*** SUMMARY ***
Total pot $48 | Rake $0.50
Board [Ts Ah 7c As 6d]
Seat 1: Chessnok (button) (small blind) showed [9c 9h] and won ($47.50) with two pair, Aces and Nines
Seat 5: rascal_319 (big blind) showed [8s Js] and lost with a pair of Aces


