PokerStars Hand #161133966305:  Hold'em Limit ($3/$6 USD) - 2016/11/09 7:04:55 ET
Table 'Corduba' 6-max Seat #6 is the button
Seat 4: VolkovDmitri ($120 in chips)
Seat 6: crybaby000 ($40 in chips)
crybaby000: posts small blind $1
VolkovDmitri: posts big blind $3
*** HOLE CARDS ***
crybaby000: calls $2
VolkovDmitri: raises $3 to $6
crybaby000: calls $3
*** FLOP *** [8s 4d 7d]
VolkovDmitri: bets $3
crybaby000: calls $3
*** TURN *** [8s 4d 7d] [9h]
VolkovDmitri: checks
crybaby000: bets $6
VolkovDmitri: calls $6
*** RIVER *** [8s 4d 7d 9h] [Tc]
VolkovDmitri: bets $6
crybaby000: calls $6
*** SHOW DOWN ***
VolkovDmitri: shows [Ts 4c] (two pair, Tens and Fours)
crybaby000: mucks hand
VolkovDmitri collected $41.50 from pot
*** SUMMARY ***
Total pot $42 | Rake $0.50
Board [8s 4d 7d 9h Tc]
Seat 4: VolkovDmitri (big blind) showed [Ts 4c] and won ($41.50) with two pair, Tens and Fours
Seat 6: crybaby000 (button) (small blind) mucked


PokerStars Hand #161134020241:  Hold'em Limit ($3/$6 USD) - 2016/11/09 7:06:49 ET
Table 'Corduba' 6-max Seat #4 is the button
Seat 4: VolkovDmitri ($125.25 in chips)
Seat 6: crybaby000 ($33.25 in chips)
VolkovDmitri: posts small blind $1
crybaby000: posts big blind $3
*** HOLE CARDS ***
VolkovDmitri: folds
Uncalled bet ($2) returned to crybaby000
crybaby000 collected $2 from pot
*** SUMMARY ***
Total pot $2 | Rake $0
Seat 4: VolkovDmitri (button) (small blind) folded before Flop
Seat 6: crybaby000 (big blind) collected ($2)


PokerStars Hand #161134003548:  Hold'em Limit ($3/$6 USD) - 2016/11/09 7:06:14 ET
Table 'Corduba' 6-max Seat #6 is the button
Seat 4: VolkovDmitri ($140.25 in chips)
Seat 6: crybaby000 ($18.75 in chips)
crybaby000: posts small blind $1
VolkovDmitri: posts big blind $3
*** HOLE CARDS ***
crybaby000: calls $2
VolkovDmitri: raises $3 to $6
crybaby000: calls $3
*** FLOP *** [7h As Ts]
VolkovDmitri: bets $3
crybaby000: calls $3
*** TURN *** [7h As Ts] [3s]
VolkovDmitri: bets $6
crybaby000: calls $6
*** RIVER *** [7h As Ts 3s] [Kd]
VolkovDmitri: checks
crybaby000: checks
*** SHOW DOWN ***
VolkovDmitri: shows [Qd 3h] (a pair of Threes)
crybaby000: shows [4d 7d] (a pair of Sevens)
crybaby000 collected $29.50 from pot
*** SUMMARY ***
Total pot $30 | Rake $0.50
Board [7h As Ts 3s Kd]
Seat 4: VolkovDmitri (big blind) showed [Qd 3h] and lost with a pair of Threes
Seat 6: crybaby000 (button) (small blind) showed [4d 7d] and won ($29.50) with a pair of Sevens


PokerStars Hand #161133987463:  Hold'em Limit ($3/$6 USD) - 2016/11/09 7:05:40 ET
Table 'Corduba' 6-max Seat #4 is the button
Seat 4: VolkovDmitri ($140.50 in chips)
Seat 6: crybaby000 ($19 in chips)
VolkovDmitri: posts small blind $1
crybaby000: posts big blind $3
*** HOLE CARDS ***
VolkovDmitri: raises $3 to $6
crybaby000: calls $3
*** FLOP *** [Jc Kd Js]
crybaby000: bets $3
VolkovDmitri: calls $3
*** TURN *** [Jc Kd Js] [4h]
crybaby000: bets $6
VolkovDmitri: raises $6 to $12
crybaby000: calls $4 and is all-in
Uncalled bet ($2) returned to VolkovDmitri
*** RIVER *** [Jc Kd Js 4h] [9h]
*** SHOW DOWN ***
crybaby000: shows [6h Ad] (a pair of Jacks)
VolkovDmitri: shows [Ac 6s] (a pair of Jacks)
crybaby000 collected $18.75 from pot
VolkovDmitri collected $18.75 from pot
*** SUMMARY ***
Total pot $38 | Rake $0.50
Board [Jc Kd Js 4h 9h]
Seat 4: VolkovDmitri (button) (small blind) showed [Ac 6s] and won ($18.75) with a pair of Jacks
Seat 6: crybaby000 (big blind) showed [6h Ad] and won ($18.75) with a pair of Jacks


PokerStars Hand #161134027510:  Hold'em Limit ($3/$6 USD) - 2016/11/09 7:07:04 ET
Table 'Corduba' 6-max Seat #6 is the button
Seat 4: VolkovDmitri ($124.25 in chips)
Seat 6: crybaby000 ($34.25 in chips)
crybaby000: posts small blind $1
VolkovDmitri: posts big blind $3
*** HOLE CARDS ***
crybaby000: raises $3 to $6
VolkovDmitri: raises $3 to $9
crybaby000: calls $3
*** FLOP *** [2s 8h Ah]
VolkovDmitri: bets $3
crybaby000: calls $3
*** TURN *** [2s 8h Ah] [Ts]
VolkovDmitri: bets $6
crybaby000: calls $6
*** RIVER *** [2s 8h Ah Ts] [Qh]
VolkovDmitri: bets $6
crybaby000: calls $6
*** SHOW DOWN ***
VolkovDmitri: shows [3c Ac] (a pair of Aces)
crybaby000: mucks hand
VolkovDmitri collected $47.50 from pot
*** SUMMARY ***
Total pot $48 | Rake $0.50
Board [2s 8h Ah Ts Qh]
Seat 4: VolkovDmitri (big blind) showed [3c Ac] and won ($47.50) with a pair of Aces
Seat 6: crybaby000 (button) (small blind) mucked


PokerStars Hand #161134052875:  Hold'em Limit ($3/$6 USD) - 2016/11/09 7:07:58 ET
Table 'Corduba' 6-max Seat #4 is the button
Seat 4: VolkovDmitri ($147.75 in chips)
Seat 6: crybaby000 ($10.25 in chips)
VolkovDmitri: posts small blind $1
crybaby000: posts big blind $3
*** HOLE CARDS ***
VolkovDmitri: raises $3 to $6
crybaby000: raises $3 to $9
VolkovDmitri: calls $3
*** FLOP *** [5d 2s 9d]
crybaby000: bets $1.25 and is all-in
VolkovDmitri: calls $1.25
*** TURN *** [5d 2s 9d] [2d]
*** RIVER *** [5d 2s 9d 2d] [7d]
*** SHOW DOWN ***
crybaby000: shows [8c Tc] (a pair of Deuces)
VolkovDmitri: shows [Kc Td] (a flush, Ten high)
VolkovDmitri collected $20.09 from pot
*** SUMMARY ***
Total pot $20.50 | Rake $0.41
Board [5d 2s 9d 2d 7d]
Seat 4: VolkovDmitri (button) (small blind) showed [Kc Td] and won ($20.09) with a flush, Ten high
Seat 6: crybaby000 (big blind) showed [8c Tc] and lost with a pair of Deuces


PokerStars Hand #161134092551:  Hold'em Limit ($3/$6 USD) - 2016/11/09 7:09:20 ET
Table 'Corduba' 6-max Seat #4 is the button
Seat 4: VolkovDmitri ($154.59 in chips)
Seat 6: crybaby000 ($81.88 in chips)
VolkovDmitri: posts small blind $1
crybaby000: posts big blind $3
*** HOLE CARDS ***
VolkovDmitri: raises $3 to $6
crybaby000: calls $3
*** FLOP *** [Ah Jc 5c]
crybaby000: checks
VolkovDmitri: bets $3
crybaby000: folds
Uncalled bet ($3) returned to VolkovDmitri
VolkovDmitri collected $11.76 from pot
VolkovDmitri: doesn't show hand
*** SUMMARY ***
Total pot $12 | Rake $0.24
Board [Ah Jc 5c]
Seat 4: VolkovDmitri (button) (small blind) collected ($11.76)
Seat 6: crybaby000 (big blind) folded on the Flop


PokerStars Hand #161134075021:  Hold'em Limit ($3/$6 USD) - 2016/11/09 7:08:44 ET
Table 'Corduba' 6-max Seat #6 is the button
Seat 4: VolkovDmitri ($157.59 in chips)
Seat 6: crybaby000 ($79 in chips)
crybaby000: posts small blind $1
VolkovDmitri: posts big blind $3
*** HOLE CARDS ***
crybaby000: calls $2
VolkovDmitri: checks
*** FLOP *** [7c Qc 7h]
VolkovDmitri: checks
crybaby000: bets $3
VolkovDmitri: folds
Uncalled bet ($3) returned to crybaby000
crybaby000 collected $5.88 from pot
*** SUMMARY ***
Total pot $6 | Rake $0.12
Board [7c Qc 7h]
Seat 4: VolkovDmitri (big blind) folded on the Flop
Seat 6: crybaby000 (button) (small blind) collected ($5.88)


PokerStars Hand #161134104561:  Hold'em Limit ($3/$6 USD) - 2016/11/09 7:09:46 ET
Table 'Corduba' 6-max Seat #6 is the button
Seat 4: VolkovDmitri ($160.35 in chips)
Seat 6: crybaby000 ($75.88 in chips)
crybaby000: posts small blind $1
VolkovDmitri: posts big blind $3
*** HOLE CARDS ***
crybaby000: calls $2
VolkovDmitri: raises $3 to $6
crybaby000: calls $3
*** FLOP *** [Kd Qh 4c]
VolkovDmitri: checks
crybaby000: checks
*** TURN *** [Kd Qh 4c] [4h]
VolkovDmitri: checks
crybaby000: checks
*** RIVER *** [Kd Qh 4c 4h] [8s]
VolkovDmitri: checks
crybaby000: bets $6
VolkovDmitri: calls $6
*** SHOW DOWN ***
crybaby000: shows [8c 5c] (two pair, Eights and Fours)
VolkovDmitri: mucks hand
crybaby000 collected $23.52 from pot
*** SUMMARY ***
Total pot $24 | Rake $0.48
Board [Kd Qh 4c 4h 8s]
Seat 4: VolkovDmitri (big blind) mucked
Seat 6: crybaby000 (button) (small blind) showed [8c 5c] and won ($23.52) with two pair, Eights and Fours


PokerStars Hand #161134128694:  Hold'em Limit ($3/$6 USD) - 2016/11/09 7:10:36 ET
Table 'Corduba' 6-max Seat #4 is the button
Seat 4: VolkovDmitri ($148.35 in chips)
Seat 6: crybaby000 ($87.40 in chips)
VolkovDmitri: posts small blind $1
crybaby000: posts big blind $3
*** HOLE CARDS ***
VolkovDmitri: raises $3 to $6
crybaby000: calls $3
*** FLOP *** [6h Qh 7s]
crybaby000: checks
VolkovDmitri: bets $3
crybaby000: calls $3
*** TURN *** [6h Qh 7s] [Jc]
crybaby000: checks
VolkovDmitri: bets $6
ABATAPP joins the table at seat #1
crybaby000: folds
Uncalled bet ($6) returned to VolkovDmitri
VolkovDmitri collected $17.64 from pot
VolkovDmitri: doesn't show hand
*** SUMMARY ***
Total pot $18 | Rake $0.36
Board [6h Qh 7s Jc]
Seat 4: VolkovDmitri (button) (small blind) collected ($17.64)
Seat 6: crybaby000 (big blind) folded on the Turn


PokerStars Hand #161135910263:  Hold'em Limit ($3/$6 USD) - 2016/11/09 8:09:49 ET
Table 'Corduba' 6-max Seat #2 is the button
Seat 2: liamOS ($209.91 in chips)
Seat 4: sinsadir ($104.62 in chips)
liamOS: posts small blind $1
Psynto: is sitting out
sinsadir: posts big blind $3
*** HOLE CARDS ***
Psynto leaves the table
liamOS: calls $2
sinsadir: raises $3 to $6
liamOS: calls $3
*** FLOP *** [3c 4d Qc]
sinsadir: bets $3
liamOS: calls $3
*** TURN *** [3c 4d Qc] [Ad]
sinsadir: checks
liamOS: bets $6
sinsadir: folds
Uncalled bet ($6) returned to liamOS
liamOS collected $17.64 from pot
liamOS: doesn't show hand
*** SUMMARY ***
Total pot $18 | Rake $0.36
Board [3c 4d Qc Ad]
Seat 2: liamOS (button) (small blind) collected ($17.64)
Seat 4: sinsadir (big blind) folded on the Turn


PokerStars Hand #161135926725:  Hold'em Limit ($3/$6 USD) - 2016/11/09 8:10:19 ET
Table 'Corduba' 6-max Seat #4 is the button
Seat 2: liamOS ($218.55 in chips)
Seat 4: sinsadir ($95.62 in chips)
sinsadir: posts small blind $1
liamOS: posts big blind $3
*** HOLE CARDS ***
sinsadir: raises $3 to $6
liamOS: calls $3
*** FLOP *** [Ks 5s 7d]
liamOS: checks
sinsadir: bets $3
liamOS: folds
Uncalled bet ($3) returned to sinsadir
sinsadir collected $11.76 from pot
sinsadir: doesn't show hand
*** SUMMARY ***
Total pot $12 | Rake $0.24
Board [Ks 5s 7d]
Seat 2: liamOS (big blind) folded on the Flop
Seat 4: sinsadir (button) (small blind) collected ($11.76)


PokerStars Hand #161135977570:  Hold'em Limit ($3/$6 USD) - 2016/11/09 8:11:53 ET
Table 'Corduba' 6-max Seat #2 is the button
Seat 2: liamOS ($221.05 in chips)
Seat 4: sinsadir ($92.14 in chips)
liamOS: posts small blind $1
sinsadir: posts big blind $3
*** HOLE CARDS ***
liamOS: raises $3 to $6
sinsadir: calls $3
*** FLOP *** [8h 6c Qc]
sinsadir: bets $3
liamOS: calls $3
*** TURN *** [8h 6c Qc] [2c]
sinsadir: bets $6
liamOS: folds
Uncalled bet ($6) returned to sinsadir
sinsadir collected $17.64 from pot
sinsadir: doesn't show hand
*** SUMMARY ***
Total pot $18 | Rake $0.36
Board [8h 6c Qc 2c]
Seat 2: liamOS (button) (small blind) folded on the Turn
Seat 4: sinsadir (big blind) collected ($17.64)


PokerStars Hand #161135942151:  Hold'em Limit ($3/$6 USD) - 2016/11/09 8:10:48 ET
Table 'Corduba' 6-max Seat #2 is the button
Seat 2: liamOS ($212.55 in chips)
Seat 4: sinsadir ($101.38 in chips)
liamOS: posts small blind $1
sinsadir: posts big blind $3
*** HOLE CARDS ***
liamOS: raises $3 to $6
sinsadir: calls $3
*** FLOP *** [9d Qs 6d]
sinsadir: checks
liamOS: checks
*** TURN *** [9d Qs 6d] [Qc]
sinsadir: bets $6
liamOS: folds
Uncalled bet ($6) returned to sinsadir
sinsadir collected $11.76 from pot
sinsadir: doesn't show hand
*** SUMMARY ***
Total pot $12 | Rake $0.24
Board [9d Qs 6d Qc]
Seat 2: liamOS (button) (small blind) folded on the Turn
Seat 4: sinsadir (big blind) collected ($11.76)


PokerStars Hand #161135965895:  Hold'em Limit ($3/$6 USD) - 2016/11/09 8:11:32 ET
Table 'Corduba' 6-max Seat #4 is the button
Seat 2: liamOS ($206.55 in chips)
Seat 4: sinsadir ($107.14 in chips)
sinsadir: posts small blind $1
liamOS: posts big blind $3
*** HOLE CARDS ***
sinsadir: raises $3 to $6
liamOS: calls $3
*** FLOP *** [6d Qs Ts]
liamOS: checks
sinsadir: bets $3
liamOS: calls $3
*** TURN *** [6d Qs Ts] [Jd]
liamOS: checks
sinsadir: bets $6
liamOS: calls $6
*** RIVER *** [6d Qs Ts Jd] [5s]
liamOS: checks
sinsadir: checks
*** SHOW DOWN ***
liamOS: shows [6c 8h] (a pair of Sixes)
sinsadir: mucks hand
liamOS collected $29.50 from pot
*** SUMMARY ***
Total pot $30 | Rake $0.50
Board [6d Qs Ts Jd 5s]
Seat 2: liamOS (big blind) showed [6c 8h] and won ($29.50) with a pair of Sixes
Seat 4: sinsadir (button) (small blind) mucked


PokerStars Hand #161136012542:  Hold'em Limit ($3/$6 USD) - 2016/11/09 8:12:57 ET
Table 'Corduba' 6-max Seat #2 is the button
Seat 2: liamOS ($191.05 in chips)
Seat 4: sinsadir ($121.28 in chips)
liamOS: posts small blind $1
sinsadir: posts big blind $3
*** HOLE CARDS ***
liamOS: raises $3 to $6
sinsadir: raises $3 to $9
liamOS: raises $3 to $12
Betting is capped
sinsadir: calls $3
*** FLOP *** [Ah Tc Ks]
sinsadir: bets $3
liamOS: raises $3 to $6
sinsadir: raises $3 to $9
liamOS: raises $3 to $12
Betting is capped
sinsadir: calls $3
*** TURN *** [Ah Tc Ks] [Jh]
sinsadir: bets $6
liamOS: raises $6 to $12
sinsadir: calls $6
*** RIVER *** [Ah Tc Ks Jh] [8c]
sinsadir: checks
liamOS: bets $6
sinsadir: calls $6
*** SHOW DOWN ***
liamOS: shows [Qc 8h] (a straight, Ten to Ace)
sinsadir: mucks hand
liamOS collected $83.50 from pot
*** SUMMARY ***
Total pot $84 | Rake $0.50
Board [Ah Tc Ks Jh 8c]
Seat 2: liamOS (button) (small blind) showed [Qc 8h] and won ($83.50) with a straight, Ten to Ace
Seat 4: sinsadir (big blind) mucked


PokerStars Hand #161135994312:  Hold'em Limit ($3/$6 USD) - 2016/11/09 8:12:24 ET
Table 'Corduba' 6-max Seat #4 is the button
Seat 2: liamOS ($212.05 in chips)
Seat 4: sinsadir ($100.78 in chips)
sinsadir: posts small blind $1
liamOS: posts big blind $3
*** HOLE CARDS ***
sinsadir: raises $3 to $6
liamOS: calls $3
*** FLOP *** [3c 5s 8s]
liamOS: checks
sinsadir: bets $3
liamOS: calls $3
*** TURN *** [3c 5s 8s] [Jh]
liamOS: checks
sinsadir: bets $6
liamOS: calls $6
*** RIVER *** [3c 5s 8s Jh] [Qh]
liamOS: checks
sinsadir: bets $6
liamOS: calls $6
*** SHOW DOWN ***
sinsadir: shows [5c 6s] (a pair of Fives)
liamOS: mucks hand
sinsadir collected $41.50 from pot
*** SUMMARY ***
Total pot $42 | Rake $0.50
Board [3c 5s 8s Jh Qh]
Seat 2: liamOS (big blind) mucked
Seat 4: sinsadir (button) (small blind) showed [5c 6s] and won ($41.50) with a pair of Fives


PokerStars Hand #161136040799:  Hold'em Limit ($3/$6 USD) - 2016/11/09 8:13:49 ET
Table 'Corduba' 6-max Seat #2 is the button
Seat 2: liamOS ($199.55 in chips)
Seat 4: sinsadir ($111.78 in chips)
liamOS: posts small blind $1
sinsadir: posts big blind $3
*** HOLE CARDS ***
liamOS: raises $3 to $6
sinsadir: calls $3
*** FLOP *** [Qd Ts Ac]
sinsadir: checks
liamOS: checks
*** TURN *** [Qd Ts Ac] [2s]
sinsadir: bets $6
liamOS: calls $6
*** RIVER *** [Qd Ts Ac 2s] [2d]
sinsadir: checks
liamOS: bets $6
sinsadir: folds
Uncalled bet ($6) returned to liamOS
liamOS collected $23.52 from pot
*** SUMMARY ***
Total pot $24 | Rake $0.48
Board [Qd Ts Ac 2s 2d]
Seat 2: liamOS (button) (small blind) collected ($23.52)
Seat 4: sinsadir (big blind) folded on the River


PokerStars Hand #161136028115:  Hold'em Limit ($3/$6 USD) - 2016/11/09 8:13:25 ET
Table 'Corduba' 6-max Seat #4 is the button
Seat 2: liamOS ($232.55 in chips)
Seat 4: sinsadir ($79.28 in chips)
sinsadir: posts small blind $1
liamOS: posts big blind $3
*** HOLE CARDS ***
sinsadir: raises $3 to $6
liamOS: raises $3 to $9
sinsadir: calls $3
*** FLOP *** [5h Jd Ts]
liamOS: bets $3
sinsadir: raises $3 to $6
liamOS: raises $3 to $9
sinsadir: raises $3 to $12
Betting is capped
liamOS: calls $3
*** TURN *** [5h Jd Ts] [4c]
liamOS: bets $6
sinsadir: calls $6
*** RIVER *** [5h Jd Ts 4c] [9h]
liamOS: bets $6
sinsadir: calls $6
*** SHOW DOWN ***
liamOS: shows [Qc Jc] (a pair of Jacks)
sinsadir: shows [Kc Js] (a pair of Jacks - King kicker)
sinsadir collected $65.50 from pot
*** SUMMARY ***
Total pot $66 | Rake $0.50
Board [5h Jd Ts 4c 9h]
Seat 2: liamOS (big blind) showed [Qc Jc] and lost with a pair of Jacks
Seat 4: sinsadir (button) (small blind) showed [Kc Js] and won ($65.50) with a pair of Jacks


PokerStars Hand #161136070907:  Hold'em Limit ($3/$6 USD) - 2016/11/09 8:14:45 ET
Table 'Corduba' 6-max Seat #2 is the button
Seat 2: liamOS ($184.07 in chips)
Seat 4: sinsadir ($126.28 in chips)
liamOS: posts small blind $1
sinsadir: posts big blind $3
*** HOLE CARDS ***
liamOS: folds
Uncalled bet ($2) returned to sinsadir
sinsadir collected $2 from pot
sinsadir: doesn't show hand
*** SUMMARY ***
Total pot $2 | Rake $0
Seat 2: liamOS (button) (small blind) folded before Flop
Seat 4: sinsadir (big blind) collected ($2)


PokerStars Hand #161136056377:  Hold'em Limit ($3/$6 USD) - 2016/11/09 8:14:17 ET
Table 'Corduba' 6-max Seat #4 is the button
Seat 2: liamOS ($211.07 in chips)
Seat 4: sinsadir ($99.78 in chips)
sinsadir: posts small blind $1
liamOS: posts big blind $3
*** HOLE CARDS ***
sinsadir: raises $3 to $6
liamOS: calls $3
*** FLOP *** [5h 4s 9s]
liamOS: checks
sinsadir: bets $3
liamOS: calls $3
*** TURN *** [5h 4s 9s] [4c]
liamOS: checks
sinsadir: bets $6
liamOS: raises $6 to $12
sinsadir: calls $6
*** RIVER *** [5h 4s 9s 4c] [6s]
liamOS: bets $6
sinsadir: calls $6
*** SHOW DOWN ***
liamOS: shows [Jh Qs] (a pair of Fours)
sinsadir: shows [Ad 2c] (a pair of Fours - Ace kicker)
sinsadir collected $53.50 from pot
*** SUMMARY ***
Total pot $54 | Rake $0.50
Board [5h 4s 9s 4c 6s]
Seat 2: liamOS (big blind) showed [Jh Qs] and lost with a pair of Fours
Seat 4: sinsadir (button) (small blind) showed [Ad 2c] and won ($53.50) with a pair of Fours


PokerStars Hand #161136074314:  Hold'em Limit ($3/$6 USD) - 2016/11/09 8:14:51 ET
Table 'Corduba' 6-max Seat #4 is the button
Seat 2: liamOS ($183.07 in chips)
Seat 4: sinsadir ($127.28 in chips)
sinsadir: posts small blind $1
liamOS: posts big blind $3
*** HOLE CARDS ***
sinsadir: raises $3 to $6
liamOS: calls $3
*** FLOP *** [6d 3d 6s]
liamOS: checks
sinsadir: bets $3
liamOS: calls $3
*** TURN *** [6d 3d 6s] [Qs]
liamOS: checks
sinsadir: checks
*** RIVER *** [6d 3d 6s Qs] [5h]
liamOS: checks
sinsadir: checks
*** SHOW DOWN ***
liamOS: shows [9h 7c] (a pair of Sixes)
sinsadir: shows [Js 7d] (a pair of Sixes - Queen+Jack kicker)
sinsadir collected $17.64 from pot
*** SUMMARY ***
Total pot $18 | Rake $0.36
Board [6d 3d 6s Qs 5h]
Seat 2: liamOS (big blind) showed [9h 7c] and lost with a pair of Sixes
Seat 4: sinsadir (button) (small blind) showed [Js 7d] and won ($17.64) with a pair of Sixes


PokerStars Hand #161136083363:  Hold'em Limit ($3/$6 USD) - 2016/11/09 8:15:08 ET
Table 'Corduba' 6-max Seat #2 is the button
Seat 2: liamOS ($174.07 in chips)
Seat 4: sinsadir ($135.92 in chips)
liamOS: posts small blind $1
sinsadir: posts big blind $3
*** HOLE CARDS ***
liamOS: raises $3 to $6
sinsadir: calls $3
*** FLOP *** [Qd Js Kc]
sinsadir: checks
liamOS: bets $3
sinsadir: folds
Uncalled bet ($3) returned to liamOS
liamOS collected $11.76 from pot
*** SUMMARY ***
Total pot $12 | Rake $0.24
Board [Qd Js Kc]
Seat 2: liamOS (button) (small blind) collected ($11.76)
Seat 4: sinsadir (big blind) folded on the Flop


PokerStars Hand #161136122772:  Hold'em Limit ($3/$6 USD) - 2016/11/09 8:16:20 ET
Table 'Corduba' 6-max Seat #2 is the button
Seat 2: liamOS ($164.83 in chips)
Seat 4: sinsadir ($144.42 in chips)
liamOS: posts small blind $1
sinsadir: posts big blind $3
*** HOLE CARDS ***
liamOS: folds
Uncalled bet ($2) returned to sinsadir
sinsadir collected $2 from pot
sinsadir: doesn't show hand
*** SUMMARY ***
Total pot $2 | Rake $0
Seat 2: liamOS (button) (small blind) folded before Flop
Seat 4: sinsadir (big blind) collected ($2)


PokerStars Hand #161136102769:  Hold'em Limit ($3/$6 USD) - 2016/11/09 8:15:44 ET
Table 'Corduba' 6-max Seat #4 is the button
Seat 2: liamOS ($179.83 in chips)
Seat 4: sinsadir ($129.92 in chips)
sinsadir: posts small blind $1
liamOS: posts big blind $3
*** HOLE CARDS ***
sinsadir: raises $3 to $6
liamOS: calls $3
*** FLOP *** [8c 3h 5d]
liamOS: checks
sinsadir: bets $3
liamOS: calls $3
*** TURN *** [8c 3h 5d] [5c]
liamOS: checks
sinsadir: bets $6
liamOS: calls $6
*** RIVER *** [8c 3h 5d 5c] [Jh]
liamOS: checks
sinsadir: checks
*** SHOW DOWN ***
liamOS: shows [Td 9c] (a pair of Fives)
sinsadir: shows [Ts As] (a pair of Fives - Ace kicker)
sinsadir collected $29.50 from pot
*** SUMMARY ***
Total pot $30 | Rake $0.50
Board [8c 3h 5d 5c Jh]
Seat 2: liamOS (big blind) showed [Td 9c] and lost with a pair of Fives
Seat 4: sinsadir (button) (small blind) showed [Ts As] and won ($29.50) with a pair of Fives


