PokerStars Hand #149393389296:  Hold'em Limit ($3/$6 USD) - 2016/02/25 11:10:41 ET
Table 'Cordelia' 6-max Seat #6 is the button
Seat 3: Mordnilap ($77.76 in chips)
Seat 6: anetkaapro ($89.50 in chips)
anetkaapro: posts small blind $1
Mordnilap: posts big blind $3
*** HOLE CARDS ***
Leblanc1 joins the table at seat #1
anetkaapro: folds
Uncalled bet ($2) returned to Mordnilap
Mordnilap collected $2 from pot
Mordnilap: doesn't show hand
*** SUMMARY ***
Total pot $2 | Rake $0
Seat 3: Mordnilap (big blind) collected ($2)
Seat 6: anetkaapro (button) (small blind) folded before Flop


PokerStars Hand #149393383099:  Hold'em Limit ($3/$6 USD) - 2016/02/25 11:10:33 ET
Table 'Cordelia' 6-max Seat #3 is the button
Seat 3: Mordnilap ($72 in chips)
Seat 6: anetkaapro ($95.50 in chips)
Mordnilap: posts small blind $1
anetkaapro: posts big blind $3
*** HOLE CARDS ***
Mordnilap: raises $3 to $6
anetkaapro: calls $3
*** FLOP *** [5h Jd Jh]
anetkaapro: checks
Mordnilap: bets $3
anetkaapro: folds
Uncalled bet ($3) returned to Mordnilap
Mordnilap collected $11.76 from pot
Mordnilap: doesn't show hand
*** SUMMARY ***
Total pot $12 | Rake $0.24
Board [5h Jd Jh]
Seat 3: Mordnilap (button) (small blind) collected ($11.76)
Seat 6: anetkaapro (big blind) folded on the Flop


PokerStars Hand #149393392328:  Hold'em Limit ($3/$6 USD) - 2016/02/25 11:10:45 ET
Table 'Cordelia' 6-max Seat #3 is the button
Seat 3: Mordnilap ($78.76 in chips)
Seat 6: anetkaapro ($88.50 in chips)
Mordnilap: posts small blind $1
anetkaapro: posts big blind $3
*** HOLE CARDS ***
Mordnilap: raises $3 to $6
anetkaapro said, "leblanc"
anetkaapro said, "could you please let us play heads up?"
anetkaapro said, "we won't play with you anyway.."
anetkaapro: calls $3
*** FLOP *** [9d Kh 5c]
anetkaapro: checks
Mordnilap: bets $3
anetkaapro: calls $3
*** TURN *** [9d Kh 5c] [2h]
anetkaapro: checks
Mordnilap: checks
*** RIVER *** [9d Kh 5c 2h] [4d]
anetkaapro: bets $6
Mordnilap: folds
Uncalled bet ($6) returned to anetkaapro
anetkaapro collected $17.64 from pot
anetkaapro: doesn't show hand
*** SUMMARY ***
Total pot $18 | Rake $0.36
Board [9d Kh 5c 2h 4d]
Seat 3: Mordnilap (button) (small blind) folded on the River
Seat 6: anetkaapro (big blind) collected ($17.64)


PokerStars Hand #149393458247:  Hold'em Limit ($3/$6 USD) - 2016/02/25 11:12:09 ET
Table 'Cordelia' 6-max Seat #3 is the button
Seat 1: Leblanc1 ($90 in chips)
Seat 3: Mordnilap ($77.76 in chips)
Mordnilap: posts small blind $1
Leblanc1: posts big blind $3
*** HOLE CARDS ***
Mordnilap: raises $3 to $6
Leblanc1: calls $3
*** FLOP *** [2c Ks Ac]
Leblanc1: checks
Mordnilap: bets $3
Leblanc1: calls $3
*** TURN *** [2c Ks Ac] [4s]
Leblanc1: checks
Mordnilap: bets $6
Leblanc1: calls $6
*** RIVER *** [2c Ks Ac 4s] [Qd]
Leblanc1: checks
Mordnilap: bets $6
Leblanc1: calls $6
*** SHOW DOWN ***
Mordnilap: shows [Ad Jd] (a pair of Aces)
Leblanc1: mucks hand
Mordnilap collected $41.50 from pot
*** SUMMARY ***
Total pot $42 | Rake $0.50
Board [2c Ks Ac 4s Qd]
Seat 1: Leblanc1 (big blind) mucked
Seat 3: Mordnilap (button) (small blind) showed [Ad Jd] and won ($41.50) with a pair of Aces


PokerStars Hand #149393451272:  Hold'em Limit ($3/$6 USD) - 2016/02/25 11:12:00 ET
Table 'Cordelia' 6-max Seat #1 is the button
Seat 1: Leblanc1 ($96 in chips)
Seat 3: Mordnilap ($72 in chips)
Leblanc1: posts small blind $1
Mordnilap: posts big blind $3
*** HOLE CARDS ***
Leblanc1: calls $2
Mordnilap: raises $3 to $6
Leblanc1: calls $3
*** FLOP *** [4c 5h 9h]
Mordnilap: bets $3
Ale4o joins the table at seat #2
Leblanc1: folds
Uncalled bet ($3) returned to Mordnilap
Mordnilap collected $11.76 from pot
Mordnilap: doesn't show hand
*** SUMMARY ***
Total pot $12 | Rake $0.24
Board [4c 5h 9h]
Seat 1: Leblanc1 (button) (small blind) folded on the Flop
Seat 3: Mordnilap (big blind) collected ($11.76)


PokerStars Hand #149393447616:  Hold'em Limit ($3/$6 USD) - 2016/02/25 11:11:56 ET
Table 'Cordelia' 6-max Seat #3 is the button
Seat 1: Leblanc1 ($95 in chips)
Seat 3: Mordnilap ($73 in chips)
Mordnilap: posts small blind $1
anetkaapro: is sitting out
Leblanc1: posts big blind $3
*** HOLE CARDS ***
Mordnilap: folds
Uncalled bet ($2) returned to Leblanc1
Leblanc1 collected $2 from pot
*** SUMMARY ***
Total pot $2 | Rake $0
Seat 1: Leblanc1 (big blind) collected ($2)
Seat 3: Mordnilap (button) (small blind) folded before Flop


PokerStars Hand #149395087685:  Hold'em Limit ($3/$6 USD) - 2016/02/25 11:46:08 ET
Table 'Cordelia' 6-max Seat #1 is the button
Seat 1: TinaTurner72 ($161.47 in chips)
Seat 4: icebookman ($103.05 in chips)
TinaTurner72: posts small blind $1
Ale4o: is sitting out
Mordnilap: is sitting out
icebookman: posts big blind $3
*** HOLE CARDS ***
TinaTurner72: raises $3 to $6
Mordnilap leaves the table
icebookman: folds
Uncalled bet ($3) returned to TinaTurner72
TinaTurner72 collected $6 from pot
TinaTurner72: doesn't show hand
*** SUMMARY ***
Total pot $6 | Rake $0
Seat 1: TinaTurner72 (button) (small blind) collected ($6)
Seat 4: icebookman (big blind) folded before Flop


