PokerStars Hand #167524198490:  Hold'em Limit ($3/$6 USD) - 2017/03/13 8:39:55 ET
Table 'Cordelia' 6-max Seat #3 is the button
Seat 1: Fantomet ($127.76 in chips)
Seat 3: sim5sim5 ($72 in chips)
sim5sim5: posts small blind $1
Fantomet: posts big blind $3
*** HOLE CARDS ***
sim5sim5: raises $3 to $6
Fantomet: calls $3
*** FLOP *** [Ks 7h 6h]
Fantomet: checks
sim5sim5: bets $3
Fantomet: calls $3
*** TURN *** [Ks 7h 6h] [3d]
Fantomet: checks
sim5sim5: checks
*** RIVER *** [Ks 7h 6h 3d] [4h]
Fantomet: bets $6
sim5sim5: folds
Uncalled bet ($6) returned to Fantomet
Fantomet collected $17.64 from pot
*** SUMMARY ***
Total pot $18 | Rake $0.36
Board [Ks 7h 6h 3d 4h]
Seat 1: Fantomet (big blind) collected ($17.64)
Seat 3: sim5sim5 (button) (small blind) folded on the River


PokerStars Hand #167524183275:  Hold'em Limit ($3/$6 USD) - 2017/03/13 8:39:24 ET
Table 'Cordelia' 6-max Seat #1 is the button
Seat 1: Fantomet ($122 in chips)
Seat 3: sim5sim5 ($72 in chips)
Fantomet: posts small blind $1
sim5sim5: posts big blind $3
*** HOLE CARDS ***
Fantomet: raises $3 to $6
sim5sim5: calls $3
*** FLOP *** [2h Qc 6h]
sim5sim5: checks
Fantomet: checks
*** TURN *** [2h Qc 6h] [Qh]
sim5sim5: checks
Fantomet: bets $6
sim5sim5: folds
Uncalled bet ($6) returned to Fantomet
Fantomet collected $11.76 from pot
*** SUMMARY ***
Total pot $12 | Rake $0.24
Board [2h Qc 6h Qh]
Seat 1: Fantomet (button) (small blind) collected ($11.76)
Seat 3: sim5sim5 (big blind) folded on the Turn


PokerStars Hand #167524247011:  Hold'em Limit ($3/$6 USD) - 2017/03/13 8:41:34 ET
Table 'Cordelia' 6-max Seat #1 is the button
Seat 1: Fantomet ($124.04 in chips)
Seat 3: sim5sim5 ($83.50 in chips)
Fantomet: posts small blind $1
sim5sim5: posts big blind $3
*** HOLE CARDS ***
Fantomet: folds
Uncalled bet ($2) returned to sim5sim5
sim5sim5 collected $2 from pot
sim5sim5: doesn't show hand
*** SUMMARY ***
Total pot $2 | Rake $0
Seat 1: Fantomet (button) (small blind) folded before Flop
Seat 3: sim5sim5 (big blind) collected ($2)


PokerStars Hand #167524231261:  Hold'em Limit ($3/$6 USD) - 2017/03/13 8:41:02 ET
Table 'Cordelia' 6-max Seat #3 is the button
Seat 1: Fantomet ($115.40 in chips)
Seat 3: sim5sim5 ($92.50 in chips)
sim5sim5: posts small blind $1
Fantomet: posts big blind $3
*** HOLE CARDS ***
sim5sim5: raises $3 to $6
Fantomet: calls $3
*** FLOP *** [7d Tc Jd]
Fantomet: checks
sim5sim5: bets $3
Fantomet: calls $3
*** TURN *** [7d Tc Jd] [Qh]
Fantomet: checks
sim5sim5: checks
*** RIVER *** [7d Tc Jd Qh] [Td]
Fantomet: checks
sim5sim5: checks
*** SHOW DOWN ***
Fantomet: shows [8c 5d] (a pair of Tens)
sim5sim5: mucks hand
Fantomet collected $17.64 from pot
*** SUMMARY ***
Total pot $18 | Rake $0.36
Board [7d Tc Jd Qh Td]
Seat 1: Fantomet (big blind) showed [8c 5d] and won ($17.64) with a pair of Tens
Seat 3: sim5sim5 (button) (small blind) mucked


PokerStars Hand #167524214877:  Hold'em Limit ($3/$6 USD) - 2017/03/13 8:40:28 ET
Table 'Cordelia' 6-max Seat #1 is the button
Seat 1: Fantomet ($136.40 in chips)
Seat 3: sim5sim5 ($72 in chips)
Fantomet: posts small blind $1
sim5sim5: posts big blind $3
*** HOLE CARDS ***
Fantomet: raises $3 to $6
sim5sim5: calls $3
*** FLOP *** [Kc Qc 6c]
sim5sim5: checks
Fantomet: bets $3
sim5sim5: calls $3
*** TURN *** [Kc Qc 6c] [6h]
sim5sim5: checks
Fantomet: bets $6
sim5sim5: calls $6
*** RIVER *** [Kc Qc 6c 6h] [9d]
sim5sim5: checks
Fantomet: bets $6
sim5sim5: calls $6
*** SHOW DOWN ***
Fantomet: shows [Tc Qd] (two pair, Queens and Sixes)
sim5sim5: shows [5c Ks] (two pair, Kings and Sixes)
sim5sim5 collected $41.50 from pot
*** SUMMARY ***
Total pot $42 | Rake $0.50
Board [Kc Qc 6c 6h 9d]
Seat 1: Fantomet (button) (small blind) showed [Tc Qd] and lost with two pair, Queens and Sixes
Seat 3: sim5sim5 (big blind) showed [5c Ks] and won ($41.50) with two pair, Kings and Sixes


PokerStars Hand #167524250658:  Hold'em Limit ($3/$6 USD) - 2017/03/13 8:41:41 ET
Table 'Cordelia' 6-max Seat #3 is the button
Seat 1: Fantomet ($123.04 in chips)
Seat 3: sim5sim5 ($84.50 in chips)
sim5sim5: posts small blind $1
Fantomet: posts big blind $3
*** HOLE CARDS ***
sim5sim5: raises $3 to $6
Fantomet: calls $3
*** FLOP *** [Tc Qc 6c]
Fantomet: bets $3
sim5sim5: folds
Uncalled bet ($3) returned to Fantomet
Fantomet collected $11.76 from pot
*** SUMMARY ***
Total pot $12 | Rake $0.24
Board [Tc Qc 6c]
Seat 1: Fantomet (big blind) collected ($11.76)
Seat 3: sim5sim5 (button) (small blind) folded on the Flop


PokerStars Hand #167524256501:  Hold'em Limit ($3/$6 USD) - 2017/03/13 8:41:53 ET
Table 'Cordelia' 6-max Seat #1 is the button
Seat 1: Fantomet ($128.80 in chips)
Seat 3: sim5sim5 ($78.50 in chips)
Fantomet: posts small blind $1
sim5sim5: posts big blind $3
*** HOLE CARDS ***
Fantomet: folds
Uncalled bet ($2) returned to sim5sim5
sim5sim5 collected $2 from pot
sim5sim5: doesn't show hand
*** SUMMARY ***
Total pot $2 | Rake $0
Seat 1: Fantomet (button) (small blind) folded before Flop
Seat 3: sim5sim5 (big blind) collected ($2)


PokerStars Hand #167524275038:  Hold'em Limit ($3/$6 USD) - 2017/03/13 8:42:31 ET
Table 'Cordelia' 6-max Seat #1 is the button
Seat 1: Fantomet ($145.30 in chips)
Seat 3: sim5sim5 ($72 in chips)
Fantomet: posts small blind $1
sim5sim5: posts big blind $3
*** HOLE CARDS ***
Fantomet: folds
Uncalled bet ($2) returned to sim5sim5
sim5sim5 collected $2 from pot
sim5sim5: doesn't show hand
*** SUMMARY ***
Total pot $2 | Rake $0
Seat 1: Fantomet (button) (small blind) folded before Flop
Seat 3: sim5sim5 (big blind) collected ($2)


PokerStars Hand #167524259105:  Hold'em Limit ($3/$6 USD) - 2017/03/13 8:41:59 ET
Table 'Cordelia' 6-max Seat #3 is the button
Seat 1: Fantomet ($127.80 in chips)
Seat 3: sim5sim5 ($79.50 in chips)
sim5sim5: posts small blind $1
Fantomet: posts big blind $3
*** HOLE CARDS ***
sim5sim5: raises $3 to $6
Fantomet: raises $3 to $9
sim5sim5: calls $3
*** FLOP *** [2d Jd 4h]
Fantomet: bets $3
sim5sim5: calls $3
*** TURN *** [2d Jd 4h] [4d]
Fantomet: bets $6
sim5sim5: calls $6
*** RIVER *** [2d Jd 4h 4d] [6s]
Fantomet: bets $6
sim5sim5: folds
Uncalled bet ($6) returned to Fantomet
Fantomet collected $35.50 from pot
*** SUMMARY ***
Total pot $36 | Rake $0.50
Board [2d Jd 4h 4d 6s]
Seat 1: Fantomet (big blind) collected ($35.50)
Seat 3: sim5sim5 (button) (small blind) folded on the River


PokerStars Hand #167524277553:  Hold'em Limit ($3/$6 USD) - 2017/03/13 8:42:36 ET
Table 'Cordelia' 6-max Seat #3 is the button
Seat 1: Fantomet ($144.30 in chips)
Seat 3: sim5sim5 ($73 in chips)
sim5sim5: posts small blind $1
Fantomet: posts big blind $3
*** HOLE CARDS ***
sim5sim5: raises $3 to $6
Fantomet: calls $3
*** FLOP *** [As 7d Kd]
Fantomet: checks
sim5sim5: bets $3
Fantomet: calls $3
*** TURN *** [As 7d Kd] [3c]
Fantomet: checks
sim5sim5: checks
*** RIVER *** [As 7d Kd 3c] [Kc]
Fantomet: checks
sim5sim5: checks
*** SHOW DOWN ***
Fantomet: shows [Ts 8s] (a pair of Kings)
sim5sim5: shows [Js Qd] (a pair of Kings - Ace+Queen kicker)
sim5sim5 collected $17.64 from pot
*** SUMMARY ***
Total pot $18 | Rake $0.36
Board [As 7d Kd 3c Kc]
Seat 1: Fantomet (big blind) showed [Ts 8s] and lost with a pair of Kings
Seat 3: sim5sim5 (button) (small blind) showed [Js Qd] and won ($17.64) with a pair of Kings


PokerStars Hand #167524317175:  Hold'em Limit ($3/$6 USD) - 2017/03/13 8:43:57 ET
Table 'Cordelia' 6-max Seat #1 is the button
Seat 1: Fantomet ($135.30 in chips)
Seat 3: sim5sim5 ($81.64 in chips)
Fantomet: posts small blind $1
sim5sim5: posts big blind $3
*** HOLE CARDS ***
Fantomet: raises $3 to $6
sim5sim5: calls $3
*** FLOP *** [Kc 9c Ad]
sim5sim5: checks
Fantomet: bets $3
sim5sim5: raises $3 to $6
Fantomet: calls $3
*** TURN *** [Kc 9c Ad] [6s]
sim5sim5: bets $6
Fantomet: calls $6
*** RIVER *** [Kc 9c Ad 6s] [Qc]
sim5sim5: bets $6
Fantomet: calls $6
*** SHOW DOWN ***
sim5sim5: shows [Ah 2s] (a pair of Aces)
Fantomet: mucks hand
sim5sim5 collected $47.50 from pot
*** SUMMARY ***
Total pot $48 | Rake $0.50
Board [Kc 9c Ad 6s Qc]
Seat 1: Fantomet (button) (small blind) mucked
Seat 3: sim5sim5 (big blind) showed [Ah 2s] and won ($47.50) with a pair of Aces


PokerStars Hand #167524337127:  Hold'em Limit ($3/$6 USD) - 2017/03/13 8:44:38 ET
Table 'Cordelia' 6-max Seat #1 is the button
Seat 1: Fantomet ($108.30 in chips)
Seat 3: sim5sim5 ($108.14 in chips)
Fantomet: posts small blind $1
sim5sim5: posts big blind $3
*** HOLE CARDS ***
Fantomet: folds
Uncalled bet ($2) returned to sim5sim5
sim5sim5 collected $2 from pot
sim5sim5: doesn't show hand
*** SUMMARY ***
Total pot $2 | Rake $0
Seat 1: Fantomet (button) (small blind) folded before Flop
Seat 3: sim5sim5 (big blind) collected ($2)


PokerStars Hand #167524340468:  Hold'em Limit ($3/$6 USD) - 2017/03/13 8:44:45 ET
Table 'Cordelia' 6-max Seat #3 is the button
Seat 1: Fantomet ($107.30 in chips)
Seat 3: sim5sim5 ($109.14 in chips)
sim5sim5: posts small blind $1
Fantomet: posts big blind $3
*** HOLE CARDS ***
sim5sim5: raises $3 to $6
Fantomet: calls $3
*** FLOP *** [6c 3c Td]
Fantomet: checks
sim5sim5: bets $3
Fantomet: folds
Uncalled bet ($3) returned to sim5sim5
sim5sim5 collected $11.76 from pot
sim5sim5: doesn't show hand
*** SUMMARY ***
Total pot $12 | Rake $0.24
Board [6c 3c Td]
Seat 1: Fantomet (big blind) folded on the Flop
Seat 3: sim5sim5 (button) (small blind) collected ($11.76)


PokerStars Hand #167524359158:  Hold'em Limit ($3/$6 USD) - 2017/03/13 8:45:23 ET
Table 'Cordelia' 6-max Seat #1 is the button
Seat 1: Fantomet ($101.30 in chips)
Seat 3: sim5sim5 ($114.90 in chips)
Fantomet: posts small blind $1
sim5sim5: posts big blind $3
*** HOLE CARDS ***
Fantomet: raises $3 to $6
sim5sim5: folds
Uncalled bet ($3) returned to Fantomet
Fantomet collected $6 from pot
*** SUMMARY ***
Total pot $6 | Rake $0
Seat 1: Fantomet (button) (small blind) collected ($6)
Seat 3: sim5sim5 (big blind) folded before Flop


PokerStars Hand #167524363944:  Hold'em Limit ($3/$6 USD) - 2017/03/13 8:45:33 ET
Table 'Cordelia' 6-max Seat #3 is the button
Seat 1: Fantomet ($104.30 in chips)
Seat 3: sim5sim5 ($111.90 in chips)
sim5sim5: posts small blind $1
Fantomet: posts big blind $3
*** HOLE CARDS ***
sim5sim5: folds
Uncalled bet ($2) returned to Fantomet
Fantomet collected $2 from pot
*** SUMMARY ***
Total pot $2 | Rake $0
Seat 1: Fantomet (big blind) collected ($2)
Seat 3: sim5sim5 (button) (small blind) folded before Flop


PokerStars Hand #167524367342:  Hold'em Limit ($3/$6 USD) - 2017/03/13 8:45:40 ET
Table 'Cordelia' 6-max Seat #1 is the button
Seat 1: Fantomet ($105.30 in chips)
Seat 3: sim5sim5 ($110.90 in chips)
Fantomet: posts small blind $1
sim5sim5: posts big blind $3
*** HOLE CARDS ***
Fantomet: raises $3 to $6
sim5sim5: calls $3
*** FLOP *** [8d Jh 7d]
sim5sim5: checks
Fantomet: bets $3
sim5sim5: calls $3
*** TURN *** [8d Jh 7d] [Qc]
sim5sim5: checks
Fantomet: bets $6
sim5sim5: calls $6
*** RIVER *** [8d Jh 7d Qc] [4d]
sim5sim5: bets $6
Fantomet: calls $6
*** SHOW DOWN ***
sim5sim5: shows [4s 7s] (two pair, Sevens and Fours)
Fantomet: mucks hand
sim5sim5 collected $41.50 from pot
*** SUMMARY ***
Total pot $42 | Rake $0.50
Board [8d Jh 7d Qc 4d]
Seat 1: Fantomet (button) (small blind) mucked
Seat 3: sim5sim5 (big blind) showed [4s 7s] and won ($41.50) with two pair, Sevens and Fours


PokerStars Hand #167526957445:  Hold'em Limit ($3/$6 USD) - 2017/03/13 10:08:59 ET
Table 'Cordelia' 6-max Seat #3 is the button
Seat 3: qwer571 ($51.63 in chips)
Seat 4: Rus29APX ($120 in chips)
qwer571: posts small blind $1
Rus29APX: posts big blind $3
*** HOLE CARDS ***
qwer571: raises $3 to $6
Rus29APX: calls $3
*** FLOP *** [Qd 4d Kh]
Rus29APX: checks
qwer571: bets $3
Rus29APX: raises $3 to $6
qwer571: calls $3
*** TURN *** [Qd 4d Kh] [2c]
Rus29APX: bets $6
qwer571: calls $6
*** RIVER *** [Qd 4d Kh 2c] [9d]
Rus29APX: bets $6
qwer571: calls $6
*** SHOW DOWN ***
Rus29APX: shows [Qh Ks] (two pair, Kings and Queens)
qwer571: mucks hand
Rus29APX collected $47.50 from pot
*** SUMMARY ***
Total pot $48 | Rake $0.50
Board [Qd 4d Kh 2c 9d]
Seat 3: qwer571 (button) (small blind) mucked
Seat 4: Rus29APX (big blind) showed [Qh Ks] and won ($47.50) with two pair, Kings and Queens


PokerStars Hand #167527019344:  Hold'em Limit ($3/$6 USD) - 2017/03/13 10:10:48 ET
Table 'Cordelia' 6-max Seat #3 is the button
Seat 3: qwer571 ($8.11 in chips)
Seat 4: Rus29APX ($162.37 in chips)
qwer571: posts small blind $1
Rus29APX: posts big blind $3
*** HOLE CARDS ***
qwer571: raises $3 to $6
Rus29APX: raises $3 to $9
qwer571: calls $2.11 and is all-in
Uncalled bet ($0.89) returned to Rus29APX
*** FLOP *** [6s 2c 8c]
*** TURN *** [6s 2c 8c] [6h]
*** RIVER *** [6s 2c 8c 6h] [9c]
*** SHOW DOWN ***
Rus29APX: shows [Kc Qs] (a pair of Sixes)
qwer571: shows [Tc 4h] (a pair of Sixes - lower kicker)
Rus29APX collected $15.90 from pot
*** SUMMARY ***
Total pot $16.22 | Rake $0.32
Board [6s 2c 8c 6h 9c]
Seat 3: qwer571 (button) (small blind) showed [Tc 4h] and lost with a pair of Sixes
Seat 4: Rus29APX (big blind) showed [Kc Qs] and won ($15.90) with a pair of Sixes


PokerStars Hand #167527009941:  Hold'em Limit ($3/$6 USD) - 2017/03/13 10:10:32 ET
Table 'Cordelia' 6-max Seat #4 is the button
Seat 3: qwer571 ($7.11 in chips)
Seat 4: Rus29APX ($163.37 in chips)
Rus29APX: posts small blind $1
qwer571: posts big blind $3
*** HOLE CARDS ***
Rus29APX: folds
Uncalled bet ($2) returned to qwer571
qwer571 collected $2 from pot
qwer571: doesn't show hand
*** SUMMARY ***
Total pot $2 | Rake $0
Seat 3: qwer571 (big blind) collected ($2)
Seat 4: Rus29APX (button) (small blind) folded before Flop


PokerStars Hand #167526998386:  Hold'em Limit ($3/$6 USD) - 2017/03/13 10:10:11 ET
Table 'Cordelia' 6-max Seat #3 is the button
Seat 3: qwer571 ($3.63 in chips)
Seat 4: Rus29APX ($167 in chips)
qwer571: posts small blind $1
Rus29APX: posts big blind $3
*** HOLE CARDS ***
qwer571: raises $0.63 to $3.63 and is all-in
Rus29APX: calls $0.63
*** FLOP *** [As 9h 4c]
*** TURN *** [As 9h 4c] [Ks]
*** RIVER *** [As 9h 4c Ks] [8d]
*** SHOW DOWN ***
Rus29APX: shows [6s Tc] (high card Ace)
qwer571: shows [Jc 8c] (a pair of Eights)
qwer571 collected $7.11 from pot
*** SUMMARY ***
Total pot $7.26 | Rake $0.15
Board [As 9h 4c Ks 8d]
Seat 3: qwer571 (button) (small blind) showed [Jc 8c] and won ($7.11) with a pair of Eights
Seat 4: Rus29APX (big blind) showed [6s Tc] and lost with high card Ace


PokerStars Hand #167526982758:  Hold'em Limit ($3/$6 USD) - 2017/03/13 10:09:44 ET
Table 'Cordelia' 6-max Seat #4 is the button
Seat 3: qwer571 ($27.63 in chips)
Seat 4: Rus29APX ($143.50 in chips)
Rus29APX: posts small blind $1
qwer571: posts big blind $3
*** HOLE CARDS ***
Rus29APX: raises $3 to $6
qwer571: calls $3
*** FLOP *** [2d 2s 3d]
qwer571: bets $3
Rus29APX: raises $3 to $6
qwer571: calls $3
*** TURN *** [2d 2s 3d] [Tc]
qwer571: bets $6
Rus29APX: calls $6
*** RIVER *** [2d 2s 3d Tc] [4d]
qwer571: bets $6
Rus29APX: raises $6 to $12
qwer571: folds
Uncalled bet ($6) returned to Rus29APX
Rus29APX collected $47.50 from pot
Rus29APX: doesn't show hand
*** SUMMARY ***
Total pot $48 | Rake $0.50
Board [2d 2s 3d Tc 4d]
Seat 3: qwer571 (big blind) folded on the River
Seat 4: Rus29APX (button) (small blind) collected ($47.50)


