PokerStars Hand #169248795474:  Hold'em Limit ($3/$6 USD) - 2017/04/19 3:43:26 ET
Table 'Cordelia' 6-max Seat #1 is the button
Seat 1: habari786 ($48.29 in chips)
Seat 4: Agrotait ($82.52 in chips)
habari786: posts small blind $1
Agrotait: posts big blind $3
*** HOLE CARDS ***
habari786: raises $3 to $6
Agrotait: raises $3 to $9
habari786: calls $3
*** FLOP *** [8h 5d Qd]
Agrotait: bets $3
habari786: calls $3
*** TURN *** [8h 5d Qd] [3c]
Agrotait: checks
habari786: bets $6
Agrotait: raises $6 to $12
habari786: calls $6
*** RIVER *** [8h 5d Qd 3c] [2c]
Agrotait: bets $6
habari786: calls $6
*** SHOW DOWN ***
Agrotait: shows [Qc Ah] (a pair of Queens)
habari786: mucks hand
Agrotait collected $59.50 from pot
*** SUMMARY ***
Total pot $60 | Rake $0.50
Board [8h 5d Qd 3c 2c]
Seat 1: habari786 (button) (small blind) mucked
Seat 4: Agrotait (big blind) showed [Qc Ah] and won ($59.50) with a pair of Queens


PokerStars Hand #169248793297:  Hold'em Limit ($3/$6 USD) - 2017/04/19 3:43:19 ET
Table 'Cordelia' 6-max Seat #4 is the button
Seat 1: habari786 ($47.29 in chips)
Seat 4: Agrotait ($83.52 in chips)
Agrotait: posts small blind $1
habari786: posts big blind $3
*** HOLE CARDS ***
Agrotait: folds
Uncalled bet ($2) returned to habari786
habari786 collected $2 from pot
habari786: doesn't show hand
*** SUMMARY ***
Total pot $2 | Rake $0
Seat 1: habari786 (big blind) collected ($2)
Seat 4: Agrotait (button) (small blind) folded before Flop


PokerStars Hand #169248780737:  Hold'em Limit ($3/$6 USD) - 2017/04/19 3:42:38 ET
Table 'Cordelia' 6-max Seat #1 is the button
Seat 1: habari786 ($59.29 in chips)
Seat 4: Agrotait ($72 in chips)
habari786: posts small blind $1
Agrotait: posts big blind $3
*** HOLE CARDS ***
habari786: raises $3 to $6
Agrotait: raises $3 to $9
habari786: calls $3
*** FLOP *** [4c 6c Qh]
Agrotait: bets $3
habari786: calls $3
*** TURN *** [4c 6c Qh] [7c]
Agrotait: checks
habari786: checks
*** RIVER *** [4c 6c Qh 7c] [5d]
Agrotait: checks
habari786: checks
*** SHOW DOWN ***
Agrotait: shows [As Kd] (high card Ace)
habari786: mucks hand
Agrotait collected $23.52 from pot
*** SUMMARY ***
Total pot $24 | Rake $0.48
Board [4c 6c Qh 7c 5d]
Seat 1: habari786 (button) (small blind) mucked
Seat 4: Agrotait (big blind) showed [As Kd] and won ($23.52) with high card Ace


PokerStars Hand #169248818164:  Hold'em Limit ($3/$6 USD) - 2017/04/19 3:44:39 ET
Table 'Cordelia' 6-max Seat #1 is the button
Seat 1: habari786 ($13.29 in chips)
Seat 4: Agrotait ($117.02 in chips)
habari786: posts small blind $1
Agrotait: posts big blind $3
*** HOLE CARDS ***
habari786: folds
Uncalled bet ($2) returned to Agrotait
Agrotait collected $2 from pot
Agrotait: doesn't show hand
*** SUMMARY ***
Total pot $2 | Rake $0
Seat 1: habari786 (button) (small blind) folded before Flop
Seat 4: Agrotait (big blind) collected ($2)


PokerStars Hand #169248815449:  Hold'em Limit ($3/$6 USD) - 2017/04/19 3:44:30 ET
Table 'Cordelia' 6-max Seat #4 is the button
Seat 1: habari786 ($16.29 in chips)
Seat 4: Agrotait ($114.02 in chips)
Agrotait: posts small blind $1
habari786: posts big blind $3
*** HOLE CARDS ***
Agrotait: raises $3 to $6
habari786: folds
Uncalled bet ($3) returned to Agrotait
Agrotait collected $6 from pot
Agrotait: doesn't show hand
*** SUMMARY ***
Total pot $6 | Rake $0
Seat 1: habari786 (big blind) folded before Flop
Seat 4: Agrotait (button) (small blind) collected ($6)


PokerStars Hand #169248813277:  Hold'em Limit ($3/$6 USD) - 2017/04/19 3:44:23 ET
Table 'Cordelia' 6-max Seat #1 is the button
Seat 1: habari786 ($19.29 in chips)
Seat 4: Agrotait ($111.02 in chips)
habari786: posts small blind $1
Agrotait: posts big blind $3
*** HOLE CARDS ***
habari786: calls $2
Agrotait: raises $3 to $6
habari786: folds
Uncalled bet ($3) returned to Agrotait
Agrotait collected $6 from pot
Agrotait: doesn't show hand
*** SUMMARY ***
Total pot $6 | Rake $0
Seat 1: habari786 (button) (small blind) folded before Flop
Seat 4: Agrotait (big blind) collected ($6)


PokerStars Hand #169248810760:  Hold'em Limit ($3/$6 USD) - 2017/04/19 3:44:15 ET
Table 'Cordelia' 6-max Seat #4 is the button
Seat 1: habari786 ($18.29 in chips)
Seat 4: Agrotait ($112.02 in chips)
Agrotait: posts small blind $1
habari786: posts big blind $3
*** HOLE CARDS ***
Agrotait: folds
Uncalled bet ($2) returned to habari786
habari786 collected $2 from pot
habari786: doesn't show hand
*** SUMMARY ***
Total pot $2 | Rake $0
Seat 1: habari786 (big blind) collected ($2)
Seat 4: Agrotait (button) (small blind) folded before Flop


PokerStars Hand #169248806242:  Hold'em Limit ($3/$6 USD) - 2017/04/19 3:44:00 ET
Table 'Cordelia' 6-max Seat #1 is the button
Seat 1: habari786 ($15.29 in chips)
Seat 4: Agrotait ($115.02 in chips)
habari786: posts small blind $1
Agrotait: posts big blind $3
*** HOLE CARDS ***
habari786: raises $3 to $6
Agrotait: folds
Uncalled bet ($3) returned to habari786
habari786 collected $6 from pot
habari786: doesn't show hand
*** SUMMARY ***
Total pot $6 | Rake $0
Seat 1: habari786 (button) (small blind) collected ($6)
Seat 4: Agrotait (big blind) folded before Flop


PokerStars Hand #169248804001:  Hold'em Limit ($3/$6 USD) - 2017/04/19 3:43:53 ET
Table 'Cordelia' 6-max Seat #4 is the button
Seat 1: habari786 ($18.29 in chips)
Seat 4: Agrotait ($112.02 in chips)
Agrotait: posts small blind $1
habari786: posts big blind $3
*** HOLE CARDS ***
Agrotait: raises $3 to $6
habari786: folds
Uncalled bet ($3) returned to Agrotait
Agrotait collected $6 from pot
Agrotait: doesn't show hand
*** SUMMARY ***
Total pot $6 | Rake $0
Seat 1: habari786 (big blind) folded before Flop
Seat 4: Agrotait (button) (small blind) collected ($6)


PokerStars Hand #169248820098:  Hold'em Limit ($3/$6 USD) - 2017/04/19 3:44:45 ET
Table 'Cordelia' 6-max Seat #4 is the button
Seat 1: habari786 ($12.29 in chips)
Seat 4: Agrotait ($118.02 in chips)
Agrotait: posts small blind $1
habari786: posts big blind $3
*** HOLE CARDS ***
Agrotait: raises $3 to $6
habari786: calls $3
*** FLOP *** [5s Qc 3s]
habari786: bets $3
Agrotait: calls $3
*** TURN *** [5s Qc 3s] [Th]
habari786: bets $3.29 and is all-in
Agrotait: calls $3.29
*** RIVER *** [5s Qc 3s Th] [4s]
*** SHOW DOWN ***
habari786: shows [2d 5d] (a pair of Fives)
Agrotait: shows [Ts Td] (three of a kind, Tens)
Agrotait collected $24.09 from pot
*** SUMMARY ***
Total pot $24.58 | Rake $0.49
Board [5s Qc 3s Th 4s]
Seat 1: habari786 (big blind) showed [2d 5d] and lost with a pair of Fives
Seat 4: Agrotait (button) (small blind) showed [Ts Td] and won ($24.09) with three of a kind, Tens


