PokerStars Hand #147876321601:  Hold'em Limit ($3/$6 USD) - 2016/01/29 10:19:18 ET
Table 'Cordelia II' 6-max Seat #4 is the button
Seat 4: BuzovaPro ($73 in chips)
Seat 6: knigge11 ($119 in chips)
BuzovaPro: posts small blind $1
knigge11: posts big blind $3
*** HOLE CARDS ***
BuzovaPro: raises $3 to $6
knigge11: calls $3
*** FLOP *** [Qs 6d 8s]
knigge11: checks
BuzovaPro: checks
*** TURN *** [Qs 6d 8s] [Ts]
knigge11: checks
BuzovaPro: bets $6
knigge11: calls $6
*** RIVER *** [Qs 6d 8s Ts] [5c]
knigge11: checks
BuzovaPro: checks
*** SHOW DOWN ***
knigge11: shows [5h 6s] (two pair, Sixes and Fives)
BuzovaPro: mucks hand
knigge11 collected $23.52 from pot
*** SUMMARY ***
Total pot $24 | Rake $0.48
Board [Qs 6d 8s Ts 5c]
Seat 4: BuzovaPro (button) (small blind) mucked
Seat 6: knigge11 (big blind) showed [5h 6s] and won ($23.52) with two pair, Sixes and Fives


PokerStars Hand #147876487146:  Hold'em Limit ($3/$6 USD) - 2016/01/29 10:22:50 ET
Table 'Cordelia II' 6-max Seat #4 is the button
Seat 4: BuzovaPro ($92.71 in chips)
Seat 6: knigge11 ($143.19 in chips)
BuzovaPro: posts small blind $1
knigge11: posts big blind $3
*** HOLE CARDS ***
BuzovaPro: raises $3 to $6
knigge11: folds
Uncalled bet ($3) returned to BuzovaPro
BuzovaPro collected $6 from pot
BuzovaPro: doesn't show hand
*** SUMMARY ***
Total pot $6 | Rake $0
Seat 4: BuzovaPro (button) (small blind) collected ($6)
Seat 6: knigge11 (big blind) folded before Flop


PokerStars Hand #147876459567:  Hold'em Limit ($3/$6 USD) - 2016/01/29 10:22:15 ET
Table 'Cordelia II' 6-max Seat #6 is the button
Seat 4: BuzovaPro ($91.71 in chips)
Seat 6: knigge11 ($144.19 in chips)
knigge11: posts small blind $1
lelala is disconnected
lelala has timed out while disconnected
lelala: is sitting out
BuzovaPro: posts big blind $3
*** HOLE CARDS ***
knigge11: folds
Uncalled bet ($2) returned to BuzovaPro
BuzovaPro collected $2 from pot
BuzovaPro: doesn't show hand
*** SUMMARY ***
Total pot $2 | Rake $0
Seat 4: BuzovaPro (big blind) collected ($2)
Seat 6: knigge11 (button) (small blind) folded before Flop


PokerStars Hand #147876527077:  Hold'em Limit ($3/$6 USD) - 2016/01/29 10:23:41 ET
Table 'Cordelia II' 6-max Seat #4 is the button
Seat 4: BuzovaPro ($122.85 in chips)
Seat 6: knigge11 ($112.19 in chips)
BuzovaPro: posts small blind $1
knigge11: posts big blind $3
*** HOLE CARDS ***
BuzovaPro: raises $3 to $6
knigge11: calls $3
*** FLOP *** [8d Js Jh]
knigge11: checks
BuzovaPro: bets $3
knigge11: calls $3
*** TURN *** [8d Js Jh] [5h]
knigge11: checks
BuzovaPro: bets $6
knigge11: calls $6
*** RIVER *** [8d Js Jh 5h] [Ah]
knigge11: checks
BuzovaPro: checks
*** SHOW DOWN ***
knigge11: shows [2h 8h] (a flush, Ace high)
BuzovaPro: mucks hand
knigge11 collected $29.50 from pot
*** SUMMARY ***
Total pot $30 | Rake $0.50
Board [8d Js Jh 5h Ah]
Seat 4: BuzovaPro (button) (small blind) mucked
Seat 6: knigge11 (big blind) showed [2h 8h] and won ($29.50) with a flush, Ace high


PokerStars Hand #147876522992:  Hold'em Limit ($3/$6 USD) - 2016/01/29 10:23:36 ET
Table 'Cordelia II' 6-max Seat #6 is the button
Seat 4: BuzovaPro ($121.85 in chips)
Seat 6: knigge11 ($113.19 in chips)
knigge11: posts small blind $1
BuzovaPro: posts big blind $3
*** HOLE CARDS ***
knigge11: folds
Uncalled bet ($2) returned to BuzovaPro
BuzovaPro collected $2 from pot
BuzovaPro: doesn't show hand
*** SUMMARY ***
Total pot $2 | Rake $0
Seat 4: BuzovaPro (big blind) collected ($2)
Seat 6: knigge11 (button) (small blind) folded before Flop


PokerStars Hand #147876507081:  Hold'em Limit ($3/$6 USD) - 2016/01/29 10:23:16 ET
Table 'Cordelia II' 6-max Seat #4 is the button
Seat 4: BuzovaPro ($113.21 in chips)
Seat 6: knigge11 ($122.19 in chips)
BuzovaPro: posts small blind $1
knigge11: posts big blind $3
*** HOLE CARDS ***
BuzovaPro: raises $3 to $6
knigge11: calls $3
*** FLOP *** [8c Qc Qh]
knigge11: checks
BuzovaPro: bets $3
knigge11: calls $3
*** TURN *** [8c Qc Qh] [Jc]
knigge11: checks
BuzovaPro: checks
*** RIVER *** [8c Qc Qh Jc] [5c]
knigge11: checks
BuzovaPro: bets $6
knigge11: folds
Uncalled bet ($6) returned to BuzovaPro
BuzovaPro collected $17.64 from pot
BuzovaPro: doesn't show hand
*** SUMMARY ***
Total pot $18 | Rake $0.36
Board [8c Qc Qh Jc 5c]
Seat 4: BuzovaPro (button) (small blind) collected ($17.64)
Seat 6: knigge11 (big blind) folded on the River


PokerStars Hand #147876491757:  Hold'em Limit ($3/$6 USD) - 2016/01/29 10:22:56 ET
Table 'Cordelia II' 6-max Seat #6 is the button
Seat 4: BuzovaPro ($95.71 in chips)
Seat 6: knigge11 ($140.19 in chips)
knigge11: posts small blind $1
BuzovaPro: posts big blind $3
*** HOLE CARDS ***
knigge11: raises $3 to $6
BuzovaPro: calls $3
*** FLOP *** [Kd 3d 5s]
BuzovaPro: checks
knigge11: bets $3
BuzovaPro: raises $3 to $6
knigge11: calls $3
*** TURN *** [Kd 3d 5s] [Jc]
BuzovaPro: bets $6
knigge11: calls $6
*** RIVER *** [Kd 3d 5s Jc] [Qh]
BuzovaPro: bets $6
knigge11: folds
Uncalled bet ($6) returned to BuzovaPro
BuzovaPro collected $35.50 from pot
BuzovaPro: doesn't show hand
*** SUMMARY ***
Total pot $36 | Rake $0.50
Board [Kd 3d 5s Jc Qh]
Seat 4: BuzovaPro (big blind) collected ($35.50)
Seat 6: knigge11 (button) (small blind) folded on the River


PokerStars Hand #147876560579:  Hold'em Limit ($3/$6 USD) - 2016/01/29 10:24:24 ET
Table 'Cordelia II' 6-max Seat #4 is the button
Seat 4: BuzovaPro ($89.85 in chips)
Seat 6: knigge11 ($144.19 in chips)
BuzovaPro: posts small blind $1
knigge11: posts big blind $3
*** HOLE CARDS ***
BuzovaPro: raises $3 to $6
knigge11: calls $3
*** FLOP *** [8d 4h 2c]
knigge11: checks
BuzovaPro: bets $3
knigge11: calls $3
*** TURN *** [8d 4h 2c] [7h]
knigge11: checks
BuzovaPro: checks
*** RIVER *** [8d 4h 2c 7h] [5h]
knigge11: bets $6
BuzovaPro: calls $6
*** SHOW DOWN ***
knigge11: shows [Jh 6h] (a flush, Jack high)
BuzovaPro: mucks hand
knigge11 collected $29.50 from pot
*** SUMMARY ***
Total pot $30 | Rake $0.50
Board [8d 4h 2c 7h 5h]
Seat 4: BuzovaPro (button) (small blind) mucked
Seat 6: knigge11 (big blind) showed [Jh 6h] and won ($29.50) with a flush, Jack high


PokerStars Hand #147876541669:  Hold'em Limit ($3/$6 USD) - 2016/01/29 10:24:00 ET
Table 'Cordelia II' 6-max Seat #6 is the button
Seat 4: BuzovaPro ($107.85 in chips)
Seat 6: knigge11 ($126.69 in chips)
knigge11: posts small blind $1
BuzovaPro: posts big blind $3
*** HOLE CARDS ***
knigge11: raises $3 to $6
BuzovaPro: calls $3
*** FLOP *** [Kc 8d 2d]
BuzovaPro: checks
knigge11: bets $3
BuzovaPro: raises $3 to $6
knigge11: calls $3
*** TURN *** [Kc 8d 2d] [8s]
BuzovaPro: bets $6
knigge11: calls $6
*** RIVER *** [Kc 8d 2d 8s] [8c]
BuzovaPro: checks
knigge11: bets $6
BuzovaPro: folds
Uncalled bet ($6) returned to knigge11
Vaboss63 joins the table at seat #1
knigge11 collected $35.50 from pot
*** SUMMARY ***
Total pot $36 | Rake $0.50
Board [Kc 8d 2d 8s 8c]
Seat 4: BuzovaPro (big blind) folded on the River
Seat 6: knigge11 (button) (small blind) collected ($35.50)


PokerStars Hand #147881729428:  Hold'em Limit ($3/$6 USD) - 2016/01/29 12:08:49 ET
Table 'Cordelia II' 6-max Seat #6 is the button
Seat 5: Johnliu ($251.33 in chips)
Seat 6: SmellyToes4u ($114.16 in chips)
SmellyToes4u: posts small blind $1
tedros404: is sitting out
Johnliu: posts big blind $3
*** HOLE CARDS ***
SmellyToes4u: raises $3 to $6
Johnliu: calls $3
*** FLOP *** [9h Qc 4c]
Johnliu: checks
SmellyToes4u: bets $3
Johnliu: raises $3 to $6
SmellyToes4u: calls $3
*** TURN *** [9h Qc 4c] [9c]
Johnliu: bets $6
SmellyToes4u: calls $6
*** RIVER *** [9h Qc 4c 9c] [Th]
Johnliu: bets $6
SmellyToes4u: calls $6
*** SHOW DOWN ***
Johnliu: shows [Jh 5s] (a pair of Nines)
SmellyToes4u: shows [As Jc] (a pair of Nines - Ace kicker)
SmellyToes4u collected $47.50 from pot
*** SUMMARY ***
Total pot $48 | Rake $0.50
Board [9h Qc 4c 9c Th]
Seat 5: Johnliu (big blind) showed [Jh 5s] and lost with a pair of Nines
Seat 6: SmellyToes4u (button) (small blind) showed [As Jc] and won ($47.50) with a pair of Nines


PokerStars Hand #147881751971:  Hold'em Limit ($3/$6 USD) - 2016/01/29 12:09:15 ET
Table 'Cordelia II' 6-max Seat #5 is the button
Seat 5: Johnliu ($227.33 in chips)
Seat 6: SmellyToes4u ($137.66 in chips)
Johnliu: posts small blind $1
SmellyToes4u: posts big blind $3
*** HOLE CARDS ***
Johnliu: raises $3 to $6
SmellyToes4u: calls $3
*** FLOP *** [9d 6h Kc]
SmellyToes4u: checks
Johnliu: bets $3
SmellyToes4u: folds
Uncalled bet ($3) returned to Johnliu
Johnliu collected $11.76 from pot
*** SUMMARY ***
Total pot $12 | Rake $0.24
Board [9d 6h Kc]
Seat 5: Johnliu (button) (small blind) collected ($11.76)
Seat 6: SmellyToes4u (big blind) folded on the Flop


PokerStars Hand #147881761641:  Hold'em Limit ($3/$6 USD) - 2016/01/29 12:09:26 ET
Table 'Cordelia II' 6-max Seat #6 is the button
Seat 5: Johnliu ($233.09 in chips)
Seat 6: SmellyToes4u ($131.66 in chips)
SmellyToes4u: posts small blind $1
Johnliu: posts big blind $3
*** HOLE CARDS ***
SmellyToes4u: folds
Uncalled bet ($2) returned to Johnliu
Johnliu collected $2 from pot
Johnliu: doesn't show hand
*** SUMMARY ***
Total pot $2 | Rake $0
Seat 5: Johnliu (big blind) collected ($2)
Seat 6: SmellyToes4u (button) (small blind) folded before Flop


PokerStars Hand #147881765943:  Hold'em Limit ($3/$6 USD) - 2016/01/29 12:09:31 ET
Table 'Cordelia II' 6-max Seat #5 is the button
Seat 5: Johnliu ($234.09 in chips)
Seat 6: SmellyToes4u ($130.66 in chips)
Johnliu: posts small blind $1
SmellyToes4u: posts big blind $3
*** HOLE CARDS ***
Johnliu: raises $3 to $6
SmellyToes4u: calls $3
*** FLOP *** [4s 9s 6c]
SmellyToes4u: checks
Johnliu: checks
*** TURN *** [4s 9s 6c] [9d]
SmellyToes4u: checks
Johnliu: checks
*** RIVER *** [4s 9s 6c 9d] [Jh]
SmellyToes4u: checks
tedros404 leaves the table
Johnliu: checks
*** SHOW DOWN ***
SmellyToes4u: shows [Ks 2c] (a pair of Nines)
Johnliu: mucks hand
SmellyToes4u collected $11.76 from pot
*** SUMMARY ***
Total pot $12 | Rake $0.24
Board [4s 9s 6c 9d Jh]
Seat 5: Johnliu (button) (small blind) mucked
Seat 6: SmellyToes4u (big blind) showed [Ks 2c] and won ($11.76) with a pair of Nines


