PokerStars Hand #167409927435:  Hold'em Limit ($3/$6 USD) - 2017/03/10 20:00:28 ET
Table 'Corduba II' 6-max Seat #1 is the button
Seat 1: 0707991 ($196.37 in chips)
Seat 3: ABATAPP ($94.57 in chips)
0707991: posts small blind $1
ABATAPP: posts big blind $3
*** HOLE CARDS ***
0707991: folds
Uncalled bet ($2) returned to ABATAPP
ABATAPP collected $2 from pot
ABATAPP: doesn't show hand
*** SUMMARY ***
Total pot $2 | Rake $0
Seat 1: 0707991 (button) (small blind) folded before Flop
Seat 3: ABATAPP (big blind) collected ($2)


PokerStars Hand #167409918920:  Hold'em Limit ($3/$6 USD) - 2017/03/10 20:00:12 ET
Table 'Corduba II' 6-max Seat #3 is the button
Seat 1: 0707991 ($190.61 in chips)
Seat 3: ABATAPP ($100.57 in chips)
ABATAPP: posts small blind $1
Bedard: is sitting out
0707991: posts big blind $3
*** HOLE CARDS ***
ABATAPP: raises $3 to $6
0707991: calls $3
*** FLOP *** [3d Ac Kc]
0707991: bets $3
ABATAPP: folds
Uncalled bet ($3) returned to 0707991
0707991 collected $11.76 from pot
0707991: doesn't show hand
*** SUMMARY ***
Total pot $12 | Rake $0.24
Board [3d Ac Kc]
Seat 1: 0707991 (big blind) collected ($11.76)
Seat 3: ABATAPP (button) (small blind) folded on the Flop


PokerStars Hand #167412075612:  Hold'em Limit ($3/$6 USD) - 2017/03/10 21:11:10 ET
Table 'Corduba II' 6-max Seat #6 is the button
Seat 4: Bedard ($315.37 in chips)
Seat 6: alpha2777 ($119.84 in chips)
alpha2777: posts small blind $1
Bedard: posts big blind $3
*** HOLE CARDS ***
alpha2777: raises $3 to $6
Bedard: folds
Uncalled bet ($3) returned to alpha2777
alpha2777 collected $6 from pot
alpha2777: doesn't show hand
*** SUMMARY ***
Total pot $6 | Rake $0
Seat 4: Bedard (big blind) folded before Flop
Seat 6: alpha2777 (button) (small blind) collected ($6)


