PokerStars Hand #159591339557:  Hold'em Limit ($3/$6 USD) - 2016/10/07 7:30:59 ET
Table 'Corduba' 6-max Seat #6 is the button
Seat 3: pöci9 ($165.47 in chips)
Seat 6: xRauIx ($146.07 in chips)
xRauIx: posts small blind $1
Ag3r0n: is sitting out
TinaTurner72: is sitting out
pöci9: posts big blind $3
*** HOLE CARDS ***
Ag3r0n leaves the table
xRauIx: raises $3 to $6
pöci9: raises $3 to $9
TinaTurner72 leaves the table
xRauIx: calls $3
*** FLOP *** [Qd Jh 6c]
pöci9: checks
xRauIx: bets $3
pöci9: folds
Uncalled bet ($3) returned to xRauIx
xRauIx collected $17.64 from pot
xRauIx: doesn't show hand
*** SUMMARY ***
Total pot $18 | Rake $0.36
Board [Qd Jh 6c]
Seat 3: pöci9 (big blind) folded on the Flop
Seat 6: xRauIx (button) (small blind) collected ($17.64)


PokerStars Hand #159591351681:  Hold'em Limit ($3/$6 USD) - 2016/10/07 7:31:26 ET
Table 'Corduba' 6-max Seat #3 is the button
Seat 3: pöci9 ($156.47 in chips)
Seat 4: sim5sim5 ($87.53 in chips)
pöci9: posts small blind $1
sim5sim5: posts big blind $3
*** HOLE CARDS ***
TinaTurner72 joins the table at seat #5
pöci9: folds
Uncalled bet ($2) returned to sim5sim5
sim5sim5 collected $2 from pot
sim5sim5: doesn't show hand
*** SUMMARY ***
Total pot $2 | Rake $0
Seat 3: pöci9 (button) (small blind) folded before Flop
Seat 4: sim5sim5 (big blind) collected ($2)


PokerStars Hand #159591391374:  Hold'em Limit ($3/$6 USD) - 2016/10/07 7:32:54 ET
Table 'Corduba' 6-max Seat #3 is the button
Seat 3: pöci9 ($115.47 in chips)
Seat 5: TinaTurner72 ($143.65 in chips)
pöci9: posts small blind $1
TinaTurner72: posts big blind $3
*** HOLE CARDS ***
pöci9: raises $3 to $6
TinaTurner72: calls $3
*** FLOP *** [8c 7c Qh]
TinaTurner72: checks
pöci9: bets $3
TinaTurner72: folds
Uncalled bet ($3) returned to pöci9
sim5sim5 leaves the table
pöci9 collected $11.76 from pot
pöci9: doesn't show hand
*** SUMMARY ***
Total pot $12 | Rake $0.24
Board [8c 7c Qh]
Seat 3: pöci9 (button) (small blind) collected ($11.76)
Seat 5: TinaTurner72 (big blind) folded on the Flop


PokerStars Hand #159591386526:  Hold'em Limit ($3/$6 USD) - 2016/10/07 7:32:43 ET
Table 'Corduba' 6-max Seat #5 is the button
Seat 3: pöci9 ($121.47 in chips)
Seat 5: TinaTurner72 ($137.89 in chips)
TinaTurner72: posts small blind $1
pöci9: posts big blind $3
*** HOLE CARDS ***
TinaTurner72: raises $3 to $6
iskambil leaves the table
pöci9: calls $3
*** FLOP *** [Ah Jd 2s]
pöci9: checks
TinaTurner72: bets $3
pöci9: folds
Uncalled bet ($3) returned to TinaTurner72
TinaTurner72 collected $11.76 from pot
TinaTurner72: doesn't show hand
*** SUMMARY ***
Total pot $12 | Rake $0.24
Board [Ah Jd 2s]
Seat 3: pöci9 (big blind) folded on the Flop
Seat 5: TinaTurner72 (button) (small blind) collected ($11.76)


PokerStars Hand #159591383935:  Hold'em Limit ($3/$6 USD) - 2016/10/07 7:32:38 ET
Table 'Corduba' 6-max Seat #3 is the button
Seat 3: pöci9 ($122.47 in chips)
Seat 5: TinaTurner72 ($136.89 in chips)
iskambil will be allowed to play after the button
pöci9: posts small blind $1
sim5sim5: is sitting out
TinaTurner72: posts big blind $3
*** HOLE CARDS ***
pöci9: folds
Uncalled bet ($2) returned to TinaTurner72
TinaTurner72 collected $2 from pot
TinaTurner72: doesn't show hand
*** SUMMARY ***
Total pot $2 | Rake $0
Seat 3: pöci9 (button) (small blind) folded before Flop
Seat 5: TinaTurner72 (big blind) collected ($2)


PokerStars Hand #159591411853:  Hold'em Limit ($3/$6 USD) - 2016/10/07 7:33:39 ET
Table 'Corduba' 6-max Seat #3 is the button
Seat 3: pöci9 ($97.23 in chips)
Seat 5: TinaTurner72 ($161.15 in chips)
pöci9: posts small blind $1
TinaTurner72: posts big blind $3
*** HOLE CARDS ***
pöci9: folds
Uncalled bet ($2) returned to TinaTurner72
TinaTurner72 collected $2 from pot
TinaTurner72: doesn't show hand
*** SUMMARY ***
Total pot $2 | Rake $0
Seat 3: pöci9 (button) (small blind) folded before Flop
Seat 5: TinaTurner72 (big blind) collected ($2)


PokerStars Hand #159591396198:  Hold'em Limit ($3/$6 USD) - 2016/10/07 7:33:05 ET
Table 'Corduba' 6-max Seat #5 is the button
Seat 3: pöci9 ($121.23 in chips)
Seat 5: TinaTurner72 ($137.65 in chips)
TinaTurner72: posts small blind $1
pöci9: posts big blind $3
*** HOLE CARDS ***
TinaTurner72: raises $3 to $6
pöci9: raises $3 to $9
xRauIx leaves the table
TinaTurner72: calls $3
*** FLOP *** [9c Qs 2h]
pöci9: bets $3
TinaTurner72: calls $3
*** TURN *** [9c Qs 2h] [9s]
pöci9: bets $6
TinaTurner72: calls $6
*** RIVER *** [9c Qs 2h 9s] [2s]
pöci9: bets $6
TinaTurner72: calls $6
*** SHOW DOWN ***
pöci9: shows [8h 8s] (two pair, Nines and Eights)
TinaTurner72: shows [Ks Qh] (two pair, Queens and Nines)
TinaTurner72 collected $47.50 from pot
*** SUMMARY ***
Total pot $48 | Rake $0.50
Board [9c Qs 2h 9s 2s]
Seat 3: pöci9 (big blind) showed [8h 8s] and lost with two pair, Nines and Eights
Seat 5: TinaTurner72 (button) (small blind) showed [Ks Qh] and won ($47.50) with two pair, Queens and Nines


PokerStars Hand #159591413867:  Hold'em Limit ($3/$6 USD) - 2016/10/07 7:33:43 ET
Table 'Corduba' 6-max Seat #5 is the button
Seat 3: pöci9 ($96.23 in chips)
Seat 5: TinaTurner72 ($162.15 in chips)
TinaTurner72: posts small blind $1
pöci9: posts big blind $3
*** HOLE CARDS ***
TinaTurner72: raises $3 to $6
pöci9: raises $3 to $9
TinaTurner72: calls $3
*** FLOP *** [Qd 9d 3c]
pöci9: bets $3
TinaTurner72: calls $3
*** TURN *** [Qd 9d 3c] [4h]
pöci9: checks
TinaTurner72: checks
*** RIVER *** [Qd 9d 3c 4h] [9h]
pöci9: checks
TinaTurner72: checks
*** SHOW DOWN ***
pöci9: shows [Ad 5s] (a pair of Nines)
TinaTurner72: mucks hand
pöci9 collected $23.52 from pot
*** SUMMARY ***
Total pot $24 | Rake $0.48
Board [Qd 9d 3c 4h 9h]
Seat 3: pöci9 (big blind) showed [Ad 5s] and won ($23.52) with a pair of Nines
Seat 5: TinaTurner72 (button) (small blind) mucked


PokerStars Hand #159591452489:  Hold'em Limit ($3/$6 USD) - 2016/10/07 7:35:08 ET
Table 'Corduba' 6-max Seat #3 is the button
Seat 3: pöci9 ($53.75 in chips)
Seat 5: TinaTurner72 ($203.15 in chips)
pöci9: posts small blind $1
TinaTurner72: posts big blind $3
*** HOLE CARDS ***
pöci9: folds
Uncalled bet ($2) returned to TinaTurner72
TinaTurner72 collected $2 from pot
TinaTurner72: doesn't show hand
*** SUMMARY ***
Total pot $2 | Rake $0
Seat 3: pöci9 (button) (small blind) folded before Flop
Seat 5: TinaTurner72 (big blind) collected ($2)


PokerStars Hand #159591436080:  Hold'em Limit ($3/$6 USD) - 2016/10/07 7:34:32 ET
Table 'Corduba' 6-max Seat #5 is the button
Seat 3: pöci9 ($77.75 in chips)
Seat 5: TinaTurner72 ($179.65 in chips)
TinaTurner72: posts small blind $1
pöci9: posts big blind $3
*** HOLE CARDS ***
TinaTurner72: raises $3 to $6
pöci9: raises $3 to $9
TinaTurner72: calls $3
*** FLOP *** [Kd 3s 2c]
pöci9: bets $3
TinaTurner72: calls $3
*** TURN *** [Kd 3s 2c] [9d]
pöci9: checks
kdcl joins the table at seat #1
TinaTurner72: bets $6
pöci9: calls $6
*** RIVER *** [Kd 3s 2c 9d] [5d]
pöci9: checks
TinaTurner72: bets $6
pöci9: calls $6
*** SHOW DOWN ***
TinaTurner72: shows [8h Kc] (a pair of Kings)
pöci9: mucks hand
TinaTurner72 collected $47.50 from pot
*** SUMMARY ***
Total pot $48 | Rake $0.50
Board [Kd 3s 2c 9d 5d]
Seat 3: pöci9 (big blind) mucked
Seat 5: TinaTurner72 (button) (small blind) showed [8h Kc] and won ($47.50) with a pair of Kings


PokerStars Hand #159591426262:  Hold'em Limit ($3/$6 USD) - 2016/10/07 7:34:10 ET
Table 'Corduba' 6-max Seat #3 is the button
Seat 3: pöci9 ($107.75 in chips)
Seat 5: TinaTurner72 ($150.15 in chips)
pöci9: posts small blind $1
TinaTurner72: posts big blind $3
*** HOLE CARDS ***
pöci9: raises $3 to $6
TinaTurner72: calls $3
*** FLOP *** [2s 3s Tc]
TinaTurner72: checks
pöci9: bets $3
TinaTurner72: raises $3 to $6
pöci9: raises $3 to $9
TinaTurner72: raises $3 to $12
Betting is capped
pöci9: calls $3
*** TURN *** [2s 3s Tc] [8h]
TinaTurner72: bets $6
pöci9: calls $6
*** RIVER *** [2s 3s Tc 8h] [6d]
TinaTurner72: bets $6
pöci9: calls $6
*** SHOW DOWN ***
TinaTurner72: shows [5s 4h] (a straight, Deuce to Six)
pöci9: mucks hand
TinaTurner72 collected $59.50 from pot
*** SUMMARY ***
Total pot $60 | Rake $0.50
Board [2s 3s Tc 8h 6d]
Seat 3: pöci9 (button) (small blind) mucked
Seat 5: TinaTurner72 (big blind) showed [5s 4h] and won ($59.50) with a straight, Deuce to Six


PokerStars Hand #159593241342:  Hold'em Limit ($3/$6 USD) - 2016/10/07 8:37:51 ET
Table 'Corduba' 6-max Seat #3 is the button
Seat 2: jackRizzar ($140.98 in chips)
Seat 3: Ag3r0n ($279.81 in chips)
Ag3r0n: posts small blind $1
Kees123: is sitting out
jackRizzar: posts big blind $3
*** HOLE CARDS ***
Ag3r0n: raises $3 to $6
jackRizzar: calls $3
*** FLOP *** [8c 3s Js]
jackRizzar: checks
Ag3r0n: bets $3
jackRizzar: raises $3 to $6
Ag3r0n: calls $3
*** TURN *** [8c 3s Js] [6h]
Kees123 leaves the table
jackRizzar: bets $6
Ag3r0n: calls $6
*** RIVER *** [8c 3s Js 6h] [Jd]
jackRizzar: bets $6
Ag3r0n: calls $6
*** SHOW DOWN ***
jackRizzar: shows [Qs 6s] (two pair, Jacks and Sixes)
Ag3r0n: mucks hand
jackRizzar collected $47.50 from pot
*** SUMMARY ***
Total pot $48 | Rake $0.50
Board [8c 3s Js 6h Jd]
Seat 2: jackRizzar (big blind) showed [Qs 6s] and won ($47.50) with two pair, Jacks and Sixes
Seat 3: Ag3r0n (button) (small blind) mucked


