PokerStars Hand #155162729801:  Hold'em Limit ($3/$6 USD) - 2016/06/24 21:29:56 ET
Table 'Cornelia' 6-max Seat #6 is the button
Seat 4: AzureCaper ($72 in chips)
Seat 6: Profitables ($72 in chips)
Profitables: posts small blind $1
AzureCaper: posts big blind $3
*** HOLE CARDS ***
Profitables: raises $3 to $6
AzureCaper: calls $3
*** FLOP *** [3c 4c 5c]
AzureCaper: checks
Profitables: bets $3
AzureCaper: raises $3 to $6
Profitables: calls $3
*** TURN *** [3c 4c 5c] [8h]
AzureCaper: bets $6
Profitables: raises $6 to $12
AzureCaper: raises $6 to $18
Profitables: calls $6
*** RIVER *** [3c 4c 5c 8h] [9h]
AzureCaper: bets $6
Profitables: calls $6
*** SHOW DOWN ***
AzureCaper: shows [5s 8s] (two pair, Eights and Fives)
Profitables: shows [8c 9d] (two pair, Nines and Eights)
Profitables collected $71.50 from pot
*** SUMMARY ***
Total pot $72 | Rake $0.50
Board [3c 4c 5c 8h 9h]
Seat 4: AzureCaper (big blind) showed [5s 8s] and lost with two pair, Eights and Fives
Seat 6: Profitables (button) (small blind) showed [8c 9d] and won ($71.50) with two pair, Nines and Eights


PokerStars Hand #155162742160:  Hold'em Limit ($3/$6 USD) - 2016/06/24 21:30:29 ET
Table 'Cornelia' 6-max Seat #4 is the button
Seat 4: AzureCaper ($72 in chips)
Seat 6: Profitables ($107.50 in chips)
AzureCaper: posts small blind $1
Profitables: posts big blind $3
*** HOLE CARDS ***
AzureCaper: raises $3 to $6
Profitables: calls $3
*** FLOP *** [9h 3d Ts]
Profitables: checks
AzureCaper: bets $3
Profitables: folds
Uncalled bet ($3) returned to AzureCaper
AzureCaper collected $11.76 from pot
AzureCaper: doesn't show hand
*** SUMMARY ***
Total pot $12 | Rake $0.24
Board [9h 3d Ts]
Seat 4: AzureCaper (button) (small blind) collected ($11.76)
Seat 6: Profitables (big blind) folded on the Flop


PokerStars Hand #155162745549:  Hold'em Limit ($3/$6 USD) - 2016/06/24 21:30:37 ET
Table 'Cornelia' 6-max Seat #6 is the button
Seat 4: AzureCaper ($77.76 in chips)
Seat 6: Profitables ($101.50 in chips)
Profitables: posts small blind $1
AzureCaper: posts big blind $3
*** HOLE CARDS ***
Profitables: raises $3 to $6
AzureCaper: folds
Uncalled bet ($3) returned to Profitables
Profitables collected $6 from pot
Profitables: doesn't show hand
*** SUMMARY ***
Total pot $6 | Rake $0
Seat 4: AzureCaper (big blind) folded before Flop
Seat 6: Profitables (button) (small blind) collected ($6)


PokerStars Hand #155162755015:  Hold'em Limit ($3/$6 USD) - 2016/06/24 21:31:02 ET
Table 'Cornelia' 6-max Seat #6 is the button
Seat 4: AzureCaper ($89.26 in chips)
Seat 6: Profitables ($89.50 in chips)
Profitables: posts small blind $1
AzureCaper: posts big blind $3
*** HOLE CARDS ***
Profitables: raises $3 to $6
AzureCaper: folds
Uncalled bet ($3) returned to Profitables
Profitables collected $6 from pot
Profitables: doesn't show hand
*** SUMMARY ***
Total pot $6 | Rake $0
Seat 4: AzureCaper (big blind) folded before Flop
Seat 6: Profitables (button) (small blind) collected ($6)


PokerStars Hand #155162748866:  Hold'em Limit ($3/$6 USD) - 2016/06/24 21:30:46 ET
Table 'Cornelia' 6-max Seat #4 is the button
Seat 4: AzureCaper ($74.76 in chips)
Seat 6: Profitables ($104.50 in chips)
AzureCaper: posts small blind $1
Profitables: posts big blind $3
*** HOLE CARDS ***
AzureCaper: raises $3 to $6
Profitables: calls $3
*** FLOP *** [3s 9d Td]
Profitables: checks
AzureCaper: bets $3
Profitables: calls $3
*** TURN *** [3s 9d Td] [3h]
Profitables: checks
AzureCaper: bets $6
Profitables: calls $6
*** RIVER *** [3s 9d Td 3h] [Kc]
Profitables: checks
AzureCaper: checks
*** SHOW DOWN ***
Profitables: shows [Qs 8h] (a pair of Threes)
AzureCaper: shows [Ah 7c] (a pair of Threes - Ace kicker)
AzureCaper collected $29.50 from pot
*** SUMMARY ***
Total pot $30 | Rake $0.50
Board [3s 9d Td 3h Kc]
Seat 4: AzureCaper (button) (small blind) showed [Ah 7c] and won ($29.50) with a pair of Threes
Seat 6: Profitables (big blind) showed [Qs 8h] and lost with a pair of Threes


PokerStars Hand #155162759332:  Hold'em Limit ($3/$6 USD) - 2016/06/24 21:31:14 ET
Table 'Cornelia' 6-max Seat #6 is the button
Seat 4: AzureCaper ($85.26 in chips)
Seat 6: Profitables ($93.50 in chips)
Profitables: posts small blind $1
AzureCaper: posts big blind $3
*** HOLE CARDS ***
Profitables: raises $3 to $6
AzureCaper: folds
Uncalled bet ($3) returned to Profitables
Profitables collected $6 from pot
Profitables: doesn't show hand
*** SUMMARY ***
Total pot $6 | Rake $0
Seat 4: AzureCaper (big blind) folded before Flop
Seat 6: Profitables (button) (small blind) collected ($6)


PokerStars Hand #155162757160:  Hold'em Limit ($3/$6 USD) - 2016/06/24 21:31:08 ET
Table 'Cornelia' 6-max Seat #4 is the button
Seat 4: AzureCaper ($86.26 in chips)
Seat 6: Profitables ($92.50 in chips)
AzureCaper: posts small blind $1
Profitables: posts big blind $3
*** HOLE CARDS ***
AzureCaper: folds
Uncalled bet ($2) returned to Profitables
Profitables collected $2 from pot
Profitables: doesn't show hand
*** SUMMARY ***
Total pot $2 | Rake $0
Seat 4: AzureCaper (button) (small blind) folded before Flop
Seat 6: Profitables (big blind) collected ($2)


PokerStars Hand #155162761978:  Hold'em Limit ($3/$6 USD) - 2016/06/24 21:31:21 ET
Table 'Cornelia' 6-max Seat #4 is the button
Seat 4: AzureCaper ($82.26 in chips)
Seat 6: Profitables ($96.50 in chips)
AzureCaper: posts small blind $1
Profitables: posts big blind $3
*** HOLE CARDS ***
AzureCaper: folds
Uncalled bet ($2) returned to Profitables
Profitables collected $2 from pot
Profitables: doesn't show hand
*** SUMMARY ***
Total pot $2 | Rake $0
Seat 4: AzureCaper (button) (small blind) folded before Flop
Seat 6: Profitables (big blind) collected ($2)


PokerStars Hand #155162766255:  Hold'em Limit ($3/$6 USD) - 2016/06/24 21:31:32 ET
Table 'Cornelia' 6-max Seat #4 is the button
Seat 4: AzureCaper ($78.26 in chips)
Seat 6: Profitables ($100.50 in chips)
AzureCaper: posts small blind $1
Profitables: posts big blind $3
*** HOLE CARDS ***
AzureCaper: folds
Uncalled bet ($2) returned to Profitables
Profitables collected $2 from pot
Profitables: doesn't show hand
*** SUMMARY ***
Total pot $2 | Rake $0
Seat 4: AzureCaper (button) (small blind) folded before Flop
Seat 6: Profitables (big blind) collected ($2)


PokerStars Hand #155162764023:  Hold'em Limit ($3/$6 USD) - 2016/06/24 21:31:26 ET
Table 'Cornelia' 6-max Seat #6 is the button
Seat 4: AzureCaper ($81.26 in chips)
Seat 6: Profitables ($97.50 in chips)
Profitables: posts small blind $1
AzureCaper: posts big blind $3
*** HOLE CARDS ***
Profitables: raises $3 to $6
AzureCaper: folds
Uncalled bet ($3) returned to Profitables
Profitables collected $6 from pot
Profitables: doesn't show hand
*** SUMMARY ***
Total pot $6 | Rake $0
Seat 4: AzureCaper (big blind) folded before Flop
Seat 6: Profitables (button) (small blind) collected ($6)


PokerStars Hand #155162768698:  Hold'em Limit ($3/$6 USD) - 2016/06/24 21:31:38 ET
Table 'Cornelia' 6-max Seat #6 is the button
Seat 4: AzureCaper ($77.26 in chips)
Seat 6: Profitables ($101.50 in chips)
Profitables: posts small blind $1
AzureCaper: posts big blind $3
*** HOLE CARDS ***
Profitables: raises $3 to $6
AzureCaper: calls $3
*** FLOP *** [5s 5h 3c]
AzureCaper: checks
Profitables: bets $3
AzureCaper: folds
Uncalled bet ($3) returned to Profitables
Profitables collected $11.76 from pot
Profitables: doesn't show hand
*** SUMMARY ***
Total pot $12 | Rake $0.24
Board [5s 5h 3c]
Seat 4: AzureCaper (big blind) folded on the Flop
Seat 6: Profitables (button) (small blind) collected ($11.76)


PokerStars Hand #155162772319:  Hold'em Limit ($3/$6 USD) - 2016/06/24 21:31:47 ET
Table 'Cornelia' 6-max Seat #4 is the button
Seat 4: AzureCaper ($72 in chips)
Seat 6: Profitables ($107.26 in chips)
AzureCaper: posts small blind $1
Profitables: posts big blind $3
*** HOLE CARDS ***
AzureCaper: folds
Uncalled bet ($2) returned to Profitables
Profitables collected $2 from pot
Profitables: doesn't show hand
*** SUMMARY ***
Total pot $2 | Rake $0
Seat 4: AzureCaper (button) (small blind) folded before Flop
Seat 6: Profitables (big blind) collected ($2)


