PokerStars Hand #146224814273:  Hold'em Limit ($3/$6 USD) - 2015/12/31 8:34:49 ET
Table 'Cornelia III' 2-max Seat #2 is the button
Seat 1: BigYelloFish ($130.16 in chips)
Seat 2: Profitables ($19.76 in chips)
Profitables: posts small blind $1
BigYelloFish: posts big blind $3
*** HOLE CARDS ***
Profitables: raises $3 to $6
BigYelloFish: calls $3
*** FLOP *** [Ah Th 8d]
BigYelloFish: checks
Profitables: bets $3
BigYelloFish: folds
Uncalled bet ($3) returned to Profitables
Profitables collected $11.76 from pot
Profitables: doesn't show hand
*** SUMMARY ***
Total pot $12 | Rake $0.24
Board [Ah Th 8d]
Seat 1: BigYelloFish (big blind) folded on the Flop
Seat 2: Profitables (button) (small blind) collected ($11.76)


PokerStars Hand #146224805691:  Hold'em Limit ($3/$6 USD) - 2015/12/31 8:34:37 ET
Table 'Cornelia III' 2-max Seat #1 is the button
Seat 1: BigYelloFish ($127.28 in chips)
Seat 2: Profitables ($22.76 in chips)
BigYelloFish: posts small blind $1
Profitables: posts big blind $3
*** HOLE CARDS ***
BigYelloFish: calls $2
Profitables: checks
*** FLOP *** [3h Qh 6h]
Profitables: checks
BigYelloFish: checks
*** TURN *** [3h Qh 6h] [Ah]
Profitables: checks
BigYelloFish: bets $6
Profitables: folds
Uncalled bet ($6) returned to BigYelloFish
BigYelloFish collected $5.88 from pot
BigYelloFish: doesn't show hand
*** SUMMARY ***
Total pot $6 | Rake $0.12
Board [3h Qh 6h Ah]
Seat 1: BigYelloFish (button) (small blind) collected ($5.88)
Seat 2: Profitables (big blind) folded on the Turn


PokerStars Hand #146224799769:  Hold'em Limit ($3/$6 USD) - 2015/12/31 8:34:29 ET
Table 'Cornelia III' 2-max Seat #2 is the button
Seat 1: BigYelloFish ($118.64 in chips)
Seat 2: Profitables ($31.76 in chips)
Profitables: posts small blind $1
BigYelloFish: posts big blind $3
*** HOLE CARDS ***
Profitables: raises $3 to $6
BigYelloFish: raises $3 to $9
Profitables: calls $3
*** FLOP *** [Th Ad 7c]
BigYelloFish: bets $3
Profitables: folds
Uncalled bet ($3) returned to BigYelloFish
BigYelloFish collected $17.64 from pot
BigYelloFish: doesn't show hand
*** SUMMARY ***
Total pot $18 | Rake $0.36
Board [Th Ad 7c]
Seat 1: BigYelloFish (big blind) collected ($17.64)
Seat 2: Profitables (button) (small blind) folded on the Flop


PokerStars Hand #146224796588:  Hold'em Limit ($3/$6 USD) - 2015/12/31 8:34:25 ET
Table 'Cornelia III' 2-max Seat #1 is the button
Seat 1: BigYelloFish ($119.64 in chips)
Seat 2: Profitables ($30.76 in chips)
BigYelloFish: posts small blind $1
Profitables: posts big blind $3
*** HOLE CARDS ***
BigYelloFish: folds
Uncalled bet ($2) returned to Profitables
Profitables collected $2 from pot
Profitables: doesn't show hand
*** SUMMARY ***
Total pot $2 | Rake $0
Seat 1: BigYelloFish (button) (small blind) folded before Flop
Seat 2: Profitables (big blind) collected ($2)


PokerStars Hand #146224791275:  Hold'em Limit ($3/$6 USD) - 2015/12/31 8:34:17 ET
Table 'Cornelia III' 2-max Seat #2 is the button
Seat 1: BigYelloFish ($125.64 in chips)
Seat 2: Profitables ($25 in chips)
Profitables: posts small blind $1
BigYelloFish: posts big blind $3
*** HOLE CARDS ***
Profitables: raises $3 to $6
BigYelloFish: calls $3
*** FLOP *** [4h 4s 6d]
BigYelloFish: checks
Profitables: bets $3
BigYelloFish: folds
Uncalled bet ($3) returned to Profitables
Profitables collected $11.76 from pot
Profitables: doesn't show hand
*** SUMMARY ***
Total pot $12 | Rake $0.24
Board [4h 4s 6d]
Seat 1: BigYelloFish (big blind) folded on the Flop
Seat 2: Profitables (button) (small blind) collected ($11.76)


PokerStars Hand #146224780770:  Hold'em Limit ($3/$6 USD) - 2015/12/31 8:34:03 ET
Table 'Cornelia III' 2-max Seat #1 is the button
Seat 1: BigYelloFish ($117 in chips)
Seat 2: Profitables ($34 in chips)
BigYelloFish: posts small blind $1
Profitables: posts big blind $3
*** HOLE CARDS ***
BigYelloFish: raises $3 to $6
Profitables: calls $3
*** FLOP *** [8c 5d Jd]
Profitables: checks
BigYelloFish: bets $3
Profitables: calls $3
*** TURN *** [8c 5d Jd] [3s]
Profitables: checks
BigYelloFish: checks
*** RIVER *** [8c 5d Jd 3s] [7d]
Profitables: checks
BigYelloFish: checks
*** SHOW DOWN ***
Profitables: shows [4s Ad] (high card Ace)
BigYelloFish: shows [5s 6h] (a pair of Fives)
BigYelloFish collected $17.64 from pot
*** SUMMARY ***
Total pot $18 | Rake $0.36
Board [8c 5d Jd 3s 7d]
Seat 1: BigYelloFish (button) (small blind) showed [5s 6h] and won ($17.64) with a pair of Fives
Seat 2: Profitables (big blind) showed [4s Ad] and lost with high card Ace


PokerStars Hand #146224837255:  Hold'em Limit ($3/$6 USD) - 2015/12/31 8:35:21 ET
Table 'Cornelia III' 2-max Seat #1 is the button
Seat 1: BigYelloFish ($126.80 in chips)
Seat 2: Profitables ($22.28 in chips)
BigYelloFish: posts small blind $1
Profitables: posts big blind $3
*** HOLE CARDS ***
BigYelloFish: raises $3 to $6
Profitables: calls $3
*** FLOP *** [9d 5c Qc]
Profitables: checks
BigYelloFish: bets $3
Profitables: raises $3 to $6
BigYelloFish: calls $3
*** TURN *** [9d 5c Qc] [Ts]
Profitables: bets $6
BigYelloFish: raises $6 to $12
Profitables: calls $4.28 and is all-in
Uncalled bet ($1.72) returned to BigYelloFish
*** RIVER *** [9d 5c Qc Ts] [4d]
*** SHOW DOWN ***
Profitables: shows [2s 9c] (a pair of Nines)
BigYelloFish: shows [8c Tc] (a pair of Tens)
BigYelloFish collected $44.06 from pot
Profitables said, "b hlvlbójl/"
*** SUMMARY ***
Total pot $44.56 | Rake $0.50
Board [9d 5c Qc Ts 4d]
Seat 1: BigYelloFish (button) (small blind) showed [8c Tc] and won ($44.06) with a pair of Tens
Seat 2: Profitables (big blind) showed [2s 9c] and lost with a pair of Nines


PokerStars Hand #146224831407:  Hold'em Limit ($3/$6 USD) - 2015/12/31 8:35:13 ET
Table 'Cornelia III' 2-max Seat #2 is the button
Seat 1: BigYelloFish ($132.80 in chips)
Seat 2: Profitables ($16.52 in chips)
Profitables: posts small blind $1
BigYelloFish: posts big blind $3
*** HOLE CARDS ***
Profitables: raises $3 to $6
BigYelloFish: calls $3
*** FLOP *** [9h Qs Ks]
BigYelloFish: checks
Profitables: bets $3
BigYelloFish: folds
Uncalled bet ($3) returned to Profitables
Profitables collected $11.76 from pot
Profitables: doesn't show hand
*** SUMMARY ***
Total pot $12 | Rake $0.24
Board [9h Qs Ks]
Seat 1: BigYelloFish (big blind) folded on the Flop
Seat 2: Profitables (button) (small blind) collected ($11.76)


PokerStars Hand #146224819899:  Hold'em Limit ($3/$6 USD) - 2015/12/31 8:34:57 ET
Table 'Cornelia III' 2-max Seat #1 is the button
Seat 1: BigYelloFish ($124.16 in chips)
Seat 2: Profitables ($25.52 in chips)
BigYelloFish: posts small blind $1
Profitables: posts big blind $3
*** HOLE CARDS ***
BigYelloFish: raises $3 to $6
Profitables: calls $3
*** FLOP *** [Jh 9d 7h]
Profitables: checks
BigYelloFish: bets $3
Profitables: calls $3
*** TURN *** [Jh 9d 7h] [8s]
Profitables: checks
BigYelloFish: checks
*** RIVER *** [Jh 9d 7h 8s] [6h]
Profitables: checks
BigYelloFish: bets $6
Profitables: folds
Uncalled bet ($6) returned to BigYelloFish
BigYelloFish collected $17.64 from pot
BigYelloFish: doesn't show hand
*** SUMMARY ***
Total pot $18 | Rake $0.36
Board [Jh 9d 7h 8s 6h]
Seat 1: BigYelloFish (button) (small blind) collected ($17.64)
Seat 2: Profitables (big blind) folded on the River


