PokerStars Hand #145399785008:  Hold'em Limit ($3/$6 USD) - 2015/12/15 16:05:55 ET
Table 'Cornelia II' 6-max Seat #4 is the button
Seat 4: charlys65 ($145.14 in chips)
Seat 5: MellivoraSto ($72 in chips)
charlys65: posts small blind $1
MellivoraSto: posts big blind $3
*** HOLE CARDS ***
charlys65: raises $3 to $6
BuzovaPro joins the table at seat #6
MellivoraSto: calls $3
*** FLOP *** [Kd Kh 5h]
MellivoraSto: checks
charlys65: bets $3
MellivoraSto: folds
Uncalled bet ($3) returned to charlys65
charlys65 collected $11.76 from pot
charlys65: doesn't show hand
*** SUMMARY ***
Total pot $12 | Rake $0.24
Board [Kd Kh 5h]
Seat 4: charlys65 (button) (small blind) collected ($11.76)
Seat 5: MellivoraSto (big blind) folded on the Flop


PokerStars Hand #145399764057:  Hold'em Limit ($3/$6 USD) - 2015/12/15 16:05:35 ET
Table 'Cornelia II' 6-max Seat #5 is the button
Seat 4: charlys65 ($124.64 in chips)
Seat 5: MellivoraSto ($74.95 in chips)
MellivoraSto: posts small blind $1
charlys65: posts big blind $3
*** HOLE CARDS ***
MellivoraSto: raises $3 to $6
charlys65: raises $3 to $9
MellivoraSto: calls $3
*** FLOP *** [Ks 6h 5s]
charlys65: checks
MellivoraSto: bets $3
charlys65: raises $3 to $6
MellivoraSto: calls $3
*** TURN *** [Ks 6h 5s] [5c]
charlys65: checks
MellivoraSto: checks
*** RIVER *** [Ks 6h 5s 5c] [Qd]
charlys65: bets $6
MellivoraSto: calls $6
*** SHOW DOWN ***
charlys65: shows [6s 6d] (a full house, Sixes full of Fives)
MellivoraSto: mucks hand
charlys65 collected $41.50 from pot
*** SUMMARY ***
Total pot $42 | Rake $0.50
Board [Ks 6h 5s 5c Qd]
Seat 4: charlys65 (big blind) showed [6s 6d] and won ($41.50) with a full house, Sixes full of Fives
Seat 5: MellivoraSto (button) (small blind) mucked


PokerStars Hand #145399739130:  Hold'em Limit ($3/$6 USD) - 2015/12/15 16:05:10 ET
Table 'Cornelia II' 6-max Seat #5 is the button
Seat 4: charlys65 ($113 in chips)
Seat 5: MellivoraSto ($86.95 in chips)
MellivoraSto: posts small blind $1
LukaSteel: is sitting out
BuzovaPro: is sitting out
charlys65: posts big blind $3
*** HOLE CARDS ***
MellivoraSto: raises $3 to $6
charlys65: calls $3
*** FLOP *** [7c Td Qc]
charlys65: checks
MellivoraSto: bets $3
charlys65: calls $3
*** TURN *** [7c Td Qc] [2d]
LukaSteel leaves the table
charlys65: checks
MellivoraSto: checks
*** RIVER *** [7c Td Qc 2d] [Kh]
charlys65: bets $6
MellivoraSto: folds
Uncalled bet ($6) returned to charlys65
charlys65 collected $17.64 from pot
charlys65: doesn't show hand
*** SUMMARY ***
Total pot $18 | Rake $0.36
Board [7c Td Qc 2d Kh]
Seat 4: charlys65 (big blind) collected ($17.64)
Seat 5: MellivoraSto (button) (small blind) folded on the River


PokerStars Hand #145402014095:  Hold'em Limit ($3/$6 USD) - 2015/12/15 16:43:53 ET
Table 'Cornelia II' 6-max Seat #4 is the button
Seat 3: 69bentley ($84.41 in chips)
Seat 4: artiZzt ($73 in chips)
artiZzt: posts small blind $1
BuzovaPro: is sitting out
ChrisTuff: is sitting out
ValeryRon: is sitting out
69bentley: posts big blind $3
*** HOLE CARDS ***
artiZzt: raises $3 to $6
ChrisTuff leaves the table
ValeryRon leaves the table
69bentley: calls $3
*** FLOP *** [8c 7c Jd]
MusicalClown joins the table at seat #5
MusicalClown leaves the table
69bentley: checks
artiZzt: bets $3
69bentley: folds
Uncalled bet ($3) returned to artiZzt
artiZzt collected $11.76 from pot
artiZzt: doesn't show hand
*** SUMMARY ***
Total pot $12 | Rake $0.24
Board [8c 7c Jd]
Seat 3: 69bentley (big blind) folded on the Flop
Seat 4: artiZzt (button) (small blind) collected ($11.76)


PokerStars Hand #145402033931:  Hold'em Limit ($3/$6 USD) - 2015/12/15 16:44:14 ET
Table 'Cornelia II' 6-max Seat #3 is the button
Seat 3: 69bentley ($78.41 in chips)
Seat 4: artiZzt ($78.76 in chips)
69bentley: posts small blind $1
artiZzt: posts big blind $3
*** HOLE CARDS ***
69bentley: calls $2
artiZzt: raises $3 to $6
69bentley: calls $3
*** FLOP *** [Tc 9c 2c]
artiZzt: bets $3
69bentley: raises $3 to $6
artiZzt: calls $3
*** TURN *** [Tc 9c 2c] [2s]
artiZzt: checks
69bentley: bets $6
artiZzt: calls $6
*** RIVER *** [Tc 9c 2c 2s] [4c]
BuzovaPro leaves the table
artiZzt: bets $6
69bentley: raises $6 to $12
artiZzt: calls $6
*** SHOW DOWN ***
69bentley: shows [Kc 9d] (a flush, King high)
artiZzt: mucks hand
69bentley collected $59.50 from pot
*** SUMMARY ***
Total pot $60 | Rake $0.50
Board [Tc 9c 2c 2s 4c]
Seat 3: 69bentley (button) (small blind) showed [Kc 9d] and won ($59.50) with a flush, King high
Seat 4: artiZzt (big blind) mucked


