PokerStars Hand #157625585709:  Hold'em Limit ($3/$6 USD) - 2016/08/23 0:56:10 ET
Table 'Corvus' 6-max Seat #3 is the button
Seat 3: xcgxcg2005 ($120 in chips)
Seat 4: Agrotait ($72 in chips)
xcgxcg2005: posts small blind $1
Agrotait: posts big blind $3
*** HOLE CARDS ***
xcgxcg2005: raises $3 to $6
Agrotait: raises $3 to $9
xcgxcg2005: raises $3 to $12
Betting is capped
Agrotait: calls $3
*** FLOP *** [6h 9d 5c]
Agrotait: checks
xcgxcg2005: bets $3
Agrotait: raises $3 to $6
xcgxcg2005: raises $3 to $9
Agrotait: raises $3 to $12
Betting is capped
xcgxcg2005: calls $3
*** TURN *** [6h 9d 5c] [8d]
Agrotait: bets $6
xcgxcg2005: raises $6 to $12
Agrotait: calls $6
*** RIVER *** [6h 9d 5c 8d] [Ah]
Agrotait: checks
xcgxcg2005: checks
*** SHOW DOWN ***
Agrotait: shows [6d 6c] (three of a kind, Sixes)
xcgxcg2005: mucks hand
Agrotait collected $71.50 from pot
*** SUMMARY ***
Total pot $72 | Rake $0.50
Board [6h 9d 5c 8d Ah]
Seat 3: xcgxcg2005 (button) (small blind) mucked
Seat 4: Agrotait (big blind) showed [6d 6c] and won ($71.50) with three of a kind, Sixes


PokerStars Hand #157625602972:  Hold'em Limit ($3/$6 USD) - 2016/08/23 0:57:35 ET
Table 'Corvus' 6-max Seat #3 is the button
Seat 3: xcgxcg2005 ($77 in chips)
Seat 4: Agrotait ($114.50 in chips)
xcgxcg2005: posts small blind $1
Agrotait: posts big blind $3
*** HOLE CARDS ***
xcgxcg2005: raises $3 to $6
Agrotait: calls $3
*** FLOP *** [Js 7s 6h]
Agrotait: checks
xcgxcg2005: bets $3
Agrotait: folds
Uncalled bet ($3) returned to xcgxcg2005
xcgxcg2005 collected $11.76 from pot
xcgxcg2005: doesn't show hand
*** SUMMARY ***
Total pot $12 | Rake $0.24
Board [Js 7s 6h]
Seat 3: xcgxcg2005 (button) (small blind) collected ($11.76)
Seat 4: Agrotait (big blind) folded on the Flop


PokerStars Hand #157625601926:  Hold'em Limit ($3/$6 USD) - 2016/08/23 0:57:30 ET
Table 'Corvus' 6-max Seat #4 is the button
Seat 3: xcgxcg2005 ($80 in chips)
Seat 4: Agrotait ($111.50 in chips)
Agrotait: posts small blind $1
xcgxcg2005: posts big blind $3
*** HOLE CARDS ***
Agrotait: raises $3 to $6
xcgxcg2005: folds
Uncalled bet ($3) returned to Agrotait
Agrotait collected $6 from pot
Agrotait: doesn't show hand
*** SUMMARY ***
Total pot $6 | Rake $0
Seat 3: xcgxcg2005 (big blind) folded before Flop
Seat 4: Agrotait (button) (small blind) collected ($6)


PokerStars Hand #157625596232:  Hold'em Limit ($3/$6 USD) - 2016/08/23 0:57:02 ET
Table 'Corvus' 6-max Seat #4 is the button
Seat 3: xcgxcg2005 ($84 in chips)
Seat 4: Agrotait ($107.50 in chips)
Agrotait: posts small blind $1
xcgxcg2005: posts big blind $3
*** HOLE CARDS ***
Agrotait: raises $3 to $6
xcgxcg2005: folds
Uncalled bet ($3) returned to Agrotait
Agrotait collected $6 from pot
Agrotait: doesn't show hand
*** SUMMARY ***
Total pot $6 | Rake $0
Seat 3: xcgxcg2005 (big blind) folded before Flop
Seat 4: Agrotait (button) (small blind) collected ($6)


PokerStars Hand #157625601077:  Hold'em Limit ($3/$6 USD) - 2016/08/23 0:57:25 ET
Table 'Corvus' 6-max Seat #3 is the button
Seat 3: xcgxcg2005 ($81 in chips)
Seat 4: Agrotait ($110.50 in chips)
xcgxcg2005: posts small blind $1
Agrotait: posts big blind $3
*** HOLE CARDS ***
xcgxcg2005: folds
Uncalled bet ($2) returned to Agrotait
Agrotait collected $2 from pot
Agrotait: doesn't show hand
*** SUMMARY ***
Total pot $2 | Rake $0
Seat 3: xcgxcg2005 (button) (small blind) folded before Flop
Seat 4: Agrotait (big blind) collected ($2)


PokerStars Hand #157625599218:  Hold'em Limit ($3/$6 USD) - 2016/08/23 0:57:16 ET
Table 'Corvus' 6-max Seat #4 is the button
Seat 3: xcgxcg2005 ($80 in chips)
Seat 4: Agrotait ($111.50 in chips)
Agrotait: posts small blind $1
xcgxcg2005: posts big blind $3
*** HOLE CARDS ***
Agrotait: folds
Uncalled bet ($2) returned to xcgxcg2005
xcgxcg2005 collected $2 from pot
xcgxcg2005: doesn't show hand
*** SUMMARY ***
Total pot $2 | Rake $0
Seat 3: xcgxcg2005 (big blind) collected ($2)
Seat 4: Agrotait (button) (small blind) folded before Flop


PokerStars Hand #157625617387:  Hold'em Limit ($3/$6 USD) - 2016/08/23 0:58:44 ET
Table 'Corvus' 6-max Seat #3 is the button
Seat 3: xcgxcg2005 ($96.26 in chips)
Seat 4: Agrotait ($94.50 in chips)
xcgxcg2005: posts small blind $1
Agrotait: posts big blind $3
*** HOLE CARDS ***
xcgxcg2005: folds
Uncalled bet ($2) returned to Agrotait
Agrotait collected $2 from pot
Agrotait: doesn't show hand
*** SUMMARY ***
Total pot $2 | Rake $0
Seat 3: xcgxcg2005 (button) (small blind) folded before Flop
Seat 4: Agrotait (big blind) collected ($2)


PokerStars Hand #157625611113:  Hold'em Limit ($3/$6 USD) - 2016/08/23 0:58:14 ET
Table 'Corvus' 6-max Seat #3 is the button
Seat 3: xcgxcg2005 ($79.76 in chips)
Seat 4: Agrotait ($111.50 in chips)
xcgxcg2005: posts small blind $1
Agrotait: posts big blind $3
*** HOLE CARDS ***
xcgxcg2005: folds
Uncalled bet ($2) returned to Agrotait
Agrotait collected $2 from pot
Agrotait: doesn't show hand
*** SUMMARY ***
Total pot $2 | Rake $0
Seat 3: xcgxcg2005 (button) (small blind) folded before Flop
Seat 4: Agrotait (big blind) collected ($2)


PokerStars Hand #157625612002:  Hold'em Limit ($3/$6 USD) - 2016/08/23 0:58:18 ET
Table 'Corvus' 6-max Seat #4 is the button
Seat 3: xcgxcg2005 ($78.76 in chips)
Seat 4: Agrotait ($112.50 in chips)
Agrotait: posts small blind $1
xcgxcg2005: posts big blind $3
*** HOLE CARDS ***
Agrotait: raises $3 to $6
xcgxcg2005: raises $3 to $9
Agrotait: calls $3
*** FLOP *** [3s 8c Ks]
xcgxcg2005: bets $3
Agrotait: calls $3
*** TURN *** [3s 8c Ks] [6c]
xcgxcg2005: bets $6
Agrotait: calls $6
*** RIVER *** [3s 8c Ks 6c] [Th]
xcgxcg2005: bets $6
Agrotait: folds
Uncalled bet ($6) returned to xcgxcg2005
xcgxcg2005 collected $35.50 from pot
xcgxcg2005: doesn't show hand
*** SUMMARY ***
Total pot $36 | Rake $0.50
Board [3s 8c Ks 6c Th]
Seat 3: xcgxcg2005 (big blind) collected ($35.50)
Seat 4: Agrotait (button) (small blind) folded on the River


PokerStars Hand #157625606938:  Hold'em Limit ($3/$6 USD) - 2016/08/23 0:57:53 ET
Table 'Corvus' 6-max Seat #4 is the button
Seat 3: xcgxcg2005 ($82.76 in chips)
Seat 4: Agrotait ($108.50 in chips)
Agrotait: posts small blind $1
xcgxcg2005: posts big blind $3
*** HOLE CARDS ***
Agrotait: raises $3 to $6
xcgxcg2005: folds
Uncalled bet ($3) returned to Agrotait
Agrotait collected $6 from pot
Agrotait: doesn't show hand
*** SUMMARY ***
Total pot $6 | Rake $0
Seat 3: xcgxcg2005 (big blind) folded before Flop
Seat 4: Agrotait (button) (small blind) collected ($6)


PokerStars Hand #157625620613:  Hold'em Limit ($3/$6 USD) - 2016/08/23 0:59:00 ET
Table 'Corvus' 6-max Seat #3 is the button
Seat 3: xcgxcg2005 ($89.26 in chips)
Seat 4: Agrotait ($101.26 in chips)
xcgxcg2005: posts small blind $1
Agrotait: posts big blind $3
*** HOLE CARDS ***
xcgxcg2005: raises $3 to $6
Agrotait: calls $3
*** FLOP *** [Jh Jc 8c]
Agrotait: checks
xcgxcg2005: bets $3
louloukoko joins the table at seat #2
Agrotait: folds
Uncalled bet ($3) returned to xcgxcg2005
xcgxcg2005 collected $11.76 from pot
xcgxcg2005: doesn't show hand
*** SUMMARY ***
Total pot $12 | Rake $0.24
Board [Jh Jc 8c]
Seat 3: xcgxcg2005 (button) (small blind) collected ($11.76)
Seat 4: Agrotait (big blind) folded on the Flop


PokerStars Hand #157625618301:  Hold'em Limit ($3/$6 USD) - 2016/08/23 0:58:48 ET
Table 'Corvus' 6-max Seat #4 is the button
Seat 3: xcgxcg2005 ($95.26 in chips)
Seat 4: Agrotait ($95.50 in chips)
Agrotait: posts small blind $1
xcgxcg2005: posts big blind $3
*** HOLE CARDS ***
Agrotait: raises $3 to $6
xcgxcg2005: calls $3
*** FLOP *** [As 7s Kc]
xcgxcg2005: checks
Agrotait: bets $3
xcgxcg2005: folds
Uncalled bet ($3) returned to Agrotait
Agrotait collected $11.76 from pot
Agrotait: doesn't show hand
*** SUMMARY ***
Total pot $12 | Rake $0.24
Board [As 7s Kc]
Seat 3: xcgxcg2005 (big blind) folded on the Flop
Seat 4: Agrotait (button) (small blind) collected ($11.76)


PokerStars Hand #157626747462:  Hold'em Limit ($3/$6 USD) - 2016/08/23 2:20:55 ET
Table 'Corvus' 6-max Seat #4 is the button
Seat 2: louloukoko ($73.64 in chips)
Seat 4: Agrotait ($215.76 in chips)
Agrotait: posts small blind $1
louloukoko: posts big blind $3
*** HOLE CARDS ***
Agrotait: folds
Uncalled bet ($2) returned to louloukoko
louloukoko collected $2 from pot
louloukoko: doesn't show hand
*** SUMMARY ***
Total pot $2 | Rake $0
Seat 2: louloukoko (big blind) collected ($2)
Seat 4: Agrotait (button) (small blind) folded before Flop


PokerStars Hand #157626752156:  Hold'em Limit ($3/$6 USD) - 2016/08/23 2:21:15 ET
Table 'Corvus' 6-max Seat #4 is the button
Seat 2: louloukoko ($62.64 in chips)
Seat 4: Agrotait ($226.28 in chips)
Agrotait: posts small blind $1
louloukoko: posts big blind $3
*** HOLE CARDS ***
Agrotait: raises $3 to $6
louloukoko: calls $3
*** FLOP *** [3s Ad 9s]
louloukoko: checks
Agrotait: bets $3
louloukoko: calls $3
*** TURN *** [3s Ad 9s] [7d]
louloukoko: checks
Agrotait: checks
*** RIVER *** [3s Ad 9s 7d] [8c]
louloukoko: checks
Agrotait: bets $6
louloukoko: calls $6
*** SHOW DOWN ***
Agrotait: shows [4s 6h] (high card Ace)
louloukoko: shows [9h Jd] (a pair of Nines)
louloukoko collected $29.50 from pot
*** SUMMARY ***
Total pot $30 | Rake $0.50
Board [3s Ad 9s 7d 8c]
Seat 2: louloukoko (big blind) showed [9h Jd] and won ($29.50) with a pair of Nines
Seat 4: Agrotait (button) (small blind) showed [4s 6h] and lost with high card Ace


PokerStars Hand #157626748638:  Hold'em Limit ($3/$6 USD) - 2016/08/23 2:21:00 ET
Table 'Corvus' 6-max Seat #2 is the button
Seat 2: louloukoko ($74.64 in chips)
Seat 4: Agrotait ($214.76 in chips)
louloukoko: posts small blind $1
Agrotait: posts big blind $3
*** HOLE CARDS ***
louloukoko: raises $3 to $6
Agrotait: calls $3
*** FLOP *** [5d 5c 8d]
Agrotait: checks
louloukoko: bets $3
Agrotait: raises $3 to $6
louloukoko: calls $3
*** TURN *** [5d 5c 8d] [Ks]
Agrotait: bets $6
louloukoko: folds
Uncalled bet ($6) returned to Agrotait
Agrotait collected $23.52 from pot
Agrotait: doesn't show hand
*** SUMMARY ***
Total pot $24 | Rake $0.48
Board [5d 5c 8d Ks]
Seat 2: louloukoko (button) (small blind) folded on the Turn
Seat 4: Agrotait (big blind) collected ($23.52)


PokerStars Hand #157626759228:  Hold'em Limit ($3/$6 USD) - 2016/08/23 2:21:46 ET
Table 'Corvus' 6-max Seat #2 is the button
Seat 2: louloukoko ($77.14 in chips)
Seat 4: Agrotait ($211.28 in chips)
louloukoko: posts small blind $1
Agrotait: posts big blind $3
*** HOLE CARDS ***
louloukoko: raises $3 to $6
Agrotait: calls $3
*** FLOP *** [Qs 6d 7s]
Agrotait: checks
louloukoko: bets $3
Agrotait: calls $3
*** TURN *** [Qs 6d 7s] [Tc]
Agrotait: checks
louloukoko: bets $6
Agrotait: calls $6
*** RIVER *** [Qs 6d 7s Tc] [Kc]
Agrotait: checks
louloukoko: bets $6
Agrotait: calls $6
*** SHOW DOWN ***
louloukoko: shows [Kh Qd] (two pair, Kings and Queens)
Agrotait: mucks hand
louloukoko collected $41.50 from pot
*** SUMMARY ***
Total pot $42 | Rake $0.50
Board [Qs 6d 7s Tc Kc]
Seat 2: louloukoko (button) (small blind) showed [Kh Qd] and won ($41.50) with two pair, Kings and Queens
Seat 4: Agrotait (big blind) mucked


PokerStars Hand #157626774233:  Hold'em Limit ($3/$6 USD) - 2016/08/23 2:22:50 ET
Table 'Corvus' 6-max Seat #4 is the button
Seat 2: louloukoko ($82.40 in chips)
Seat 4: Agrotait ($204.78 in chips)
Agrotait: posts small blind $1
louloukoko: posts big blind $3
*** HOLE CARDS ***
Agrotait: raises $3 to $6
louloukoko: calls $3
*** FLOP *** [Tc 2c Kh]
louloukoko: checks
Agrotait: bets $3
louloukoko: folds
Uncalled bet ($3) returned to Agrotait
Agrotait collected $11.76 from pot
Agrotait: doesn't show hand
*** SUMMARY ***
Total pot $12 | Rake $0.24
Board [Tc 2c Kh]
Seat 2: louloukoko (big blind) folded on the Flop
Seat 4: Agrotait (button) (small blind) collected ($11.76)


PokerStars Hand #157626767370:  Hold'em Limit ($3/$6 USD) - 2016/08/23 2:22:21 ET
Table 'Corvus' 6-max Seat #2 is the button
Seat 2: louloukoko ($76.64 in chips)
Seat 4: Agrotait ($210.78 in chips)
louloukoko: posts small blind $1
Agrotait: posts big blind $3
*** HOLE CARDS ***
louloukoko: raises $3 to $6
Agrotait: calls $3
*** FLOP *** [6h 5s 8h]
Agrotait: checks
louloukoko: bets $3
Agrotait: folds
Uncalled bet ($3) returned to louloukoko
louloukoko collected $11.76 from pot
louloukoko: doesn't show hand
*** SUMMARY ***
Total pot $12 | Rake $0.24
Board [6h 5s 8h]
Seat 2: louloukoko (button) (small blind) collected ($11.76)
Seat 4: Agrotait (big blind) folded on the Flop


PokerStars Hand #157626763019:  Hold'em Limit ($3/$6 USD) - 2016/08/23 2:22:02 ET
Table 'Corvus' 6-max Seat #4 is the button
Seat 2: louloukoko ($97.64 in chips)
Seat 4: Agrotait ($190.28 in chips)
Agrotait: posts small blind $1
louloukoko: posts big blind $3
*** HOLE CARDS ***
Agrotait: raises $3 to $6
louloukoko: calls $3
*** FLOP *** [7h 3d 5d]
louloukoko: checks
Agrotait: bets $3
louloukoko: calls $3
*** TURN *** [7h 3d 5d] [4c]
louloukoko: checks
Agrotait: bets $6
louloukoko: calls $6
*** RIVER *** [7h 3d 5d 4c] [9d]
louloukoko: checks
Agrotait: bets $6
louloukoko: calls $6
*** SHOW DOWN ***
Agrotait: shows [Ad Jd] (a flush, Ace high)
louloukoko: mucks hand
Agrotait collected $41.50 from pot
*** SUMMARY ***
Total pot $42 | Rake $0.50
Board [7h 3d 5d 4c 9d]
Seat 2: louloukoko (big blind) mucked
Seat 4: Agrotait (button) (small blind) showed [Ad Jd] and won ($41.50) with a flush, Ace high


PokerStars Hand #157626787598:  Hold'em Limit ($3/$6 USD) - 2016/08/23 2:23:47 ET
Table 'Corvus' 6-max Seat #4 is the button
Seat 2: louloukoko ($99.90 in chips)
Seat 4: Agrotait ($186.54 in chips)
Agrotait: posts small blind $1
louloukoko: posts big blind $3
*** HOLE CARDS ***
Agrotait: folds
Uncalled bet ($2) returned to louloukoko
louloukoko collected $2 from pot
louloukoko: doesn't show hand
*** SUMMARY ***
Total pot $2 | Rake $0
Seat 2: louloukoko (big blind) collected ($2)
Seat 4: Agrotait (button) (small blind) folded before Flop


PokerStars Hand #157626776859:  Hold'em Limit ($3/$6 USD) - 2016/08/23 2:23:01 ET
Table 'Corvus' 6-max Seat #2 is the button
Seat 2: louloukoko ($76.40 in chips)
Seat 4: Agrotait ($210.54 in chips)
louloukoko: posts small blind $1
Agrotait: posts big blind $3
*** HOLE CARDS ***
louloukoko: raises $3 to $6
Agrotait: calls $3
*** FLOP *** [8c 7s Td]
Agrotait: checks
louloukoko: bets $3
Agrotait: raises $3 to $6
louloukoko: calls $3
*** TURN *** [8c 7s Td] [2d]
Agrotait: bets $6
louloukoko: calls $6
*** RIVER *** [8c 7s Td 2d] [Ts]
Agrotait: checks
louloukoko: bets $6
Agrotait: calls $6
*** SHOW DOWN ***
louloukoko: shows [Qd Th] (three of a kind, Tens)
Agrotait: mucks hand
louloukoko collected $47.50 from pot
*** SUMMARY ***
Total pot $48 | Rake $0.50
Board [8c 7s Td 2d Ts]
Seat 2: louloukoko (button) (small blind) showed [Qd Th] and won ($47.50) with three of a kind, Tens
Seat 4: Agrotait (big blind) mucked


PokerStars Hand #157626789723:  Hold'em Limit ($3/$6 USD) - 2016/08/23 2:23:56 ET
Table 'Corvus' 6-max Seat #2 is the button
Seat 2: louloukoko ($100.90 in chips)
Seat 4: Agrotait ($185.54 in chips)
louloukoko: posts small blind $1
Agrotait: posts big blind $3
*** HOLE CARDS ***
louloukoko: raises $3 to $6
Agrotait: calls $3
*** FLOP *** [9d 9s Th]
Agrotait: checks
louloukoko: bets $3
Agrotait: calls $3
*** TURN *** [9d 9s Th] [3s]
Agrotait: checks
louloukoko: checks
*** RIVER *** [9d 9s Th 3s] [Ad]
Agrotait: checks
louloukoko: bets $6
Agrotait: folds
Uncalled bet ($6) returned to louloukoko
louloukoko collected $17.64 from pot
louloukoko: doesn't show hand
*** SUMMARY ***
Total pot $18 | Rake $0.36
Board [9d 9s Th 3s Ad]
Seat 2: louloukoko (button) (small blind) collected ($17.64)
Seat 4: Agrotait (big blind) folded on the River


PokerStars Hand #157626799689:  Hold'em Limit ($3/$6 USD) - 2016/08/23 2:24:40 ET
Table 'Corvus' 6-max Seat #4 is the button
Seat 2: louloukoko ($109.54 in chips)
Seat 4: Agrotait ($176.54 in chips)
Agrotait: posts small blind $1
louloukoko: posts big blind $3
*** HOLE CARDS ***
Agrotait: raises $3 to $6
louloukoko: calls $3
*** FLOP *** [4s Qh 5d]
louloukoko: checks
Agrotait: bets $3
louloukoko: calls $3
*** TURN *** [4s Qh 5d] [6h]
louloukoko: checks
Agrotait: checks
*** RIVER *** [4s Qh 5d 6h] [3c]
louloukoko: bets $6
Agrotait: folds
Uncalled bet ($6) returned to louloukoko
louloukoko collected $17.64 from pot
louloukoko: doesn't show hand
*** SUMMARY ***
Total pot $18 | Rake $0.36
Board [4s Qh 5d 6h 3c]
Seat 2: louloukoko (big blind) collected ($17.64)
Seat 4: Agrotait (button) (small blind) folded on the River


PokerStars Hand #157626809629:  Hold'em Limit ($3/$6 USD) - 2016/08/23 2:25:22 ET
Table 'Corvus' 6-max Seat #2 is the button
Seat 2: louloukoko ($115.18 in chips)
Seat 4: Agrotait ($170.30 in chips)
louloukoko: posts small blind $1
Agrotait: posts big blind $3
*** HOLE CARDS ***
louloukoko: raises $3 to $6
Agrotait: calls $3
*** FLOP *** [Ac Qc Td]
Agrotait: checks
louloukoko: bets $3
Agrotait: raises $3 to $6
louloukoko: folds
Uncalled bet ($3) returned to Agrotait
Agrotait collected $17.64 from pot
Agrotait: doesn't show hand
*** SUMMARY ***
Total pot $18 | Rake $0.36
Board [Ac Qc Td]
Seat 2: louloukoko (button) (small blind) folded on the Flop
Seat 4: Agrotait (big blind) collected ($17.64)


PokerStars Hand #157626815029:  Hold'em Limit ($3/$6 USD) - 2016/08/23 2:25:45 ET
Table 'Corvus' 6-max Seat #4 is the button
Seat 2: louloukoko ($106.18 in chips)
Seat 4: Agrotait ($178.94 in chips)
Agrotait: posts small blind $1
louloukoko: posts big blind $3
*** HOLE CARDS ***
Agrotait: folds
Uncalled bet ($2) returned to louloukoko
louloukoko collected $2 from pot
louloukoko: doesn't show hand
*** SUMMARY ***
Total pot $2 | Rake $0
Seat 2: louloukoko (big blind) collected ($2)
Seat 4: Agrotait (button) (small blind) folded before Flop


PokerStars Hand #157626807623:  Hold'em Limit ($3/$6 USD) - 2016/08/23 2:25:14 ET
Table 'Corvus' 6-max Seat #4 is the button
Seat 2: louloukoko ($121.18 in chips)
Seat 4: Agrotait ($164.54 in chips)
Agrotait: posts small blind $1
louloukoko: posts big blind $3
*** HOLE CARDS ***
Agrotait: raises $3 to $6
louloukoko: calls $3
*** FLOP *** [7h 4d Qs]
louloukoko: checks
Agrotait: bets $3
louloukoko: folds
Uncalled bet ($3) returned to Agrotait
Agrotait collected $11.76 from pot
Agrotait: doesn't show hand
*** SUMMARY ***
Total pot $12 | Rake $0.24
Board [7h 4d Qs]
Seat 2: louloukoko (big blind) folded on the Flop
Seat 4: Agrotait (button) (small blind) collected ($11.76)


PokerStars Hand #157626804827:  Hold'em Limit ($3/$6 USD) - 2016/08/23 2:25:02 ET
Table 'Corvus' 6-max Seat #2 is the button
Seat 2: louloukoko ($118.18 in chips)
Seat 4: Agrotait ($167.54 in chips)
louloukoko: posts small blind $1
Agrotait: posts big blind $3
*** HOLE CARDS ***
louloukoko: raises $3 to $6
Agrotait: folds
Uncalled bet ($3) returned to louloukoko
louloukoko collected $6 from pot
louloukoko: doesn't show hand
*** SUMMARY ***
Total pot $6 | Rake $0
Seat 2: louloukoko (button) (small blind) collected ($6)
Seat 4: Agrotait (big blind) folded before Flop


PokerStars Hand #157626826170:  Hold'em Limit ($3/$6 USD) - 2016/08/23 2:26:33 ET
Table 'Corvus' 6-max Seat #4 is the button
Seat 2: louloukoko ($125.68 in chips)
Seat 4: Agrotait ($158.94 in chips)
Agrotait: posts small blind $1
louloukoko: posts big blind $3
*** HOLE CARDS ***
Agrotait: raises $3 to $6
louloukoko: calls $3
*** FLOP *** [8s Ah As]
louloukoko: checks
Agrotait: bets $3
louloukoko: folds
Uncalled bet ($3) returned to Agrotait
Agrotait collected $11.76 from pot
Agrotait: doesn't show hand
*** SUMMARY ***
Total pot $12 | Rake $0.24
Board [8s Ah As]
Seat 2: louloukoko (big blind) folded on the Flop
Seat 4: Agrotait (button) (small blind) collected ($11.76)


PokerStars Hand #157626821759:  Hold'em Limit ($3/$6 USD) - 2016/08/23 2:26:14 ET
Table 'Corvus' 6-max Seat #2 is the button
Seat 2: louloukoko ($111.18 in chips)
Seat 4: Agrotait ($173.94 in chips)
louloukoko: posts small blind $1
Agrotait: posts big blind $3
*** HOLE CARDS ***
louloukoko: raises $3 to $6
Agrotait: calls $3
*** FLOP *** [7s 6c Th]
Agrotait: checks
louloukoko: bets $3
Agrotait: calls $3
*** TURN *** [7s 6c Th] [5d]
Agrotait: checks
louloukoko: bets $6
Agrotait: calls $6
*** RIVER *** [7s 6c Th 5d] [4s]
Agrotait: checks
louloukoko: checks
*** SHOW DOWN ***
Agrotait: shows [2c Ad] (high card Ace)
louloukoko: shows [6d 9d] (a pair of Sixes)
louloukoko collected $29.50 from pot
*** SUMMARY ***
Total pot $30 | Rake $0.50
Board [7s 6c Th 5d 4s]
Seat 2: louloukoko (button) (small blind) showed [6d 9d] and won ($29.50) with a pair of Sixes
Seat 4: Agrotait (big blind) showed [2c Ad] and lost with high card Ace


PokerStars Hand #157626818518:  Hold'em Limit ($3/$6 USD) - 2016/08/23 2:26:00 ET
Table 'Corvus' 6-max Seat #2 is the button
Seat 2: louloukoko ($107.18 in chips)
Seat 4: Agrotait ($177.94 in chips)
louloukoko: posts small blind $1
Agrotait: posts big blind $3
*** HOLE CARDS ***
louloukoko: raises $3 to $6
Agrotait: folds
Uncalled bet ($3) returned to louloukoko
louloukoko collected $6 from pot
louloukoko: doesn't show hand
*** SUMMARY ***
Total pot $6 | Rake $0
Seat 2: louloukoko (button) (small blind) collected ($6)
Seat 4: Agrotait (big blind) folded before Flop


PokerStars Hand #157626820309:  Hold'em Limit ($3/$6 USD) - 2016/08/23 2:26:08 ET
Table 'Corvus' 6-max Seat #4 is the button
Seat 2: louloukoko ($110.18 in chips)
Seat 4: Agrotait ($174.94 in chips)
Agrotait: posts small blind $1
louloukoko: posts big blind $3
*** HOLE CARDS ***
Agrotait: folds
Uncalled bet ($2) returned to louloukoko
louloukoko collected $2 from pot
louloukoko: doesn't show hand
*** SUMMARY ***
Total pot $2 | Rake $0
Seat 2: louloukoko (big blind) collected ($2)
Seat 4: Agrotait (button) (small blind) folded before Flop


PokerStars Hand #157626830355:  Hold'em Limit ($3/$6 USD) - 2016/08/23 2:26:51 ET
Table 'Corvus' 6-max Seat #2 is the button
Seat 2: louloukoko ($119.68 in chips)
Seat 4: Agrotait ($164.70 in chips)
louloukoko: posts small blind $1
Agrotait: posts big blind $3
*** HOLE CARDS ***
louloukoko: raises $3 to $6
Agrotait: raises $3 to $9
louloukoko: calls $3
*** FLOP *** [3c 3s 2s]
Agrotait: checks
louloukoko: bets $3
Agrotait: calls $3
*** TURN *** [3c 3s 2s] [Qs]
Agrotait: checks
louloukoko: checks
*** RIVER *** [3c 3s 2s Qs] [Ks]
Agrotait: checks
louloukoko: checks
*** SHOW DOWN ***
Agrotait: shows [Jd 8d] (a pair of Threes)
louloukoko: shows [5d 5s] (a flush, King high)
louloukoko collected $23.52 from pot
*** SUMMARY ***
Total pot $24 | Rake $0.48
Board [3c 3s 2s Qs Ks]
Seat 2: louloukoko (button) (small blind) showed [5d 5s] and won ($23.52) with a flush, King high
Seat 4: Agrotait (big blind) showed [Jd 8d] and lost with a pair of Threes


PokerStars Hand #157626839481:  Hold'em Limit ($3/$6 USD) - 2016/08/23 2:27:30 ET
Table 'Corvus' 6-max Seat #4 is the button
Seat 2: louloukoko ($131.20 in chips)
Seat 4: Agrotait ($152.70 in chips)
Agrotait: posts small blind $1
louloukoko: posts big blind $3
*** HOLE CARDS ***
Agrotait: raises $3 to $6
louloukoko: calls $3
*** FLOP *** [Td 3c 8c]
louloukoko: checks
Agrotait: bets $3
louloukoko: calls $3
*** TURN *** [Td 3c 8c] [7d]
louloukoko: checks
Agrotait: bets $6
louloukoko: folds
Uncalled bet ($6) returned to Agrotait
Agrotait collected $17.64 from pot
Agrotait: doesn't show hand
*** SUMMARY ***
Total pot $18 | Rake $0.36
Board [Td 3c 8c 7d]
Seat 2: louloukoko (big blind) folded on the Turn
Seat 4: Agrotait (button) (small blind) collected ($17.64)


PokerStars Hand #157626852133:  Hold'em Limit ($3/$6 USD) - 2016/08/23 2:28:24 ET
Table 'Corvus' 6-max Seat #2 is the button
Seat 2: louloukoko ($110.20 in chips)
Seat 4: Agrotait ($172.98 in chips)
louloukoko: posts small blind $1
Agrotait: posts big blind $3
*** HOLE CARDS ***
louloukoko: folds
Uncalled bet ($2) returned to Agrotait
Agrotait collected $2 from pot
Agrotait: doesn't show hand
*** SUMMARY ***
Total pot $2 | Rake $0
Seat 2: louloukoko (button) (small blind) folded before Flop
Seat 4: Agrotait (big blind) collected ($2)


PokerStars Hand #157626849995:  Hold'em Limit ($3/$6 USD) - 2016/08/23 2:28:15 ET
Table 'Corvus' 6-max Seat #4 is the button
Seat 2: louloukoko ($113.20 in chips)
Seat 4: Agrotait ($169.98 in chips)
Agrotait: posts small blind $1
louloukoko: posts big blind $3
*** HOLE CARDS ***
Agrotait: raises $3 to $6
louloukoko: folds
Uncalled bet ($3) returned to Agrotait
Agrotait collected $6 from pot
Agrotait: doesn't show hand
*** SUMMARY ***
Total pot $6 | Rake $0
Seat 2: louloukoko (big blind) folded before Flop
Seat 4: Agrotait (button) (small blind) collected ($6)


PokerStars Hand #157626843929:  Hold'em Limit ($3/$6 USD) - 2016/08/23 2:27:49 ET
Table 'Corvus' 6-max Seat #2 is the button
Seat 2: louloukoko ($122.20 in chips)
Seat 4: Agrotait ($161.34 in chips)
louloukoko: posts small blind $1
Agrotait: posts big blind $3
*** HOLE CARDS ***
louloukoko: raises $3 to $6
Agrotait: calls $3
*** FLOP *** [5c Qd 9s]
Agrotait: checks
louloukoko: bets $3
Agrotait: raises $3 to $6
louloukoko: folds
Uncalled bet ($3) returned to Agrotait
Agrotait collected $17.64 from pot
Agrotait: doesn't show hand
*** SUMMARY ***
Total pot $18 | Rake $0.36
Board [5c Qd 9s]
Seat 2: louloukoko (button) (small blind) folded on the Flop
Seat 4: Agrotait (big blind) collected ($17.64)


PokerStars Hand #157626853178:  Hold'em Limit ($3/$6 USD) - 2016/08/23 2:28:29 ET
Table 'Corvus' 6-max Seat #4 is the button
Seat 2: louloukoko ($109.20 in chips)
Seat 4: Agrotait ($173.98 in chips)
Agrotait: posts small blind $1
louloukoko: posts big blind $3
*** HOLE CARDS ***
Agrotait: raises $3 to $6
louloukoko: folds
Uncalled bet ($3) returned to Agrotait
Agrotait collected $6 from pot
Agrotait: doesn't show hand
*** SUMMARY ***
Total pot $6 | Rake $0
Seat 2: louloukoko (big blind) folded before Flop
Seat 4: Agrotait (button) (small blind) collected ($6)


PokerStars Hand #157626867315:  Hold'em Limit ($3/$6 USD) - 2016/08/23 2:29:29 ET
Table 'Corvus' 6-max Seat #4 is the button
Seat 2: louloukoko ($88.20 in chips)
Seat 4: Agrotait ($194.48 in chips)
Agrotait: posts small blind $1
louloukoko: posts big blind $3
*** HOLE CARDS ***
Agrotait: raises $3 to $6
louloukoko: calls $3
*** FLOP *** [Ac Jh 3d]
louloukoko: checks
Agrotait: bets $3
louloukoko: raises $3 to $6
Agrotait: calls $3
*** TURN *** [Ac Jh 3d] [9c]
louloukoko: bets $6
Agrotait: folds
Uncalled bet ($6) returned to louloukoko
louloukoko collected $23.52 from pot
louloukoko: doesn't show hand
*** SUMMARY ***
Total pot $24 | Rake $0.48
Board [Ac Jh 3d 9c]
Seat 2: louloukoko (big blind) collected ($23.52)
Seat 4: Agrotait (button) (small blind) folded on the Turn


PokerStars Hand #157626854467:  Hold'em Limit ($3/$6 USD) - 2016/08/23 2:28:34 ET
Table 'Corvus' 6-max Seat #2 is the button
Seat 2: louloukoko ($106.20 in chips)
Seat 4: Agrotait ($176.98 in chips)
louloukoko: posts small blind $1
Agrotait: posts big blind $3
*** HOLE CARDS ***
louloukoko: raises $3 to $6
Agrotait: calls $3
*** FLOP *** [6s Td 3c]
lelala leaves the table
Agrotait: checks
louloukoko: bets $3
Agrotait: raises $3 to $6
louloukoko: calls $3
*** TURN *** [6s Td 3c] [Ah]
Agrotait: checks
louloukoko: bets $6
Agrotait: calls $6
*** RIVER *** [6s Td 3c Ah] [2h]
Agrotait: checks
louloukoko: checks
*** SHOW DOWN ***
Agrotait: shows [Tc Kh] (a pair of Tens)
louloukoko: mucks hand
Agrotait collected $35.50 from pot
*** SUMMARY ***
Total pot $36 | Rake $0.50
Board [6s Td 3c Ah 2h]
Seat 2: louloukoko (button) (small blind) mucked
Seat 4: Agrotait (big blind) showed [Tc Kh] and won ($35.50) with a pair of Tens


PokerStars Hand #157626875166:  Hold'em Limit ($3/$6 USD) - 2016/08/23 2:30:02 ET
Table 'Corvus' 6-max Seat #2 is the button
Seat 2: louloukoko ($99.72 in chips)
Seat 4: Agrotait ($182.48 in chips)
louloukoko: posts small blind $1
Agrotait: posts big blind $3
*** HOLE CARDS ***
louloukoko: raises $3 to $6
Agrotait: raises $3 to $9
louloukoko: calls $3
*** FLOP *** [3s 4d 2d]
Agrotait: checks
louloukoko: bets $3
Agrotait: calls $3
*** TURN *** [3s 4d 2d] [9s]
Agrotait: checks
louloukoko: bets $6
Agrotait: calls $6
*** RIVER *** [3s 4d 2d 9s] [2h]
Agrotait: checks
louloukoko: checks
*** SHOW DOWN ***
Agrotait: shows [Kh Jh] (a pair of Deuces)
louloukoko: shows [Ks 4s] (two pair, Fours and Deuces)
louloukoko collected $35.50 from pot
*** SUMMARY ***
Total pot $36 | Rake $0.50
Board [3s 4d 2d 9s 2h]
Seat 2: louloukoko (button) (small blind) showed [Ks 4s] and won ($35.50) with two pair, Fours and Deuces
Seat 4: Agrotait (big blind) showed [Kh Jh] and lost with a pair of Deuces


PokerStars Hand #157626897090:  Hold'em Limit ($3/$6 USD) - 2016/08/23 2:31:36 ET
Table 'Corvus' 6-max Seat #2 is the button
Seat 2: louloukoko ($125.86 in chips)
Seat 4: Agrotait ($155.48 in chips)
louloukoko: posts small blind $1
Agrotait: posts big blind $3
*** HOLE CARDS ***
louloukoko: folds
Uncalled bet ($2) returned to Agrotait
Agrotait collected $2 from pot
Agrotait: doesn't show hand
*** SUMMARY ***
Total pot $2 | Rake $0
Seat 2: louloukoko (button) (small blind) folded before Flop
Seat 4: Agrotait (big blind) collected ($2)


PokerStars Hand #157626885582:  Hold'em Limit ($3/$6 USD) - 2016/08/23 2:30:46 ET
Table 'Corvus' 6-max Seat #4 is the button
Seat 2: louloukoko ($117.22 in chips)
Seat 4: Agrotait ($164.48 in chips)
Agrotait: posts small blind $1
louloukoko: posts big blind $3
*** HOLE CARDS ***
Agrotait: raises $3 to $6
louloukoko: calls $3
*** FLOP *** [5h 2d Qd]
louloukoko: checks
Agrotait: bets $3
louloukoko: calls $3
*** TURN *** [5h 2d Qd] [Qh]
louloukoko: checks
Agrotait: checks
*** RIVER *** [5h 2d Qd Qh] [Kc]
louloukoko: checks
Agrotait: checks
*** SHOW DOWN ***
louloukoko: shows [2s Ks] (two pair, Kings and Queens)
Agrotait: mucks hand
louloukoko collected $17.64 from pot
*** SUMMARY ***
Total pot $18 | Rake $0.36
Board [5h 2d Qd Qh Kc]
Seat 2: louloukoko (big blind) showed [2s Ks] and won ($17.64) with two pair, Kings and Queens
Seat 4: Agrotait (button) (small blind) mucked


PokerStars Hand #157626899401:  Hold'em Limit ($3/$6 USD) - 2016/08/23 2:31:45 ET
Table 'Corvus' 6-max Seat #2 is the button
Seat 2: louloukoko ($125.86 in chips)
Seat 4: Agrotait ($155.48 in chips)
louloukoko: posts small blind $1
Agrotait: posts big blind $3
*** HOLE CARDS ***
louloukoko: raises $3 to $6
Agrotait: folds
Uncalled bet ($3) returned to louloukoko
louloukoko collected $6 from pot
louloukoko: doesn't show hand
*** SUMMARY ***
Total pot $6 | Rake $0
Seat 2: louloukoko (button) (small blind) collected ($6)
Seat 4: Agrotait (big blind) folded before Flop


PokerStars Hand #157626902233:  Hold'em Limit ($3/$6 USD) - 2016/08/23 2:31:58 ET
Table 'Corvus' 6-max Seat #2 is the button
Seat 2: louloukoko ($125.86 in chips)
Seat 4: Agrotait ($155.48 in chips)
louloukoko: posts small blind $1
Agrotait: posts big blind $3
*** HOLE CARDS ***
louloukoko: folds
Uncalled bet ($2) returned to Agrotait
Agrotait collected $2 from pot
Agrotait: doesn't show hand
*** SUMMARY ***
Total pot $2 | Rake $0
Seat 2: louloukoko (button) (small blind) folded before Flop
Seat 4: Agrotait (big blind) collected ($2)


PokerStars Hand #157626900792:  Hold'em Limit ($3/$6 USD) - 2016/08/23 2:31:52 ET
Table 'Corvus' 6-max Seat #4 is the button
Seat 2: louloukoko ($128.86 in chips)
Seat 4: Agrotait ($152.48 in chips)
Agrotait: posts small blind $1
louloukoko: posts big blind $3
*** HOLE CARDS ***
Agrotait: raises $3 to $6
louloukoko: folds
Uncalled bet ($3) returned to Agrotait
Agrotait collected $6 from pot
Agrotait: doesn't show hand
*** SUMMARY ***
Total pot $6 | Rake $0
Seat 2: louloukoko (big blind) folded before Flop
Seat 4: Agrotait (button) (small blind) collected ($6)


PokerStars Hand #157626903212:  Hold'em Limit ($3/$6 USD) - 2016/08/23 2:32:02 ET
Table 'Corvus' 6-max Seat #4 is the button
Seat 2: louloukoko ($124.86 in chips)
Seat 4: Agrotait ($156.48 in chips)
Agrotait: posts small blind $1
louloukoko: posts big blind $3
*** HOLE CARDS ***
Agrotait: raises $3 to $6
louloukoko: calls $3
*** FLOP *** [Qd 2d Kh]
louloukoko: checks
Agrotait: bets $3
louloukoko: calls $3
*** TURN *** [Qd 2d Kh] [Qh]
louloukoko: checks
Agrotait: bets $6
louloukoko: calls $6
*** RIVER *** [Qd 2d Kh Qh] [7h]
louloukoko: checks
Agrotait: checks
*** SHOW DOWN ***
louloukoko: shows [9d 7d] (two pair, Queens and Sevens)
Agrotait: mucks hand
louloukoko collected $29.50 from pot
*** SUMMARY ***
Total pot $30 | Rake $0.50
Board [Qd 2d Kh Qh 7h]
Seat 2: louloukoko (big blind) showed [9d 7d] and won ($29.50) with two pair, Queens and Sevens
Seat 4: Agrotait (button) (small blind) mucked


PokerStars Hand #157626910138:  Hold'em Limit ($3/$6 USD) - 2016/08/23 2:32:32 ET
Table 'Corvus' 6-max Seat #2 is the button
Seat 2: louloukoko ($139.36 in chips)
Seat 4: Agrotait ($141.48 in chips)
louloukoko: posts small blind $1
Agrotait: posts big blind $3
*** HOLE CARDS ***
louloukoko: folds
Uncalled bet ($2) returned to Agrotait
Agrotait collected $2 from pot
Agrotait: doesn't show hand
*** SUMMARY ***
Total pot $2 | Rake $0
Seat 2: louloukoko (button) (small blind) folded before Flop
Seat 4: Agrotait (big blind) collected ($2)


PokerStars Hand #157626911228:  Hold'em Limit ($3/$6 USD) - 2016/08/23 2:32:36 ET
Table 'Corvus' 6-max Seat #4 is the button
Seat 2: louloukoko ($138.36 in chips)
Seat 4: Agrotait ($142.48 in chips)
Agrotait: posts small blind $1
louloukoko: posts big blind $3
*** HOLE CARDS ***
Agrotait: raises $3 to $6
louloukoko: calls $3
*** FLOP *** [4c 8s 4h]
louloukoko: checks
Agrotait: bets $3
louloukoko: calls $3
*** TURN *** [4c 8s 4h] [Qh]
louloukoko: checks
Agrotait: checks
*** RIVER *** [4c 8s 4h Qh] [Jh]
louloukoko: bets $6
Agrotait: calls $6
*** SHOW DOWN ***
louloukoko: shows [9c Th] (a straight, Eight to Queen)
Agrotait: mucks hand
louloukoko collected $29.50 from pot
*** SUMMARY ***
Total pot $30 | Rake $0.50
Board [4c 8s 4h Qh Jh]
Seat 2: louloukoko (big blind) showed [9c Th] and won ($29.50) with a straight, Eight to Queen
Seat 4: Agrotait (button) (small blind) mucked


PokerStars Hand #157626943986:  Hold'em Limit ($3/$6 USD) - 2016/08/23 2:34:56 ET
Table 'Corvus' 6-max Seat #4 is the button
Seat 2: louloukoko ($158.50 in chips)
Seat 4: Agrotait ($121.24 in chips)
Agrotait: posts small blind $1
louloukoko: posts big blind $3
*** HOLE CARDS ***
Agrotait: folds
Uncalled bet ($2) returned to louloukoko
louloukoko collected $2 from pot
louloukoko: doesn't show hand
*** SUMMARY ***
Total pot $2 | Rake $0
Seat 2: louloukoko (big blind) collected ($2)
Seat 4: Agrotait (button) (small blind) folded before Flop


PokerStars Hand #157626942845:  Hold'em Limit ($3/$6 USD) - 2016/08/23 2:34:51 ET
Table 'Corvus' 6-max Seat #2 is the button
Seat 2: louloukoko ($159.50 in chips)
Seat 4: Agrotait ($120.24 in chips)
louloukoko: posts small blind $1
Agrotait: posts big blind $3
*** HOLE CARDS ***
louloukoko: folds
Uncalled bet ($2) returned to Agrotait
Agrotait collected $2 from pot
Agrotait: doesn't show hand
*** SUMMARY ***
Total pot $2 | Rake $0
Seat 2: louloukoko (button) (small blind) folded before Flop
Seat 4: Agrotait (big blind) collected ($2)


PokerStars Hand #157626936403:  Hold'em Limit ($3/$6 USD) - 2016/08/23 2:34:24 ET
Table 'Corvus' 6-max Seat #2 is the button
Seat 2: louloukoko ($162.50 in chips)
Seat 4: Agrotait ($117.48 in chips)
louloukoko: posts small blind $1
Agrotait: posts big blind $3
*** HOLE CARDS ***
louloukoko: raises $3 to $6
Agrotait: folds
Uncalled bet ($3) returned to louloukoko
louloukoko collected $6 from pot
louloukoko: doesn't show hand
*** SUMMARY ***
Total pot $6 | Rake $0
Seat 2: louloukoko (button) (small blind) collected ($6)
Seat 4: Agrotait (big blind) folded before Flop


PokerStars Hand #157626934614:  Hold'em Limit ($3/$6 USD) - 2016/08/23 2:34:16 ET
Table 'Corvus' 6-max Seat #4 is the button
Seat 2: louloukoko ($161.50 in chips)
Seat 4: Agrotait ($118.48 in chips)
Agrotait: posts small blind $1
louloukoko: posts big blind $3
*** HOLE CARDS ***
Agrotait: folds
Uncalled bet ($2) returned to louloukoko
louloukoko collected $2 from pot
louloukoko: doesn't show hand
*** SUMMARY ***
Total pot $2 | Rake $0
Seat 2: louloukoko (big blind) collected ($2)
Seat 4: Agrotait (button) (small blind) folded before Flop


PokerStars Hand #157626922352:  Hold'em Limit ($3/$6 USD) - 2016/08/23 2:33:24 ET
Table 'Corvus' 6-max Seat #2 is the button
Seat 2: louloukoko ($152.86 in chips)
Seat 4: Agrotait ($127.48 in chips)
louloukoko: posts small blind $1
Agrotait: posts big blind $3
*** HOLE CARDS ***
louloukoko: raises $3 to $6
Agrotait: calls $3
*** FLOP *** [2c 5h 5s]
Agrotait: checks
louloukoko: bets $3
Agrotait: calls $3
*** TURN *** [2c 5h 5s] [2d]
Agrotait: checks
louloukoko: bets $6
Agrotait: folds
Uncalled bet ($6) returned to louloukoko
louloukoko collected $17.64 from pot
louloukoko: doesn't show hand
*** SUMMARY ***
Total pot $18 | Rake $0.36
Board [2c 5h 5s 2d]
Seat 2: louloukoko (button) (small blind) collected ($17.64)
Seat 4: Agrotait (big blind) folded on the Turn


PokerStars Hand #157626939525:  Hold'em Limit ($3/$6 USD) - 2016/08/23 2:34:37 ET
Table 'Corvus' 6-max Seat #4 is the button
Seat 2: louloukoko ($165.50 in chips)
Seat 4: Agrotait ($114.48 in chips)
Agrotait: posts small blind $1
louloukoko: posts big blind $3
*** HOLE CARDS ***
Agrotait: raises $3 to $6
louloukoko: calls $3
*** FLOP *** [Kc Ah Qh]
louloukoko: checks
Agrotait: bets $3
louloukoko: folds
Uncalled bet ($3) returned to Agrotait
Agrotait collected $11.76 from pot
Agrotait: doesn't show hand
*** SUMMARY ***
Total pot $12 | Rake $0.24
Board [Kc Ah Qh]
Seat 2: louloukoko (big blind) folded on the Flop
Seat 4: Agrotait (button) (small blind) collected ($11.76)


PokerStars Hand #157626945347:  Hold'em Limit ($3/$6 USD) - 2016/08/23 2:35:02 ET
Table 'Corvus' 6-max Seat #2 is the button
Seat 2: louloukoko ($159.50 in chips)
Seat 4: Agrotait ($120.24 in chips)
louloukoko: posts small blind $1
Agrotait: posts big blind $3
*** HOLE CARDS ***
louloukoko: raises $3 to $6
Agrotait: calls $3
*** FLOP *** [6c 2s 9c]
Agrotait: checks
louloukoko: bets $3
Agrotait has timed out
Agrotait: folds
Uncalled bet ($3) returned to louloukoko
louloukoko collected $11.76 from pot
louloukoko: doesn't show hand
*** SUMMARY ***
Total pot $12 | Rake $0.24
Board [6c 2s 9c]
Seat 2: louloukoko (button) (small blind) collected ($11.76)
Seat 4: Agrotait (big blind) folded on the Flop


PokerStars Hand #157626961010:  Hold'em Limit ($3/$6 USD) - 2016/08/23 2:36:08 ET
Table 'Corvus' 6-max Seat #2 is the button
Seat 2: louloukoko ($166.26 in chips)
Seat 4: Agrotait ($113.24 in chips)
louloukoko: posts small blind $1
Agrotait: posts big blind $3
*** HOLE CARDS ***
louloukoko: raises $3 to $6
Agrotait: folds
Uncalled bet ($3) returned to louloukoko
louloukoko collected $6 from pot
louloukoko: doesn't show hand
*** SUMMARY ***
Total pot $6 | Rake $0
Seat 2: louloukoko (button) (small blind) collected ($6)
Seat 4: Agrotait (big blind) folded before Flop


PokerStars Hand #157626959811:  Hold'em Limit ($3/$6 USD) - 2016/08/23 2:36:03 ET
Table 'Corvus' 6-max Seat #4 is the button
Seat 2: louloukoko ($165.26 in chips)
Seat 4: Agrotait ($114.24 in chips)
Agrotait: posts small blind $1
louloukoko: posts big blind $3
*** HOLE CARDS ***
Agrotait: folds
Uncalled bet ($2) returned to louloukoko
louloukoko collected $2 from pot
louloukoko: doesn't show hand
*** SUMMARY ***
Total pot $2 | Rake $0
Seat 2: louloukoko (big blind) collected ($2)
Seat 4: Agrotait (button) (small blind) folded before Flop


PokerStars Hand #157626965684:  Hold'em Limit ($3/$6 USD) - 2016/08/23 2:36:28 ET
Table 'Corvus' 6-max Seat #4 is the button
Seat 2: louloukoko ($169.26 in chips)
Seat 4: Agrotait ($110.24 in chips)
Agrotait: posts small blind $1
louloukoko: posts big blind $3
*** HOLE CARDS ***
Agrotait: raises $3 to $6
louloukoko: calls $3
*** FLOP *** [6h 9s 4h]
louloukoko: checks
Agrotait: bets $3
louloukoko: calls $3
*** TURN *** [6h 9s 4h] [Kh]
louloukoko: checks
Agrotait: bets $6
louloukoko: calls $6
*** RIVER *** [6h 9s 4h Kh] [7c]
louloukoko: checks
Agrotait: checks
*** SHOW DOWN ***
louloukoko: shows [Ah Jd] (high card Ace)
Agrotait: shows [Td 6c] (a pair of Sixes)
Agrotait collected $29.50 from pot
*** SUMMARY ***
Total pot $30 | Rake $0.50
Board [6h 9s 4h Kh 7c]
Seat 2: louloukoko (big blind) showed [Ah Jd] and lost with high card Ace
Seat 4: Agrotait (button) (small blind) showed [Td 6c] and won ($29.50) with a pair of Sixes


PokerStars Hand #157626984809:  Hold'em Limit ($3/$6 USD) - 2016/08/23 2:37:49 ET
Table 'Corvus' 6-max Seat #2 is the button
Seat 2: louloukoko ($154.02 in chips)
Seat 4: Agrotait ($124.50 in chips)
louloukoko: posts small blind $1
Agrotait: posts big blind $3
*** HOLE CARDS ***
louloukoko: folds
Uncalled bet ($2) returned to Agrotait
Agrotait collected $2 from pot
Agrotait: doesn't show hand
*** SUMMARY ***
Total pot $2 | Rake $0
Seat 2: louloukoko (button) (small blind) folded before Flop
Seat 4: Agrotait (big blind) collected ($2)


PokerStars Hand #157626982177:  Hold'em Limit ($3/$6 USD) - 2016/08/23 2:37:38 ET
Table 'Corvus' 6-max Seat #4 is the button
Seat 2: louloukoko ($160.02 in chips)
Seat 4: Agrotait ($118.74 in chips)
Agrotait: posts small blind $1
louloukoko: posts big blind $3
*** HOLE CARDS ***
Agrotait: raises $3 to $6
louloukoko: calls $3
*** FLOP *** [6c Kh Kd]
louloukoko: checks
Agrotait: bets $3
louloukoko: folds
Uncalled bet ($3) returned to Agrotait
Agrotait collected $11.76 from pot
Agrotait: doesn't show hand
*** SUMMARY ***
Total pot $12 | Rake $0.24
Board [6c Kh Kd]
Seat 2: louloukoko (big blind) folded on the Flop
Seat 4: Agrotait (button) (small blind) collected ($11.76)


PokerStars Hand #157626973876:  Hold'em Limit ($3/$6 USD) - 2016/08/23 2:37:03 ET
Table 'Corvus' 6-max Seat #2 is the button
Seat 2: louloukoko ($154.26 in chips)
Seat 4: Agrotait ($124.74 in chips)
louloukoko: posts small blind $1
Agrotait: posts big blind $3
*** HOLE CARDS ***
louloukoko: raises $3 to $6
Agrotait: calls $3
*** FLOP *** [3s Ks 4h]
Agrotait: checks
louloukoko: bets $3
Agrotait: folds
Uncalled bet ($3) returned to louloukoko
louloukoko collected $11.76 from pot
louloukoko: doesn't show hand
*** SUMMARY ***
Total pot $12 | Rake $0.24
Board [3s Ks 4h]
Seat 2: louloukoko (button) (small blind) collected ($11.76)
Seat 4: Agrotait (big blind) folded on the Flop


PokerStars Hand #157626985911:  Hold'em Limit ($3/$6 USD) - 2016/08/23 2:37:54 ET
Table 'Corvus' 6-max Seat #4 is the button
Seat 2: louloukoko ($153.02 in chips)
Seat 4: Agrotait ($125.50 in chips)
Agrotait: posts small blind $1
louloukoko: posts big blind $3
*** HOLE CARDS ***
Agrotait: folds
Uncalled bet ($2) returned to louloukoko
louloukoko collected $2 from pot
louloukoko: doesn't show hand
*** SUMMARY ***
Total pot $2 | Rake $0
Seat 2: louloukoko (big blind) collected ($2)
Seat 4: Agrotait (button) (small blind) folded before Flop


PokerStars Hand #157626991326:  Hold'em Limit ($3/$6 USD) - 2016/08/23 2:38:17 ET
Table 'Corvus' 6-max Seat #4 is the button
Seat 2: louloukoko ($148.02 in chips)
Seat 4: Agrotait ($130.26 in chips)
Agrotait: posts small blind $1
louloukoko: posts big blind $3
*** HOLE CARDS ***
Agrotait: raises $3 to $6
louloukoko: calls $3
*** FLOP *** [9h 4s 4c]
louloukoko: checks
Agrotait: bets $3
louloukoko: calls $3
*** TURN *** [9h 4s 4c] [4d]
louloukoko: checks
Agrotait: bets $6
louloukoko: calls $6
*** RIVER *** [9h 4s 4c 4d] [3s]
louloukoko: checks
Agrotait: bets $6
louloukoko: calls $6
*** SHOW DOWN ***
Agrotait: shows [Jd Jh] (a full house, Fours full of Jacks)
louloukoko: mucks hand
Agrotait collected $41.50 from pot
*** SUMMARY ***
Total pot $42 | Rake $0.50
Board [9h 4s 4c 4d 3s]
Seat 2: louloukoko (big blind) mucked
Seat 4: Agrotait (button) (small blind) showed [Jd Jh] and won ($41.50) with a full house, Fours full of Jacks


PokerStars Hand #157626998056:  Hold'em Limit ($3/$6 USD) - 2016/08/23 2:38:45 ET
Table 'Corvus' 6-max Seat #2 is the button
Seat 2: louloukoko ($127.02 in chips)
Seat 4: Agrotait ($150.76 in chips)
louloukoko: posts small blind $1
Agrotait: posts big blind $3
*** HOLE CARDS ***
louloukoko: raises $3 to $6
Agrotait: folds
Uncalled bet ($3) returned to louloukoko
louloukoko collected $6 from pot
louloukoko: doesn't show hand
*** SUMMARY ***
Total pot $6 | Rake $0
Seat 2: louloukoko (button) (small blind) collected ($6)
Seat 4: Agrotait (big blind) folded before Flop


PokerStars Hand #157626987369:  Hold'em Limit ($3/$6 USD) - 2016/08/23 2:38:00 ET
Table 'Corvus' 6-max Seat #2 is the button
Seat 2: louloukoko ($154.02 in chips)
Seat 4: Agrotait ($124.50 in chips)
louloukoko: posts small blind $1
Agrotait: posts big blind $3
*** HOLE CARDS ***
louloukoko: raises $3 to $6
Agrotait: calls $3
*** FLOP *** [9d Jd 5d]
Agrotait: checks
louloukoko: checks
*** TURN *** [9d Jd 5d] [Js]
Agrotait: bets $6
louloukoko: folds
Uncalled bet ($6) returned to Agrotait
Agrotait collected $11.76 from pot
Agrotait: doesn't show hand
*** SUMMARY ***
Total pot $12 | Rake $0.24
Board [9d Jd 5d Js]
Seat 2: louloukoko (button) (small blind) folded on the Turn
Seat 4: Agrotait (big blind) collected ($11.76)


PokerStars Hand #157627002108:  Hold'em Limit ($3/$6 USD) - 2016/08/23 2:39:02 ET
Table 'Corvus' 6-max Seat #4 is the button
Seat 2: louloukoko ($130.02 in chips)
Seat 4: Agrotait ($147.76 in chips)
Agrotait: posts small blind $1
louloukoko: posts big blind $3
*** HOLE CARDS ***
Agrotait: raises $3 to $6
louloukoko: calls $3
*** FLOP *** [9s 4s Kd]
louloukoko: checks
Agrotait: bets $3
louloukoko: calls $3
*** TURN *** [9s 4s Kd] [2c]
louloukoko: checks
Agrotait: bets $6
louloukoko: calls $6
*** RIVER *** [9s 4s Kd 2c] [Jc]
louloukoko: checks
Agrotait: bets $6
louloukoko: calls $6
*** SHOW DOWN ***
Agrotait: shows [6s Ks] (a pair of Kings)
louloukoko: mucks hand
Agrotait collected $41.50 from pot
*** SUMMARY ***
Total pot $42 | Rake $0.50
Board [9s 4s Kd 2c Jc]
Seat 2: louloukoko (big blind) mucked
Seat 4: Agrotait (button) (small blind) showed [6s Ks] and won ($41.50) with a pair of Kings


PokerStars Hand #157627012148:  Hold'em Limit ($3/$6 USD) - 2016/08/23 2:39:44 ET
Table 'Corvus' 6-max Seat #2 is the button
Seat 2: louloukoko ($109.02 in chips)
Seat 4: Agrotait ($168.26 in chips)
louloukoko: posts small blind $1
Agrotait: posts big blind $3
*** HOLE CARDS ***
louloukoko: folds
Uncalled bet ($2) returned to Agrotait
Agrotait collected $2 from pot
Agrotait: doesn't show hand
*** SUMMARY ***
Total pot $2 | Rake $0
Seat 2: louloukoko (button) (small blind) folded before Flop
Seat 4: Agrotait (big blind) collected ($2)


PokerStars Hand #157627019960:  Hold'em Limit ($3/$6 USD) - 2016/08/23 2:40:17 ET
Table 'Corvus' 6-max Seat #4 is the button
Seat 2: louloukoko ($105.02 in chips)
Seat 4: Agrotait ($172.02 in chips)
Agrotait: posts small blind $1
louloukoko: posts big blind $3
*** HOLE CARDS ***
Agrotait: raises $3 to $6
louloukoko: calls $3
*** FLOP *** [8h 4c 9c]
louloukoko: checks
Agrotait: checks
*** TURN *** [8h 4c 9c] [Jd]
louloukoko: checks
Agrotait: bets $6
louloukoko: folds
Uncalled bet ($6) returned to Agrotait
Agrotait collected $11.76 from pot
Agrotait: doesn't show hand
*** SUMMARY ***
Total pot $12 | Rake $0.24
Board [8h 4c 9c Jd]
Seat 2: louloukoko (big blind) folded on the Turn
Seat 4: Agrotait (button) (small blind) collected ($11.76)


PokerStars Hand #157627023763:  Hold'em Limit ($3/$6 USD) - 2016/08/23 2:40:33 ET
Table 'Corvus' 6-max Seat #2 is the button
Seat 2: louloukoko ($99.02 in chips)
Seat 4: Agrotait ($177.78 in chips)
louloukoko: posts small blind $1
Agrotait: posts big blind $3
*** HOLE CARDS ***
louloukoko: folds
Uncalled bet ($2) returned to Agrotait
Agrotait collected $2 from pot
Agrotait: doesn't show hand
*** SUMMARY ***
Total pot $2 | Rake $0
Seat 2: louloukoko (button) (small blind) folded before Flop
Seat 4: Agrotait (big blind) collected ($2)


PokerStars Hand #157627018230:  Hold'em Limit ($3/$6 USD) - 2016/08/23 2:40:10 ET
Table 'Corvus' 6-max Seat #2 is the button
Seat 2: louloukoko ($102.02 in chips)
Seat 4: Agrotait ($175.02 in chips)
louloukoko: posts small blind $1
Agrotait: posts big blind $3
*** HOLE CARDS ***
louloukoko: raises $3 to $6
Agrotait: folds
Uncalled bet ($3) returned to louloukoko
louloukoko collected $6 from pot
louloukoko: doesn't show hand
*** SUMMARY ***
Total pot $6 | Rake $0
Seat 2: louloukoko (button) (small blind) collected ($6)
Seat 4: Agrotait (big blind) folded before Flop


PokerStars Hand #157627013247:  Hold'em Limit ($3/$6 USD) - 2016/08/23 2:39:49 ET
Table 'Corvus' 6-max Seat #4 is the button
Seat 2: louloukoko ($108.02 in chips)
Seat 4: Agrotait ($169.26 in chips)
Agrotait: posts small blind $1
louloukoko: posts big blind $3
*** HOLE CARDS ***
Agrotait: raises $3 to $6
louloukoko: calls $3
*** FLOP *** [9d 2c 8c]
louloukoko: checks
Agrotait: bets $3
louloukoko: folds
Uncalled bet ($3) returned to Agrotait
Agrotait collected $11.76 from pot
Agrotait: doesn't show hand
*** SUMMARY ***
Total pot $12 | Rake $0.24
Board [9d 2c 8c]
Seat 2: louloukoko (big blind) folded on the Flop
Seat 4: Agrotait (button) (small blind) collected ($11.76)


PokerStars Hand #157627027721:  Hold'em Limit ($3/$6 USD) - 2016/08/23 2:40:49 ET
Table 'Corvus' 6-max Seat #2 is the button
Seat 2: louloukoko ($95.02 in chips)
Seat 4: Agrotait ($181.78 in chips)
louloukoko: posts small blind $1
Agrotait: posts big blind $3
*** HOLE CARDS ***
louloukoko: raises $3 to $6
Agrotait: raises $3 to $9
louloukoko: calls $3
*** FLOP *** [Kh Ac 2c]
Agrotait: bets $3
louloukoko: folds
Uncalled bet ($3) returned to Agrotait
Agrotait collected $17.64 from pot
Agrotait: doesn't show hand
*** SUMMARY ***
Total pot $18 | Rake $0.36
Board [Kh Ac 2c]
Seat 2: louloukoko (button) (small blind) folded on the Flop
Seat 4: Agrotait (big blind) collected ($17.64)


PokerStars Hand #157627024932:  Hold'em Limit ($3/$6 USD) - 2016/08/23 2:40:37 ET
Table 'Corvus' 6-max Seat #4 is the button
Seat 2: louloukoko ($98.02 in chips)
Seat 4: Agrotait ($178.78 in chips)
Agrotait: posts small blind $1
louloukoko: posts big blind $3
*** HOLE CARDS ***
Agrotait: raises $3 to $6
louloukoko: folds
Uncalled bet ($3) returned to Agrotait
Agrotait collected $6 from pot
Agrotait: doesn't show hand
*** SUMMARY ***
Total pot $6 | Rake $0
Seat 2: louloukoko (big blind) folded before Flop
Seat 4: Agrotait (button) (small blind) collected ($6)


PokerStars Hand #157627031023:  Hold'em Limit ($3/$6 USD) - 2016/08/23 2:41:03 ET
Table 'Corvus' 6-max Seat #4 is the button
Seat 2: louloukoko ($86.02 in chips)
Seat 4: Agrotait ($190.42 in chips)
Agrotait: posts small blind $1
louloukoko: posts big blind $3
*** HOLE CARDS ***
Agrotait: raises $3 to $6
louloukoko: calls $3
*** FLOP *** [Qs 4c 7s]
louloukoko: checks
Agrotait: bets $3
louloukoko: calls $3
*** TURN *** [Qs 4c 7s] [6s]
louloukoko: checks
Agrotait: bets $6
louloukoko: calls $6
*** RIVER *** [Qs 4c 7s 6s] [Qh]
louloukoko: checks
Agrotait: bets $6
louloukoko: raises $6 to $12
Agrotait: raises $6 to $18
louloukoko: calls $6
*** SHOW DOWN ***
Agrotait: shows [7c 7d] (a full house, Sevens full of Queens)
louloukoko: mucks hand
Agrotait collected $65.50 from pot
*** SUMMARY ***
Total pot $66 | Rake $0.50
Board [Qs 4c 7s 6s Qh]
Seat 2: louloukoko (big blind) mucked
Seat 4: Agrotait (button) (small blind) showed [7c 7d] and won ($65.50) with a full house, Sevens full of Queens


PokerStars Hand #157627038128:  Hold'em Limit ($3/$6 USD) - 2016/08/23 2:41:33 ET
Table 'Corvus' 6-max Seat #2 is the button
Seat 2: louloukoko ($53.02 in chips)
Seat 4: Agrotait ($222.92 in chips)
louloukoko: posts small blind $1
Agrotait: posts big blind $3
*** HOLE CARDS ***
louloukoko: raises $3 to $6
Agrotait: calls $3
*** FLOP *** [9s Kh 3h]
Agrotait: checks
louloukoko: checks
*** TURN *** [9s Kh 3h] [6c]
Agrotait: bets $6
louloukoko: calls $6
*** RIVER *** [9s Kh 3h 6c] [Th]
Agrotait: bets $6
louloukoko: calls $6
*** SHOW DOWN ***
Agrotait: shows [7h 8s] (a straight, Six to Ten)
louloukoko: mucks hand
Agrotait collected $35.50 from pot
*** SUMMARY ***
Total pot $36 | Rake $0.50
Board [9s Kh 3h 6c Th]
Seat 2: louloukoko (button) (small blind) mucked
Seat 4: Agrotait (big blind) showed [7h 8s] and won ($35.50) with a straight, Six to Ten


PokerStars Hand #157627047803:  Hold'em Limit ($3/$6 USD) - 2016/08/23 2:42:14 ET
Table 'Corvus' 6-max Seat #2 is the button
Seat 2: louloukoko ($20.02 in chips)
Seat 4: Agrotait ($254.92 in chips)
louloukoko: posts small blind $1
Agrotait: posts big blind $3
*** HOLE CARDS ***
louloukoko: raises $3 to $6
Agrotait: calls $3
*** FLOP *** [Td 8s Qh]
Agrotait: checks
louloukoko: bets $3
Agrotait: raises $3 to $6
louloukoko: raises $3 to $9
Agrotait: calls $3
*** TURN *** [Td 8s Qh] [As]
Agrotait: checks
louloukoko: bets $5.02 and is all-in
Agrotait: folds
Uncalled bet ($5.02) returned to louloukoko
louloukoko collected $29.50 from pot
louloukoko: doesn't show hand
*** SUMMARY ***
Total pot $30 | Rake $0.50
Board [Td 8s Qh As]
Seat 2: louloukoko (button) (small blind) collected ($29.50)
Seat 4: Agrotait (big blind) folded on the Turn


PokerStars Hand #157627042705:  Hold'em Limit ($3/$6 USD) - 2016/08/23 2:41:53 ET
Table 'Corvus' 6-max Seat #4 is the button
Seat 2: louloukoko ($35.02 in chips)
Seat 4: Agrotait ($240.42 in chips)
Agrotait: posts small blind $1
louloukoko: posts big blind $3
*** HOLE CARDS ***
Agrotait: raises $3 to $6
louloukoko: calls $3
*** FLOP *** [7d 9d Tc]
louloukoko: bets $3
Agrotait: calls $3
*** TURN *** [7d 9d Tc] [As]
louloukoko: bets $6
Agrotait: raises $6 to $12
louloukoko: folds
Uncalled bet ($6) returned to Agrotait
Agrotait collected $29.50 from pot
Agrotait: doesn't show hand
*** SUMMARY ***
Total pot $30 | Rake $0.50
Board [7d 9d Tc As]
Seat 2: louloukoko (big blind) folded on the Turn
Seat 4: Agrotait (button) (small blind) collected ($29.50)


PokerStars Hand #157627058243:  Hold'em Limit ($3/$6 USD) - 2016/08/23 2:42:58 ET
Table 'Corvus' 6-max Seat #2 is the button
Seat 2: louloukoko ($43.16 in chips)
Seat 4: Agrotait ($230.92 in chips)
louloukoko: posts small blind $1
Agrotait: posts big blind $3
*** HOLE CARDS ***
louloukoko: folds
Uncalled bet ($2) returned to Agrotait
Agrotait collected $2 from pot
Agrotait: doesn't show hand
*** SUMMARY ***
Total pot $2 | Rake $0
Seat 2: louloukoko (button) (small blind) folded before Flop
Seat 4: Agrotait (big blind) collected ($2)


PokerStars Hand #157627054930:  Hold'em Limit ($3/$6 USD) - 2016/08/23 2:42:45 ET
Table 'Corvus' 6-max Seat #4 is the button
Seat 2: louloukoko ($34.52 in chips)
Seat 4: Agrotait ($239.92 in chips)
Agrotait: posts small blind $1
louloukoko: posts big blind $3
*** HOLE CARDS ***
Agrotait: raises $3 to $6
louloukoko: calls $3
*** FLOP *** [4c 9c 8h]
louloukoko: bets $3
Agrotait: calls $3
*** TURN *** [4c 9c 8h] [2s]
louloukoko: bets $6
Agrotait: folds
Uncalled bet ($6) returned to louloukoko
louloukoko collected $17.64 from pot
louloukoko: doesn't show hand
*** SUMMARY ***
Total pot $18 | Rake $0.36
Board [4c 9c 8h 2s]
Seat 2: louloukoko (big blind) collected ($17.64)
Seat 4: Agrotait (button) (small blind) folded on the Turn


PokerStars Hand #157627059322:  Hold'em Limit ($3/$6 USD) - 2016/08/23 2:43:03 ET
Table 'Corvus' 6-max Seat #4 is the button
Seat 2: louloukoko ($42.16 in chips)
Seat 4: Agrotait ($231.92 in chips)
Agrotait: posts small blind $1
louloukoko: posts big blind $3
*** HOLE CARDS ***
Agrotait: raises $3 to $6
louloukoko: calls $3
*** FLOP *** [Ad Th 8h]
louloukoko: bets $3
Agrotait: calls $3
*** TURN *** [Ad Th 8h] [Ks]
louloukoko: bets $6
Agrotait: calls $6
*** RIVER *** [Ad Th 8h Ks] [2c]
louloukoko: bets $6
Agrotait: calls $6
*** SHOW DOWN ***
louloukoko: shows [Ac 9d] (a pair of Aces)
Agrotait: mucks hand
louloukoko collected $41.50 from pot
*** SUMMARY ***
Total pot $42 | Rake $0.50
Board [Ad Th 8h Ks 2c]
Seat 2: louloukoko (big blind) showed [Ac 9d] and won ($41.50) with a pair of Aces
Seat 4: Agrotait (button) (small blind) mucked


PokerStars Hand #157627062747:  Hold'em Limit ($3/$6 USD) - 2016/08/23 2:43:17 ET
Table 'Corvus' 6-max Seat #2 is the button
Seat 2: louloukoko ($62.66 in chips)
Seat 4: Agrotait ($210.92 in chips)
louloukoko: posts small blind $1
Agrotait: posts big blind $3
*** HOLE CARDS ***
louloukoko: raises $3 to $6
Agrotait: calls $3
*** FLOP *** [5s 2h 6h]
Agrotait: checks
louloukoko: bets $3
Agrotait: calls $3
*** TURN *** [5s 2h 6h] [2c]
Agrotait: checks
louloukoko: checks
*** RIVER *** [5s 2h 6h 2c] [Qh]
Agrotait: bets $6
louloukoko: folds
Uncalled bet ($6) returned to Agrotait
Agrotait collected $17.64 from pot
Agrotait: doesn't show hand
*** SUMMARY ***
Total pot $18 | Rake $0.36
Board [5s 2h 6h 2c Qh]
Seat 2: louloukoko (button) (small blind) folded on the River
Seat 4: Agrotait (big blind) collected ($17.64)


PokerStars Hand #157627067724:  Hold'em Limit ($3/$6 USD) - 2016/08/23 2:43:38 ET
Table 'Corvus' 6-max Seat #4 is the button
Seat 2: louloukoko ($53.66 in chips)
Seat 4: Agrotait ($219.56 in chips)
Agrotait: posts small blind $1
louloukoko: posts big blind $3
*** HOLE CARDS ***
Agrotait: raises $3 to $6
louloukoko: calls $3
*** FLOP *** [4d 8c 5s]
louloukoko: bets $3
Agrotait: calls $3
*** TURN *** [4d 8c 5s] [3s]
louloukoko: bets $6
Agrotait: calls $6
*** RIVER *** [4d 8c 5s 3s] [4c]
louloukoko: bets $6
Agrotait: folds
Uncalled bet ($6) returned to louloukoko
louloukoko collected $29.50 from pot
louloukoko: doesn't show hand
*** SUMMARY ***
Total pot $30 | Rake $0.50
Board [4d 8c 5s 3s 4c]
Seat 2: louloukoko (big blind) collected ($29.50)
Seat 4: Agrotait (button) (small blind) folded on the River


PokerStars Hand #157627075819:  Hold'em Limit ($3/$6 USD) - 2016/08/23 2:44:11 ET
Table 'Corvus' 6-max Seat #2 is the button
Seat 2: louloukoko ($68.16 in chips)
Seat 4: Agrotait ($204.56 in chips)
louloukoko: posts small blind $1
Agrotait: posts big blind $3
*** HOLE CARDS ***
louloukoko: raises $3 to $6
Agrotait: calls $3
*** FLOP *** [4d 8d 4h]
Agrotait: checks
louloukoko: checks
*** TURN *** [4d 8d 4h] [Ah]
Agrotait: bets $6
louloukoko: folds
Uncalled bet ($6) returned to Agrotait
Agrotait collected $11.76 from pot
Agrotait: doesn't show hand
*** SUMMARY ***
Total pot $12 | Rake $0.24
Board [4d 8d 4h Ah]
Seat 2: louloukoko (button) (small blind) folded on the Turn
Seat 4: Agrotait (big blind) collected ($11.76)


PokerStars Hand #157627091294:  Hold'em Limit ($3/$6 USD) - 2016/08/23 2:44:36 ET
Table 'Corvus' 6-max Seat #4 is the button
Seat 2: louloukoko ($62.16 in chips)
Seat 4: Agrotait ($210.32 in chips)
Agrotait: posts small blind $1
louloukoko: posts big blind $3
*** HOLE CARDS ***
Agrotait: raises $3 to $6
louloukoko: calls $3
*** FLOP *** [5d 9s 9c]
louloukoko: checks
Agrotait: bets $3
louloukoko: folds
Uncalled bet ($3) returned to Agrotait
Agrotait collected $11.76 from pot
Agrotait: doesn't show hand
*** SUMMARY ***
Total pot $12 | Rake $0.24
Board [5d 9s 9c]
Seat 2: louloukoko (big blind) folded on the Flop
Seat 4: Agrotait (button) (small blind) collected ($11.76)


PokerStars Hand #157627104261:  Hold'em Limit ($3/$6 USD) - 2016/08/23 2:45:30 ET
Table 'Corvus' 6-max Seat #4 is the button
Seat 2: louloukoko ($61.92 in chips)
Seat 4: Agrotait ($210.08 in chips)
Agrotait: posts small blind $1
louloukoko: posts big blind $3
*** HOLE CARDS ***
Agrotait: raises $3 to $6
louloukoko: calls $3
*** FLOP *** [Qh 4d Qd]
louloukoko: checks
Agrotait: bets $3
louloukoko: calls $3
*** TURN *** [Qh 4d Qd] [Kd]
louloukoko: checks
Agrotait: bets $6
louloukoko: folds
Uncalled bet ($6) returned to Agrotait
Agrotait collected $17.64 from pot
Agrotait: doesn't show hand
*** SUMMARY ***
Total pot $18 | Rake $0.36
Board [Qh 4d Qd Kd]
Seat 2: louloukoko (big blind) folded on the Turn
Seat 4: Agrotait (button) (small blind) collected ($17.64)


PokerStars Hand #157627097628:  Hold'em Limit ($3/$6 USD) - 2016/08/23 2:45:02 ET
Table 'Corvus' 6-max Seat #2 is the button
Seat 2: louloukoko ($56.16 in chips)
Seat 4: Agrotait ($216.08 in chips)
louloukoko: posts small blind $1
Agrotait: posts big blind $3
*** HOLE CARDS ***
louloukoko: raises $3 to $6
Agrotait: calls $3
*** FLOP *** [5d 3h 3d]
Agrotait: checks
louloukoko: bets $3
Agrotait: folds
Uncalled bet ($3) returned to louloukoko
louloukoko collected $11.76 from pot
louloukoko: doesn't show hand
*** SUMMARY ***
Total pot $12 | Rake $0.24
Board [5d 3h 3d]
Seat 2: louloukoko (button) (small blind) collected ($11.76)
Seat 4: Agrotait (big blind) folded on the Flop


PokerStars Hand #157627116903:  Hold'em Limit ($3/$6 USD) - 2016/08/23 2:46:22 ET
Table 'Corvus' 6-max Seat #2 is the button
Seat 2: louloukoko ($34.92 in chips)
Seat 4: Agrotait ($236 in chips)
louloukoko: posts small blind $1
Agrotait: posts big blind $3
*** HOLE CARDS ***
louloukoko: raises $3 to $6
Agrotait: calls $3
*** FLOP *** [3d Jd 7c]
Agrotait: checks
louloukoko: bets $3
Agrotait: raises $3 to $6
louloukoko: calls $3
*** TURN *** [3d Jd 7c] [2d]
Agrotait: checks
louloukoko: checks
*** RIVER *** [3d Jd 7c 2d] [4d]
Agrotait: checks
louloukoko: checks
*** SHOW DOWN ***
Agrotait: shows [2c 9c] (a pair of Deuces)
louloukoko: shows [Qc 3c] (a pair of Threes)
louloukoko collected $23.52 from pot
*** SUMMARY ***
Total pot $24 | Rake $0.48
Board [3d Jd 7c 2d 4d]
Seat 2: louloukoko (button) (small blind) showed [Qc 3c] and won ($23.52) with a pair of Threes
Seat 4: Agrotait (big blind) showed [2c 9c] and lost with a pair of Deuces


PokerStars Hand #157627114529:  Hold'em Limit ($3/$6 USD) - 2016/08/23 2:46:12 ET
Table 'Corvus' 6-max Seat #4 is the button
Seat 2: louloukoko ($40.92 in chips)
Seat 4: Agrotait ($230.24 in chips)
Agrotait: posts small blind $1
louloukoko: posts big blind $3
*** HOLE CARDS ***
Agrotait: raises $3 to $6
louloukoko: calls $3
*** FLOP *** [Jc 2h 4s]
louloukoko: checks
Agrotait: bets $3
louloukoko: folds
Uncalled bet ($3) returned to Agrotait
Agrotait collected $11.76 from pot
Agrotait: doesn't show hand
*** SUMMARY ***
Total pot $12 | Rake $0.24
Board [Jc 2h 4s]
Seat 2: louloukoko (big blind) folded on the Flop
Seat 4: Agrotait (button) (small blind) collected ($11.76)


PokerStars Hand #157627110140:  Hold'em Limit ($3/$6 USD) - 2016/08/23 2:45:54 ET
Table 'Corvus' 6-max Seat #2 is the button
Seat 2: louloukoko ($52.92 in chips)
Seat 4: Agrotait ($218.72 in chips)
louloukoko: posts small blind $1
Agrotait: posts big blind $3
*** HOLE CARDS ***
louloukoko: raises $3 to $6
Agrotait: raises $3 to $9
louloukoko: calls $3
*** FLOP *** [Qd 2s 5h]
Agrotait: bets $3
louloukoko: calls $3
*** TURN *** [Qd 2s 5h] [5s]
Agrotait: bets $6
louloukoko: folds
Uncalled bet ($6) returned to Agrotait
Agrotait collected $23.52 from pot
Agrotait: doesn't show hand
*** SUMMARY ***
Total pot $24 | Rake $0.48
Board [Qd 2s 5h 5s]
Seat 2: louloukoko (button) (small blind) folded on the Turn
Seat 4: Agrotait (big blind) collected ($23.52)


PokerStars Hand #157627124040:  Hold'em Limit ($3/$6 USD) - 2016/08/23 2:46:52 ET
Table 'Corvus' 6-max Seat #4 is the button
Seat 2: louloukoko ($46.44 in chips)
Seat 4: Agrotait ($224 in chips)
Agrotait: posts small blind $1
louloukoko: posts big blind $3
*** HOLE CARDS ***
Agrotait: raises $3 to $6
louloukoko: calls $3
*** FLOP *** [5h 2h Ad]
louloukoko: bets $3
Agrotait: calls $3
*** TURN *** [5h 2h Ad] [Th]
louloukoko: bets $6
Agrotait: calls $6
*** RIVER *** [5h 2h Ad Th] [Jh]
louloukoko: bets $6
Agrotait: folds
Uncalled bet ($6) returned to louloukoko
louloukoko collected $29.50 from pot
louloukoko: doesn't show hand
*** SUMMARY ***
Total pot $30 | Rake $0.50
Board [5h 2h Ad Th Jh]
Seat 2: louloukoko (big blind) collected ($29.50)
Seat 4: Agrotait (button) (small blind) folded on the River


PokerStars Hand #157627134196:  Hold'em Limit ($3/$6 USD) - 2016/08/23 2:47:34 ET
Table 'Corvus' 6-max Seat #2 is the button
Seat 2: louloukoko ($27.94 in chips)
Seat 4: Agrotait ($241.14 in chips)
louloukoko: posts small blind $1
Agrotait: posts big blind $3
*** HOLE CARDS ***
louloukoko: raises $3 to $6
Agrotait: calls $3
*** FLOP *** [6s 3s Qs]
Agrotait: checks
louloukoko: bets $3
Agrotait: calls $3
*** TURN *** [6s 3s Qs] [6c]
Agrotait: checks
louloukoko: checks
*** RIVER *** [6s 3s Qs 6c] [Jd]
Agrotait: bets $6
louloukoko: folds
Uncalled bet ($6) returned to Agrotait
Agrotait collected $17.64 from pot
Agrotait: doesn't show hand
*** SUMMARY ***
Total pot $18 | Rake $0.36
Board [6s 3s Qs 6c Jd]
Seat 2: louloukoko (button) (small blind) folded on the River
Seat 4: Agrotait (big blind) collected ($17.64)


PokerStars Hand #157627130439:  Hold'em Limit ($3/$6 USD) - 2016/08/23 2:47:18 ET
Table 'Corvus' 6-max Seat #4 is the button
Seat 2: louloukoko ($51.94 in chips)
Seat 4: Agrotait ($217.64 in chips)
Agrotait: posts small blind $1
louloukoko: posts big blind $3
*** HOLE CARDS ***
Agrotait: raises $3 to $6
louloukoko: raises $3 to $9
Agrotait: calls $3
*** FLOP *** [Qd 3d 2s]
louloukoko: bets $3
Agrotait: calls $3
*** TURN *** [Qd 3d 2s] [6c]
louloukoko: bets $6
Agrotait: calls $6
*** RIVER *** [Qd 3d 2s 6c] [2d]
louloukoko: bets $6
Agrotait: raises $6 to $12
louloukoko: folds
Uncalled bet ($6) returned to Agrotait
Agrotait collected $47.50 from pot
Agrotait: doesn't show hand
*** SUMMARY ***
Total pot $48 | Rake $0.50
Board [Qd 3d 2s 6c 2d]
Seat 2: louloukoko (big blind) folded on the River
Seat 4: Agrotait (button) (small blind) collected ($47.50)


PokerStars Hand #157627127949:  Hold'em Limit ($3/$6 USD) - 2016/08/23 2:47:08 ET
Table 'Corvus' 6-max Seat #2 is the button
Seat 2: louloukoko ($60.94 in chips)
Seat 4: Agrotait ($209 in chips)
louloukoko: posts small blind $1
Agrotait: posts big blind $3
*** HOLE CARDS ***
louloukoko: raises $3 to $6
Agrotait: raises $3 to $9
louloukoko: calls $3
*** FLOP *** [Ac 6h 8h]
Agrotait: bets $3
louloukoko: folds
Uncalled bet ($3) returned to Agrotait
Agrotait collected $17.64 from pot
Agrotait: doesn't show hand
*** SUMMARY ***
Total pot $18 | Rake $0.36
Board [Ac 6h 8h]
Seat 2: louloukoko (button) (small blind) folded on the Flop
Seat 4: Agrotait (big blind) collected ($17.64)


PokerStars Hand #157627140948:  Hold'em Limit ($3/$6 USD) - 2016/08/23 2:48:02 ET
Table 'Corvus' 6-max Seat #4 is the button
Seat 2: louloukoko ($18.94 in chips)
Seat 4: Agrotait ($249.78 in chips)
Agrotait: posts small blind $1
louloukoko: posts big blind $3
*** HOLE CARDS ***
Agrotait: raises $3 to $6
louloukoko: raises $3 to $9
Agrotait: raises $3 to $12
Betting is capped
louloukoko: calls $3
*** FLOP *** [2d 3c Ks]
louloukoko: bets $3
Agrotait: calls $3
*** TURN *** [2d 3c Ks] [8s]
louloukoko: bets $3.94 and is all-in
Agrotait: calls $3.94
*** RIVER *** [2d 3c Ks 8s] [Ts]
*** SHOW DOWN ***
louloukoko: shows [6d Ad] (high card Ace)
Agrotait: shows [Kh Ah] (a pair of Kings)
Agrotait collected $37.38 from pot
*** SUMMARY ***
Total pot $37.88 | Rake $0.50
Board [2d 3c Ks 8s Ts]
Seat 2: louloukoko (big blind) showed [6d Ad] and lost with high card Ace
Seat 4: Agrotait (button) (small blind) showed [Kh Ah] and won ($37.38) with a pair of Kings


PokerStars Hand #157627148090:  Hold'em Limit ($3/$6 USD) - 2016/08/23 2:48:31 ET
Table 'Corvus' 6-max Seat #5 is the button
Seat 4: Agrotait ($268.22 in chips)
Seat 5: FabronxRJ ($281.32 in chips)
FabronxRJ: posts small blind $1
Agrotait: posts big blind $3
*** HOLE CARDS ***
FabronxRJ: raises $3 to $6
Agrotait: calls $3
*** FLOP *** [Kc 7s Jd]
Agrotait: checks
FabronxRJ: checks
*** TURN *** [Kc 7s Jd] [Ad]
Agrotait: checks
FabronxRJ: bets $6
Agrotait: folds
Uncalled bet ($6) returned to FabronxRJ
FabronxRJ collected $11.76 from pot
FabronxRJ: doesn't show hand
*** SUMMARY ***
Total pot $12 | Rake $0.24
Board [Kc 7s Jd Ad]
Seat 4: Agrotait (big blind) folded on the Turn
Seat 5: FabronxRJ (button) (small blind) collected ($11.76)


PokerStars Hand #157627161102:  Hold'em Limit ($3/$6 USD) - 2016/08/23 2:49:25 ET
Table 'Corvus' 6-max Seat #5 is the button
Seat 4: Agrotait ($238.22 in chips)
Seat 5: FabronxRJ ($310.58 in chips)
FabronxRJ: posts small blind $1
Agrotait: posts big blind $3
*** HOLE CARDS ***
FabronxRJ: calls $2
Agrotait: checks
*** FLOP *** [3c Kd 8h]
Agrotait: bets $3
FabronxRJ: folds
Uncalled bet ($3) returned to Agrotait
Agrotait collected $5.88 from pot
Agrotait: doesn't show hand
*** SUMMARY ***
Total pot $6 | Rake $0.12
Board [3c Kd 8h]
Seat 4: Agrotait (big blind) collected ($5.88)
Seat 5: FabronxRJ (button) (small blind) folded on the Flop


PokerStars Hand #157627164354:  Hold'em Limit ($3/$6 USD) - 2016/08/23 2:49:39 ET
Table 'Corvus' 6-max Seat #4 is the button
Seat 4: Agrotait ($241.10 in chips)
Seat 5: FabronxRJ ($307.58 in chips)
Agrotait: posts small blind $1
FabronxRJ: posts big blind $3
*** HOLE CARDS ***
Agrotait: raises $3 to $6
FabronxRJ: calls $3
*** FLOP *** [3d 6s 9s]
FabronxRJ: checks
Agrotait: bets $3
FabronxRJ: calls $3
*** TURN *** [3d 6s 9s] [Ts]
FabronxRJ: checks
Agrotait: bets $6
FabronxRJ: folds
Uncalled bet ($6) returned to Agrotait
Agrotait collected $17.64 from pot
Agrotait: doesn't show hand
*** SUMMARY ***
Total pot $18 | Rake $0.36
Board [3d 6s 9s Ts]
Seat 4: Agrotait (button) (small blind) collected ($17.64)
Seat 5: FabronxRJ (big blind) folded on the Turn


PokerStars Hand #157627155513:  Hold'em Limit ($3/$6 USD) - 2016/08/23 2:49:02 ET
Table 'Corvus' 6-max Seat #4 is the button
Seat 4: Agrotait ($262.22 in chips)
Seat 5: FabronxRJ ($287.08 in chips)
Agrotait: posts small blind $1
FabronxRJ: posts big blind $3
*** HOLE CARDS ***
Agrotait: raises $3 to $6
FabronxRJ: calls $3
*** FLOP *** [Ad 3h 2d]
FabronxRJ: checks
Agrotait: bets $3
FabronxRJ: raises $3 to $6
Agrotait: calls $3
*** TURN *** [Ad 3h 2d] [9s]
FabronxRJ: bets $6
Agrotait: calls $6
*** RIVER *** [Ad 3h 2d 9s] [As]
FabronxRJ: bets $6
Agrotait: calls $6
*** SHOW DOWN ***
FabronxRJ: shows [Kc 9h] (two pair, Aces and Nines)
Agrotait: mucks hand
FabronxRJ collected $47.50 from pot
*** SUMMARY ***
Total pot $48 | Rake $0.50
Board [Ad 3h 2d 9s As]
Seat 4: Agrotait (button) (small blind) mucked
Seat 5: FabronxRJ (big blind) showed [Kc 9h] and won ($47.50) with two pair, Aces and Nines


PokerStars Hand #157627174826:  Hold'em Limit ($3/$6 USD) - 2016/08/23 2:50:22 ET
Table 'Corvus' 6-max Seat #4 is the button
Seat 4: Agrotait ($255.50 in chips)
Seat 5: FabronxRJ ($292.58 in chips)
Agrotait: posts small blind $1
FabronxRJ: posts big blind $3
*** HOLE CARDS ***
Agrotait: raises $3 to $6
FabronxRJ: calls $3
*** FLOP *** [Ad Kh 7d]
FabronxRJ: checks
Agrotait: bets $3
FabronxRJ: calls $3
*** TURN *** [Ad Kh 7d] [7h]
FabronxRJ: checks
Agrotait: bets $6
FabronxRJ: raises $6 to $12
Agrotait: calls $6
*** RIVER *** [Ad Kh 7d 7h] [Qd]
FabronxRJ: bets $6
Agrotait: calls $6
*** SHOW DOWN ***
FabronxRJ: shows [7c Qs] (a full house, Sevens full of Queens)
Agrotait: mucks hand
FabronxRJ collected $53.50 from pot
*** SUMMARY ***
Total pot $54 | Rake $0.50
Board [Ad Kh 7d 7h Qd]
Seat 4: Agrotait (button) (small blind) mucked
Seat 5: FabronxRJ (big blind) showed [7c Qs] and won ($53.50) with a full house, Sevens full of Queens


PokerStars Hand #157627183409:  Hold'em Limit ($3/$6 USD) - 2016/08/23 2:50:58 ET
Table 'Corvus' 6-max Seat #5 is the button
Seat 4: Agrotait ($228.50 in chips)
Seat 5: FabronxRJ ($319.08 in chips)
FabronxRJ: posts small blind $1
Agrotait: posts big blind $3
*** HOLE CARDS ***
FabronxRJ: folds
Uncalled bet ($2) returned to Agrotait
Agrotait collected $2 from pot
Agrotait: doesn't show hand
*** SUMMARY ***
Total pot $2 | Rake $0
Seat 4: Agrotait (big blind) collected ($2)
Seat 5: FabronxRJ (button) (small blind) folded before Flop


PokerStars Hand #157627185223:  Hold'em Limit ($3/$6 USD) - 2016/08/23 2:51:05 ET
Table 'Corvus' 6-max Seat #4 is the button
Seat 4: Agrotait ($229.50 in chips)
Seat 5: FabronxRJ ($318.08 in chips)
Agrotait: posts small blind $1
FabronxRJ: posts big blind $3
*** HOLE CARDS ***
Agrotait: raises $3 to $6
FabronxRJ: calls $3
*** FLOP *** [Kh 9d 5s]
FabronxRJ: bets $3
Agrotait: raises $3 to $6
FabronxRJ: calls $3
*** TURN *** [Kh 9d 5s] [9h]
FabronxRJ: checks
Agrotait: bets $6
FabronxRJ: folds
Uncalled bet ($6) returned to Agrotait
Agrotait collected $23.52 from pot
Agrotait: doesn't show hand
*** SUMMARY ***
Total pot $24 | Rake $0.48
Board [Kh 9d 5s 9h]
Seat 4: Agrotait (button) (small blind) collected ($23.52)
Seat 5: FabronxRJ (big blind) folded on the Turn


PokerStars Hand #157627189915:  Hold'em Limit ($3/$6 USD) - 2016/08/23 2:51:24 ET
Table 'Corvus' 6-max Seat #5 is the button
Seat 4: Agrotait ($241.02 in chips)
Seat 5: FabronxRJ ($306.08 in chips)
FabronxRJ: posts small blind $1
Agrotait: posts big blind $3
*** HOLE CARDS ***
FabronxRJ: raises $3 to $6
Agrotait: calls $3
*** FLOP *** [Ts Kc Js]
Agrotait: checks
FabronxRJ: bets $3
Agrotait: raises $3 to $6
FabronxRJ: raises $3 to $9
Agrotait: calls $3
*** TURN *** [Ts Kc Js] [Jd]
Agrotait: bets $6
FabronxRJ: folds
Uncalled bet ($6) returned to Agrotait
Agrotait collected $29.50 from pot
Agrotait: doesn't show hand
*** SUMMARY ***
Total pot $30 | Rake $0.50
Board [Ts Kc Js Jd]
Seat 4: Agrotait (big blind) collected ($29.50)
Seat 5: FabronxRJ (button) (small blind) folded on the Turn


PokerStars Hand #157627196435:  Hold'em Limit ($3/$6 USD) - 2016/08/23 2:51:51 ET
Table 'Corvus' 6-max Seat #4 is the button
Seat 4: Agrotait ($255.52 in chips)
Seat 5: FabronxRJ ($291.08 in chips)
Agrotait: posts small blind $1
FabronxRJ: posts big blind $3
*** HOLE CARDS ***
Agrotait: raises $3 to $6
FabronxRJ: calls $3
*** FLOP *** [Tc 8c Qc]
FabronxRJ: checks
Agrotait: bets $3
FabronxRJ: raises $3 to $6
Agrotait: calls $3
*** TURN *** [Tc 8c Qc] [Td]
FabronxRJ: bets $6
Agrotait: calls $6
*** RIVER *** [Tc 8c Qc Td] [Jd]
fido dido129 joins the table at seat #1
FabronxRJ: bets $6
Agrotait: raises $6 to $12
FabronxRJ: calls $6
*** SHOW DOWN ***
Agrotait: shows [Qh 9s] (a straight, Eight to Queen)
FabronxRJ: shows [9c 4s] (a straight, Eight to Queen)
FabronxRJ collected $29.75 from pot
Agrotait collected $29.75 from pot
*** SUMMARY ***
Total pot $60 | Rake $0.50
Board [Tc 8c Qc Td Jd]
Seat 4: Agrotait (button) (small blind) showed [Qh 9s] and won ($29.75) with a straight, Eight to Queen
Seat 5: FabronxRJ (big blind) showed [9c 4s] and won ($29.75) with a straight, Eight to Queen


PokerStars Hand #157627488291:  Hold'em Limit ($3/$6 USD) - 2016/08/23 3:12:00 ET
Table 'Corvus' 6-max Seat #3 is the button
Seat 3: CharginWapos ($117.41 in chips)
Seat 6: Zooshark ($133.75 in chips)
CharginWapos: posts small blind $1
Agrotait: is sitting out
Zooshark: posts big blind $3
*** HOLE CARDS ***
AAAbeta joins the table at seat #5
CharginWapos: raises $3 to $6
Zooshark: calls $3
*** FLOP *** [Ks 4d 2h]
Zooshark: checks
CharginWapos: bets $3
Zooshark: calls $3
*** TURN *** [Ks 4d 2h] [7h]
Zooshark: checks
CharginWapos: bets $6
Zooshark: calls $6
*** RIVER *** [Ks 4d 2h 7h] [5c]
Zooshark: checks
CharginWapos: bets $6
Zooshark: calls $6
*** SHOW DOWN ***
CharginWapos: shows [Kc As] (a pair of Kings)
Zooshark: mucks hand
CharginWapos collected $41.50 from pot
*** SUMMARY ***
Total pot $42 | Rake $0.50
Board [Ks 4d 2h 7h 5c]
Seat 3: CharginWapos (button) (small blind) showed [Kc As] and won ($41.50) with a pair of Kings
Seat 6: Zooshark (big blind) mucked


PokerStars Hand #157627506101:  Hold'em Limit ($3/$6 USD) - 2016/08/23 3:13:09 ET
Table 'Corvus' 6-max Seat #6 is the button
Seat 2: ABATAPP ($65.92 in chips)
Seat 6: Zooshark ($112.75 in chips)
Zooshark: posts small blind $1
ABATAPP: posts big blind $3
*** HOLE CARDS ***
Zooshark: folds
Uncalled bet ($2) returned to ABATAPP
ABATAPP collected $2 from pot
ABATAPP: doesn't show hand
*** SUMMARY ***
Total pot $2 | Rake $0
Seat 2: ABATAPP (big blind) collected ($2)
Seat 6: Zooshark (button) (small blind) folded before Flop


PokerStars Hand #157627511233:  Hold'em Limit ($3/$6 USD) - 2016/08/23 3:13:29 ET
Table 'Corvus' 6-max Seat #6 is the button
Seat 2: ABATAPP ($72.68 in chips)
Seat 6: Zooshark ($105.75 in chips)
Zooshark: posts small blind $1
ABATAPP: posts big blind $3
*** HOLE CARDS ***
Zooshark: raises $3 to $6
ABATAPP: calls $3
*** FLOP *** [Js 2h 3d]
ABATAPP: checks
Zooshark: bets $3
ABATAPP: calls $3
*** TURN *** [Js 2h 3d] [7c]
ABATAPP: checks
Zooshark: bets $6
ABATAPP: folds
Uncalled bet ($6) returned to Zooshark
Zooshark collected $17.64 from pot
Zooshark: doesn't show hand
*** SUMMARY ***
Total pot $18 | Rake $0.36
Board [Js 2h 3d 7c]
Seat 2: ABATAPP (big blind) folded on the Turn
Seat 6: Zooshark (button) (small blind) collected ($17.64)


PokerStars Hand #157627507678:  Hold'em Limit ($3/$6 USD) - 2016/08/23 3:13:15 ET
Table 'Corvus' 6-max Seat #2 is the button
Seat 2: ABATAPP ($66.92 in chips)
Seat 6: Zooshark ($111.75 in chips)
ABATAPP: posts small blind $1
Zooshark: posts big blind $3
*** HOLE CARDS ***
ABATAPP: raises $3 to $6
Zooshark: calls $3
*** FLOP *** [4c Th Ad]
Zooshark: checks
ABATAPP: bets $3
Zooshark: folds
Uncalled bet ($3) returned to ABATAPP
ABATAPP collected $11.76 from pot
ABATAPP: doesn't show hand
*** SUMMARY ***
Total pot $12 | Rake $0.24
Board [4c Th Ad]
Seat 2: ABATAPP (button) (small blind) collected ($11.76)
Seat 6: Zooshark (big blind) folded on the Flop


PokerStars Hand #157627522169:  Hold'em Limit ($3/$6 USD) - 2016/08/23 3:14:11 ET
Table 'Corvus' 6-max Seat #2 is the button
Seat 2: ABATAPP ($70.44 in chips)
Seat 6: Zooshark ($107.39 in chips)
ABATAPP: posts small blind $1
Zooshark: posts big blind $3
*** HOLE CARDS ***
ABATAPP: raises $3 to $6
Zooshark: calls $3
*** FLOP *** [Ah Js Td]
Zooshark: checks
ABATAPP: bets $3
Zooshark: calls $3
*** TURN *** [Ah Js Td] [9h]
Zooshark: checks
ABATAPP: checks
*** RIVER *** [Ah Js Td 9h] [6d]
Zooshark: bets $6
ABATAPP: folds
Uncalled bet ($6) returned to Zooshark
Zooshark collected $17.64 from pot
Zooshark: doesn't show hand
*** SUMMARY ***
Total pot $18 | Rake $0.36
Board [Ah Js Td 9h 6d]
Seat 2: ABATAPP (button) (small blind) folded on the River
Seat 6: Zooshark (big blind) collected ($17.64)


PokerStars Hand #157627527504:  Hold'em Limit ($3/$6 USD) - 2016/08/23 3:14:32 ET
Table 'Corvus' 6-max Seat #6 is the button
Seat 2: ABATAPP ($61.44 in chips)
Seat 6: Zooshark ($116.03 in chips)
Zooshark: posts small blind $1
ABATAPP: posts big blind $3
*** HOLE CARDS ***
Zooshark: raises $3 to $6
ABATAPP: folds
Uncalled bet ($3) returned to Zooshark
Zooshark collected $6 from pot
Zooshark: doesn't show hand
*** SUMMARY ***
Total pot $6 | Rake $0
Seat 2: ABATAPP (big blind) folded before Flop
Seat 6: Zooshark (button) (small blind) collected ($6)


PokerStars Hand #157627520890:  Hold'em Limit ($3/$6 USD) - 2016/08/23 3:14:06 ET
Table 'Corvus' 6-max Seat #6 is the button
Seat 2: ABATAPP ($69.44 in chips)
Seat 6: Zooshark ($108.39 in chips)
Zooshark: posts small blind $1
ABATAPP: posts big blind $3
*** HOLE CARDS ***
Zooshark: folds
Uncalled bet ($2) returned to ABATAPP
ABATAPP collected $2 from pot
ABATAPP: doesn't show hand
*** SUMMARY ***
Total pot $2 | Rake $0
Seat 2: ABATAPP (big blind) collected ($2)
Seat 6: Zooshark (button) (small blind) folded before Flop


PokerStars Hand #157627515909:  Hold'em Limit ($3/$6 USD) - 2016/08/23 3:13:47 ET
Table 'Corvus' 6-max Seat #2 is the button
Seat 2: ABATAPP ($63.68 in chips)
Seat 6: Zooshark ($114.39 in chips)
ABATAPP: posts small blind $1
Zooshark: posts big blind $3
*** HOLE CARDS ***
ABATAPP: raises $3 to $6
Zooshark: calls $3
*** FLOP *** [4c Th Qc]
Zooshark: checks
Agrotait leaves the table
ABATAPP: checks
*** TURN *** [4c Th Qc] [Js]
Zooshark: checks
ABATAPP: bets $6
Zooshark: folds
Uncalled bet ($6) returned to ABATAPP
ABATAPP collected $11.76 from pot
ABATAPP: doesn't show hand
*** SUMMARY ***
Total pot $12 | Rake $0.24
Board [4c Th Qc Js]
Seat 2: ABATAPP (button) (small blind) collected ($11.76)
Seat 6: Zooshark (big blind) folded on the Turn


PokerStars Hand #157627529311:  Hold'em Limit ($3/$6 USD) - 2016/08/23 3:14:39 ET
Table 'Corvus' 6-max Seat #2 is the button
Seat 2: ABATAPP ($58.44 in chips)
Seat 6: Zooshark ($119.03 in chips)
ABATAPP: posts small blind $1
Zooshark: posts big blind $3
*** HOLE CARDS ***
ABATAPP: raises $3 to $6
Zooshark: calls $3
*** FLOP *** [2h 3s 5h]
AAAbeta joins the table at seat #1
Zooshark: checks
ABATAPP: bets $3
Zooshark: raises $3 to $6
ABATAPP: raises $3 to $9
Zooshark: calls $3
*** TURN *** [2h 3s 5h] [2d]
Zooshark: checks
ABATAPP: checks
*** RIVER *** [2h 3s 5h 2d] [6s]
Zooshark: bets $6
ABATAPP: folds
Uncalled bet ($6) returned to Zooshark
Zooshark collected $29.50 from pot
Zooshark: doesn't show hand
*** SUMMARY ***
Total pot $30 | Rake $0.50
Board [2h 3s 5h 2d 6s]
Seat 2: ABATAPP (button) (small blind) folded on the River
Seat 6: Zooshark (big blind) collected ($29.50)


PokerStars Hand #157627542172:  Hold'em Limit ($3/$6 USD) - 2016/08/23 3:15:29 ET
Table 'Corvus' 6-max Seat #6 is the button
Seat 2: ABATAPP ($99.44 in chips)
Seat 6: Zooshark ($137.53 in chips)
Zooshark: posts small blind $1
AAAbeta: is sitting out
ABATAPP: posts big blind $3
*** HOLE CARDS ***
Zooshark: raises $3 to $6
ABATAPP: calls $3
*** FLOP *** [Kh 8h 2s]
ABATAPP: checks
Zooshark: bets $3
ABATAPP: raises $3 to $6
AAAbeta leaves the table
Zooshark: raises $3 to $9
ABATAPP: calls $3
*** TURN *** [Kh 8h 2s] [Js]
ABATAPP: checks
Zooshark: bets $6
ABATAPP: folds
Uncalled bet ($6) returned to Zooshark
Zooshark collected $29.50 from pot
Zooshark: doesn't show hand
*** SUMMARY ***
Total pot $30 | Rake $0.50
Board [Kh 8h 2s Js]
Seat 2: ABATAPP (big blind) folded on the Turn
Seat 6: Zooshark (button) (small blind) collected ($29.50)


PokerStars Hand #157627552573:  Hold'em Limit ($3/$6 USD) - 2016/08/23 3:16:09 ET
Table 'Corvus' 6-max Seat #6 is the button
Seat 2: ABATAPP ($75.44 in chips)
Seat 6: Zooshark ($160.67 in chips)
Zooshark: posts small blind $1
ABATAPP: posts big blind $3
*** HOLE CARDS ***
Zooshark: raises $3 to $6
ABATAPP: calls $3
*** FLOP *** [2d Ad 8d]
ABATAPP: checks
Zooshark: bets $3
ABATAPP: calls $3
*** TURN *** [2d Ad 8d] [3c]
ABATAPP: checks
Zooshark: checks
*** RIVER *** [2d Ad 8d 3c] [Jc]
ABATAPP: checks
Zooshark: bets $6
ABATAPP: calls $6
*** SHOW DOWN ***
Zooshark: shows [3d 6d] (a flush, Ace high)
ABATAPP: mucks hand
Zooshark collected $29.50 from pot
*** SUMMARY ***
Total pot $30 | Rake $0.50
Board [2d Ad 8d 3c Jc]
Seat 2: ABATAPP (big blind) mucked
Seat 6: Zooshark (button) (small blind) showed [3d 6d] and won ($29.50) with a flush, Ace high


PokerStars Hand #157627558707:  Hold'em Limit ($3/$6 USD) - 2016/08/23 3:16:33 ET
Table 'Corvus' 6-max Seat #2 is the button
Seat 2: ABATAPP ($60.44 in chips)
Seat 6: Zooshark ($175.17 in chips)
ABATAPP: posts small blind $1
Zooshark: posts big blind $3
*** HOLE CARDS ***
ABATAPP: raises $3 to $6
Zooshark: calls $3
*** FLOP *** [Tc Kh As]
Zooshark: checks
ABATAPP: checks
*** TURN *** [Tc Kh As] [9h]
Zooshark: checks
ABATAPP: bets $6
Zooshark: folds
Uncalled bet ($6) returned to ABATAPP
ABATAPP collected $11.76 from pot
ABATAPP: doesn't show hand
*** SUMMARY ***
Total pot $12 | Rake $0.24
Board [Tc Kh As 9h]
Seat 2: ABATAPP (button) (small blind) collected ($11.76)
Seat 6: Zooshark (big blind) folded on the Turn


