PokerStars Hand #169446739846:  Hold'em Limit ($3/$6 USD) - 2017/04/23 10:41:42 ET
Table 'Corvina' 6-max Seat #1 is the button
Seat 1: nicmct ($120 in chips)
Seat 3: hawaiwithlov ($513.85 in chips)
nicmct: posts small blind $1
hawaiwithlov: posts big blind $3
yamaxerm joins the table at seat #4
*** HOLE CARDS ***
nicmct: raises $3 to $6
hawaiwithlov: folds
Uncalled bet ($3) returned to nicmct
nicmct collected $6 from pot
*** SUMMARY ***
Total pot $6 | Rake $0
Seat 1: nicmct (button) (small blind) collected ($6)
Seat 3: hawaiwithlov (big blind) folded before Flop


PokerStars Hand #169447124100:  Hold'em Limit ($3/$6 USD) - 2017/04/23 10:50:02 ET
Table 'Corvina' 6-max Seat #1 is the button
Seat 1: maksi670 ($88.07 in chips)
Seat 4: VolkovDmitri ($134.50 in chips)
maksi670: posts small blind $1
VolkovDmitri: posts big blind $3
*** HOLE CARDS ***
maksi670: calls $2
VolkovDmitri: raises $3 to $6
maksi670: calls $3
*** FLOP *** [Td Jc Jh]
yamaxerm joins the table at seat #2
VolkovDmitri: checks
maksi670: bets $3
VolkovDmitri: raises $3 to $6
maksi670: calls $3
*** TURN *** [Td Jc Jh] [6d]
VolkovDmitri: bets $6
maksi670: calls $6
*** RIVER *** [Td Jc Jh 6d] [Qd]
VolkovDmitri: bets $6
maksi670: calls $6
*** SHOW DOWN ***
VolkovDmitri: shows [6c Jd] (a full house, Jacks full of Sixes)
maksi670: mucks hand
VolkovDmitri collected $47.50 from pot
*** SUMMARY ***
Total pot $48 | Rake $0.50
Board [Td Jc Jh 6d Qd]
Seat 1: maksi670 (button) (small blind) mucked
Seat 4: VolkovDmitri (big blind) showed [6c Jd] and won ($47.50) with a full house, Jacks full of Sixes


PokerStars Hand #169447155862:  Hold'em Limit ($3/$6 USD) - 2017/04/23 10:50:46 ET
Table 'Corvina' 6-max Seat #4 is the button
Seat 1: maksi670 ($64.07 in chips)
Seat 4: VolkovDmitri ($158 in chips)
VolkovDmitri: posts small blind $1
maksi670: posts big blind $3
*** HOLE CARDS ***
VolkovDmitri: raises $3 to $6
maksi670: calls $3
*** FLOP *** [Qs 4d 9s]
maksi670: bets $3
VolkovDmitri: folds
Uncalled bet ($3) returned to maksi670
maksi670 collected $11.76 from pot
*** SUMMARY ***
Total pot $12 | Rake $0.24
Board [Qs 4d 9s]
Seat 1: maksi670 (big blind) collected ($11.76)
Seat 4: VolkovDmitri (button) (small blind) folded on the Flop


PokerStars Hand #169451419991:  Hold'em Limit ($3/$6 USD) - 2017/04/23 12:23:37 ET
Table 'Corvina' 6-max Seat #2 is the button
Seat 2: 7ardis ($174.54 in chips)
Seat 4: Grieserix ($113 in chips)
flynny1111 leaves the table
7ardis: posts small blind $1
Koraseg: is sitting out
Grieserix: posts big blind $3
*** HOLE CARDS ***
7ardis: raises $3 to $6
yamaxerm joins the table at seat #5
Grieserix: raises $3 to $9
7ardis: calls $3
*** FLOP *** [Ts Ah 6d]
Grieserix: checks
7ardis: bets $3
Grieserix: calls $3
*** TURN *** [Ts Ah 6d] [8d]
Grieserix: bets $6
7ardis: folds
Uncalled bet ($6) returned to Grieserix
Grieserix collected $23.52 from pot
*** SUMMARY ***
Total pot $24 | Rake $0.48
Board [Ts Ah 6d 8d]
Seat 2: 7ardis (button) (small blind) folded on the Turn
Seat 4: Grieserix (big blind) collected ($23.52)


PokerStars Hand #169451702713:  Hold'em Limit ($3/$6 USD) - 2017/04/23 12:29:20 ET
Table 'Corvina' 6-max Seat #6 is the button
Seat 3: Koraseg ($235.60 in chips)
Seat 6: shampBTgogo ($38.28 in chips)
shampBTgogo: posts small blind $1
Koraseg: posts big blind $3
*** HOLE CARDS ***
shampBTgogo: raises $3 to $6
Koraseg: calls $3
*** FLOP *** [Ks Tc 4s]
Koraseg: checks
shampBTgogo: bets $3
Koraseg: calls $3
*** TURN *** [Ks Tc 4s] [Qc]
Koraseg: checks
shampBTgogo: bets $6
Koraseg: raises $6 to $12
shampBTgogo: calls $6
*** RIVER *** [Ks Tc 4s Qc] [Qs]
Koraseg: bets $6
shampBTgogo: raises $6 to $12
Koraseg: calls $6
*** SHOW DOWN ***
shampBTgogo: shows [4d Qd] (a full house, Queens full of Fours)
Koraseg: mucks hand
shampBTgogo collected $65.50 from pot
*** SUMMARY ***
Total pot $66 | Rake $0.50
Board [Ks Tc 4s Qc Qs]
Seat 3: Koraseg (big blind) mucked
Seat 6: shampBTgogo (button) (small blind) showed [4d Qd] and won ($65.50) with a full house, Queens full of Fours


PokerStars Hand #169451693391:  Hold'em Limit ($3/$6 USD) - 2017/04/23 12:29:08 ET
Table 'Corvina' 6-max Seat #3 is the button
Seat 3: Koraseg ($232.60 in chips)
Seat 6: shampBTgogo ($41.28 in chips)
Koraseg: posts small blind $1
shampBTgogo: posts big blind $3
*** HOLE CARDS ***
Koraseg: raises $3 to $6
shampBTgogo: folds
Uncalled bet ($3) returned to Koraseg
Koraseg collected $6 from pot
Koraseg: doesn't show hand
*** SUMMARY ***
Total pot $6 | Rake $0
Seat 3: Koraseg (button) (small blind) collected ($6)
Seat 6: shampBTgogo (big blind) folded before Flop


PokerStars Hand #169451672113:  Hold'em Limit ($3/$6 USD) - 2017/04/23 12:28:42 ET
Table 'Corvina' 6-max Seat #6 is the button
Seat 3: Koraseg ($221.08 in chips)
Seat 6: shampBTgogo ($53.28 in chips)
shampBTgogo: posts small blind $1
yamaxerm: is sitting out
Koraseg: posts big blind $3
*** HOLE CARDS ***
yamaxerm leaves the table
shampBTgogo: raises $3 to $6
Koraseg: calls $3
*** FLOP *** [8d 9h Qc]
Koraseg: checks
shampBTgogo: bets $3
Koraseg: raises $3 to $6
shampBTgogo: calls $3
*** TURN *** [8d 9h Qc] [Ts]
Koraseg: bets $6
shampBTgogo: folds
Uncalled bet ($6) returned to Koraseg
Koraseg collected $23.52 from pot
Koraseg: doesn't show hand
*** SUMMARY ***
Total pot $24 | Rake $0.48
Board [8d 9h Qc Ts]
Seat 3: Koraseg (big blind) collected ($23.52)
Seat 6: shampBTgogo (button) (small blind) folded on the Turn


PokerStars Hand #169451725567:  Hold'em Limit ($3/$6 USD) - 2017/04/23 12:29:48 ET
Table 'Corvina' 6-max Seat #3 is the button
Seat 3: Koraseg ($202.60 in chips)
Seat 6: shampBTgogo ($70.78 in chips)
Koraseg: posts small blind $1
shampBTgogo: posts big blind $3
*** HOLE CARDS ***
Koraseg: raises $3 to $6
shampBTgogo: calls $3
*** FLOP *** [7h Kh 5d]
shampBTgogo: checks
Koraseg: bets $3
shampBTgogo: folds
Uncalled bet ($3) returned to Koraseg
Koraseg collected $11.76 from pot
Koraseg: doesn't show hand
*** SUMMARY ***
Total pot $12 | Rake $0.24
Board [7h Kh 5d]
Seat 3: Koraseg (button) (small blind) collected ($11.76)
Seat 6: shampBTgogo (big blind) folded on the Flop


