PokerStars Hand #156354368744:  Hold'em Limit ($3/$6 USD) - 2016/07/23 17:03:46 ET
Table 'Corvina' 10-max Seat #5 is the button
Seat 5: simper11 ($120 in chips)
Seat 6: ELSUPREMO999 ($120 in chips)
simper11: posts small blind $1
ELSUPREMO999: posts big blind $3
*** HOLE CARDS ***
simper11: raises $3 to $6
ELSUPREMO999: calls $3
*** FLOP *** [7c 2s Qs]
ELSUPREMO999: checks
simper11: bets $3
ELSUPREMO999: calls $3
*** TURN *** [7c 2s Qs] [Ac]
ELSUPREMO999: checks
simper11: checks
*** RIVER *** [7c 2s Qs Ac] [4h]
ELSUPREMO999: bets $6
simper11: folds
Uncalled bet ($6) returned to ELSUPREMO999
ELSUPREMO999 collected $17.64 from pot
ELSUPREMO999: doesn't show hand
*** SUMMARY ***
Total pot $18 | Rake $0.36
Board [7c 2s Qs Ac 4h]
Seat 5: simper11 (button) (small blind) folded on the River
Seat 6: ELSUPREMO999 (big blind) collected ($17.64)


PokerStars Hand #156354387150:  Hold'em Limit ($3/$6 USD) - 2016/07/23 17:04:12 ET
Table 'Corvina' 10-max Seat #6 is the button
Seat 5: simper11 ($120 in chips)
Seat 6: ELSUPREMO999 ($128.64 in chips)
ELSUPREMO999: posts small blind $1
simper11: posts big blind $3
*** HOLE CARDS ***
ELSUPREMO999: raises $3 to $6
simper11: calls $3
*** FLOP *** [2h Js 7h]
simper11: checks
ELSUPREMO999: bets $3
simper11: folds
Uncalled bet ($3) returned to ELSUPREMO999
ELSUPREMO999 collected $11.76 from pot
ELSUPREMO999: doesn't show hand
*** SUMMARY ***
Total pot $12 | Rake $0.24
Board [2h Js 7h]
Seat 5: simper11 (big blind) folded on the Flop
Seat 6: ELSUPREMO999 (button) (small blind) collected ($11.76)


PokerStars Hand #156354395084:  Hold'em Limit ($3/$6 USD) - 2016/07/23 17:04:23 ET
Table 'Corvina' 10-max Seat #5 is the button
Seat 5: simper11 ($120 in chips)
Seat 6: ELSUPREMO999 ($134.40 in chips)
simper11: posts small blind $1
ELSUPREMO999: posts big blind $3
*** HOLE CARDS ***
simper11: raises $3 to $6
ELSUPREMO999: calls $3
*** FLOP *** [Kd 6c 7d]
ELSUPREMO999: checks
simper11: bets $3
ELSUPREMO999: calls $3
*** TURN *** [Kd 6c 7d] [5s]
ELSUPREMO999: checks
simper11: bets $6
ELSUPREMO999: raises $6 to $12
simper11: raises $6 to $18
ELSUPREMO999: raises $6 to $24
Betting is capped
simper11: calls $6
*** RIVER *** [Kd 6c 7d 5s] [4d]
ELSUPREMO999: bets $6
simper11: calls $6
*** SHOW DOWN ***
ELSUPREMO999: shows [8c 5c] (a straight, Four to Eight)
simper11: mucks hand
ELSUPREMO999 collected $77.50 from pot
*** SUMMARY ***
Total pot $78 | Rake $0.50
Board [Kd 6c 7d 5s 4d]
Seat 5: simper11 (button) (small blind) mucked
Seat 6: ELSUPREMO999 (big blind) showed [8c 5c] and won ($77.50) with a straight, Four to Eight


PokerStars Hand #156354415767:  Hold'em Limit ($3/$6 USD) - 2016/07/23 17:04:53 ET
Table 'Corvina' 10-max Seat #5 is the button
Seat 5: simper11 ($121 in chips)
Seat 6: ELSUPREMO999 ($171.90 in chips)
simper11: posts small blind $1
ELSUPREMO999: posts big blind $3
*** HOLE CARDS ***
simper11: raises $3 to $6
ELSUPREMO999: calls $3
*** FLOP *** [7h Qd Jd]
ELSUPREMO999: checks
simper11: bets $3
ELSUPREMO999: calls $3
*** TURN *** [7h Qd Jd] [Kh]
ELSUPREMO999: checks
simper11: bets $6
ELSUPREMO999: folds
Uncalled bet ($6) returned to simper11
simper11 collected $17.64 from pot
simper11: doesn't show hand
*** SUMMARY ***
Total pot $18 | Rake $0.36
Board [7h Qd Jd Kh]
Seat 5: simper11 (button) (small blind) collected ($17.64)
Seat 6: ELSUPREMO999 (big blind) folded on the Turn


PokerStars Hand #156354409031:  Hold'em Limit ($3/$6 USD) - 2016/07/23 17:04:43 ET
Table 'Corvina' 10-max Seat #6 is the button
Seat 5: simper11 ($120 in chips)
Seat 6: ELSUPREMO999 ($172.90 in chips)
ELSUPREMO999: posts small blind $1
simper11: posts big blind $3
*** HOLE CARDS ***
simper11 said, "lol"
simper11 said, "olol"
simper11 said, "ololololololo"
simper11 said, "lololol"
simper11 said, "ololololol"
ELSUPREMO999: folds
Uncalled bet ($2) returned to simper11
simper11 said, "ololol"
simper11 said, "olo"
GRAILKO joins the table at seat #7
simper11 collected $2 from pot
simper11: doesn't show hand
*** SUMMARY ***
Total pot $2 | Rake $0
Seat 5: simper11 (big blind) collected ($2)
Seat 6: ELSUPREMO999 (button) (small blind) folded before Flop


PokerStars Hand #156357458034:  Hold'em Limit ($3/$6 USD) - 2016/07/23 18:16:01 ET
Table 'Corvina' 10-max Seat #4 is the button
Seat 4: plummgg ($71.94 in chips)
Seat 5: simper11 ($134.07 in chips)
plummgg: posts small blind $1
simper11: posts big blind $3
*** HOLE CARDS ***
plummgg: raises $3 to $6
simper11: folds
Uncalled bet ($3) returned to plummgg
plummgg collected $6 from pot
plummgg: doesn't show hand
*** SUMMARY ***
Total pot $6 | Rake $0
Seat 4: plummgg (button) (small blind) collected ($6)
Seat 5: simper11 (big blind) folded before Flop


PokerStars Hand #156357454487:  Hold'em Limit ($3/$6 USD) - 2016/07/23 18:15:56 ET
Table 'Corvina' 10-max Seat #5 is the button
Seat 4: plummgg ($70.94 in chips)
Seat 5: simper11 ($135.07 in chips)
simper11: posts small blind $1
Pete Barber!: is sitting out
plummgg: posts big blind $3
*** HOLE CARDS ***
simper11: folds
Uncalled bet ($2) returned to plummgg
Pete Barber! leaves the table
plummgg collected $2 from pot
plummgg: doesn't show hand
*** SUMMARY ***
Total pot $2 | Rake $0
Seat 4: plummgg (big blind) collected ($2)
Seat 5: simper11 (button) (small blind) folded before Flop


