PokerStars Hand #146611359999:  Hold'em Limit ($3/$6 USD) - 2016/01/07 4:49:49 ET
Table 'Corvina II' 6-max Seat #1 is the button
Seat 1: VolkovDmitri ($120 in chips)
Seat 3: OtecPokera17 ($102.02 in chips)
VolkovDmitri: posts small blind $1
OtecPokera17: posts big blind $3
*** HOLE CARDS ***
VolkovDmitri: raises $3 to $6
OtecPokera17: calls $3
*** FLOP *** [Ad 6d 2h]
OtecPokera17: checks
VolkovDmitri: bets $3
OtecPokera17: raises $3 to $6
VolkovDmitri: folds
Uncalled bet ($3) returned to OtecPokera17
OtecPokera17 collected $17.64 from pot
OtecPokera17: doesn't show hand
*** SUMMARY ***
Total pot $18 | Rake $0.36
Board [Ad 6d 2h]
Seat 1: VolkovDmitri (button) (small blind) folded on the Flop
Seat 3: OtecPokera17 (big blind) collected ($17.64)


PokerStars Hand #146611371329:  Hold'em Limit ($3/$6 USD) - 2016/01/07 4:50:14 ET
Table 'Corvina II' 6-max Seat #3 is the button
Seat 1: VolkovDmitri ($120 in chips)
Seat 3: OtecPokera17 ($110.66 in chips)
OtecPokera17: posts small blind $1
VolkovDmitri: posts big blind $3
*** HOLE CARDS ***
OtecPokera17: folds
Uncalled bet ($2) returned to VolkovDmitri
VolkovDmitri collected $2 from pot
VolkovDmitri: doesn't show hand
*** SUMMARY ***
Total pot $2 | Rake $0
Seat 1: VolkovDmitri (big blind) collected ($2)
Seat 3: OtecPokera17 (button) (small blind) folded before Flop


PokerStars Hand #146611376769:  Hold'em Limit ($3/$6 USD) - 2016/01/07 4:50:26 ET
Table 'Corvina II' 6-max Seat #3 is the button
Seat 1: VolkovDmitri ($124 in chips)
Seat 3: OtecPokera17 ($106.66 in chips)
OtecPokera17: posts small blind $1
VolkovDmitri: posts big blind $3
*** HOLE CARDS ***
OtecPokera17: raises $3 to $6
VolkovDmitri: calls $3
*** FLOP *** [6d Tc Ts]
VolkovDmitri: checks
OtecPokera17: checks
*** TURN *** [6d Tc Ts] [2s]
VolkovDmitri: bets $6
OtecPokera17: calls $6
*** RIVER *** [6d Tc Ts 2s] [Jc]
VolkovDmitri: checks
OtecPokera17: checks
*** SHOW DOWN ***
VolkovDmitri: shows [5s Kc] (a pair of Tens)
OtecPokera17: shows [2h 3d] (two pair, Tens and Deuces)
OtecPokera17 collected $23.52 from pot
*** SUMMARY ***
Total pot $24 | Rake $0.48
Board [6d Tc Ts 2s Jc]
Seat 1: VolkovDmitri (big blind) showed [5s Kc] and lost with a pair of Tens
Seat 3: OtecPokera17 (button) (small blind) showed [2h 3d] and won ($23.52) with two pair, Tens and Deuces


PokerStars Hand #146611373383:  Hold'em Limit ($3/$6 USD) - 2016/01/07 4:50:19 ET
Table 'Corvina II' 6-max Seat #1 is the button
Seat 1: VolkovDmitri ($121 in chips)
Seat 3: OtecPokera17 ($109.66 in chips)
VolkovDmitri: posts small blind $1
OtecPokera17: posts big blind $3
*** HOLE CARDS ***
VolkovDmitri: raises $3 to $6
OtecPokera17: folds
Uncalled bet ($3) returned to VolkovDmitri
VolkovDmitri collected $6 from pot
VolkovDmitri: doesn't show hand
*** SUMMARY ***
Total pot $6 | Rake $0
Seat 1: VolkovDmitri (button) (small blind) collected ($6)
Seat 3: OtecPokera17 (big blind) folded before Flop


PokerStars Hand #146611402341:  Hold'em Limit ($3/$6 USD) - 2016/01/07 4:51:22 ET
Table 'Corvina II' 6-max Seat #3 is the button
Seat 1: VolkovDmitri ($125.76 in chips)
Seat 3: OtecPokera17 ($112.18 in chips)
OtecPokera17: posts small blind $1
VolkovDmitri: posts big blind $3
*** HOLE CARDS ***
OtecPokera17: raises $3 to $6
VolkovDmitri: calls $3
*** FLOP *** [Ah 7s 3s]
VolkovDmitri: checks
OtecPokera17: bets $3
VolkovDmitri: calls $3
*** TURN *** [Ah 7s 3s] [Ts]
VolkovDmitri: checks
OtecPokera17: bets $6
VolkovDmitri: calls $6
*** RIVER *** [Ah 7s 3s Ts] [Kc]
VolkovDmitri: checks
OtecPokera17: checks
*** SHOW DOWN ***
VolkovDmitri: shows [Ks 8h] (a pair of Kings)
OtecPokera17: mucks hand
VolkovDmitri collected $29.50 from pot
*** SUMMARY ***
Total pot $30 | Rake $0.50
Board [Ah 7s 3s Ts Kc]
Seat 1: VolkovDmitri (big blind) showed [Ks 8h] and won ($29.50) with a pair of Kings
Seat 3: OtecPokera17 (button) (small blind) mucked


PokerStars Hand #146611419158:  Hold'em Limit ($3/$6 USD) - 2016/01/07 4:51:59 ET
Table 'Corvina II' 6-max Seat #3 is the button
Seat 1: VolkovDmitri ($143.26 in chips)
Seat 3: OtecPokera17 ($94.18 in chips)
OtecPokera17: posts small blind $1
VolkovDmitri: posts big blind $3
*** HOLE CARDS ***
OtecPokera17: folds
Uncalled bet ($2) returned to VolkovDmitri
VolkovDmitri collected $2 from pot
VolkovDmitri: doesn't show hand
*** SUMMARY ***
Total pot $2 | Rake $0
Seat 1: VolkovDmitri (big blind) collected ($2)
Seat 3: OtecPokera17 (button) (small blind) folded before Flop


PokerStars Hand #146611416140:  Hold'em Limit ($3/$6 USD) - 2016/01/07 4:51:53 ET
Table 'Corvina II' 6-max Seat #1 is the button
Seat 1: VolkovDmitri ($140.26 in chips)
Seat 3: OtecPokera17 ($97.18 in chips)
VolkovDmitri: posts small blind $1
OtecPokera17: posts big blind $3
*** HOLE CARDS ***
VolkovDmitri: raises $3 to $6
OtecPokera17: folds
Uncalled bet ($3) returned to VolkovDmitri
VolkovDmitri collected $6 from pot
VolkovDmitri: doesn't show hand
*** SUMMARY ***
Total pot $6 | Rake $0
Seat 1: VolkovDmitri (button) (small blind) collected ($6)
Seat 3: OtecPokera17 (big blind) folded before Flop


PokerStars Hand #146611421248:  Hold'em Limit ($3/$6 USD) - 2016/01/07 4:52:04 ET
Table 'Corvina II' 6-max Seat #1 is the button
Seat 1: VolkovDmitri ($144.26 in chips)
Seat 3: OtecPokera17 ($93.18 in chips)
VolkovDmitri: posts small blind $1
OtecPokera17: posts big blind $3
*** HOLE CARDS ***
VolkovDmitri: raises $3 to $6
OtecPokera17: raises $3 to $9
VolkovDmitri: calls $3
*** FLOP *** [6c 5d Qh]
OtecPokera17: bets $3
VolkovDmitri: calls $3
*** TURN *** [6c 5d Qh] [Js]
OtecPokera17: bets $6
VolkovDmitri: calls $6
*** RIVER *** [6c 5d Qh Js] [Qc]
OtecPokera17: bets $6
VolkovDmitri: folds
Uncalled bet ($6) returned to OtecPokera17
OtecPokera17 collected $35.50 from pot
OtecPokera17: doesn't show hand
*** SUMMARY ***
Total pot $36 | Rake $0.50
Board [6c 5d Qh Js Qc]
Seat 1: VolkovDmitri (button) (small blind) folded on the River
Seat 3: OtecPokera17 (big blind) collected ($35.50)


PokerStars Hand #146611436575:  Hold'em Limit ($3/$6 USD) - 2016/01/07 4:52:37 ET
Table 'Corvina II' 6-max Seat #3 is the button
Seat 1: VolkovDmitri ($126.26 in chips)
Seat 3: OtecPokera17 ($110.68 in chips)
OtecPokera17: posts small blind $1
VolkovDmitri: posts big blind $3
*** HOLE CARDS ***
OtecPokera17: raises $3 to $6
VolkovDmitri: calls $3
*** FLOP *** [2c Qc Kd]
VolkovDmitri: checks
OtecPokera17: bets $3
VolkovDmitri: calls $3
*** TURN *** [2c Qc Kd] [Jc]
VolkovDmitri: checks
OtecPokera17: checks
*** RIVER *** [2c Qc Kd Jc] [Ks]
VolkovDmitri: checks
OtecPokera17: bets $6
VolkovDmitri: calls $6
*** SHOW DOWN ***
OtecPokera17: shows [2h Ah] (two pair, Kings and Deuces)
VolkovDmitri: shows [Ad 2d] (two pair, Kings and Deuces)
VolkovDmitri collected $14.75 from pot
OtecPokera17 collected $14.75 from pot
*** SUMMARY ***
Total pot $30 | Rake $0.50
Board [2c Qc Kd Jc Ks]
Seat 1: VolkovDmitri (big blind) showed [Ad 2d] and won ($14.75) with two pair, Kings and Deuces
Seat 3: OtecPokera17 (button) (small blind) showed [2h Ah] and won ($14.75) with two pair, Kings and Deuces


PokerStars Hand #146611455155:  Hold'em Limit ($3/$6 USD) - 2016/01/07 4:53:18 ET
Table 'Corvina II' 6-max Seat #1 is the button
Seat 1: VolkovDmitri ($126.01 in chips)
Seat 3: OtecPokera17 ($110.43 in chips)
VolkovDmitri: posts small blind $1
OtecPokera17: posts big blind $3
*** HOLE CARDS ***
VolkovDmitri: raises $3 to $6
OtecPokera17: calls $3
*** FLOP *** [2c 5h 8s]
OtecPokera17: checks
VolkovDmitri: bets $3
OtecPokera17: calls $3
*** TURN *** [2c 5h 8s] [Js]
OtecPokera17: checks
VolkovDmitri: bets $6
OtecPokera17: calls $6
*** RIVER *** [2c 5h 8s Js] [6s]
OtecPokera17: checks
VolkovDmitri: checks
*** SHOW DOWN ***
OtecPokera17: shows [9c Jd] (a pair of Jacks)
VolkovDmitri: mucks hand
OtecPokera17 collected $29.50 from pot
*** SUMMARY ***
Total pot $30 | Rake $0.50
Board [2c 5h 8s Js 6s]
Seat 1: VolkovDmitri (button) (small blind) mucked
Seat 3: OtecPokera17 (big blind) showed [9c Jd] and won ($29.50) with a pair of Jacks


PokerStars Hand #146611467423:  Hold'em Limit ($3/$6 USD) - 2016/01/07 4:53:45 ET
Table 'Corvina II' 6-max Seat #3 is the button
Seat 1: VolkovDmitri ($120 in chips)
Seat 3: OtecPokera17 ($124.93 in chips)
OtecPokera17: posts small blind $1
VolkovDmitri: posts big blind $3
*** HOLE CARDS ***
OtecPokera17: raises $3 to $6
VolkovDmitri: calls $3
*** FLOP *** [5h Qh Qd]
VolkovDmitri: checks
OtecPokera17: bets $3
VolkovDmitri: raises $3 to $6
OtecPokera17: calls $3
*** TURN *** [5h Qh Qd] [Kc]
VolkovDmitri: bets $6
OtecPokera17: raises $6 to $12
VolkovDmitri: raises $6 to $18
OtecPokera17: calls $6
*** RIVER *** [5h Qh Qd Kc] [Jh]
VolkovDmitri: bets $6
OtecPokera17: calls $6
*** SHOW DOWN ***
VolkovDmitri: shows [3d Qs] (three of a kind, Queens)
OtecPokera17: mucks hand
VolkovDmitri collected $71.50 from pot
*** SUMMARY ***
Total pot $72 | Rake $0.50
Board [5h Qh Qd Kc Jh]
Seat 1: VolkovDmitri (big blind) showed [3d Qs] and won ($71.50) with three of a kind, Queens
Seat 3: OtecPokera17 (button) (small blind) mucked


PokerStars Hand #146611485095:  Hold'em Limit ($3/$6 USD) - 2016/01/07 4:54:24 ET
Table 'Corvina II' 6-max Seat #1 is the button
Seat 1: VolkovDmitri ($155.50 in chips)
Seat 3: OtecPokera17 ($88.93 in chips)
VolkovDmitri: posts small blind $1
OtecPokera17: posts big blind $3
*** HOLE CARDS ***
VolkovDmitri: raises $3 to $6
OtecPokera17: raises $3 to $9
VolkovDmitri: calls $3
*** FLOP *** [Ks 3d 6d]
OtecPokera17: bets $3
VolkovDmitri: calls $3
*** TURN *** [Ks 3d 6d] [As]
OtecPokera17: bets $6
VolkovDmitri: calls $6
*** RIVER *** [Ks 3d 6d As] [5c]
OtecPokera17: bets $6
VolkovDmitri: calls $6
*** SHOW DOWN ***
OtecPokera17: shows [9s Ad] (a pair of Aces)
VolkovDmitri: mucks hand
OtecPokera17 collected $47.50 from pot
*** SUMMARY ***
Total pot $48 | Rake $0.50
Board [Ks 3d 6d As 5c]
Seat 1: VolkovDmitri (button) (small blind) mucked
Seat 3: OtecPokera17 (big blind) showed [9s Ad] and won ($47.50) with a pair of Aces


PokerStars Hand #146611521690:  Hold'em Limit ($3/$6 USD) - 2016/01/07 4:55:51 ET
Table 'Corvina II' 6-max Seat #3 is the button
Seat 1: VolkovDmitri ($125.76 in chips)
Seat 3: OtecPokera17 ($120.93 in chips)
OtecPokera17: posts small blind $1
VolkovDmitri: posts big blind $3
*** HOLE CARDS ***
OtecPokera17: raises $3 to $6
VolkovDmitri: calls $3
*** FLOP *** [9h 8d Qd]
VolkovDmitri: checks
OtecPokera17: bets $3
VolkovDmitri: calls $3
*** TURN *** [9h 8d Qd] [3c]
VolkovDmitri: checks
OtecPokera17: bets $6
VolkovDmitri: calls $6
*** RIVER *** [9h 8d Qd 3c] [5s]
VolkovDmitri: checks
OtecPokera17: bets $6
A.Ho||er joins the table at seat #5
VolkovDmitri: calls $6
*** SHOW DOWN ***
OtecPokera17: shows [Qh As] (a pair of Queens)
VolkovDmitri: mucks hand
OtecPokera17 collected $41.50 from pot
*** SUMMARY ***
Total pot $42 | Rake $0.50
Board [9h 8d Qd 3c 5s]
Seat 1: VolkovDmitri (big blind) mucked
Seat 3: OtecPokera17 (button) (small blind) showed [Qh As] and won ($41.50) with a pair of Queens


PokerStars Hand #146611503102:  Hold'em Limit ($3/$6 USD) - 2016/01/07 4:55:04 ET
Table 'Corvina II' 6-max Seat #3 is the button
Seat 1: VolkovDmitri ($131.50 in chips)
Seat 3: OtecPokera17 ($112.43 in chips)
OtecPokera17: posts small blind $1
VolkovDmitri: posts big blind $3
*** HOLE CARDS ***
OtecPokera17: raises $3 to $6
VolkovDmitri: raises $3 to $9
OtecPokera17: raises $3 to $12
Betting is capped
VolkovDmitri: calls $3
*** FLOP *** [Ts 8d 4c]
VolkovDmitri: checks
OtecPokera17: bets $3
VolkovDmitri: calls $3
*** TURN *** [Ts 8d 4c] [Qd]
VolkovDmitri: checks
OtecPokera17: checks
*** RIVER *** [Ts 8d 4c Qd] [5h]
VolkovDmitri: checks
OtecPokera17: bets $6
VolkovDmitri: folds
Uncalled bet ($6) returned to OtecPokera17
OtecPokera17 collected $29.50 from pot
OtecPokera17: doesn't show hand
*** SUMMARY ***
Total pot $30 | Rake $0.50
Board [Ts 8d 4c Qd 5h]
Seat 1: VolkovDmitri (big blind) folded on the River
Seat 3: OtecPokera17 (button) (small blind) collected ($29.50)


PokerStars Hand #146611533631:  Hold'em Limit ($3/$6 USD) - 2016/01/07 4:56:21 ET
Table 'Corvina II' 6-max Seat #1 is the button
Seat 1: VolkovDmitri ($120 in chips)
Seat 3: OtecPokera17 ($141.43 in chips)
VolkovDmitri: posts small blind $1
OtecPokera17: posts big blind $3
*** HOLE CARDS ***
VolkovDmitri: raises $3 to $6
OtecPokera17: calls $3
*** FLOP *** [Ad 9c Ac]
OtecPokera17: checks
VolkovDmitri: bets $3
OtecPokera17: calls $3
*** TURN *** [Ad 9c Ac] [6d]
OtecPokera17: checks
VolkovDmitri: checks
*** RIVER *** [Ad 9c Ac 6d] [2s]
OtecPokera17: bets $6
VolkovDmitri: calls $6
*** SHOW DOWN ***
OtecPokera17: shows [5d Qd] (a pair of Aces)
VolkovDmitri: shows [8c Kc] (a pair of Aces - King kicker)
VolkovDmitri collected $29.50 from pot
*** SUMMARY ***
Total pot $30 | Rake $0.50
Board [Ad 9c Ac 6d 2s]
Seat 1: VolkovDmitri (button) (small blind) showed [8c Kc] and won ($29.50) with a pair of Aces
Seat 3: OtecPokera17 (big blind) showed [5d Qd] and lost with a pair of Aces


PokerStars Hand #146611603723:  Hold'em Limit ($3/$6 USD) - 2016/01/07 4:59:19 ET
Table 'Corvina II' 6-max Seat #3 is the button
Seat 1: VolkovDmitri ($150.88 in chips)
Seat 3: OtecPokera17 ($93.80 in chips)
OtecPokera17: posts small blind $1
VolkovDmitri: posts big blind $3
*** HOLE CARDS ***
A.Ho||er leaves the table
OtecPokera17: raises $3 to $6
VolkovDmitri: calls $3
*** FLOP *** [Qc 7c Ks]
VolkovDmitri: checks
OtecPokera17: bets $3
VolkovDmitri: folds
Uncalled bet ($3) returned to OtecPokera17
OtecPokera17 collected $11.76 from pot
OtecPokera17: doesn't show hand
*** SUMMARY ***
Total pot $12 | Rake $0.24
Board [Qc 7c Ks]
Seat 1: VolkovDmitri (big blind) folded on the Flop
Seat 3: OtecPokera17 (button) (small blind) collected ($11.76)


