PokerStars Hand #154719443752:  Hold'em Limit ($3/$6 USD) - 2016/06/14 8:38:03 ET
Table 'Corvus II' 10-max Seat #4 is the button
Seat 4: buddhasway ($100 in chips)
Seat 5: simper11 ($120 in chips)
buddhasway: posts small blind $1
simper11: posts big blind $3
*** HOLE CARDS ***
buddhasway: raises $3 to $6
simper11: calls $3
*** FLOP *** [7c 2c 8h]
simper11: checks
buddhasway: bets $3
simper11: calls $3
*** TURN *** [7c 2c 8h] [7s]
simper11: checks
buddhasway: checks
*** RIVER *** [7c 2c 8h 7s] [5h]
simper11: bets $6
buddhasway: calls $6
*** SHOW DOWN ***
simper11: shows [9s As] (a pair of Sevens)
buddhasway: shows [5d Ks] (two pair, Sevens and Fives)
buddhasway collected $29.50 from pot
*** SUMMARY ***
Total pot $30 | Rake $0.50
Board [7c 2c 8h 7s 5h]
Seat 4: buddhasway (button) (small blind) showed [5d Ks] and won ($29.50) with two pair, Sevens and Fives
Seat 5: simper11 (big blind) showed [9s As] and lost with a pair of Sevens


PokerStars Hand #154719476660:  Hold'em Limit ($3/$6 USD) - 2016/06/14 8:39:08 ET
Table 'Corvus II' 10-max Seat #4 is the button
Seat 4: buddhasway ($123.14 in chips)
Seat 5: simper11 ($120 in chips)
buddhasway: posts small blind $1
simper11: posts big blind $3
*** HOLE CARDS ***
buddhasway: folds
Uncalled bet ($2) returned to simper11
simper11 collected $2 from pot
simper11: doesn't show hand
*** SUMMARY ***
Total pot $2 | Rake $0
Seat 4: buddhasway (button) (small blind) folded before Flop
Seat 5: simper11 (big blind) collected ($2)


PokerStars Hand #154719467857:  Hold'em Limit ($3/$6 USD) - 2016/06/14 8:38:51 ET
Table 'Corvus II' 10-max Seat #5 is the button
Seat 4: buddhasway ($114.50 in chips)
Seat 5: simper11 ($120 in chips)
simper11: posts small blind $1
buddhasway: posts big blind $3
*** HOLE CARDS ***
simper11: raises $3 to $6
buddhasway: raises $3 to $9
simper11: calls $3
*** FLOP *** [6h 4c Ks]
Chessnok joins the table at seat #6
buddhasway: checks
simper11: checks
*** TURN *** [6h 4c Ks] [As]
buddhasway: bets $6
simper11: folds
Uncalled bet ($6) returned to buddhasway
buddhasway collected $17.64 from pot
buddhasway: doesn't show hand
*** SUMMARY ***
Total pot $18 | Rake $0.36
Board [6h 4c Ks As]
Seat 4: buddhasway (big blind) collected ($17.64)
Seat 5: simper11 (button) (small blind) folded on the Turn


PokerStars Hand #154720136373:  Hold'em Limit ($3/$6 USD) - 2016/06/14 9:01:18 ET
Table 'Corvus II' 10-max Seat #5 is the button
Seat 5: simper11 ($121 in chips)
Seat 7: tomte999 ($134.02 in chips)
simper11: posts small blind $1
tomte999: posts big blind $3
*** HOLE CARDS ***
simper11: raises $3 to $6
tomte999: calls $3
*** FLOP *** [3d 7c Qh]
tomte999: checks
Vincenzo Vs joins the table at seat #10
simper11: bets $3
tomte999: raises $3 to $6
simper11: calls $3
*** TURN *** [3d 7c Qh] [4c]
tomte999: bets $6
simper11: folds
Uncalled bet ($6) returned to tomte999
tomte999 collected $23.52 from pot
tomte999: doesn't show hand
*** SUMMARY ***
Total pot $24 | Rake $0.48
Board [3d 7c Qh 4c]
Seat 5: simper11 (button) (small blind) folded on the Turn
Seat 7: tomte999 (big blind) collected ($23.52)


PokerStars Hand #154720133930:  Hold'em Limit ($3/$6 USD) - 2016/06/14 9:01:13 ET
Table 'Corvus II' 10-max Seat #7 is the button
Seat 5: simper11 ($120 in chips)
Seat 7: tomte999 ($135.02 in chips)
tomte999: posts small blind $1
simper11: posts big blind $3
*** HOLE CARDS ***
tomte999: folds
Uncalled bet ($2) returned to simper11
simper11 collected $2 from pot
simper11: doesn't show hand
*** SUMMARY ***
Total pot $2 | Rake $0
Seat 5: simper11 (big blind) collected ($2)
Seat 7: tomte999 (button) (small blind) folded before Flop


PokerStars Hand #154720131559:  Hold'em Limit ($3/$6 USD) - 2016/06/14 9:01:09 ET
Table 'Corvus II' 10-max Seat #5 is the button
Seat 5: simper11 ($120 in chips)
Seat 7: tomte999 ($134.02 in chips)
simper11: posts small blind $1
derdex: is sitting out
tomte999: posts big blind $3
*** HOLE CARDS ***
simper11: folds
Uncalled bet ($2) returned to tomte999
derdex leaves the table
tomte999 collected $2 from pot
tomte999: doesn't show hand
*** SUMMARY ***
Total pot $2 | Rake $0
Seat 5: simper11 (button) (small blind) folded before Flop
Seat 7: tomte999 (big blind) collected ($2)


PokerStars Hand #154720467868:  Hold'em Limit ($3/$6 USD) - 2016/06/14 9:11:38 ET
Table 'Corvus II' 10-max Seat #5 is the button
Seat 5: simper11 ($167.59 in chips)
Seat 7: tomte999 ($200.58 in chips)
simper11: posts small blind $1
tomte999: posts big blind $3
*** HOLE CARDS ***
simper11: folds
Uncalled bet ($2) returned to tomte999
tomte999 collected $2 from pot
tomte999: doesn't show hand
*** SUMMARY ***
Total pot $2 | Rake $0
Seat 5: simper11 (button) (small blind) folded before Flop
Seat 7: tomte999 (big blind) collected ($2)


PokerStars Hand #154720445881:  Hold'em Limit ($3/$6 USD) - 2016/06/14 9:10:58 ET
Table 'Corvus II' 10-max Seat #7 is the button
Seat 5: simper11 ($182.59 in chips)
Seat 7: tomte999 ($186.08 in chips)
tomte999: posts small blind $1
simper11: posts big blind $3
*** HOLE CARDS ***
tomte999: raises $3 to $6
simper11: raises $3 to $9
tomte999: raises $3 to $12
Betting is capped
simper11: calls $3
*** FLOP *** [6d Ts Td]
simper11: checks
tomte999: bets $3
simper11: calls $3
*** TURN *** [6d Ts Td] [6s]
simper11: checks
tomte999: bets $6
simper11: folds
Uncalled bet ($6) returned to tomte999
tomte999 collected $29.50 from pot
tomte999: doesn't show hand
*** SUMMARY ***
Total pot $30 | Rake $0.50
Board [6d Ts Td 6s]
Seat 5: simper11 (big blind) folded on the Turn
Seat 7: tomte999 (button) (small blind) collected ($29.50)


