PokerStars Hand #149485975224:  Hold'em Limit ($3/$6 USD) - 2016/02/27 4:53:25 ET
Table 'Corvus II' 6-max Seat #1 is the button
Seat 1: Pilowski ($101.88 in chips)
Seat 4: Agrotait ($61 in chips)
Pilowski: posts small blind $1
Agrotait: posts big blind $3
*** HOLE CARDS ***
Pilowski: folds
Uncalled bet ($2) returned to Agrotait
Agrotait collected $2 from pot
Agrotait: doesn't show hand
*** SUMMARY ***
Total pot $2 | Rake $0
Seat 1: Pilowski (button) (small blind) folded before Flop
Seat 4: Agrotait (big blind) collected ($2)


PokerStars Hand #149485963472:  Hold'em Limit ($3/$6 USD) - 2016/02/27 4:53:02 ET
Table 'Corvus II' 6-max Seat #4 is the button
Seat 1: Pilowski ($90.36 in chips)
Seat 4: Agrotait ($73 in chips)
Agrotait: posts small blind $1
Pilowski: posts big blind $3
*** HOLE CARDS ***
Agrotait: raises $3 to $6
Pilowski: raises $3 to $9
Agrotait: calls $3
*** FLOP *** [Jc 3s Ad]
Pilowski: bets $3
Agrotait: calls $3
*** TURN *** [Jc 3s Ad] [5h]
Pilowski: bets $6
Agrotait: folds
Uncalled bet ($6) returned to Pilowski
Pilowski collected $23.52 from pot
Pilowski: doesn't show hand
*** SUMMARY ***
Total pot $24 | Rake $0.48
Board [Jc 3s Ad 5h]
Seat 1: Pilowski (big blind) collected ($23.52)
Seat 4: Agrotait (button) (small blind) folded on the Turn


PokerStars Hand #149485993391:  Hold'em Limit ($3/$6 USD) - 2016/02/27 4:54:01 ET
Table 'Corvus II' 6-max Seat #1 is the button
Seat 1: Pilowski ($109.52 in chips)
Seat 4: Agrotait ($72 in chips)
Pilowski: posts small blind $1
Agrotait: posts big blind $3
*** HOLE CARDS ***
Pilowski: raises $3 to $6
Agrotait: calls $3
*** FLOP *** [5s Qc Qs]
Agrotait: checks
Pilowski: checks
*** TURN *** [5s Qc Qs] [Kc]
Agrotait: bets $6
Pilowski: folds
Uncalled bet ($6) returned to Agrotait
Agrotait collected $11.76 from pot
Agrotait: doesn't show hand
*** SUMMARY ***
Total pot $12 | Rake $0.24
Board [5s Qc Qs Kc]
Seat 1: Pilowski (button) (small blind) folded on the Turn
Seat 4: Agrotait (big blind) collected ($11.76)


PokerStars Hand #149485978664:  Hold'em Limit ($3/$6 USD) - 2016/02/27 4:53:32 ET
Table 'Corvus II' 6-max Seat #4 is the button
Seat 1: Pilowski ($100.88 in chips)
Seat 4: Agrotait ($62 in chips)
Agrotait: posts small blind $1
Pilowski: posts big blind $3
*** HOLE CARDS ***
Agrotait: raises $3 to $6
Pilowski: calls $3
*** FLOP *** [Ah 9c Qc]
Pilowski: checks
Agrotait: bets $3
Pilowski: calls $3
*** TURN *** [Ah 9c Qc] [8s]
Pilowski: checks
Agrotait: checks
*** RIVER *** [Ah 9c Qc 8s] [9s]
Pilowski: bets $6
Agrotait: folds
Uncalled bet ($6) returned to Pilowski
Pilowski collected $17.64 from pot
Pilowski: doesn't show hand
*** SUMMARY ***
Total pot $18 | Rake $0.36
Board [Ah 9c Qc 8s 9s]
Seat 1: Pilowski (big blind) collected ($17.64)
Seat 4: Agrotait (button) (small blind) folded on the River


PokerStars Hand #149486018486:  Hold'em Limit ($3/$6 USD) - 2016/02/27 4:54:50 ET
Table 'Corvus II' 6-max Seat #1 is the button
Seat 1: Pilowski ($97.52 in chips)
Seat 4: Agrotait ($83.52 in chips)
Pilowski: posts small blind $1
Agrotait: posts big blind $3
*** HOLE CARDS ***
Pilowski: calls $2
Agrotait: checks
*** FLOP *** [9c 6s Jh]
Agrotait: checks
Pilowski: checks
*** TURN *** [9c 6s Jh] [4d]
Agrotait: checks
Pilowski: checks
*** RIVER *** [9c 6s Jh 4d] [7d]
Agrotait: checks
Pilowski: checks
*** SHOW DOWN ***
Agrotait: shows [Kd 8s] (high card King)
Pilowski: mucks hand
Agrotait collected $5.88 from pot
*** SUMMARY ***
Total pot $6 | Rake $0.12
Board [9c 6s Jh 4d 7d]
Seat 1: Pilowski (button) (small blind) mucked
Seat 4: Agrotait (big blind) showed [Kd 8s] and won ($5.88) with high card King


PokerStars Hand #149486005566:  Hold'em Limit ($3/$6 USD) - 2016/02/27 4:54:25 ET
Table 'Corvus II' 6-max Seat #4 is the button
Seat 1: Pilowski ($103.52 in chips)
Seat 4: Agrotait ($77.76 in chips)
Agrotait: posts small blind $1
Pilowski: posts big blind $3
*** HOLE CARDS ***
Agrotait: raises $3 to $6
Pilowski: calls $3
*** FLOP *** [7d Qs 3h]
Pilowski: checks
Agrotait: bets $3
Pilowski: folds
Uncalled bet ($3) returned to Agrotait
Agrotait collected $11.76 from pot
Agrotait: doesn't show hand
*** SUMMARY ***
Total pot $12 | Rake $0.24
Board [7d Qs 3h]
Seat 1: Pilowski (big blind) folded on the Flop
Seat 4: Agrotait (button) (small blind) collected ($11.76)


