PokerStars Hand #148515355681:  Hold'em Limit ($3/$6 USD) - 2016/02/09 13:46:20 ET
Table 'Corvina' 2-max Seat #1 is the button
Seat 1: Cah4ec1982 ($127.76 in chips)
Seat 2: all3y_k ($83.31 in chips)
Cah4ec1982: posts small blind $1
all3y_k: posts big blind $3
*** HOLE CARDS ***
Cah4ec1982: raises $3 to $6
all3y_k: raises $3 to $9
Cah4ec1982: raises $3 to $12
Betting is capped
all3y_k: calls $3
*** FLOP *** [8c Qh 2h]
all3y_k: checks
Cah4ec1982: bets $3
all3y_k: folds
Uncalled bet ($3) returned to Cah4ec1982
Cah4ec1982 collected $23.52 from pot
Cah4ec1982: doesn't show hand
*** SUMMARY ***
Total pot $24 | Rake $0.48
Board [8c Qh 2h]
Seat 1: Cah4ec1982 (button) (small blind) collected ($23.52)
Seat 2: all3y_k (big blind) folded on the Flop


PokerStars Hand #148515417404:  Hold'em Limit ($3/$6 USD) - 2016/02/09 13:47:17 ET
Table 'Corvina' 2-max Seat #2 is the button
Seat 1: Cah4ec1982 ($121.04 in chips)
Seat 2: all3y_k ($88.81 in chips)
all3y_k: posts small blind $1
Cah4ec1982: posts big blind $3
*** HOLE CARDS ***
all3y_k: raises $3 to $6
Cah4ec1982: raises $3 to $9
all3y_k: calls $3
*** FLOP *** [9h Ac Ts]
Cah4ec1982: bets $3
all3y_k: calls $3
*** TURN *** [9h Ac Ts] [7h]
Cah4ec1982: bets $6
all3y_k: raises $6 to $12
Cah4ec1982: calls $6
*** RIVER *** [9h Ac Ts 7h] [6h]
Cah4ec1982: checks
all3y_k: bets $6
Cah4ec1982: folds
Uncalled bet ($6) returned to all3y_k
all3y_k collected $47.50 from pot
all3y_k: doesn't show hand
*** SUMMARY ***
Total pot $48 | Rake $0.50
Board [9h Ac Ts 7h 6h]
Seat 1: Cah4ec1982 (big blind) folded on the River
Seat 2: all3y_k (button) (small blind) collected ($47.50)


PokerStars Hand #148515387405:  Hold'em Limit ($3/$6 USD) - 2016/02/09 13:46:49 ET
Table 'Corvina' 2-max Seat #1 is the button
Seat 1: Cah4ec1982 ($145.04 in chips)
Seat 2: all3y_k ($65.31 in chips)
Cah4ec1982: posts small blind $1
all3y_k: posts big blind $3
*** HOLE CARDS ***
Cah4ec1982: raises $3 to $6
all3y_k: raises $3 to $9
Cah4ec1982: calls $3
*** FLOP *** [Jh Ks Js]
all3y_k: bets $3
Cah4ec1982: calls $3
*** TURN *** [Jh Ks Js] [8h]
all3y_k: bets $6
Cah4ec1982: calls $6
*** RIVER *** [Jh Ks Js 8h] [6s]
all3y_k: bets $6
Cah4ec1982: calls $6
*** SHOW DOWN ***
all3y_k: shows [8d Kd] (two pair, Kings and Jacks)
Cah4ec1982: mucks hand
all3y_k collected $47.50 from pot
*** SUMMARY ***
Total pot $48 | Rake $0.50
Board [Jh Ks Js 8h 6s]
Seat 1: Cah4ec1982 (button) (small blind) mucked
Seat 2: all3y_k (big blind) showed [8d Kd] and won ($47.50) with two pair, Kings and Jacks


PokerStars Hand #148515376655:  Hold'em Limit ($3/$6 USD) - 2016/02/09 13:46:39 ET
Table 'Corvina' 2-max Seat #2 is the button
Seat 1: Cah4ec1982 ($139.28 in chips)
Seat 2: all3y_k ($71.31 in chips)
all3y_k: posts small blind $1
Cah4ec1982: posts big blind $3
*** HOLE CARDS ***
all3y_k: calls $2
Cah4ec1982: raises $3 to $6
all3y_k: calls $3
*** FLOP *** [4s Jc 3d]
Cah4ec1982: bets $3
all3y_k: folds
Uncalled bet ($3) returned to Cah4ec1982
Cah4ec1982 collected $11.76 from pot
Cah4ec1982: doesn't show hand
*** SUMMARY ***
Total pot $12 | Rake $0.24
Board [4s Jc 3d]
Seat 1: Cah4ec1982 (big blind) collected ($11.76)
Seat 2: all3y_k (button) (small blind) folded on the Flop


PokerStars Hand #148515489725:  Hold'em Limit ($3/$6 USD) - 2016/02/09 13:48:23 ET
Table 'Corvina' 2-max Seat #2 is the button
Seat 1: Cah4ec1982 ($174.04 in chips)
Seat 2: all3y_k ($93.83 in chips)
all3y_k: posts small blind $1
Cah4ec1982: posts big blind $3
*** HOLE CARDS ***
all3y_k: raises $3 to $6
Cah4ec1982: calls $3
*** FLOP *** [Jd 2h Ks]
Cah4ec1982: checks
all3y_k: checks
*** TURN *** [Jd 2h Ks] [Ad]
Cah4ec1982: checks
all3y_k: bets $6
Cah4ec1982: folds
Uncalled bet ($6) returned to all3y_k
all3y_k collected $11.76 from pot
all3y_k: doesn't show hand
*** SUMMARY ***
Total pot $12 | Rake $0.24
Board [Jd 2h Ks Ad]
Seat 1: Cah4ec1982 (big blind) folded on the Turn
Seat 2: all3y_k (button) (small blind) collected ($11.76)


PokerStars Hand #148515472111:  Hold'em Limit ($3/$6 USD) - 2016/02/09 13:48:07 ET
Table 'Corvina' 2-max Seat #1 is the button
Seat 1: Cah4ec1982 ($159.54 in chips)
Seat 2: all3y_k ($108.83 in chips)
Cah4ec1982: posts small blind $1
all3y_k: posts big blind $3
*** HOLE CARDS ***
Cah4ec1982: raises $3 to $6
all3y_k: calls $3
*** FLOP *** [Kc 7d Qh]
all3y_k: checks
Cah4ec1982: bets $3
all3y_k: calls $3
*** TURN *** [Kc 7d Qh] [3s]
all3y_k: checks
Cah4ec1982: bets $6
all3y_k: calls $6
*** RIVER *** [Kc 7d Qh 3s] [Ah]
all3y_k: checks
Cah4ec1982: bets $6
all3y_k: folds
Uncalled bet ($6) returned to Cah4ec1982
Cah4ec1982 collected $29.50 from pot
Cah4ec1982: doesn't show hand
*** SUMMARY ***
Total pot $30 | Rake $0.50
Board [Kc 7d Qh 3s Ah]
Seat 1: Cah4ec1982 (button) (small blind) collected ($29.50)
Seat 2: all3y_k (big blind) folded on the River


PokerStars Hand #148515456769:  Hold'em Limit ($3/$6 USD) - 2016/02/09 13:47:52 ET
Table 'Corvina' 2-max Seat #2 is the button
Seat 1: Cah4ec1982 ($145.04 in chips)
Seat 2: all3y_k ($123.83 in chips)
all3y_k: posts small blind $1
Cah4ec1982: posts big blind $3
*** HOLE CARDS ***
all3y_k: calls $2
Cah4ec1982: raises $3 to $6
all3y_k: calls $3
*** FLOP *** [5d 4h 3h]
Cah4ec1982: bets $3
all3y_k: calls $3
*** TURN *** [5d 4h 3h] [2c]
Cah4ec1982: bets $6
all3y_k: calls $6
*** RIVER *** [5d 4h 3h 2c] [4s]
Cah4ec1982: bets $6
all3y_k: folds
Uncalled bet ($6) returned to Cah4ec1982
Cah4ec1982 collected $29.50 from pot
Cah4ec1982: doesn't show hand
*** SUMMARY ***
Total pot $30 | Rake $0.50
Board [5d 4h 3h 2c 4s]
Seat 1: Cah4ec1982 (big blind) collected ($29.50)
Seat 2: all3y_k (button) (small blind) folded on the River


PokerStars Hand #148515443940:  Hold'em Limit ($3/$6 USD) - 2016/02/09 13:47:41 ET
Table 'Corvina' 2-max Seat #1 is the button
Seat 1: Cah4ec1982 ($157.04 in chips)
Seat 2: all3y_k ($112.31 in chips)
Cah4ec1982: posts small blind $1
all3y_k: posts big blind $3
*** HOLE CARDS ***
Cah4ec1982: raises $3 to $6
all3y_k: raises $3 to $9
Cah4ec1982: calls $3
*** FLOP *** [7d 6h 6d]
all3y_k: bets $3
Cah4ec1982: calls $3
*** TURN *** [7d 6h 6d] [As]
all3y_k: bets $6
Cah4ec1982: folds
Uncalled bet ($6) returned to all3y_k
all3y_k collected $23.52 from pot
all3y_k: doesn't show hand
*** SUMMARY ***
Total pot $24 | Rake $0.48
Board [7d 6h 6d As]
Seat 1: Cah4ec1982 (button) (small blind) folded on the Turn
Seat 2: all3y_k (big blind) collected ($23.52)


PokerStars Hand #148515563151:  Hold'em Limit ($3/$6 USD) - 2016/02/09 13:49:30 ET
Table 'Corvina' 2-max Seat #1 is the button
Seat 1: Cah4ec1982 ($190.30 in chips)
Seat 2: all3y_k ($76.59 in chips)
Cah4ec1982: posts small blind $1
all3y_k: posts big blind $3
*** HOLE CARDS ***
Cah4ec1982: raises $3 to $6
all3y_k: raises $3 to $9
Cah4ec1982: raises $3 to $12
Betting is capped
all3y_k: calls $3
*** FLOP *** [Qh Ks 3c]
all3y_k: checks
Cah4ec1982: bets $3
all3y_k: folds
Uncalled bet ($3) returned to Cah4ec1982
Cah4ec1982 collected $23.52 from pot
Cah4ec1982: doesn't show hand
*** SUMMARY ***
Total pot $24 | Rake $0.48
Board [Qh Ks 3c]
Seat 1: Cah4ec1982 (button) (small blind) collected ($23.52)
Seat 2: all3y_k (big blind) folded on the Flop


PokerStars Hand #148515557517:  Hold'em Limit ($3/$6 USD) - 2016/02/09 13:49:25 ET
Table 'Corvina' 2-max Seat #2 is the button
Seat 1: Cah4ec1982 ($193.30 in chips)
Seat 2: all3y_k ($73.59 in chips)
all3y_k: posts small blind $1
Cah4ec1982: posts big blind $3
*** HOLE CARDS ***
all3y_k: raises $3 to $6
Cah4ec1982: folds
Uncalled bet ($3) returned to all3y_k
all3y_k collected $6 from pot
all3y_k: doesn't show hand
*** SUMMARY ***
Total pot $6 | Rake $0
Seat 1: Cah4ec1982 (big blind) folded before Flop
Seat 2: all3y_k (button) (small blind) collected ($6)


PokerStars Hand #148515551621:  Hold'em Limit ($3/$6 USD) - 2016/02/09 13:49:20 ET
Table 'Corvina' 2-max Seat #1 is the button
Seat 1: Cah4ec1982 ($190.30 in chips)
Seat 2: all3y_k ($76.59 in chips)
Cah4ec1982: posts small blind $1
all3y_k: posts big blind $3
*** HOLE CARDS ***
Cah4ec1982: raises $3 to $6
all3y_k: folds
Uncalled bet ($3) returned to Cah4ec1982
Cah4ec1982 collected $6 from pot
Cah4ec1982: doesn't show hand
*** SUMMARY ***
Total pot $6 | Rake $0
Seat 1: Cah4ec1982 (button) (small blind) collected ($6)
Seat 2: all3y_k (big blind) folded before Flop


PokerStars Hand #148515545569:  Hold'em Limit ($3/$6 USD) - 2016/02/09 13:49:14 ET
Table 'Corvina' 2-max Seat #2 is the button
Seat 1: Cah4ec1982 ($189.30 in chips)
Seat 2: all3y_k ($77.59 in chips)
all3y_k: posts small blind $1
Cah4ec1982: posts big blind $3
*** HOLE CARDS ***
all3y_k: folds
Uncalled bet ($2) returned to Cah4ec1982
Cah4ec1982 collected $2 from pot
Cah4ec1982: doesn't show hand
*** SUMMARY ***
Total pot $2 | Rake $0
Seat 1: Cah4ec1982 (big blind) collected ($2)
Seat 2: all3y_k (button) (small blind) folded before Flop


PokerStars Hand #148515527416:  Hold'em Limit ($3/$6 USD) - 2016/02/09 13:48:57 ET
Table 'Corvina' 2-max Seat #1 is the button
Seat 1: Cah4ec1982 ($174.80 in chips)
Seat 2: all3y_k ($92.59 in chips)
Cah4ec1982: posts small blind $1
all3y_k: posts big blind $3
*** HOLE CARDS ***
Cah4ec1982: raises $3 to $6
all3y_k: calls $3
*** FLOP *** [Qs Qh Qd]
all3y_k: checks
Cah4ec1982: bets $3
all3y_k: calls $3
*** TURN *** [Qs Qh Qd] [2s]
all3y_k: checks
Cah4ec1982: bets $6
all3y_k: calls $6
*** RIVER *** [Qs Qh Qd 2s] [Kd]
all3y_k: checks
Cah4ec1982: bets $6
all3y_k: folds
Uncalled bet ($6) returned to Cah4ec1982
Cah4ec1982 collected $29.50 from pot
Cah4ec1982: doesn't show hand
*** SUMMARY ***
Total pot $30 | Rake $0.50
Board [Qs Qh Qd 2s Kd]
Seat 1: Cah4ec1982 (button) (small blind) collected ($29.50)
Seat 2: all3y_k (big blind) folded on the River


PokerStars Hand #148515522684:  Hold'em Limit ($3/$6 USD) - 2016/02/09 13:48:53 ET
Table 'Corvina' 2-max Seat #2 is the button
Seat 1: Cah4ec1982 ($173.80 in chips)
Seat 2: all3y_k ($93.59 in chips)
all3y_k: posts small blind $1
Cah4ec1982: posts big blind $3
*** HOLE CARDS ***
all3y_k: folds
Uncalled bet ($2) returned to Cah4ec1982
Cah4ec1982 collected $2 from pot
Cah4ec1982: doesn't show hand
*** SUMMARY ***
Total pot $2 | Rake $0
Seat 1: Cah4ec1982 (big blind) collected ($2)
Seat 2: all3y_k (button) (small blind) folded before Flop


PokerStars Hand #148515506072:  Hold'em Limit ($3/$6 USD) - 2016/02/09 13:48:37 ET
Table 'Corvina' 2-max Seat #1 is the button
Seat 1: Cah4ec1982 ($168.04 in chips)
Seat 2: all3y_k ($99.59 in chips)
Cah4ec1982: posts small blind $1
all3y_k: posts big blind $3
*** HOLE CARDS ***
Cah4ec1982: raises $3 to $6
all3y_k: calls $3
*** FLOP *** [Jh 4d 2s]
all3y_k: checks
Cah4ec1982: bets $3
all3y_k: folds
Uncalled bet ($3) returned to Cah4ec1982
Cah4ec1982 collected $11.76 from pot
Cah4ec1982: doesn't show hand
*** SUMMARY ***
Total pot $12 | Rake $0.24
Board [Jh 4d 2s]
Seat 1: Cah4ec1982 (button) (small blind) collected ($11.76)
Seat 2: all3y_k (big blind) folded on the Flop


PokerStars Hand #148515629435:  Hold'em Limit ($3/$6 USD) - 2016/02/09 13:50:31 ET
Table 'Corvina' 2-max Seat #1 is the button
Seat 1: Cah4ec1982 ($157.58 in chips)
Seat 2: all3y_k ($108.09 in chips)
Cah4ec1982: posts small blind $1
all3y_k: posts big blind $3
*** HOLE CARDS ***
Cah4ec1982: raises $3 to $6
all3y_k: calls $3
*** FLOP *** [2c Th 6c]
all3y_k: checks
Cah4ec1982: bets $3
all3y_k: raises $3 to $6
Cah4ec1982: calls $3
*** TURN *** [2c Th 6c] [Jh]
all3y_k: bets $6
Cah4ec1982: calls $6
*** RIVER *** [2c Th 6c Jh] [6d]
all3y_k: bets $6
Cah4ec1982: calls $6
*** SHOW DOWN ***
all3y_k: shows [Jd 7d] (two pair, Jacks and Sixes)
Cah4ec1982: mucks hand
all3y_k collected $47.50 from pot
*** SUMMARY ***
Total pot $48 | Rake $0.50
Board [2c Th 6c Jh 6d]
Seat 1: Cah4ec1982 (button) (small blind) mucked
Seat 2: all3y_k (big blind) showed [Jd 7d] and won ($47.50) with two pair, Jacks and Sixes


PokerStars Hand #148515613691:  Hold'em Limit ($3/$6 USD) - 2016/02/09 13:50:17 ET
Table 'Corvina' 2-max Seat #2 is the button
Seat 1: Cah4ec1982 ($156.58 in chips)
Seat 2: all3y_k ($109.09 in chips)
all3y_k: posts small blind $1
Cah4ec1982: posts big blind $3
*** HOLE CARDS ***
all3y_k: folds
Uncalled bet ($2) returned to Cah4ec1982
Cah4ec1982 collected $2 from pot
Cah4ec1982: doesn't show hand
*** SUMMARY ***
Total pot $2 | Rake $0
Seat 1: Cah4ec1982 (big blind) collected ($2)
Seat 2: all3y_k (button) (small blind) folded before Flop


PokerStars Hand #148515602775:  Hold'em Limit ($3/$6 USD) - 2016/02/09 13:50:07 ET
Table 'Corvina' 2-max Seat #1 is the button
Seat 1: Cah4ec1982 ($150.82 in chips)
Seat 2: all3y_k ($115.09 in chips)
Cah4ec1982: posts small blind $1
all3y_k: posts big blind $3
*** HOLE CARDS ***
Cah4ec1982: raises $3 to $6
all3y_k: calls $3
*** FLOP *** [Kd 7d 6d]
all3y_k: checks
Cah4ec1982: bets $3
all3y_k: folds
Uncalled bet ($3) returned to Cah4ec1982
Cah4ec1982 collected $11.76 from pot
Cah4ec1982: doesn't show hand
*** SUMMARY ***
Total pot $12 | Rake $0.24
Board [Kd 7d 6d]
Seat 1: Cah4ec1982 (button) (small blind) collected ($11.76)
Seat 2: all3y_k (big blind) folded on the Flop


PokerStars Hand #148515575788:  Hold'em Limit ($3/$6 USD) - 2016/02/09 13:49:42 ET
Table 'Corvina' 2-max Seat #2 is the button
Seat 1: Cah4ec1982 ($201.82 in chips)
Seat 2: all3y_k ($64.59 in chips)
all3y_k: posts small blind $1
Cah4ec1982: posts big blind $3
*** HOLE CARDS ***
all3y_k: raises $3 to $6
Cah4ec1982: raises $3 to $9
all3y_k: raises $3 to $12
Betting is capped
Cah4ec1982: calls $3
*** FLOP *** [7c Kc Jh]
Cah4ec1982: checks
all3y_k: bets $3
Cah4ec1982: raises $3 to $6
all3y_k: raises $3 to $9
Cah4ec1982: calls $3
*** TURN *** [7c Kc Jh] [7d]
Cah4ec1982: checks
all3y_k: bets $6
Cah4ec1982: calls $6
*** RIVER *** [7c Kc Jh 7d] [Qh]
Cah4ec1982: checks
all3y_k: bets $6
Cah4ec1982: raises $6 to $12
all3y_k: raises $6 to $18
Cah4ec1982: raises $6 to $24
Betting is capped
all3y_k: calls $6
*** SHOW DOWN ***
Cah4ec1982: shows [Qd Kd] (two pair, Kings and Queens)
all3y_k: shows [7h 7s] (four of a kind, Sevens)
all3y_k collected $101.50 from pot
*** SUMMARY ***
Total pot $102 | Rake $0.50
Board [7c Kc Jh 7d Qh]
Seat 1: Cah4ec1982 (big blind) showed [Qd Kd] and lost with two pair, Kings and Queens
Seat 2: all3y_k (button) (small blind) showed [7h 7s] and won ($101.50) with four of a kind, Sevens


PokerStars Hand #148515701332:  Hold'em Limit ($3/$6 USD) - 2016/02/09 13:51:38 ET
Table 'Corvina' 2-max Seat #2 is the button
Seat 1: Cah4ec1982 ($161.60 in chips)
Seat 2: all3y_k ($102.09 in chips)
all3y_k: posts small blind $1
Cah4ec1982: posts big blind $3
*** HOLE CARDS ***
all3y_k: folds
Uncalled bet ($2) returned to Cah4ec1982
Cah4ec1982 collected $2 from pot
Cah4ec1982: doesn't show hand
*** SUMMARY ***
Total pot $2 | Rake $0
Seat 1: Cah4ec1982 (big blind) collected ($2)
Seat 2: all3y_k (button) (small blind) folded before Flop


PokerStars Hand #148515695379:  Hold'em Limit ($3/$6 USD) - 2016/02/09 13:51:33 ET
Table 'Corvina' 2-max Seat #1 is the button
Seat 1: Cah4ec1982 ($158.60 in chips)
Seat 2: all3y_k ($105.09 in chips)
Cah4ec1982: posts small blind $1
all3y_k: posts big blind $3
*** HOLE CARDS ***
Cah4ec1982: raises $3 to $6
all3y_k: folds
Uncalled bet ($3) returned to Cah4ec1982
Cah4ec1982 collected $6 from pot
Cah4ec1982: doesn't show hand
*** SUMMARY ***
Total pot $6 | Rake $0
Seat 1: Cah4ec1982 (button) (small blind) collected ($6)
Seat 2: all3y_k (big blind) folded before Flop


PokerStars Hand #148515690638:  Hold'em Limit ($3/$6 USD) - 2016/02/09 13:51:28 ET
Table 'Corvina' 2-max Seat #2 is the button
Seat 1: Cah4ec1982 ($157.60 in chips)
Seat 2: all3y_k ($106.09 in chips)
all3y_k: posts small blind $1
Cah4ec1982: posts big blind $3
*** HOLE CARDS ***
all3y_k: folds
Uncalled bet ($2) returned to Cah4ec1982
Cah4ec1982 collected $2 from pot
Cah4ec1982: doesn't show hand
*** SUMMARY ***
Total pot $2 | Rake $0
Seat 1: Cah4ec1982 (big blind) collected ($2)
Seat 2: all3y_k (button) (small blind) folded before Flop


PokerStars Hand #148515678688:  Hold'em Limit ($3/$6 USD) - 2016/02/09 13:51:17 ET
Table 'Corvina' 2-max Seat #1 is the button
Seat 1: Cah4ec1982 ($146.08 in chips)
Seat 2: all3y_k ($118.09 in chips)
Cah4ec1982: posts small blind $1
all3y_k: posts big blind $3
*** HOLE CARDS ***
Cah4ec1982: raises $3 to $6
all3y_k: raises $3 to $9
Cah4ec1982: raises $3 to $12
Betting is capped
all3y_k: calls $3
*** FLOP *** [7c Ks Qd]
all3y_k: checks
Cah4ec1982: bets $3
all3y_k: folds
Uncalled bet ($3) returned to Cah4ec1982
Cah4ec1982 collected $23.52 from pot
Cah4ec1982: doesn't show hand
*** SUMMARY ***
Total pot $24 | Rake $0.48
Board [7c Ks Qd]
Seat 1: Cah4ec1982 (button) (small blind) collected ($23.52)
Seat 2: all3y_k (big blind) folded on the Flop


PokerStars Hand #148515673997:  Hold'em Limit ($3/$6 USD) - 2016/02/09 13:51:13 ET
Table 'Corvina' 2-max Seat #2 is the button
Seat 1: Cah4ec1982 ($145.08 in chips)
Seat 2: all3y_k ($119.09 in chips)
all3y_k: posts small blind $1
Cah4ec1982: posts big blind $3
*** HOLE CARDS ***
all3y_k: folds
Uncalled bet ($2) returned to Cah4ec1982
Cah4ec1982 collected $2 from pot
Cah4ec1982: doesn't show hand
*** SUMMARY ***
Total pot $2 | Rake $0
Seat 1: Cah4ec1982 (big blind) collected ($2)
Seat 2: all3y_k (button) (small blind) folded before Flop


PokerStars Hand #148515659073:  Hold'em Limit ($3/$6 USD) - 2016/02/09 13:50:59 ET
Table 'Corvina' 2-max Seat #1 is the button
Seat 1: Cah4ec1982 ($160.08 in chips)
Seat 2: all3y_k ($104.59 in chips)
Cah4ec1982: posts small blind $1
all3y_k: posts big blind $3
*** HOLE CARDS ***
Cah4ec1982: raises $3 to $6
all3y_k: calls $3
*** FLOP *** [4d Ah 7h]
all3y_k: checks
Cah4ec1982: bets $3
all3y_k: calls $3
*** TURN *** [4d Ah 7h] [Th]
all3y_k: checks
Cah4ec1982: bets $6
all3y_k: calls $6
*** RIVER *** [4d Ah 7h Th] [9h]
all3y_k: checks
Cah4ec1982: checks
*** SHOW DOWN ***
all3y_k: shows [Kh 5s] (a flush, Ace high)
Cah4ec1982: mucks hand
all3y_k collected $29.50 from pot
*** SUMMARY ***
Total pot $30 | Rake $0.50
Board [4d Ah 7h Th 9h]
Seat 1: Cah4ec1982 (button) (small blind) mucked
Seat 2: all3y_k (big blind) showed [Kh 5s] and won ($29.50) with a flush, Ace high


PokerStars Hand #148515643895:  Hold'em Limit ($3/$6 USD) - 2016/02/09 13:50:45 ET
Table 'Corvina' 2-max Seat #2 is the button
Seat 1: Cah4ec1982 ($133.58 in chips)
Seat 2: all3y_k ($131.59 in chips)
all3y_k: posts small blind $1
Cah4ec1982: posts big blind $3
*** HOLE CARDS ***
all3y_k: raises $3 to $6
Cah4ec1982: raises $3 to $9
all3y_k: raises $3 to $12
Betting is capped
Cah4ec1982: calls $3
*** FLOP *** [Kh 4s 7c]
Cah4ec1982: checks
all3y_k: bets $3
Cah4ec1982: calls $3
*** TURN *** [Kh 4s 7c] [7s]
Cah4ec1982: checks
all3y_k: bets $6
Cah4ec1982: calls $6
*** RIVER *** [Kh 4s 7c 7s] [4c]
Cah4ec1982: checks
all3y_k: bets $6
Cah4ec1982: calls $6
*** SHOW DOWN ***
all3y_k: shows [Ad Qs] (two pair, Sevens and Fours)
Cah4ec1982: shows [5d 5c] (two pair, Sevens and Fives)
Cah4ec1982 collected $53.50 from pot
*** SUMMARY ***
Total pot $54 | Rake $0.50
Board [Kh 4s 7c 7s 4c]
Seat 1: Cah4ec1982 (big blind) showed [5d 5c] and won ($53.50) with two pair, Sevens and Fives
Seat 2: all3y_k (button) (small blind) showed [Ad Qs] and lost with two pair, Sevens and Fours


PokerStars Hand #148515766307:  Hold'em Limit ($3/$6 USD) - 2016/02/09 13:52:38 ET
Table 'Corvina' 2-max Seat #1 is the button
Seat 1: Cah4ec1982 ($146.10 in chips)
Seat 2: all3y_k ($116.09 in chips)
Cah4ec1982: posts small blind $1
all3y_k: posts big blind $3
*** HOLE CARDS ***
Cah4ec1982: raises $3 to $6
all3y_k: folds
Uncalled bet ($3) returned to Cah4ec1982
Cah4ec1982 collected $6 from pot
Cah4ec1982: doesn't show hand
*** SUMMARY ***
Total pot $6 | Rake $0
Seat 1: Cah4ec1982 (button) (small blind) collected ($6)
Seat 2: all3y_k (big blind) folded before Flop


PokerStars Hand #148515761347:  Hold'em Limit ($3/$6 USD) - 2016/02/09 13:52:34 ET
Table 'Corvina' 2-max Seat #2 is the button
Seat 1: Cah4ec1982 ($145.10 in chips)
Seat 2: all3y_k ($117.09 in chips)
all3y_k: posts small blind $1
Cah4ec1982: posts big blind $3
*** HOLE CARDS ***
all3y_k: folds
Uncalled bet ($2) returned to Cah4ec1982
Cah4ec1982 collected $2 from pot
Cah4ec1982: doesn't show hand
*** SUMMARY ***
Total pot $2 | Rake $0
Seat 1: Cah4ec1982 (big blind) collected ($2)
Seat 2: all3y_k (button) (small blind) folded before Flop


PokerStars Hand #148515744036:  Hold'em Limit ($3/$6 USD) - 2016/02/09 13:52:18 ET
Table 'Corvina' 2-max Seat #1 is the button
Seat 1: Cah4ec1982 ($121.60 in chips)
Seat 2: all3y_k ($141.09 in chips)
Cah4ec1982: posts small blind $1
all3y_k: posts big blind $3
*** HOLE CARDS ***
Cah4ec1982: raises $3 to $6
all3y_k: calls $3
*** FLOP *** [9c Qs As]
all3y_k: bets $3
Cah4ec1982: raises $3 to $6
all3y_k: calls $3
*** TURN *** [9c Qs As] [Ac]
all3y_k: checks
Cah4ec1982: bets $6
all3y_k: calls $6
*** RIVER *** [9c Qs As Ac] [Jh]
all3y_k: checks
Cah4ec1982: bets $6
all3y_k: calls $6
*** SHOW DOWN ***
Cah4ec1982: shows [Jd Tc] (two pair, Aces and Jacks)
all3y_k: mucks hand
Cah4ec1982 collected $47.50 from pot
*** SUMMARY ***
Total pot $48 | Rake $0.50
Board [9c Qs As Ac Jh]
Seat 1: Cah4ec1982 (button) (small blind) showed [Jd Tc] and won ($47.50) with two pair, Aces and Jacks
Seat 2: all3y_k (big blind) mucked


PokerStars Hand #148515729669:  Hold'em Limit ($3/$6 USD) - 2016/02/09 13:52:04 ET
Table 'Corvina' 2-max Seat #2 is the button
Seat 1: Cah4ec1982 ($148.60 in chips)
Seat 2: all3y_k ($114.59 in chips)
all3y_k: posts small blind $1
Cah4ec1982: posts big blind $3
*** HOLE CARDS ***
all3y_k: calls $2
Cah4ec1982: raises $3 to $6
all3y_k: calls $3
*** FLOP *** [9h 4d Kd]
Cah4ec1982: bets $3
all3y_k: calls $3
*** TURN *** [9h 4d Kd] [4h]
Cah4ec1982: bets $6
all3y_k: calls $6
*** RIVER *** [9h 4d Kd 4h] [8h]
Cah4ec1982: bets $6
all3y_k: raises $6 to $12
Cah4ec1982: calls $6
*** SHOW DOWN ***
all3y_k: shows [Th 3h] (a flush, Ten high)
Cah4ec1982: mucks hand
all3y_k collected $53.50 from pot
*** SUMMARY ***
Total pot $54 | Rake $0.50
Board [9h 4d Kd 4h 8h]
Seat 1: Cah4ec1982 (big blind) mucked
Seat 2: all3y_k (button) (small blind) showed [Th 3h] and won ($53.50) with a flush, Ten high


PokerStars Hand #148515715818:  Hold'em Limit ($3/$6 USD) - 2016/02/09 13:51:52 ET
Table 'Corvina' 2-max Seat #1 is the button
Seat 1: Cah4ec1982 ($166.60 in chips)
Seat 2: all3y_k ($97.09 in chips)
Cah4ec1982: posts small blind $1
all3y_k: posts big blind $3
*** HOLE CARDS ***
Cah4ec1982: raises $3 to $6
all3y_k: raises $3 to $9
Cah4ec1982: calls $3
*** FLOP *** [9d 2c 3h]
all3y_k: bets $3
Cah4ec1982: calls $3
*** TURN *** [9d 2c 3h] [5s]
all3y_k: bets $6
Cah4ec1982: calls $6
*** RIVER *** [9d 2c 3h 5s] [8h]
all3y_k: checks
Cah4ec1982: checks
*** SHOW DOWN ***
all3y_k: shows [Ts Kd] (high card King)
Cah4ec1982: mucks hand
all3y_k collected $35.50 from pot
*** SUMMARY ***
Total pot $36 | Rake $0.50
Board [9d 2c 3h 5s 8h]
Seat 1: Cah4ec1982 (button) (small blind) mucked
Seat 2: all3y_k (big blind) showed [Ts Kd] and won ($35.50) with high card King


PokerStars Hand #148515711154:  Hold'em Limit ($3/$6 USD) - 2016/02/09 13:51:47 ET
Table 'Corvina' 2-max Seat #2 is the button
Seat 1: Cah4ec1982 ($165.60 in chips)
Seat 2: all3y_k ($98.09 in chips)
all3y_k: posts small blind $1
Cah4ec1982: posts big blind $3
*** HOLE CARDS ***
all3y_k: folds
Uncalled bet ($2) returned to Cah4ec1982
Cah4ec1982 collected $2 from pot
Cah4ec1982: doesn't show hand
*** SUMMARY ***
Total pot $2 | Rake $0
Seat 1: Cah4ec1982 (big blind) collected ($2)
Seat 2: all3y_k (button) (small blind) folded before Flop


PokerStars Hand #148515706304:  Hold'em Limit ($3/$6 USD) - 2016/02/09 13:51:43 ET
Table 'Corvina' 2-max Seat #1 is the button
Seat 1: Cah4ec1982 ($162.60 in chips)
Seat 2: all3y_k ($101.09 in chips)
Cah4ec1982: posts small blind $1
all3y_k: posts big blind $3
*** HOLE CARDS ***
Cah4ec1982: raises $3 to $6
all3y_k: folds
Uncalled bet ($3) returned to Cah4ec1982
Cah4ec1982 collected $6 from pot
Cah4ec1982: doesn't show hand
*** SUMMARY ***
Total pot $6 | Rake $0
Seat 1: Cah4ec1982 (button) (small blind) collected ($6)
Seat 2: all3y_k (big blind) folded before Flop


PokerStars Hand #148515822716:  Hold'em Limit ($3/$6 USD) - 2016/02/09 13:53:31 ET
Table 'Corvina' 2-max Seat #2 is the button
Seat 1: Cah4ec1982 ($206.98 in chips)
Seat 2: all3y_k ($54.09 in chips)
all3y_k: posts small blind $1
Cah4ec1982: posts big blind $3
*** HOLE CARDS ***
all3y_k: raises $3 to $6
Cah4ec1982: calls $3
*** FLOP *** [9s As 3c]
Cah4ec1982: checks
all3y_k: bets $3
Cah4ec1982: calls $3
*** TURN *** [9s As 3c] [9h]
Cah4ec1982: checks
all3y_k: bets $6
Cah4ec1982: calls $6
*** RIVER *** [9s As 3c 9h] [Kh]
Cah4ec1982: checks
all3y_k: bets $6
Cah4ec1982: calls $6
*** SHOW DOWN ***
all3y_k: shows [5h 5d] (two pair, Nines and Fives)
Cah4ec1982: shows [2s Kd] (two pair, Kings and Nines)
Cah4ec1982 collected $41.50 from pot
*** SUMMARY ***
Total pot $42 | Rake $0.50
Board [9s As 3c 9h Kh]
Seat 1: Cah4ec1982 (big blind) showed [2s Kd] and won ($41.50) with two pair, Kings and Nines
Seat 2: all3y_k (button) (small blind) showed [5h 5d] and lost with two pair, Nines and Fives


PokerStars Hand #148515808219:  Hold'em Limit ($3/$6 USD) - 2016/02/09 13:53:17 ET
Table 'Corvina' 2-max Seat #1 is the button
Seat 1: Cah4ec1982 ($180.48 in chips)
Seat 2: all3y_k ($81.09 in chips)
Cah4ec1982: posts small blind $1
all3y_k: posts big blind $3
*** HOLE CARDS ***
Cah4ec1982: raises $3 to $6
all3y_k: raises $3 to $9
Cah4ec1982: calls $3
*** FLOP *** [Ks 8s 4d]
all3y_k: bets $3
Cah4ec1982: raises $3 to $6
all3y_k: calls $3
*** TURN *** [Ks 8s 4d] [9h]
all3y_k: checks
Cah4ec1982: bets $6
all3y_k: calls $6
*** RIVER *** [Ks 8s 4d 9h] [8c]
all3y_k: checks
Cah4ec1982: bets $6
all3y_k: calls $6
*** SHOW DOWN ***
Cah4ec1982: shows [Kd 8d] (a full house, Eights full of Kings)
all3y_k: mucks hand
Cah4ec1982 collected $53.50 from pot
*** SUMMARY ***
Total pot $54 | Rake $0.50
Board [Ks 8s 4d 9h 8c]
Seat 1: Cah4ec1982 (button) (small blind) showed [Kd 8d] and won ($53.50) with a full house, Eights full of Kings
Seat 2: all3y_k (big blind) mucked


PokerStars Hand #148515803082:  Hold'em Limit ($3/$6 USD) - 2016/02/09 13:53:12 ET
Table 'Corvina' 2-max Seat #2 is the button
Seat 1: Cah4ec1982 ($179.48 in chips)
Seat 2: all3y_k ($82.09 in chips)
all3y_k: posts small blind $1
Cah4ec1982: posts big blind $3
*** HOLE CARDS ***
all3y_k: folds
Uncalled bet ($2) returned to Cah4ec1982
Cah4ec1982 collected $2 from pot
Cah4ec1982: doesn't show hand
*** SUMMARY ***
Total pot $2 | Rake $0
Seat 1: Cah4ec1982 (big blind) collected ($2)
Seat 2: all3y_k (button) (small blind) folded before Flop


PokerStars Hand #148515789585:  Hold'em Limit ($3/$6 USD) - 2016/02/09 13:53:00 ET
Table 'Corvina' 2-max Seat #1 is the button
Seat 1: Cah4ec1982 ($155.98 in chips)
Seat 2: all3y_k ($106.09 in chips)
Cah4ec1982: posts small blind $1
all3y_k: posts big blind $3
*** HOLE CARDS ***
Cah4ec1982: raises $3 to $6
all3y_k: calls $3
*** FLOP *** [7d 7s 3c]
all3y_k: checks
Cah4ec1982: bets $3
all3y_k: raises $3 to $6
Cah4ec1982: calls $3
*** TURN *** [7d 7s 3c] [6c]
all3y_k: bets $6
Cah4ec1982: calls $6
*** RIVER *** [7d 7s 3c 6c] [Jh]
all3y_k: bets $6
Cah4ec1982: calls $6
*** SHOW DOWN ***
all3y_k: shows [8s 5h] (a pair of Sevens)
Cah4ec1982: shows [4h 4s] (two pair, Sevens and Fours)
Cah4ec1982 collected $47.50 from pot
*** SUMMARY ***
Total pot $48 | Rake $0.50
Board [7d 7s 3c 6c Jh]
Seat 1: Cah4ec1982 (button) (small blind) showed [4h 4s] and won ($47.50) with two pair, Sevens and Fours
Seat 2: all3y_k (big blind) showed [8s 5h] and lost with a pair of Sevens


PokerStars Hand #148515784310:  Hold'em Limit ($3/$6 USD) - 2016/02/09 13:52:55 ET
Table 'Corvina' 2-max Seat #2 is the button
Seat 1: Cah4ec1982 ($154.98 in chips)
Seat 2: all3y_k ($107.09 in chips)
all3y_k: posts small blind $1
Cah4ec1982: posts big blind $3
*** HOLE CARDS ***
all3y_k: folds
Uncalled bet ($2) returned to Cah4ec1982
Cah4ec1982 collected $2 from pot
Cah4ec1982: doesn't show hand
*** SUMMARY ***
Total pot $2 | Rake $0
Seat 1: Cah4ec1982 (big blind) collected ($2)
Seat 2: all3y_k (button) (small blind) folded before Flop


PokerStars Hand #148515779140:  Hold'em Limit ($3/$6 USD) - 2016/02/09 13:52:50 ET
Table 'Corvina' 2-max Seat #1 is the button
Seat 1: Cah4ec1982 ($151.98 in chips)
Seat 2: all3y_k ($110.09 in chips)
Cah4ec1982: posts small blind $1
all3y_k: posts big blind $3
*** HOLE CARDS ***
Cah4ec1982: raises $3 to $6
all3y_k: folds
Uncalled bet ($3) returned to Cah4ec1982
Cah4ec1982 collected $6 from pot
Cah4ec1982: doesn't show hand
*** SUMMARY ***
Total pot $6 | Rake $0
Seat 1: Cah4ec1982 (button) (small blind) collected ($6)
Seat 2: all3y_k (big blind) folded before Flop


PokerStars Hand #148515771115:  Hold'em Limit ($3/$6 USD) - 2016/02/09 13:52:43 ET
Table 'Corvina' 2-max Seat #2 is the button
Seat 1: Cah4ec1982 ($149.10 in chips)
Seat 2: all3y_k ($113.09 in chips)
all3y_k: posts small blind $1
Cah4ec1982: posts big blind $3
*** HOLE CARDS ***
all3y_k: calls $2
Cah4ec1982: checks
*** FLOP *** [Jh 3d 3h]
Cah4ec1982: bets $3
all3y_k: folds
Uncalled bet ($3) returned to Cah4ec1982
Cah4ec1982 collected $5.88 from pot
Cah4ec1982: doesn't show hand
*** SUMMARY ***
Total pot $6 | Rake $0.12
Board [Jh 3d 3h]
Seat 1: Cah4ec1982 (big blind) collected ($5.88)
Seat 2: all3y_k (button) (small blind) folded on the Flop


PokerStars Hand #148515880558:  Hold'em Limit ($3/$6 USD) - 2016/02/09 13:54:24 ET
Table 'Corvina' 2-max Seat #2 is the button
Seat 1: Cah4ec1982 ($233.12 in chips)
Seat 2: all3y_k ($26.85 in chips)
all3y_k: posts small blind $1
Cah4ec1982: posts big blind $3
*** HOLE CARDS ***
all3y_k: raises $3 to $6
Cah4ec1982: calls $3
*** FLOP *** [6h Ah 5c]
Cah4ec1982: checks
all3y_k: bets $3
Cah4ec1982: raises $3 to $6
all3y_k: calls $3
*** TURN *** [6h Ah 5c] [7d]
Cah4ec1982: bets $6
all3y_k: calls $6
*** RIVER *** [6h Ah 5c 7d] [Kc]
Cah4ec1982: bets $6
all3y_k: calls $6
*** SHOW DOWN ***
Cah4ec1982: shows [8h 6c] (a pair of Sixes)
all3y_k: mucks hand
Cah4ec1982 collected $47.50 from pot
*** SUMMARY ***
Total pot $48 | Rake $0.50
Board [6h Ah 5c 7d Kc]
Seat 1: Cah4ec1982 (big blind) showed [8h 6c] and won ($47.50) with a pair of Sixes
Seat 2: all3y_k (button) (small blind) mucked


PokerStars Hand #148515866256:  Hold'em Limit ($3/$6 USD) - 2016/02/09 13:54:11 ET
Table 'Corvina' 2-max Seat #1 is the button
Seat 1: Cah4ec1982 ($230.12 in chips)
Seat 2: all3y_k ($29.85 in chips)
Cah4ec1982: posts small blind $1
all3y_k: posts big blind $3
*** HOLE CARDS ***
Cah4ec1982: raises $3 to $6
all3y_k: folds
Uncalled bet ($3) returned to Cah4ec1982
Cah4ec1982 collected $6 from pot
Cah4ec1982: doesn't show hand
*** SUMMARY ***
Total pot $6 | Rake $0
Seat 1: Cah4ec1982 (button) (small blind) collected ($6)
Seat 2: all3y_k (big blind) folded before Flop


PokerStars Hand #148515853626:  Hold'em Limit ($3/$6 USD) - 2016/02/09 13:53:59 ET
Table 'Corvina' 2-max Seat #2 is the button
Seat 1: Cah4ec1982 ($236.12 in chips)
Seat 2: all3y_k ($24.09 in chips)
all3y_k: posts small blind $1
Cah4ec1982: posts big blind $3
*** HOLE CARDS ***
all3y_k: raises $3 to $6
Cah4ec1982: calls $3
*** FLOP *** [5c Qd 2c]
Cah4ec1982: checks
all3y_k: checks
*** TURN *** [5c Qd 2c] [8h]
Cah4ec1982: checks
all3y_k: bets $6
Cah4ec1982: folds
Uncalled bet ($6) returned to all3y_k
all3y_k collected $11.76 from pot
all3y_k: doesn't show hand
*** SUMMARY ***
Total pot $12 | Rake $0.24
Board [5c Qd 2c 8h]
Seat 1: Cah4ec1982 (big blind) folded on the Turn
Seat 2: all3y_k (button) (small blind) collected ($11.76)


PokerStars Hand #148515835129:  Hold'em Limit ($3/$6 USD) - 2016/02/09 13:53:42 ET
Table 'Corvina' 2-max Seat #1 is the button
Seat 1: Cah4ec1982 ($227.48 in chips)
Seat 2: all3y_k ($33.09 in chips)
Cah4ec1982: posts small blind $1
all3y_k: posts big blind $3
*** HOLE CARDS ***
Cah4ec1982: raises $3 to $6
all3y_k: raises $3 to $9
Cah4ec1982: calls $3
*** FLOP *** [7h 2s Jc]
all3y_k: checks
Cah4ec1982: checks
*** TURN *** [7h 2s Jc] [8s]
all3y_k: checks
Cah4ec1982: bets $6
all3y_k: folds
Uncalled bet ($6) returned to Cah4ec1982
Cah4ec1982 collected $17.64 from pot
Cah4ec1982: doesn't show hand
*** SUMMARY ***
Total pot $18 | Rake $0.36
Board [7h 2s Jc 8s]
Seat 1: Cah4ec1982 (button) (small blind) collected ($17.64)
Seat 2: all3y_k (big blind) folded on the Turn


