PokerStars Hand #172432064521:  Hold'em Limit ($3/$6 USD) - 2017/06/30 13:40:26 ET
Table 'Corvus II' 6-max Seat #3 is the button
Seat 3: edelgold ($39.69 in chips)
Seat 4: Actionni13 ($150 in chips)
edelgold: posts small blind $1
Actionni13: posts big blind $3
*** HOLE CARDS ***
edelgold: raises $3 to $6
Actionni13: calls $3
*** FLOP *** [Ad 3s Ac]
Actionni13: checks
edelgold: bets $3
B_loJkl joins the table at seat #5
Actionni13: calls $3
*** TURN *** [Ad 3s Ac] [4h]
Actionni13: checks
edelgold: bets $6
Actionni13: folds
Uncalled bet ($6) returned to edelgold
edelgold collected $17.64 from pot
edelgold: doesn't show hand
*** SUMMARY ***
Total pot $18 | Rake $0.36
Board [Ad 3s Ac 4h]
Seat 3: edelgold (button) (small blind) collected ($17.64)
Seat 4: Actionni13 (big blind) folded on the Turn


PokerStars Hand #172432684720:  Hold'em Limit ($3/$6 USD) - 2017/06/30 13:56:03 ET
Table 'Corvus II' 6-max Seat #2 is the button
Seat 2: hossi399 ($129.50 in chips)
Seat 4: Actionni13 ($150 in chips)
hossi399: posts small blind $1
Actionni13: posts big blind $3
*** HOLE CARDS ***
hossi399: folds
Uncalled bet ($2) returned to Actionni13
Actionni13 collected $2 from pot
Actionni13: doesn't show hand
*** SUMMARY ***
Total pot $2 | Rake $0
Seat 2: hossi399 (button) (small blind) folded before Flop
Seat 4: Actionni13 (big blind) collected ($2)


PokerStars Hand #172432668068:  Hold'em Limit ($3/$6 USD) - 2017/06/30 13:55:32 ET
Table 'Corvus II' 6-max Seat #4 is the button
Seat 2: hossi399 ($103 in chips)
Seat 4: Actionni13 ($150 in chips)
Actionni13: posts small blind $1
hossi399: posts big blind $3
*** HOLE CARDS ***
Actionni13: raises $3 to $6
hossi399: calls $3
*** FLOP *** [Jh Kh Ts]
hossi399: checks
Actionni13: bets $3
hossi399: calls $3
*** TURN *** [Jh Kh Ts] [7h]
hossi399: checks
Actionni13: bets $6
hossi399: raises $6 to $12
Actionni13: calls $6
*** RIVER *** [Jh Kh Ts 7h] [Qh]
hossi399: bets $6
Actionni13: calls $6
*** SHOW DOWN ***
hossi399: shows [Ks 3h] (a flush, King high)
Actionni13: mucks hand
hossi399 collected $53.50 from pot
*** SUMMARY ***
Total pot $54 | Rake $0.50
Board [Jh Kh Ts 7h Qh]
Seat 2: hossi399 (big blind) showed [Ks 3h] and won ($53.50) with a flush, King high
Seat 4: Actionni13 (button) (small blind) mucked


PokerStars Hand #172432721586:  Hold'em Limit ($3/$6 USD) - 2017/06/30 13:57:12 ET
Table 'Corvus II' 6-max Seat #4 is the button
Seat 2: hossi399 ($137 in chips)
Seat 4: Actionni13 ($150 in chips)
Actionni13: posts small blind $1
hossi399: posts big blind $3
*** HOLE CARDS ***
Actionni13: folds
Uncalled bet ($2) returned to hossi399
hossi399 collected $2 from pot
hossi399: doesn't show hand
*** SUMMARY ***
Total pot $2 | Rake $0
Seat 2: hossi399 (big blind) collected ($2)
Seat 4: Actionni13 (button) (small blind) folded before Flop


PokerStars Hand #172432702139:  Hold'em Limit ($3/$6 USD) - 2017/06/30 13:56:36 ET
Table 'Corvus II' 6-max Seat #2 is the button
Seat 2: hossi399 ($122.50 in chips)
Seat 4: Actionni13 ($156.76 in chips)
hossi399: posts small blind $1
Actionni13: posts big blind $3
*** HOLE CARDS ***
hossi399: calls $2
Actionni13: raises $3 to $6
hossi399: calls $3
*** FLOP *** [3c Ad Ah]
Actionni13: bets $3
hossi399: calls $3
*** TURN *** [3c Ad Ah] [7s]
Actionni13: bets $6
hossi399: calls $6
*** RIVER *** [3c Ad Ah 7s] [Jd]
Actionni13: checks
hossi399: bets $6
Actionni13: folds
Uncalled bet ($6) returned to hossi399
hossi399 collected $29.50 from pot
hossi399: doesn't show hand
*** SUMMARY ***
Total pot $30 | Rake $0.50
Board [3c Ad Ah 7s Jd]
Seat 2: hossi399 (button) (small blind) collected ($29.50)
Seat 4: Actionni13 (big blind) folded on the River


PokerStars Hand #172432692291:  Hold'em Limit ($3/$6 USD) - 2017/06/30 13:56:18 ET
Table 'Corvus II' 6-max Seat #4 is the button
Seat 2: hossi399 ($128.50 in chips)
Seat 4: Actionni13 ($151 in chips)
Actionni13: posts small blind $1
hossi399: posts big blind $3
*** HOLE CARDS ***
Actionni13: raises $3 to $6
hossi399: calls $3
*** FLOP *** [Qd Js 6s]
hossi399: checks
Actionni13: bets $3
hossi399: folds
Uncalled bet ($3) returned to Actionni13
Actionni13 collected $11.76 from pot
Actionni13: doesn't show hand
*** SUMMARY ***
Total pot $12 | Rake $0.24
Board [Qd Js 6s]
Seat 2: hossi399 (big blind) folded on the Flop
Seat 4: Actionni13 (button) (small blind) collected ($11.76)


PokerStars Hand #172432724815:  Hold'em Limit ($3/$6 USD) - 2017/06/30 13:57:18 ET
Table 'Corvus II' 6-max Seat #2 is the button
Seat 2: hossi399 ($138 in chips)
Seat 4: Actionni13 ($150 in chips)
hossi399: posts small blind $1
Actionni13: posts big blind $3
*** HOLE CARDS ***
hossi399: raises $3 to $6
Actionni13: calls $3
*** FLOP *** [Th 7c 6c]
Actionni13: checks
hossi399: bets $3
Actionni13: folds
Uncalled bet ($3) returned to hossi399
hossi399 collected $11.76 from pot
hossi399: doesn't show hand
*** SUMMARY ***
Total pot $12 | Rake $0.24
Board [Th 7c 6c]
Seat 2: hossi399 (button) (small blind) collected ($11.76)
Seat 4: Actionni13 (big blind) folded on the Flop


PokerStars Hand #172432737048:  Hold'em Limit ($3/$6 USD) - 2017/06/30 13:57:41 ET
Table 'Corvus II' 6-max Seat #4 is the button
Seat 2: hossi399 ($143.76 in chips)
Seat 4: Actionni13 ($150 in chips)
Actionni13: posts small blind $1
hossi399: posts big blind $3
*** HOLE CARDS ***
Actionni13: folds
Uncalled bet ($2) returned to hossi399
hossi399 collected $2 from pot
hossi399: doesn't show hand
*** SUMMARY ***
Total pot $2 | Rake $0
Seat 2: hossi399 (big blind) collected ($2)
Seat 4: Actionni13 (button) (small blind) folded before Flop


PokerStars Hand #172432756425:  Hold'em Limit ($3/$6 USD) - 2017/06/30 13:58:17 ET
Table 'Corvus II' 6-max Seat #4 is the button
Seat 2: hossi399 ($150.52 in chips)
Seat 4: Actionni13 ($150 in chips)
Actionni13: posts small blind $1
hossi399: posts big blind $3
*** HOLE CARDS ***
Actionni13: folds
Uncalled bet ($2) returned to hossi399
hossi399 collected $2 from pot
hossi399: doesn't show hand
*** SUMMARY ***
Total pot $2 | Rake $0
Seat 2: hossi399 (big blind) collected ($2)
Seat 4: Actionni13 (button) (small blind) folded before Flop


PokerStars Hand #172432739822:  Hold'em Limit ($3/$6 USD) - 2017/06/30 13:57:46 ET
Table 'Corvus II' 6-max Seat #2 is the button
Seat 2: hossi399 ($144.76 in chips)
Seat 4: Actionni13 ($150 in chips)
hossi399: posts small blind $1
Actionni13: posts big blind $3
*** HOLE CARDS ***
hossi399: calls $2
Icecold joins the table at seat #3
Actionni13: checks
*** FLOP *** [4s 5d 3h]
Actionni13: checks
hossi399: bets $3
Actionni13: calls $3
*** TURN *** [4s 5d 3h] [2h]
Actionni13: checks
hossi399: bets $6
Actionni13: folds
Uncalled bet ($6) returned to hossi399
hossi399 collected $11.76 from pot
hossi399: doesn't show hand
*** SUMMARY ***
Total pot $12 | Rake $0.24
Board [4s 5d 3h 2h]
Seat 2: hossi399 (button) (small blind) collected ($11.76)
Seat 4: Actionni13 (big blind) folded on the Turn


PokerStars Hand #172437313190:  Hold'em Limit ($3/$6 USD) - 2017/06/30 15:46:26 ET
Table 'Corvus II' 6-max Seat #6 is the button
Seat 4: CatPuppy1999 ($143.44 in chips)
Seat 6: conanboy ($41.96 in chips)
conanboy: posts small blind $1
CatPuppy1999: posts big blind $3
*** HOLE CARDS ***
conanboy: raises $3 to $6
CatPuppy1999: calls $3
*** FLOP *** [Ac 6d 9d]
CatPuppy1999: checks
conanboy: bets $3
CatPuppy1999: calls $3
*** TURN *** [Ac 6d 9d] [Qd]
CatPuppy1999: checks
conanboy: bets $6
CatPuppy1999: folds
Uncalled bet ($6) returned to conanboy
conanboy collected $17.64 from pot
conanboy: doesn't show hand
*** SUMMARY ***
Total pot $18 | Rake $0.36
Board [Ac 6d 9d Qd]
Seat 4: CatPuppy1999 (big blind) folded on the Turn
Seat 6: conanboy (button) (small blind) collected ($17.64)


PokerStars Hand #172437334293:  Hold'em Limit ($3/$6 USD) - 2017/06/30 15:46:54 ET
Table 'Corvus II' 6-max Seat #4 is the button
Seat 4: CatPuppy1999 ($134.44 in chips)
Seat 6: conanboy ($50.60 in chips)
CatPuppy1999: posts small blind $1
conanboy: posts big blind $3
*** HOLE CARDS ***
CatPuppy1999: raises $3 to $6
conanboy: calls $3
*** FLOP *** [2d 3h 6h]
conanboy: checks
CatPuppy1999: checks
*** TURN *** [2d 3h 6h] [Ah]
conanboy: bets $6
CatPuppy1999: calls $6
*** RIVER *** [2d 3h 6h Ah] [6d]
conanboy: checks
CatPuppy1999: checks
*** SHOW DOWN ***
conanboy: shows [7s 9d] (a pair of Sixes)
CatPuppy1999: shows [Ts Qh] (a pair of Sixes - Ace+Queen kicker)
CatPuppy1999 collected $23.52 from pot
*** SUMMARY ***
Total pot $24 | Rake $0.48
Board [2d 3h 6h Ah 6d]
Seat 4: CatPuppy1999 (button) (small blind) showed [Ts Qh] and won ($23.52) with a pair of Sixes
Seat 6: conanboy (big blind) showed [7s 9d] and lost with a pair of Sixes


PokerStars Hand #172437366441:  Hold'em Limit ($3/$6 USD) - 2017/06/30 15:47:37 ET
Table 'Corvus II' 6-max Seat #6 is the button
Seat 4: CatPuppy1999 ($145.96 in chips)
Seat 6: conanboy ($38.60 in chips)
conanboy: posts small blind $1
CatPuppy1999: posts big blind $3
*** HOLE CARDS ***
conanboy: raises $3 to $6
CatPuppy1999: calls $3
*** FLOP *** [Jh 6d 7c]
CatPuppy1999: checks
conanboy: bets $3
CatPuppy1999: calls $3
*** TURN *** [Jh 6d 7c] [Qh]
CatPuppy1999: checks
conanboy: bets $6
CatPuppy1999: folds
Uncalled bet ($6) returned to conanboy
conanboy collected $17.64 from pot
conanboy: doesn't show hand
*** SUMMARY ***
Total pot $18 | Rake $0.36
Board [Jh 6d 7c Qh]
Seat 4: CatPuppy1999 (big blind) folded on the Turn
Seat 6: conanboy (button) (small blind) collected ($17.64)


PokerStars Hand #172437380107:  Hold'em Limit ($3/$6 USD) - 2017/06/30 15:47:55 ET
Table 'Corvus II' 6-max Seat #4 is the button
Seat 4: CatPuppy1999 ($136.96 in chips)
Seat 6: conanboy ($47.24 in chips)
CatPuppy1999: posts small blind $1
conanboy: posts big blind $3
*** HOLE CARDS ***
CatPuppy1999: raises $3 to $6
conanboy: calls $3
*** FLOP *** [5d Th Ts]
conanboy: bets $3
CatPuppy1999: calls $3
*** TURN *** [5d Th Ts] [5s]
conanboy: bets $6
CatPuppy1999: calls $6
*** RIVER *** [5d Th Ts 5s] [7c]
conanboy: bets $6
CatPuppy1999: calls $6
*** SHOW DOWN ***
conanboy: shows [7h Qs] (two pair, Tens and Sevens)
CatPuppy1999: mucks hand
conanboy collected $41.50 from pot
*** SUMMARY ***
Total pot $42 | Rake $0.50
Board [5d Th Ts 5s 7c]
Seat 4: CatPuppy1999 (button) (small blind) mucked
Seat 6: conanboy (big blind) showed [7h Qs] and won ($41.50) with two pair, Tens and Sevens


PokerStars Hand #172437416248:  Hold'em Limit ($3/$6 USD) - 2017/06/30 15:48:43 ET
Table 'Corvus II' 6-max Seat #6 is the button
Seat 4: CatPuppy1999 ($115.96 in chips)
Seat 6: conanboy ($67.74 in chips)
conanboy: posts small blind $1
CatPuppy1999: posts big blind $3
*** HOLE CARDS ***
conanboy: raises $3 to $6
CatPuppy1999: folds
Uncalled bet ($3) returned to conanboy
conanboy collected $6 from pot
conanboy: doesn't show hand
*** SUMMARY ***
Total pot $6 | Rake $0
Seat 4: CatPuppy1999 (big blind) folded before Flop
Seat 6: conanboy (button) (small blind) collected ($6)


PokerStars Hand #172437422538:  Hold'em Limit ($3/$6 USD) - 2017/06/30 15:48:51 ET
Table 'Corvus II' 6-max Seat #4 is the button
Seat 4: CatPuppy1999 ($112.96 in chips)
Seat 6: conanboy ($70.74 in chips)
CatPuppy1999: posts small blind $1
conanboy: posts big blind $3
*** HOLE CARDS ***
CatPuppy1999: raises $3 to $6
conanboy: folds
Uncalled bet ($3) returned to CatPuppy1999
CatPuppy1999 collected $6 from pot
CatPuppy1999: doesn't show hand
*** SUMMARY ***
Total pot $6 | Rake $0
Seat 4: CatPuppy1999 (button) (small blind) collected ($6)
Seat 6: conanboy (big blind) folded before Flop


PokerStars Hand #172437441504:  Hold'em Limit ($3/$6 USD) - 2017/06/30 15:49:16 ET
Table 'Corvus II' 6-max Seat #6 is the button
Seat 4: CatPuppy1999 ($115.96 in chips)
Seat 6: conanboy ($67.74 in chips)
conanboy: posts small blind $1
CatPuppy1999: posts big blind $3
*** HOLE CARDS ***
conanboy: raises $3 to $6
CatPuppy1999: calls $3
*** FLOP *** [Kc 3h 8c]
CatPuppy1999: checks
conanboy: bets $3
CatPuppy1999: calls $3
*** TURN *** [Kc 3h 8c] [6s]
CatPuppy1999: checks
conanboy: bets $6
CatPuppy1999: folds
Uncalled bet ($6) returned to conanboy
conanboy collected $17.64 from pot
conanboy: doesn't show hand
*** SUMMARY ***
Total pot $18 | Rake $0.36
Board [Kc 3h 8c 6s]
Seat 4: CatPuppy1999 (big blind) folded on the Turn
Seat 6: conanboy (button) (small blind) collected ($17.64)


PokerStars Hand #172437465094:  Hold'em Limit ($3/$6 USD) - 2017/06/30 15:49:47 ET
Table 'Corvus II' 6-max Seat #4 is the button
Seat 4: CatPuppy1999 ($106.96 in chips)
Seat 6: conanboy ($76.38 in chips)
CatPuppy1999: posts small blind $1
conanboy: posts big blind $3
*** HOLE CARDS ***
CatPuppy1999: raises $3 to $6
conanboy: raises $3 to $9
CatPuppy1999: calls $3
*** FLOP *** [5d Qd 4h]
conanboy: bets $3
CatPuppy1999: raises $3 to $6
conanboy: calls $3
*** TURN *** [5d Qd 4h] [6d]
conanboy: checks
CatPuppy1999: bets $6
conanboy: folds
Uncalled bet ($6) returned to CatPuppy1999
CatPuppy1999 collected $29.50 from pot
CatPuppy1999: doesn't show hand
*** SUMMARY ***
Total pot $30 | Rake $0.50
Board [5d Qd 4h 6d]
Seat 4: CatPuppy1999 (button) (small blind) collected ($29.50)
Seat 6: conanboy (big blind) folded on the Turn


PokerStars Hand #172437503147:  Hold'em Limit ($3/$6 USD) - 2017/06/30 15:50:38 ET
Table 'Corvus II' 6-max Seat #6 is the button
Seat 4: CatPuppy1999 ($121.46 in chips)
Seat 6: conanboy ($61.38 in chips)
conanboy: posts small blind $1
CatPuppy1999: posts big blind $3
*** HOLE CARDS ***
conanboy: raises $3 to $6
CatPuppy1999: calls $3
*** FLOP *** [3s Kc Qh]
CatPuppy1999: checks
conanboy: bets $3
CatPuppy1999: calls $3
*** TURN *** [3s Kc Qh] [Jh]
CatPuppy1999: checks
conanboy: bets $6
CatPuppy1999: calls $6
*** RIVER *** [3s Kc Qh Jh] [8d]
CatPuppy1999: checks
conanboy: bets $6
CatPuppy1999: calls $6
*** SHOW DOWN ***
conanboy: shows [Qd Th] (a pair of Queens)
CatPuppy1999: mucks hand
conanboy collected $41.50 from pot
*** SUMMARY ***
Total pot $42 | Rake $0.50
Board [3s Kc Qh Jh 8d]
Seat 4: CatPuppy1999 (big blind) mucked
Seat 6: conanboy (button) (small blind) showed [Qd Th] and won ($41.50) with a pair of Queens


PokerStars Hand #172437528023:  Hold'em Limit ($3/$6 USD) - 2017/06/30 15:51:11 ET
Table 'Corvus II' 6-max Seat #4 is the button
Seat 4: CatPuppy1999 ($100.46 in chips)
Seat 6: conanboy ($81.88 in chips)
CatPuppy1999: posts small blind $1
conanboy: posts big blind $3
*** HOLE CARDS ***
CatPuppy1999: raises $3 to $6
conanboy: raises $3 to $9
CatPuppy1999: calls $3
*** FLOP *** [7c 3s 5c]
conanboy: bets $3
CatPuppy1999: calls $3
*** TURN *** [7c 3s 5c] [7s]
conanboy: bets $6
CatPuppy1999: raises $6 to $12
conanboy: calls $6
*** RIVER *** [7c 3s 5c 7s] [7h]
conanboy: checks
CatPuppy1999: bets $6
conanboy: calls $6
*** SHOW DOWN ***
CatPuppy1999: shows [Qh Qd] (a full house, Sevens full of Queens)
conanboy: mucks hand
CatPuppy1999 collected $59.50 from pot
*** SUMMARY ***
Total pot $60 | Rake $0.50
Board [7c 3s 5c 7s 7h]
Seat 4: CatPuppy1999 (button) (small blind) showed [Qh Qd] and won ($59.50) with a full house, Sevens full of Queens
Seat 6: conanboy (big blind) mucked


PokerStars Hand #172437569281:  Hold'em Limit ($3/$6 USD) - 2017/06/30 15:52:05 ET
Table 'Corvus II' 6-max Seat #6 is the button
Seat 4: CatPuppy1999 ($129.96 in chips)
Seat 6: conanboy ($51.88 in chips)
conanboy: posts small blind $1
CatPuppy1999: posts big blind $3
*** HOLE CARDS ***
conanboy: raises $3 to $6
CatPuppy1999: calls $3
*** FLOP *** [7c 8h Kc]
CatPuppy1999: checks
conanboy: bets $3
CatPuppy1999: folds
Uncalled bet ($3) returned to conanboy
conanboy collected $11.76 from pot
conanboy: doesn't show hand
*** SUMMARY ***
Total pot $12 | Rake $0.24
Board [7c 8h Kc]
Seat 4: CatPuppy1999 (big blind) folded on the Flop
Seat 6: conanboy (button) (small blind) collected ($11.76)


PokerStars Hand #172437579078:  Hold'em Limit ($3/$6 USD) - 2017/06/30 15:52:18 ET
Table 'Corvus II' 6-max Seat #4 is the button
Seat 4: CatPuppy1999 ($123.96 in chips)
Seat 6: conanboy ($57.64 in chips)
CatPuppy1999: posts small blind $1
conanboy: posts big blind $3
*** HOLE CARDS ***
CatPuppy1999: raises $3 to $6
conanboy: raises $3 to $9
CatPuppy1999: calls $3
*** FLOP *** [6d 2d Qc]
conanboy: bets $3
CatPuppy1999: calls $3
*** TURN *** [6d 2d Qc] [2s]
conanboy: bets $6
CatPuppy1999: calls $6
*** RIVER *** [6d 2d Qc 2s] [4d]
conanboy: checks
CatPuppy1999: checks
*** SHOW DOWN ***
conanboy: shows [Ac Jc] (a pair of Deuces)
CatPuppy1999: mucks hand
conanboy collected $35.50 from pot
*** SUMMARY ***
Total pot $36 | Rake $0.50
Board [6d 2d Qc 2s 4d]
Seat 4: CatPuppy1999 (button) (small blind) mucked
Seat 6: conanboy (big blind) showed [Ac Jc] and won ($35.50) with a pair of Deuces


PokerStars Hand #172437604709:  Hold'em Limit ($3/$6 USD) - 2017/06/30 15:52:52 ET
Table 'Corvus II' 6-max Seat #6 is the button
Seat 4: CatPuppy1999 ($105.96 in chips)
Seat 6: conanboy ($75.14 in chips)
conanboy: posts small blind $1
CatPuppy1999: posts big blind $3
*** HOLE CARDS ***
conanboy: raises $3 to $6
CatPuppy1999: calls $3
*** FLOP *** [Ah 5s Ad]
CatPuppy1999: checks
conanboy: bets $3
CatPuppy1999: calls $3
*** TURN *** [Ah 5s Ad] [2s]
CatPuppy1999: checks
conanboy: bets $6
CatPuppy1999: calls $6
*** RIVER *** [Ah 5s Ad 2s] [Qc]
CatPuppy1999: checks
conanboy: bets $6
CatPuppy1999: calls $6
*** SHOW DOWN ***
conanboy: shows [5h 5c] (a full house, Fives full of Aces)
CatPuppy1999: mucks hand
conanboy collected $41.50 from pot
*** SUMMARY ***
Total pot $42 | Rake $0.50
Board [Ah 5s Ad 2s Qc]
Seat 4: CatPuppy1999 (big blind) mucked
Seat 6: conanboy (button) (small blind) showed [5h 5c] and won ($41.50) with a full house, Fives full of Aces


PokerStars Hand #172437627013:  Hold'em Limit ($3/$6 USD) - 2017/06/30 15:53:22 ET
Table 'Corvus II' 6-max Seat #4 is the button
Seat 4: CatPuppy1999 ($84.96 in chips)
Seat 6: conanboy ($95.64 in chips)
CatPuppy1999: posts small blind $1
conanboy: posts big blind $3
*** HOLE CARDS ***
CatPuppy1999: raises $3 to $6
conanboy: folds
Uncalled bet ($3) returned to CatPuppy1999
artecris joins the table at seat #3
CatPuppy1999 collected $6 from pot
CatPuppy1999: doesn't show hand
*** SUMMARY ***
Total pot $6 | Rake $0
Seat 4: CatPuppy1999 (button) (small blind) collected ($6)
Seat 6: conanboy (big blind) folded before Flop


PokerStars Hand #172438077437:  Hold'em Limit ($3/$6 USD) - 2017/06/30 16:04:31 ET
Table 'Corvus II' 6-max Seat #2 is the button
Seat 2: StoneFace007 ($117 in chips)
Seat 6: conanboy ($150.88 in chips)
StoneFace007: posts small blind $1
CatPuppy1999: is sitting out
Zubasa07: is sitting out
conanboy: posts big blind $3
*** HOLE CARDS ***
Zubasa07 leaves the table
StoneFace007: raises $3 to $6
conanboy: calls $3
*** FLOP *** [Ac As Qh]
conanboy: checks
StoneFace007: bets $3
conanboy: calls $3
*** TURN *** [Ac As Qh] [Ah]
conanboy: bets $6
StoneFace007: calls $6
*** RIVER *** [Ac As Qh Ah] [5c]
conanboy: bets $6
StoneFace007: calls $6
*** SHOW DOWN ***
conanboy: shows [5s Qd] (a full house, Aces full of Queens)
StoneFace007: mucks hand
conanboy collected $41.50 from pot
*** SUMMARY ***
Total pot $42 | Rake $0.50
Board [Ac As Qh Ah 5c]
Seat 2: StoneFace007 (button) (small blind) mucked
Seat 6: conanboy (big blind) showed [5s Qd] and won ($41.50) with a full house, Aces full of Queens


PokerStars Hand #172438101562:  Hold'em Limit ($3/$6 USD) - 2017/06/30 16:05:03 ET
Table 'Corvus II' 6-max Seat #6 is the button
Seat 2: StoneFace007 ($96 in chips)
Seat 6: conanboy ($171.38 in chips)
conanboy: posts small blind $1
StoneFace007: posts big blind $3
*** HOLE CARDS ***
CatPuppy1999 leaves the table
conanboy: raises $3 to $6
StoneFace007: raises $3 to $9
Apanage leaves the table
conanboy: calls $3
*** FLOP *** [2h Kc 6h]
StoneFace007: bets $3
conanboy: calls $3
*** TURN *** [2h Kc 6h] [Kh]
StoneFace007: bets $6
conanboy: calls $6
*** RIVER *** [2h Kc 6h Kh] [8d]
StoneFace007: bets $6
conanboy: calls $6
*** SHOW DOWN ***
StoneFace007: shows [8h 9h] (a flush, King high)
conanboy: mucks hand
StoneFace007 collected $47.50 from pot
*** SUMMARY ***
Total pot $48 | Rake $0.50
Board [2h Kc 6h Kh 8d]
Seat 2: StoneFace007 (big blind) showed [8h 9h] and won ($47.50) with a flush, King high
Seat 6: conanboy (button) (small blind) mucked


PokerStars Hand #172438174528:  Hold'em Limit ($3/$6 USD) - 2017/06/30 16:06:42 ET
Table 'Corvus II' 6-max Seat #6 is the button
Seat 2: StoneFace007 ($125.26 in chips)
Seat 6: conanboy ($141.38 in chips)
conanboy: posts small blind $1
StoneFace007: posts big blind $3
*** HOLE CARDS ***
conanboy: raises $3 to $6
StoneFace007: calls $3
*** FLOP *** [Qs 6c 4d]
StoneFace007: checks
conanboy: bets $3
StoneFace007: folds
Uncalled bet ($3) returned to conanboy
conanboy collected $11.76 from pot
conanboy: doesn't show hand
*** SUMMARY ***
Total pot $12 | Rake $0.24
Board [Qs 6c 4d]
Seat 2: StoneFace007 (big blind) folded on the Flop
Seat 6: conanboy (button) (small blind) collected ($11.76)


PokerStars Hand #172438168736:  Hold'em Limit ($3/$6 USD) - 2017/06/30 16:06:34 ET
Table 'Corvus II' 6-max Seat #2 is the button
Seat 2: StoneFace007 ($126.26 in chips)
Seat 6: conanboy ($140.38 in chips)
StoneFace007: posts small blind $1
conanboy: posts big blind $3
*** HOLE CARDS ***
StoneFace007: folds
Uncalled bet ($2) returned to conanboy
conanboy collected $2 from pot
conanboy: doesn't show hand
*** SUMMARY ***
Total pot $2 | Rake $0
Seat 2: StoneFace007 (button) (small blind) folded before Flop
Seat 6: conanboy (big blind) collected ($2)


PokerStars Hand #172438163723:  Hold'em Limit ($3/$6 USD) - 2017/06/30 16:06:27 ET
Table 'Corvus II' 6-max Seat #6 is the button
Seat 2: StoneFace007 ($125.26 in chips)
Seat 6: conanboy ($141.38 in chips)
conanboy: posts small blind $1
StoneFace007: posts big blind $3
*** HOLE CARDS ***
conanboy: folds
Uncalled bet ($2) returned to StoneFace007
StoneFace007 collected $2 from pot
*** SUMMARY ***
Total pot $2 | Rake $0
Seat 2: StoneFace007 (big blind) collected ($2)
Seat 6: conanboy (button) (small blind) folded before Flop


PokerStars Hand #172438139148:  Hold'em Limit ($3/$6 USD) - 2017/06/30 16:05:53 ET
Table 'Corvus II' 6-max Seat #2 is the button
Seat 2: StoneFace007 ($119.50 in chips)
Seat 6: conanboy ($147.38 in chips)
StoneFace007: posts small blind $1
conanboy: posts big blind $3
*** HOLE CARDS ***
StoneFace007: raises $3 to $6
conanboy: calls $3
*** FLOP *** [6c Kh 7s]
conanboy: checks
StoneFace007: bets $3
conanboy: folds
Uncalled bet ($3) returned to StoneFace007
StoneFace007 collected $11.76 from pot
*** SUMMARY ***
Total pot $12 | Rake $0.24
Board [6c Kh 7s]
Seat 2: StoneFace007 (button) (small blind) collected ($11.76)
Seat 6: conanboy (big blind) folded on the Flop


PokerStars Hand #172438219686:  Hold'em Limit ($3/$6 USD) - 2017/06/30 16:07:41 ET
Table 'Corvus II' 6-max Seat #2 is the button
Seat 2: StoneFace007 ($116.26 in chips)
Seat 6: conanboy ($149.90 in chips)
StoneFace007: posts small blind $1
conanboy: posts big blind $3
*** HOLE CARDS ***
StoneFace007: raises $3 to $6
conanboy: raises $3 to $9
StoneFace007: calls $3
*** FLOP *** [9c 9d 4s]
conanboy: bets $3
StoneFace007: calls $3
*** TURN *** [9c 9d 4s] [2s]
conanboy: bets $6
StoneFace007: folds
Uncalled bet ($6) returned to conanboy
conanboy collected $23.52 from pot
conanboy: doesn't show hand
*** SUMMARY ***
Total pot $24 | Rake $0.48
Board [9c 9d 4s 2s]
Seat 2: StoneFace007 (button) (small blind) folded on the Turn
Seat 6: conanboy (big blind) collected ($23.52)


PokerStars Hand #172438214970:  Hold'em Limit ($3/$6 USD) - 2017/06/30 16:07:35 ET
Table 'Corvus II' 6-max Seat #6 is the button
Seat 2: StoneFace007 ($115.26 in chips)
Seat 6: conanboy ($150.90 in chips)
conanboy: posts small blind $1
StoneFace007: posts big blind $3
*** HOLE CARDS ***
conanboy: folds
Uncalled bet ($2) returned to StoneFace007
StoneFace007 collected $2 from pot
*** SUMMARY ***
Total pot $2 | Rake $0
Seat 2: StoneFace007 (big blind) collected ($2)
Seat 6: conanboy (button) (small blind) folded before Flop


PokerStars Hand #172438209417:  Hold'em Limit ($3/$6 USD) - 2017/06/30 16:07:28 ET
Table 'Corvus II' 6-max Seat #2 is the button
Seat 2: StoneFace007 ($112.26 in chips)
Seat 6: conanboy ($153.90 in chips)
StoneFace007: posts small blind $1
conanboy: posts big blind $3
*** HOLE CARDS ***
StoneFace007: raises $3 to $6
conanboy: folds
Uncalled bet ($3) returned to StoneFace007
StoneFace007 collected $6 from pot
*** SUMMARY ***
Total pot $6 | Rake $0
Seat 2: StoneFace007 (button) (small blind) collected ($6)
Seat 6: conanboy (big blind) folded before Flop


PokerStars Hand #172438196749:  Hold'em Limit ($3/$6 USD) - 2017/06/30 16:07:11 ET
Table 'Corvus II' 6-max Seat #6 is the button
Seat 2: StoneFace007 ($118.26 in chips)
Seat 6: conanboy ($148.14 in chips)
conanboy: posts small blind $1
StoneFace007: posts big blind $3
*** HOLE CARDS ***
conanboy: raises $3 to $6
StoneFace007: calls $3
*** FLOP *** [Ah Ts 2h]
StoneFace007: checks
conanboy: bets $3
StoneFace007: folds
Uncalled bet ($3) returned to conanboy
conanboy collected $11.76 from pot
conanboy: doesn't show hand
*** SUMMARY ***
Total pot $12 | Rake $0.24
Board [Ah Ts 2h]
Seat 2: StoneFace007 (big blind) folded on the Flop
Seat 6: conanboy (button) (small blind) collected ($11.76)


PokerStars Hand #172438193044:  Hold'em Limit ($3/$6 USD) - 2017/06/30 16:07:06 ET
Table 'Corvus II' 6-max Seat #2 is the button
Seat 2: StoneFace007 ($119.26 in chips)
Seat 6: conanboy ($147.14 in chips)
StoneFace007: posts small blind $1
conanboy: posts big blind $3
*** HOLE CARDS ***
StoneFace007: folds
Uncalled bet ($2) returned to conanboy
conanboy collected $2 from pot
conanboy: doesn't show hand
*** SUMMARY ***
Total pot $2 | Rake $0
Seat 2: StoneFace007 (button) (small blind) folded before Flop
Seat 6: conanboy (big blind) collected ($2)


PokerStars Hand #172439954079:  Hold'em Limit ($3/$6 USD) - 2017/06/30 16:46:09 ET
Table 'Corvus II' 6-max Seat #3 is the button
Seat 3: Auge72 ($120 in chips)
Seat 4: Actionni13 ($150 in chips)
Auge72: posts small blind $1
Actionni13: posts big blind $3
*** HOLE CARDS ***
Auge72: calls $2
Actionni13: raises $3 to $6
Auge72: calls $3
*** FLOP *** [Qs 6c 8c]
Actionni13: bets $3
Auge72: calls $3
*** TURN *** [Qs 6c 8c] [7h]
Actionni13: checks
Auge72: bets $6
Actionni13: calls $6
*** RIVER *** [Qs 6c 8c 7h] [Ad]
Actionni13: bets $6
Auge72: folds
Uncalled bet ($6) returned to Actionni13
Actionni13 collected $29.50 from pot
Actionni13: doesn't show hand
*** SUMMARY ***
Total pot $30 | Rake $0.50
Board [Qs 6c 8c 7h Ad]
Seat 3: Auge72 (button) (small blind) folded on the River
Seat 4: Actionni13 (big blind) collected ($29.50)


PokerStars Hand #172439983640:  Hold'em Limit ($3/$6 USD) - 2017/06/30 16:46:49 ET
Table 'Corvus II' 6-max Seat #4 is the button
Seat 3: Auge72 ($105 in chips)
Seat 4: Actionni13 ($164.50 in chips)
Actionni13: posts small blind $1
Auge72: posts big blind $3
*** HOLE CARDS ***
Actionni13: raises $3 to $6
NewRocker joins the table at seat #5
Auge72: folds
Uncalled bet ($3) returned to Actionni13
Actionni13 collected $6 from pot
*** SUMMARY ***
Total pot $6 | Rake $0
Seat 3: Auge72 (big blind) folded before Flop
Seat 4: Actionni13 (button) (small blind) collected ($6)


PokerStars Hand #172439993851:  Hold'em Limit ($3/$6 USD) - 2017/06/30 16:47:03 ET
Table 'Corvus II' 6-max Seat #3 is the button
Seat 3: Auge72 ($102 in chips)
Seat 4: Actionni13 ($167.50 in chips)
Auge72: posts small blind $1
Actionni13: posts big blind $3
*** HOLE CARDS ***
Auge72: raises $3 to $6
Actionni13: calls $3
*** FLOP *** [9d 4h 8s]
Actionni13: checks
Auge72: bets $3
Actionni13: calls $3
*** TURN *** [9d 4h 8s] [Ts]
Actionni13: checks
Auge72: checks
*** RIVER *** [9d 4h 8s Ts] [6d]
Actionni13: checks
Auge72: checks
*** SHOW DOWN ***
Actionni13: shows [2d Qd] (high card Queen)
Auge72: shows [Ks 8h] (a pair of Eights)
Auge72 collected $17.64 from pot
*** SUMMARY ***
Total pot $18 | Rake $0.36
Board [9d 4h 8s Ts 6d]
Seat 3: Auge72 (button) (small blind) showed [Ks 8h] and won ($17.64) with a pair of Eights
Seat 4: Actionni13 (big blind) showed [2d Qd] and lost with high card Queen


PokerStars Hand #172440528559:  Hold'em Limit ($3/$6 USD) - 2017/06/30 16:59:36 ET
Table 'Corvus II' 6-max Seat #4 is the button
Seat 3: Auge72 ($228.91 in chips)
Seat 4: Actionni13 ($150 in chips)
Actionni13: posts small blind $1
Auge72: posts big blind $3
*** HOLE CARDS ***
Actionni13: folds
Uncalled bet ($2) returned to Auge72
Auge72 collected $2 from pot
Auge72: doesn't show hand
*** SUMMARY ***
Total pot $2 | Rake $0
Seat 3: Auge72 (big blind) collected ($2)
Seat 4: Actionni13 (button) (small blind) folded before Flop


PokerStars Hand #172441156453:  Hold'em Limit ($3/$6 USD) - 2017/06/30 17:13:44 ET
Table 'Corvus II' 6-max Seat #2 is the button
Seat 2: Mili2332 ($26.26 in chips)
Seat 3: MobutuSeSe ($66.50 in chips)
Mili2332: posts small blind $1
MobutuSeSe: posts big blind $3
*** HOLE CARDS ***
Mili2332: calls $2
MobutuSeSe: raises $3 to $6
Mili2332: calls $3
*** FLOP *** [6c Jh 9d]
MobutuSeSe: bets $3
Mili2332: calls $3
*** TURN *** [6c Jh 9d] [Jd]
MobutuSeSe: bets $6
Mili2332: raises $6 to $12
MobutuSeSe: raises $6 to $18
Mili2332: calls $5.26 and is all-in
Uncalled bet ($0.74) returned to MobutuSeSe
*** RIVER *** [6c Jh 9d Jd] [Tc]
*** SHOW DOWN ***
MobutuSeSe: shows [Qs Qc] (two pair, Queens and Jacks)
Mili2332: shows [5h 6d] (two pair, Jacks and Sixes)
MobutuSeSe collected $52.02 from pot
*** SUMMARY ***
Total pot $52.52 | Rake $0.50
Board [6c Jh 9d Jd Tc]
Seat 2: Mili2332 (button) (small blind) showed [5h 6d] and lost with two pair, Jacks and Sixes
Seat 3: MobutuSeSe (big blind) showed [Qs Qc] and won ($52.02) with two pair, Queens and Jacks


PokerStars Hand #172441588385:  Hold'em Limit ($3/$6 USD) - 2017/06/30 17:23:16 ET
Table 'Corvus II' 6-max Seat #2 is the button
Seat 2: sawel888 ($119.87 in chips)
Seat 3: MobutuSeSe ($77.26 in chips)
sawel888: posts small blind $1
MobutuSeSe: posts big blind $3
*** HOLE CARDS ***
sawel888: calls $2
MobutuSeSe: checks
*** FLOP *** [6s 9d Jd]
MobutuSeSe: checks
Auge72 leaves the table
sawel888: checks
*** TURN *** [6s 9d Jd] [4s]
MobutuSeSe: bets $6
sawel888: calls $6
*** RIVER *** [6s 9d Jd 4s] [Js]
MobutuSeSe: checks
sawel888: bets $6
MobutuSeSe: folds
Uncalled bet ($6) returned to sawel888
sawel888 collected $17.64 from pot
sawel888: doesn't show hand
*** SUMMARY ***
Total pot $18 | Rake $0.36
Board [6s 9d Jd 4s Js]
Seat 2: sawel888 (button) (small blind) collected ($17.64)
Seat 3: MobutuSeSe (big blind) folded on the River


PokerStars Hand #172441554825:  Hold'em Limit ($3/$6 USD) - 2017/06/30 17:22:30 ET
Table 'Corvus II' 6-max Seat #3 is the button
Seat 2: sawel888 ($105.37 in chips)
Seat 3: MobutuSeSe ($92.26 in chips)
MobutuSeSe: posts small blind $1
sawel888: posts big blind $3
*** HOLE CARDS ***
MobutuSeSe: raises $3 to $6
sawel888: calls $3
*** FLOP *** [8s Qs Kc]
sawel888: checks
MobutuSeSe: bets $3
sawel888: calls $3
*** TURN *** [8s Qs Kc] [4d]
sawel888: checks
MobutuSeSe: checks
*** RIVER *** [8s Qs Kc 4d] [9d]
cashmuzi joins the table at seat #1
sawel888: bets $6
MobutuSeSe: calls $6
*** SHOW DOWN ***
sawel888: shows [Qd 6s] (a pair of Queens)
Auge72 joins the table at seat #4
MobutuSeSe: mucks hand
sawel888 collected $29.50 from pot
*** SUMMARY ***
Total pot $30 | Rake $0.50
Board [8s Qs Kc 4d 9d]
Seat 2: sawel888 (big blind) showed [Qd 6s] and won ($29.50) with a pair of Queens
Seat 3: MobutuSeSe (button) (small blind) mucked


