PokerStars Hand #163238206257:  Hold'em Limit ($3/$6 USD) - 2016/12/20 8:57:16 ET
Table 'Cosette' 6-max Seat #1 is the button
Seat 1: 69benji ($82.13 in chips)
Seat 5: fsreibnitz ($90 in chips)
69benji: posts small blind $1
ABATAPP: is sitting out
fsreibnitz: posts big blind $3
*** HOLE CARDS ***
69benji: raises $3 to $6
ABATAPP leaves the table
fsreibnitz: calls $3
*** FLOP *** [8c 2d Th]
fsreibnitz: checks
69benji: bets $3
fsreibnitz: calls $3
*** TURN *** [8c 2d Th] [6h]
fsreibnitz: checks
69benji: bets $6
fsreibnitz: calls $6
*** RIVER *** [8c 2d Th 6h] [9s]
fsreibnitz: checks
69benji: bets $6
fsreibnitz: folds
Uncalled bet ($6) returned to 69benji
69benji collected $29.50 from pot
69benji: doesn't show hand
*** SUMMARY ***
Total pot $30 | Rake $0.50
Board [8c 2d Th 6h 9s]
Seat 1: 69benji (button) (small blind) collected ($29.50)
Seat 5: fsreibnitz (big blind) folded on the River


PokerStars Hand #163238222408:  Hold'em Limit ($3/$6 USD) - 2016/12/20 8:57:47 ET
Table 'Cosette' 6-max Seat #5 is the button
Seat 1: 69benji ($96.63 in chips)
Seat 5: fsreibnitz ($75 in chips)
fsreibnitz: posts small blind $1
69benji: posts big blind $3
*** HOLE CARDS ***
fsreibnitz: raises $3 to $6
69benji: raises $3 to $9
fsreibnitz: calls $3
*** FLOP *** [Ts Qh 3d]
69benji: bets $3
fsreibnitz: calls $3
*** TURN *** [Ts Qh 3d] [3c]
69benji: bets $6
fsreibnitz: folds
Uncalled bet ($6) returned to 69benji
69benji collected $23.52 from pot
69benji: doesn't show hand
*** SUMMARY ***
Total pot $24 | Rake $0.48
Board [Ts Qh 3d 3c]
Seat 1: 69benji (big blind) collected ($23.52)
Seat 5: fsreibnitz (button) (small blind) folded on the Turn


PokerStars Hand #163238232538:  Hold'em Limit ($3/$6 USD) - 2016/12/20 8:58:06 ET
Table 'Cosette' 6-max Seat #1 is the button
Seat 1: 69benji ($108.15 in chips)
Seat 5: fsreibnitz ($63 in chips)
69benji: posts small blind $1
fsreibnitz: posts big blind $3
*** HOLE CARDS ***
69benji: raises $3 to $6
fsreibnitz: folds
Uncalled bet ($3) returned to 69benji
69benji collected $6 from pot
69benji: doesn't show hand
*** SUMMARY ***
Total pot $6 | Rake $0
Seat 1: 69benji (button) (small blind) collected ($6)
Seat 5: fsreibnitz (big blind) folded before Flop


PokerStars Hand #163238245399:  Hold'em Limit ($3/$6 USD) - 2016/12/20 8:58:30 ET
Table 'Cosette' 6-max Seat #1 is the button
Seat 1: 69benji ($105.15 in chips)
Seat 5: fsreibnitz ($65.76 in chips)
69benji: posts small blind $1
fsreibnitz: posts big blind $3
*** HOLE CARDS ***
69benji: folds
Uncalled bet ($2) returned to fsreibnitz
fsreibnitz collected $2 from pot
*** SUMMARY ***
Total pot $2 | Rake $0
Seat 1: 69benji (button) (small blind) folded before Flop
Seat 5: fsreibnitz (big blind) collected ($2)


PokerStars Hand #163238235437:  Hold'em Limit ($3/$6 USD) - 2016/12/20 8:58:11 ET
Table 'Cosette' 6-max Seat #5 is the button
Seat 1: 69benji ($111.15 in chips)
Seat 5: fsreibnitz ($60 in chips)
fsreibnitz: posts small blind $1
69benji: posts big blind $3
*** HOLE CARDS ***
fsreibnitz: raises $3 to $6
69benji: calls $3
*** FLOP *** [9d 5d 2s]
69benji: checks
fsreibnitz: checks
*** TURN *** [9d 5d 2s] [7s]
69benji: checks
fsreibnitz: checks
*** RIVER *** [9d 5d 2s 7s] [6s]
69benji: checks
fsreibnitz: checks
*** SHOW DOWN ***
69benji: shows [As 3d] (high card Ace)
fsreibnitz: shows [Qs 6c] (a pair of Sixes)
fsreibnitz collected $11.76 from pot
*** SUMMARY ***
Total pot $12 | Rake $0.24
Board [9d 5d 2s 7s 6s]
Seat 1: 69benji (big blind) showed [As 3d] and lost with high card Ace
Seat 5: fsreibnitz (button) (small blind) showed [Qs 6c] and won ($11.76) with a pair of Sixes


PokerStars Hand #163238247942:  Hold'em Limit ($3/$6 USD) - 2016/12/20 8:58:35 ET
Table 'Cosette' 6-max Seat #5 is the button
Seat 1: 69benji ($104.15 in chips)
Seat 5: fsreibnitz ($66.76 in chips)
fsreibnitz: posts small blind $1
69benji: posts big blind $3
*** HOLE CARDS ***
fsreibnitz: raises $3 to $6
69benji: calls $3
*** FLOP *** [Jd 8d Ks]
69benji: checks
fsreibnitz: checks
*** TURN *** [Jd 8d Ks] [Qd]
69benji: bets $6
fsreibnitz: calls $6
*** RIVER *** [Jd 8d Ks Qd] [3d]
69benji: checks
fsreibnitz: bets $6
69benji: calls $6
*** SHOW DOWN ***
fsreibnitz: shows [7d 9s] (a flush, Queen high)
69benji: mucks hand
fsreibnitz collected $35.50 from pot
*** SUMMARY ***
Total pot $36 | Rake $0.50
Board [Jd 8d Ks Qd 3d]
Seat 1: 69benji (big blind) mucked
Seat 5: fsreibnitz (button) (small blind) showed [7d 9s] and won ($35.50) with a flush, Queen high


PokerStars Hand #163238258721:  Hold'em Limit ($3/$6 USD) - 2016/12/20 8:58:55 ET
Table 'Cosette' 6-max Seat #1 is the button
Seat 1: 69benji ($86.15 in chips)
Seat 5: fsreibnitz ($84.26 in chips)
69benji: posts small blind $1
fsreibnitz: posts big blind $3
*** HOLE CARDS ***
69benji: raises $3 to $6
fsreibnitz: calls $3
*** FLOP *** [5d 2c 9d]
fsreibnitz: checks
69benji: bets $3
fsreibnitz: calls $3
*** TURN *** [5d 2c 9d] [5h]
fsreibnitz: checks
69benji: checks
*** RIVER *** [5d 2c 9d 5h] [7d]
fsreibnitz: checks
zizonmusang leaves the table
69benji: checks
*** SHOW DOWN ***
fsreibnitz: shows [Ts 5s] (three of a kind, Fives)
69benji: mucks hand
fsreibnitz collected $17.64 from pot
*** SUMMARY ***
Total pot $18 | Rake $0.36
Board [5d 2c 9d 5h 7d]
Seat 1: 69benji (button) (small blind) mucked
Seat 5: fsreibnitz (big blind) showed [Ts 5s] and won ($17.64) with three of a kind, Fives


PokerStars Hand #163238277653:  Hold'em Limit ($3/$6 USD) - 2016/12/20 8:59:30 ET
Table 'Cosette' 6-max Seat #1 is the button
Seat 1: 69benji ($74.15 in chips)
Seat 5: fsreibnitz ($95.90 in chips)
69benji: posts small blind $1
fsreibnitz: posts big blind $3
*** HOLE CARDS ***
69benji: folds
Uncalled bet ($2) returned to fsreibnitz
fsreibnitz collected $2 from pot
*** SUMMARY ***
Total pot $2 | Rake $0
Seat 1: 69benji (button) (small blind) folded before Flop
Seat 5: fsreibnitz (big blind) collected ($2)


PokerStars Hand #163238273042:  Hold'em Limit ($3/$6 USD) - 2016/12/20 8:59:22 ET
Table 'Cosette' 6-max Seat #5 is the button
Seat 1: 69benji ($77.15 in chips)
Seat 5: fsreibnitz ($92.90 in chips)
fsreibnitz: posts small blind $1
69benji: posts big blind $3
*** HOLE CARDS ***
fsreibnitz: raises $3 to $6
69benji: folds
Uncalled bet ($3) returned to fsreibnitz
fsreibnitz collected $6 from pot
*** SUMMARY ***
Total pot $6 | Rake $0
Seat 1: 69benji (big blind) folded before Flop
Seat 5: fsreibnitz (button) (small blind) collected ($6)


PokerStars Hand #163238280317:  Hold'em Limit ($3/$6 USD) - 2016/12/20 8:59:35 ET
Table 'Cosette' 6-max Seat #5 is the button
Seat 1: 69benji ($73.15 in chips)
Seat 5: fsreibnitz ($96.90 in chips)
fsreibnitz: posts small blind $1
69benji: posts big blind $3
*** HOLE CARDS ***
fsreibnitz: raises $3 to $6
69benji: calls $3
*** FLOP *** [As 6d Kh]
69benji: checks
fsreibnitz: bets $3
69benji: calls $3
*** TURN *** [As 6d Kh] [Th]
69benji: checks
fsreibnitz: bets $6
69benji: calls $6
*** RIVER *** [As 6d Kh Th] [9d]
69benji: checks
fsreibnitz: bets $6
69benji: calls $6
*** SHOW DOWN ***
fsreibnitz: shows [Js Qc] (a straight, Ten to Ace)
69benji: mucks hand
fsreibnitz collected $41.50 from pot
*** SUMMARY ***
Total pot $42 | Rake $0.50
Board [As 6d Kh Th 9d]
Seat 1: 69benji (big blind) mucked
Seat 5: fsreibnitz (button) (small blind) showed [Js Qc] and won ($41.50) with a straight, Ten to Ace


PokerStars Hand #163238303654:  Hold'em Limit ($3/$6 USD) - 2016/12/20 9:00:19 ET
Table 'Cosette' 6-max Seat #1 is the button
Seat 1: 69benji ($54.91 in chips)
Seat 5: fsreibnitz ($114.40 in chips)
69benji: posts small blind $1
fsreibnitz: posts big blind $3
*** HOLE CARDS ***
69benji: raises $3 to $6
fsreibnitz: calls $3
*** FLOP *** [Ks Jd 9h]
fsreibnitz: checks
69benji: bets $3
fsreibnitz: calls $3
*** TURN *** [Ks Jd 9h] [Qs]
fsreibnitz: checks
69benji: bets $6
fsreibnitz: calls $6
*** RIVER *** [Ks Jd 9h Qs] [2c]
fsreibnitz: checks
69benji: bets $6
fsreibnitz: calls $6
*** SHOW DOWN ***
69benji: shows [Qc Kd] (two pair, Kings and Queens)
fsreibnitz: shows [9d 9s] (three of a kind, Nines)
fsreibnitz collected $41.50 from pot
*** SUMMARY ***
Total pot $42 | Rake $0.50
Board [Ks Jd 9h Qs 2c]
Seat 1: 69benji (button) (small blind) showed [Qc Kd] and lost with two pair, Kings and Queens
Seat 5: fsreibnitz (big blind) showed [9d 9s] and won ($41.50) with three of a kind, Nines


PokerStars Hand #163238299815:  Hold'em Limit ($3/$6 USD) - 2016/12/20 9:00:12 ET
Table 'Cosette' 6-max Seat #5 is the button
Seat 1: 69benji ($57.91 in chips)
Seat 5: fsreibnitz ($111.40 in chips)
fsreibnitz: posts small blind $1
69benji: posts big blind $3
*** HOLE CARDS ***
fsreibnitz: raises $3 to $6
69benji: folds
Uncalled bet ($3) returned to fsreibnitz
fsreibnitz collected $6 from pot
*** SUMMARY ***
Total pot $6 | Rake $0
Seat 1: 69benji (big blind) folded before Flop
Seat 5: fsreibnitz (button) (small blind) collected ($6)


PokerStars Hand #163238291135:  Hold'em Limit ($3/$6 USD) - 2016/12/20 8:59:56 ET
Table 'Cosette' 6-max Seat #1 is the button
Seat 1: 69benji ($52.15 in chips)
Seat 5: fsreibnitz ($117.40 in chips)
69benji: posts small blind $1
fsreibnitz: posts big blind $3
*** HOLE CARDS ***
69benji: raises $3 to $6
fsreibnitz: calls $3
*** FLOP *** [9d 2d Qs]
fsreibnitz: checks
69benji: bets $3
fsreibnitz: folds
Uncalled bet ($3) returned to 69benji
69benji collected $11.76 from pot
69benji: doesn't show hand
*** SUMMARY ***
Total pot $12 | Rake $0.24
Board [9d 2d Qs]
Seat 1: 69benji (button) (small blind) collected ($11.76)
Seat 5: fsreibnitz (big blind) folded on the Flop


PokerStars Hand #163238336225:  Hold'em Limit ($3/$6 USD) - 2016/12/20 9:01:17 ET
Table 'Cosette' 6-max Seat #1 is the button
Seat 1: 69benji ($24.91 in chips)
Seat 5: fsreibnitz ($143.54 in chips)
69benji: posts small blind $1
fsreibnitz: posts big blind $3
*** HOLE CARDS ***
69benji: raises $3 to $6
fsreibnitz: calls $3
*** FLOP *** [2h 2s Jh]
fsreibnitz: checks
69benji: bets $3
fsreibnitz: folds
Uncalled bet ($3) returned to 69benji
69benji collected $11.76 from pot
69benji: doesn't show hand
*** SUMMARY ***
Total pot $12 | Rake $0.24
Board [2h 2s Jh]
Seat 1: 69benji (button) (small blind) collected ($11.76)
Seat 5: fsreibnitz (big blind) folded on the Flop


PokerStars Hand #163238343290:  Hold'em Limit ($3/$6 USD) - 2016/12/20 9:01:28 ET
Table 'Cosette' 6-max Seat #5 is the button
Seat 1: 69benji ($30.67 in chips)
Seat 5: fsreibnitz ($137.54 in chips)
fsreibnitz: posts small blind $1
69benji: posts big blind $3
*** HOLE CARDS ***
fsreibnitz: raises $3 to $6
69benji: folds
Uncalled bet ($3) returned to fsreibnitz
fsreibnitz collected $6 from pot
*** SUMMARY ***
Total pot $6 | Rake $0
Seat 1: 69benji (big blind) folded before Flop
Seat 5: fsreibnitz (button) (small blind) collected ($6)


PokerStars Hand #163238351770:  Hold'em Limit ($3/$6 USD) - 2016/12/20 9:01:42 ET
Table 'Cosette' 6-max Seat #5 is the button
Seat 1: 69benji ($26.67 in chips)
Seat 5: fsreibnitz ($141.54 in chips)
fsreibnitz: posts small blind $1
69benji: posts big blind $3
*** HOLE CARDS ***
fsreibnitz: raises $3 to $6
69benji: folds
Uncalled bet ($3) returned to fsreibnitz
fsreibnitz collected $6 from pot
*** SUMMARY ***
Total pot $6 | Rake $0
Seat 1: 69benji (big blind) folded before Flop
Seat 5: fsreibnitz (button) (small blind) collected ($6)


PokerStars Hand #163238348017:  Hold'em Limit ($3/$6 USD) - 2016/12/20 9:01:36 ET
Table 'Cosette' 6-max Seat #1 is the button
Seat 1: 69benji ($27.67 in chips)
Seat 5: fsreibnitz ($140.54 in chips)
69benji: posts small blind $1
fsreibnitz: posts big blind $3
*** HOLE CARDS ***
69benji: folds
Uncalled bet ($2) returned to fsreibnitz
fsreibnitz collected $2 from pot
*** SUMMARY ***
Total pot $2 | Rake $0
Seat 1: 69benji (button) (small blind) folded before Flop
Seat 5: fsreibnitz (big blind) collected ($2)


PokerStars Hand #163238322523:  Hold'em Limit ($3/$6 USD) - 2016/12/20 9:00:53 ET
Table 'Cosette' 6-max Seat #5 is the button
Seat 1: 69benji ($33.91 in chips)
Seat 5: fsreibnitz ($134.90 in chips)
fsreibnitz: posts small blind $1
69benji: posts big blind $3
*** HOLE CARDS ***
fsreibnitz: raises $3 to $6
69benji: calls $3
*** FLOP *** [3d 8h 7h]
69benji: checks
fsreibnitz: bets $3
69benji: calls $3
*** TURN *** [3d 8h 7h] [Ks]
69benji: checks
fsreibnitz: checks
*** RIVER *** [3d 8h 7h Ks] [6c]
69benji: checks
fsreibnitz: bets $6
69benji: folds
Uncalled bet ($6) returned to fsreibnitz
fsreibnitz collected $17.64 from pot
*** SUMMARY ***
Total pot $18 | Rake $0.36
Board [3d 8h 7h Ks 6c]
Seat 1: 69benji (big blind) folded on the River
Seat 5: fsreibnitz (button) (small blind) collected ($17.64)


PokerStars Hand #163238356128:  Hold'em Limit ($3/$6 USD) - 2016/12/20 9:01:50 ET
Table 'Cosette' 6-max Seat #1 is the button
Seat 1: 69benji ($23.67 in chips)
Seat 5: fsreibnitz ($144.54 in chips)
69benji: posts small blind $1
fsreibnitz: posts big blind $3
*** HOLE CARDS ***
69benji: raises $3 to $6
fsreibnitz: calls $3
*** FLOP *** [Kh 5c 8h]
fsreibnitz: checks
69benji: bets $3
fsreibnitz: calls $3
*** TURN *** [Kh 5c 8h] [5s]
fsreibnitz: checks
69benji: bets $6
fsreibnitz: calls $6
*** RIVER *** [Kh 5c 8h 5s] [6d]
fsreibnitz: checks
69benji: bets $6
fsreibnitz: calls $6
*** SHOW DOWN ***
69benji: shows [Th Qh] (a pair of Fives)
fsreibnitz: shows [Tc As] (a pair of Fives - Ace kicker)
fsreibnitz collected $41.50 from pot
*** SUMMARY ***
Total pot $42 | Rake $0.50
Board [Kh 5c 8h 5s 6d]
Seat 1: 69benji (button) (small blind) showed [Th Qh] and lost with a pair of Fives
Seat 5: fsreibnitz (big blind) showed [Tc As] and won ($41.50) with a pair of Fives


