PokerStars Hand #144957551993:  Hold'em Limit ($3/$6 USD) - 2015/12/07 5:58:55 ET
Table 'Cosette II' 2-max Seat #1 is the button
Seat 1: SmellyToes4u ($125.76 in chips)
Seat 2: knysi ($26.41 in chips)
SmellyToes4u: posts small blind $1
knysi: posts big blind $3
*** HOLE CARDS ***
SmellyToes4u: folds
Uncalled bet ($2) returned to knysi
knysi collected $2 from pot
knysi: doesn't show hand
*** SUMMARY ***
Total pot $2 | Rake $0
Seat 1: SmellyToes4u (button) (small blind) folded before Flop
Seat 2: knysi (big blind) collected ($2)


PokerStars Hand #144957558032:  Hold'em Limit ($3/$6 USD) - 2015/12/07 5:59:08 ET
Table 'Cosette II' 2-max Seat #1 is the button
Seat 1: SmellyToes4u ($121.76 in chips)
Seat 2: knysi ($30.41 in chips)
SmellyToes4u: posts small blind $1
knysi: posts big blind $3
*** HOLE CARDS ***
SmellyToes4u: raises $3 to $6
knysi: folds
Uncalled bet ($3) returned to SmellyToes4u
SmellyToes4u collected $6 from pot
SmellyToes4u: doesn't show hand
*** SUMMARY ***
Total pot $6 | Rake $0
Seat 1: SmellyToes4u (button) (small blind) collected ($6)
Seat 2: knysi (big blind) folded before Flop


PokerStars Hand #144957555162:  Hold'em Limit ($3/$6 USD) - 2015/12/07 5:59:02 ET
Table 'Cosette II' 2-max Seat #2 is the button
Seat 1: SmellyToes4u ($124.76 in chips)
Seat 2: knysi ($27.41 in chips)
knysi: posts small blind $1
SmellyToes4u: posts big blind $3
*** HOLE CARDS ***
knysi: raises $3 to $6
SmellyToes4u: folds
Uncalled bet ($3) returned to knysi
knysi collected $6 from pot
knysi: doesn't show hand
*** SUMMARY ***
Total pot $6 | Rake $0
Seat 1: SmellyToes4u (big blind) folded before Flop
Seat 2: knysi (button) (small blind) collected ($6)


PokerStars Hand #144957567961:  Hold'em Limit ($3/$6 USD) - 2015/12/07 5:59:30 ET
Table 'Cosette II' 2-max Seat #1 is the button
Seat 1: SmellyToes4u ($133.40 in chips)
Seat 2: knysi ($18.41 in chips)
SmellyToes4u: posts small blind $1
knysi: posts big blind $3
*** HOLE CARDS ***
SmellyToes4u: folds
Uncalled bet ($2) returned to knysi
knysi collected $2 from pot
knysi: doesn't show hand
*** SUMMARY ***
Total pot $2 | Rake $0
Seat 1: SmellyToes4u (button) (small blind) folded before Flop
Seat 2: knysi (big blind) collected ($2)


PokerStars Hand #144957560347:  Hold'em Limit ($3/$6 USD) - 2015/12/07 5:59:13 ET
Table 'Cosette II' 2-max Seat #2 is the button
Seat 1: SmellyToes4u ($124.76 in chips)
Seat 2: knysi ($27.41 in chips)
knysi: posts small blind $1
SmellyToes4u: posts big blind $3
*** HOLE CARDS ***
knysi: raises $3 to $6
SmellyToes4u: raises $3 to $9
knysi: calls $3
*** FLOP *** [5s 3h Tc]
SmellyToes4u: bets $3
knysi: folds
Uncalled bet ($3) returned to SmellyToes4u
SmellyToes4u collected $17.64 from pot
SmellyToes4u: doesn't show hand
*** SUMMARY ***
Total pot $18 | Rake $0.36
Board [5s 3h Tc]
Seat 1: SmellyToes4u (big blind) collected ($17.64)
Seat 2: knysi (button) (small blind) folded on the Flop


PokerStars Hand #144957570372:  Hold'em Limit ($3/$6 USD) - 2015/12/07 5:59:35 ET
Table 'Cosette II' 2-max Seat #2 is the button
Seat 1: SmellyToes4u ($132.40 in chips)
Seat 2: knysi ($19.41 in chips)
knysi: posts small blind $1
SmellyToes4u: posts big blind $3
*** HOLE CARDS ***
knysi: raises $3 to $6
SmellyToes4u: raises $3 to $9
knysi: raises $3 to $12
Betting is capped
SmellyToes4u: calls $3
*** FLOP *** [8h 5s Tc]
SmellyToes4u: bets $3
knysi: raises $3 to $6
SmellyToes4u: raises $3 to $9
knysi: calls $1.41 and is all-in
Uncalled bet ($1.59) returned to SmellyToes4u
*** TURN *** [8h 5s Tc] [Qh]
*** RIVER *** [8h 5s Tc Qh] [8c]
*** SHOW DOWN ***
SmellyToes4u: shows [As 3h] (a pair of Eights)
knysi: shows [Td Ac] (two pair, Tens and Eights)
knysi collected $38.32 from pot
*** SUMMARY ***
Total pot $38.82 | Rake $0.50
Board [8h 5s Tc Qh 8c]
Seat 1: SmellyToes4u (big blind) showed [As 3h] and lost with a pair of Eights
Seat 2: knysi (button) (small blind) showed [Td Ac] and won ($38.32) with two pair, Tens and Eights


PokerStars Hand #144957583057:  Hold'em Limit ($3/$6 USD) - 2015/12/07 6:00:02 ET
Table 'Cosette II' 2-max Seat #1 is the button
Seat 1: SmellyToes4u ($112.99 in chips)
Seat 2: knysi ($38.32 in chips)
SmellyToes4u: posts small blind $1
knysi: posts big blind $3
*** HOLE CARDS ***
SmellyToes4u: folds
Uncalled bet ($2) returned to knysi
knysi collected $2 from pot
knysi: doesn't show hand
*** SUMMARY ***
Total pot $2 | Rake $0
Seat 1: SmellyToes4u (button) (small blind) folded before Flop
Seat 2: knysi (big blind) collected ($2)


PokerStars Hand #144957589408:  Hold'em Limit ($3/$6 USD) - 2015/12/07 6:00:15 ET
Table 'Cosette II' 2-max Seat #2 is the button
Seat 1: SmellyToes4u ($111.99 in chips)
Seat 2: knysi ($39.32 in chips)
knysi: posts small blind $1
SmellyToes4u: posts big blind $3
*** HOLE CARDS ***
knysi: raises $3 to $6
SmellyToes4u: calls $3
*** FLOP *** [6d Ks 3c]
SmellyToes4u: checks
knysi: checks
*** TURN *** [6d Ks 3c] [Jc]
SmellyToes4u: bets $6
knysi: raises $6 to $12
SmellyToes4u: folds
Uncalled bet ($6) returned to knysi
knysi collected $23.52 from pot
knysi: doesn't show hand
*** SUMMARY ***
Total pot $24 | Rake $0.48
Board [6d Ks 3c Jc]
Seat 1: SmellyToes4u (big blind) folded on the Turn
Seat 2: knysi (button) (small blind) collected ($23.52)


PokerStars Hand #144957599658:  Hold'em Limit ($3/$6 USD) - 2015/12/07 6:00:36 ET
Table 'Cosette II' 2-max Seat #1 is the button
Seat 1: SmellyToes4u ($99.99 in chips)
Seat 2: knysi ($50.84 in chips)
SmellyToes4u: posts small blind $1
knysi: posts big blind $3
*** HOLE CARDS ***
SmellyToes4u: folds
Uncalled bet ($2) returned to knysi
knysi collected $2 from pot
knysi: doesn't show hand
*** SUMMARY ***
Total pot $2 | Rake $0
Seat 1: SmellyToes4u (button) (small blind) folded before Flop
Seat 2: knysi (big blind) collected ($2)


PokerStars Hand #144957601904:  Hold'em Limit ($3/$6 USD) - 2015/12/07 6:00:41 ET
Table 'Cosette II' 2-max Seat #2 is the button
Seat 1: SmellyToes4u ($98.99 in chips)
Seat 2: knysi ($51.84 in chips)
knysi: posts small blind $1
SmellyToes4u: posts big blind $3
*** HOLE CARDS ***
knysi: raises $3 to $6
SmellyToes4u: raises $3 to $9
knysi: calls $3
*** FLOP *** [8c 2d Qh]
SmellyToes4u: bets $3
knysi: raises $3 to $6
SmellyToes4u: calls $3
*** TURN *** [8c 2d Qh] [5c]
SmellyToes4u: checks
knysi: bets $6
SmellyToes4u: calls $6
*** RIVER *** [8c 2d Qh 5c] [Jc]
SmellyToes4u: bets $6
knysi: raises $6 to $12
SmellyToes4u: calls $6
*** SHOW DOWN ***
knysi: shows [3s Qc] (a pair of Queens)
SmellyToes4u: mucks hand
knysi collected $65.50 from pot
*** SUMMARY ***
Total pot $66 | Rake $0.50
Board [8c 2d Qh 5c Jc]
Seat 1: SmellyToes4u (big blind) mucked
Seat 2: knysi (button) (small blind) showed [3s Qc] and won ($65.50) with a pair of Queens


PokerStars Hand #144957627777:  Hold'em Limit ($3/$6 USD) - 2015/12/07 6:01:33 ET
Table 'Cosette II' 2-max Seat #2 is the button
Seat 1: SmellyToes4u ($50.99 in chips)
Seat 2: knysi ($98.84 in chips)
knysi: posts small blind $1
SmellyToes4u: posts big blind $3
*** HOLE CARDS ***
knysi: folds
Uncalled bet ($2) returned to SmellyToes4u
SmellyToes4u collected $2 from pot
SmellyToes4u: doesn't show hand
*** SUMMARY ***
Total pot $2 | Rake $0
Seat 1: SmellyToes4u (big blind) collected ($2)
Seat 2: knysi (button) (small blind) folded before Flop


PokerStars Hand #144957614963:  Hold'em Limit ($3/$6 USD) - 2015/12/07 6:01:07 ET
Table 'Cosette II' 2-max Seat #1 is the button
Seat 1: SmellyToes4u ($65.99 in chips)
Seat 2: knysi ($84.34 in chips)
SmellyToes4u: posts small blind $1
knysi: posts big blind $3
*** HOLE CARDS ***
SmellyToes4u: raises $3 to $6
knysi: calls $3
*** FLOP *** [2d Qs 2s]
knysi: checks
SmellyToes4u: bets $3
knysi: calls $3
*** TURN *** [2d Qs 2s] [8d]
knysi: checks
SmellyToes4u: bets $6
knysi: raises $6 to $12
SmellyToes4u: folds
Uncalled bet ($6) returned to knysi
knysi collected $29.50 from pot
knysi: doesn't show hand
*** SUMMARY ***
Total pot $30 | Rake $0.50
Board [2d Qs 2s 8d]
Seat 1: SmellyToes4u (button) (small blind) folded on the Turn
Seat 2: knysi (big blind) collected ($29.50)


PokerStars Hand #144957642575:  Hold'em Limit ($3/$6 USD) - 2015/12/07 6:02:02 ET
Table 'Cosette II' 2-max Seat #2 is the button
Seat 1: SmellyToes4u ($36.99 in chips)
Seat 2: knysi ($112.34 in chips)
knysi: posts small blind $1
SmellyToes4u: posts big blind $3
*** HOLE CARDS ***
knysi: folds
Uncalled bet ($2) returned to SmellyToes4u
SmellyToes4u collected $2 from pot
SmellyToes4u: doesn't show hand
*** SUMMARY ***
Total pot $2 | Rake $0
Seat 1: SmellyToes4u (big blind) collected ($2)
Seat 2: knysi (button) (small blind) folded before Flop


PokerStars Hand #144957630366:  Hold'em Limit ($3/$6 USD) - 2015/12/07 6:01:38 ET
Table 'Cosette II' 2-max Seat #1 is the button
Seat 1: SmellyToes4u ($51.99 in chips)
Seat 2: knysi ($97.84 in chips)
SmellyToes4u: posts small blind $1
knysi: posts big blind $3
*** HOLE CARDS ***
SmellyToes4u: raises $3 to $6
knysi: calls $3
*** FLOP *** [8s 7c Qc]
knysi: checks
SmellyToes4u: bets $3
knysi: calls $3
*** TURN *** [8s 7c Qc] [Jh]
knysi: checks
SmellyToes4u: checks
*** RIVER *** [8s 7c Qc Jh] [2s]
knysi: bets $6
SmellyToes4u: calls $6
*** SHOW DOWN ***
knysi: shows [5c Qh] (a pair of Queens)
SmellyToes4u: mucks hand
knysi collected $29.50 from pot
*** SUMMARY ***
Total pot $30 | Rake $0.50
Board [8s 7c Qc Jh 2s]
Seat 1: SmellyToes4u (button) (small blind) mucked
Seat 2: knysi (big blind) showed [5c Qh] and won ($29.50) with a pair of Queens


PokerStars Hand #144957645539:  Hold'em Limit ($3/$6 USD) - 2015/12/07 6:02:07 ET
Table 'Cosette II' 2-max Seat #1 is the button
Seat 1: SmellyToes4u ($37.99 in chips)
Seat 2: knysi ($111.34 in chips)
SmellyToes4u: posts small blind $1
knysi: posts big blind $3
*** HOLE CARDS ***
SmellyToes4u: raises $3 to $6
knysi: calls $3
*** FLOP *** [6c Ac Td]
knysi: checks
SmellyToes4u: bets $3
knysi: folds
Uncalled bet ($3) returned to SmellyToes4u
SmellyToes4u collected $11.76 from pot
SmellyToes4u: doesn't show hand
*** SUMMARY ***
Total pot $12 | Rake $0.24
Board [6c Ac Td]
Seat 1: SmellyToes4u (button) (small blind) collected ($11.76)
Seat 2: knysi (big blind) folded on the Flop


PokerStars Hand #144957651541:  Hold'em Limit ($3/$6 USD) - 2015/12/07 6:02:18 ET
Table 'Cosette II' 2-max Seat #2 is the button
Seat 1: SmellyToes4u ($43.75 in chips)
Seat 2: knysi ($105.34 in chips)
knysi: posts small blind $1
SmellyToes4u: posts big blind $3
*** HOLE CARDS ***
knysi: folds
Uncalled bet ($2) returned to SmellyToes4u
SmellyToes4u collected $2 from pot
SmellyToes4u: doesn't show hand
*** SUMMARY ***
Total pot $2 | Rake $0
Seat 1: SmellyToes4u (big blind) collected ($2)
Seat 2: knysi (button) (small blind) folded before Flop


PokerStars Hand #144957654825:  Hold'em Limit ($3/$6 USD) - 2015/12/07 6:02:25 ET
Table 'Cosette II' 2-max Seat #1 is the button
Seat 1: SmellyToes4u ($44.75 in chips)
Seat 2: knysi ($104.34 in chips)
SmellyToes4u: posts small blind $1
knysi: posts big blind $3
*** HOLE CARDS ***
SmellyToes4u: raises $3 to $6
knysi: calls $3
*** FLOP *** [Kd 6c 8s]
knysi: checks
SmellyToes4u: bets $3
knysi: calls $3
*** TURN *** [Kd 6c 8s] [7d]
knysi: checks
SmellyToes4u: checks
*** RIVER *** [Kd 6c 8s 7d] [5h]
knysi: bets $6
SmellyToes4u: folds
Uncalled bet ($6) returned to knysi
knysi collected $17.64 from pot
knysi: doesn't show hand
*** SUMMARY ***
Total pot $18 | Rake $0.36
Board [Kd 6c 8s 7d 5h]
Seat 1: SmellyToes4u (button) (small blind) folded on the River
Seat 2: knysi (big blind) collected ($17.64)


PokerStars Hand #144957667457:  Hold'em Limit ($3/$6 USD) - 2015/12/07 6:02:49 ET
Table 'Cosette II' 2-max Seat #2 is the button
Seat 1: SmellyToes4u ($35.75 in chips)
Seat 2: knysi ($112.98 in chips)
knysi: posts small blind $1
SmellyToes4u: posts big blind $3
*** HOLE CARDS ***
knysi: raises $3 to $6
SmellyToes4u: calls $3
*** FLOP *** [8h 8s Jh]
SmellyToes4u: checks
knysi: checks
*** TURN *** [8h 8s Jh] [Kc]
SmellyToes4u: bets $6
knysi: calls $6
*** RIVER *** [8h 8s Jh Kc] [2c]
SmellyToes4u: checks
knysi: checks
*** SHOW DOWN ***
SmellyToes4u: shows [Th 7c] (a pair of Eights)
knysi: shows [2h 6h] (two pair, Eights and Deuces)
knysi collected $23.52 from pot
*** SUMMARY ***
Total pot $24 | Rake $0.48
Board [8h 8s Jh Kc 2c]
Seat 1: SmellyToes4u (big blind) showed [Th 7c] and lost with a pair of Eights
Seat 2: knysi (button) (small blind) showed [2h 6h] and won ($23.52) with two pair, Eights and Deuces


PokerStars Hand #144957677269:  Hold'em Limit ($3/$6 USD) - 2015/12/07 6:03:08 ET
Table 'Cosette II' 2-max Seat #1 is the button
Seat 1: SmellyToes4u ($23.75 in chips)
Seat 2: knysi ($124.50 in chips)
SmellyToes4u: posts small blind $1
knysi: posts big blind $3
*** HOLE CARDS ***
SmellyToes4u: raises $3 to $6
knysi: folds
Uncalled bet ($3) returned to SmellyToes4u
SmellyToes4u collected $6 from pot
SmellyToes4u: doesn't show hand
*** SUMMARY ***
Total pot $6 | Rake $0
Seat 1: SmellyToes4u (button) (small blind) collected ($6)
Seat 2: knysi (big blind) folded before Flop


PokerStars Hand #144957679859:  Hold'em Limit ($3/$6 USD) - 2015/12/07 6:03:13 ET
Table 'Cosette II' 2-max Seat #2 is the button
Seat 1: SmellyToes4u ($26.75 in chips)
Seat 2: knysi ($121.50 in chips)
knysi: posts small blind $1
SmellyToes4u: posts big blind $3
*** HOLE CARDS ***
knysi: raises $3 to $6
SmellyToes4u: folds
Uncalled bet ($3) returned to knysi
knysi collected $6 from pot
knysi: doesn't show hand
*** SUMMARY ***
Total pot $6 | Rake $0
Seat 1: SmellyToes4u (big blind) folded before Flop
Seat 2: knysi (button) (small blind) collected ($6)


PokerStars Hand #144957684328:  Hold'em Limit ($3/$6 USD) - 2015/12/07 6:03:21 ET
Table 'Cosette II' 2-max Seat #1 is the button
Seat 1: SmellyToes4u ($83.75 in chips)
Seat 2: knysi ($124.50 in chips)
SmellyToes4u: posts small blind $1
knysi: posts big blind $3
*** HOLE CARDS ***
SmellyToes4u: raises $3 to $6
knysi: calls $3
*** FLOP *** [Js Td 9h]
knysi: checks
SmellyToes4u: bets $3
knysi: calls $3
*** TURN *** [Js Td 9h] [6s]
knysi: checks
SmellyToes4u: bets $6
knysi: folds
Uncalled bet ($6) returned to SmellyToes4u
SmellyToes4u collected $17.64 from pot
SmellyToes4u: doesn't show hand
*** SUMMARY ***
Total pot $18 | Rake $0.36
Board [Js Td 9h 6s]
Seat 1: SmellyToes4u (button) (small blind) collected ($17.64)
Seat 2: knysi (big blind) folded on the Turn


PokerStars Hand #144957694113:  Hold'em Limit ($3/$6 USD) - 2015/12/07 6:03:40 ET
Table 'Cosette II' 2-max Seat #2 is the button
Seat 1: SmellyToes4u ($92.39 in chips)
Seat 2: knysi ($115.50 in chips)
knysi: posts small blind $1
SmellyToes4u: posts big blind $3
*** HOLE CARDS ***
knysi: raises $3 to $6
SmellyToes4u: calls $3
*** FLOP *** [5s 3c Ah]
SmellyToes4u: checks
knysi: checks
*** TURN *** [5s 3c Ah] [7c]
SmellyToes4u: bets $6
knysi: calls $6
*** RIVER *** [5s 3c Ah 7c] [Jd]
SmellyToes4u: bets $6
knysi: calls $6
*** SHOW DOWN ***
SmellyToes4u: shows [8c 6s] (high card Ace)
knysi: shows [3s 4s] (a pair of Threes)
knysi collected $35.50 from pot
*** SUMMARY ***
Total pot $36 | Rake $0.50
Board [5s 3c Ah 7c Jd]
Seat 1: SmellyToes4u (big blind) showed [8c 6s] and lost with high card Ace
Seat 2: knysi (button) (small blind) showed [3s 4s] and won ($35.50) with a pair of Threes


PokerStars Hand #144957703263:  Hold'em Limit ($3/$6 USD) - 2015/12/07 6:03:57 ET
Table 'Cosette II' 2-max Seat #1 is the button
Seat 1: SmellyToes4u ($74.39 in chips)
Seat 2: knysi ($133 in chips)
SmellyToes4u: posts small blind $1
knysi: posts big blind $3
*** HOLE CARDS ***
SmellyToes4u: folds
Uncalled bet ($2) returned to knysi
knysi collected $2 from pot
knysi: doesn't show hand
*** SUMMARY ***
Total pot $2 | Rake $0
Seat 1: SmellyToes4u (button) (small blind) folded before Flop
Seat 2: knysi (big blind) collected ($2)


PokerStars Hand #144957709127:  Hold'em Limit ($3/$6 USD) - 2015/12/07 6:04:08 ET
Table 'Cosette II' 2-max Seat #2 is the button
Seat 1: SmellyToes4u ($73.39 in chips)
Seat 2: knysi ($134 in chips)
knysi: posts small blind $1
SmellyToes4u: posts big blind $3
*** HOLE CARDS ***
knysi: folds
Uncalled bet ($2) returned to SmellyToes4u
SmellyToes4u collected $2 from pot
SmellyToes4u: doesn't show hand
*** SUMMARY ***
Total pot $2 | Rake $0
Seat 1: SmellyToes4u (big blind) collected ($2)
Seat 2: knysi (button) (small blind) folded before Flop


PokerStars Hand #144957711714:  Hold'em Limit ($3/$6 USD) - 2015/12/07 6:04:13 ET
Table 'Cosette II' 2-max Seat #1 is the button
Seat 1: SmellyToes4u ($74.39 in chips)
Seat 2: knysi ($133 in chips)
SmellyToes4u: posts small blind $1
knysi: posts big blind $3
*** HOLE CARDS ***
SmellyToes4u: raises $3 to $6
knysi: calls $3
*** FLOP *** [8s 8c 3h]
knysi: checks
SmellyToes4u: bets $3
knysi: calls $3
*** TURN *** [8s 8c 3h] [Js]
knysi: checks
SmellyToes4u: bets $6
knysi: folds
Uncalled bet ($6) returned to SmellyToes4u
SmellyToes4u collected $17.64 from pot
SmellyToes4u: doesn't show hand
*** SUMMARY ***
Total pot $18 | Rake $0.36
Board [8s 8c 3h Js]
Seat 1: SmellyToes4u (button) (small blind) collected ($17.64)
Seat 2: knysi (big blind) folded on the Turn


PokerStars Hand #144957719934:  Hold'em Limit ($3/$6 USD) - 2015/12/07 6:04:28 ET
Table 'Cosette II' 2-max Seat #2 is the button
Seat 1: SmellyToes4u ($83.03 in chips)
Seat 2: knysi ($124 in chips)
knysi: posts small blind $1
SmellyToes4u: posts big blind $3
*** HOLE CARDS ***
knysi: folds
Uncalled bet ($2) returned to SmellyToes4u
SmellyToes4u collected $2 from pot
SmellyToes4u: doesn't show hand
*** SUMMARY ***
Total pot $2 | Rake $0
Seat 1: SmellyToes4u (big blind) collected ($2)
Seat 2: knysi (button) (small blind) folded before Flop


PokerStars Hand #144957723499:  Hold'em Limit ($3/$6 USD) - 2015/12/07 6:04:35 ET
Table 'Cosette II' 2-max Seat #1 is the button
Seat 1: SmellyToes4u ($84.03 in chips)
Seat 2: knysi ($123 in chips)
SmellyToes4u: posts small blind $1
knysi: posts big blind $3
*** HOLE CARDS ***
SmellyToes4u: raises $3 to $6
knysi: raises $3 to $9
SmellyToes4u: calls $3
*** FLOP *** [Jc Th 8c]
knysi: bets $3
SmellyToes4u: folds
Uncalled bet ($3) returned to knysi
knysi collected $17.64 from pot
knysi: doesn't show hand
*** SUMMARY ***
Total pot $18 | Rake $0.36
Board [Jc Th 8c]
Seat 1: SmellyToes4u (button) (small blind) folded on the Flop
Seat 2: knysi (big blind) collected ($17.64)


PokerStars Hand #144957732285:  Hold'em Limit ($3/$6 USD) - 2015/12/07 6:04:51 ET
Table 'Cosette II' 2-max Seat #2 is the button
Seat 1: SmellyToes4u ($75.03 in chips)
Seat 2: knysi ($131.64 in chips)
knysi: posts small blind $1
SmellyToes4u: posts big blind $3
*** HOLE CARDS ***
knysi: raises $3 to $6
SmellyToes4u: raises $3 to $9
knysi: calls $3
*** FLOP *** [As Kh 6s]
SmellyToes4u: bets $3
knysi: calls $3
*** TURN *** [As Kh 6s] [8d]
SmellyToes4u: checks
knysi: checks
*** RIVER *** [As Kh 6s 8d] [Th]
SmellyToes4u: bets $6
knysi: calls $6
*** SHOW DOWN ***
SmellyToes4u: shows [Jh Ts] (a pair of Tens)
knysi: mucks hand
SmellyToes4u collected $35.50 from pot
*** SUMMARY ***
Total pot $36 | Rake $0.50
Board [As Kh 6s 8d Th]
Seat 1: SmellyToes4u (big blind) showed [Jh Ts] and won ($35.50) with a pair of Tens
Seat 2: knysi (button) (small blind) mucked


PokerStars Hand #144957746548:  Hold'em Limit ($3/$6 USD) - 2015/12/07 6:05:18 ET
Table 'Cosette II' 2-max Seat #1 is the button
Seat 1: SmellyToes4u ($92.53 in chips)
Seat 2: knysi ($113.64 in chips)
SmellyToes4u: posts small blind $1
knysi: posts big blind $3
*** HOLE CARDS ***
SmellyToes4u: raises $3 to $6
knysi: folds
Uncalled bet ($3) returned to SmellyToes4u
SmellyToes4u collected $6 from pot
SmellyToes4u: doesn't show hand
*** SUMMARY ***
Total pot $6 | Rake $0
Seat 1: SmellyToes4u (button) (small blind) collected ($6)
Seat 2: knysi (big blind) folded before Flop


PokerStars Hand #144957758676:  Hold'em Limit ($3/$6 USD) - 2015/12/07 6:05:41 ET
Table 'Cosette II' 2-max Seat #1 is the button
Seat 1: SmellyToes4u ($119.03 in chips)
Seat 2: knysi ($86.64 in chips)
SmellyToes4u: posts small blind $1
knysi: posts big blind $3
*** HOLE CARDS ***
SmellyToes4u: raises $3 to $6
knysi: folds
Uncalled bet ($3) returned to SmellyToes4u
SmellyToes4u collected $6 from pot
SmellyToes4u: doesn't show hand
*** SUMMARY ***
Total pot $6 | Rake $0
Seat 1: SmellyToes4u (button) (small blind) collected ($6)
Seat 2: knysi (big blind) folded before Flop


PokerStars Hand #144957750427:  Hold'em Limit ($3/$6 USD) - 2015/12/07 6:05:25 ET
Table 'Cosette II' 2-max Seat #2 is the button
Seat 1: SmellyToes4u ($95.53 in chips)
Seat 2: knysi ($110.64 in chips)
knysi: posts small blind $1
SmellyToes4u: posts big blind $3
*** HOLE CARDS ***
knysi: raises $3 to $6
SmellyToes4u: calls $3
*** FLOP *** [6s Qh 4d]
SmellyToes4u: checks
knysi: bets $3
SmellyToes4u: raises $3 to $6
knysi: calls $3
*** TURN *** [6s Qh 4d] [Js]
SmellyToes4u: bets $6
knysi: calls $6
*** RIVER *** [6s Qh 4d Js] [3c]
SmellyToes4u: bets $6
knysi: calls $6
*** SHOW DOWN ***
SmellyToes4u: shows [5h 2h] (a straight, Deuce to Six)
knysi: mucks hand
SmellyToes4u collected $47.50 from pot
*** SUMMARY ***
Total pot $48 | Rake $0.50
Board [6s Qh 4d Js 3c]
Seat 1: SmellyToes4u (big blind) showed [5h 2h] and won ($47.50) with a straight, Deuce to Six
Seat 2: knysi (button) (small blind) mucked


PokerStars Hand #144957763284:  Hold'em Limit ($3/$6 USD) - 2015/12/07 6:05:50 ET
Table 'Cosette II' 2-max Seat #2 is the button
Seat 1: SmellyToes4u ($122.03 in chips)
Seat 2: knysi ($83.64 in chips)
knysi: posts small blind $1
SmellyToes4u: posts big blind $3
*** HOLE CARDS ***
knysi: raises $3 to $6
SmellyToes4u: folds
Uncalled bet ($3) returned to knysi
knysi collected $6 from pot
knysi: doesn't show hand
*** SUMMARY ***
Total pot $6 | Rake $0
Seat 1: SmellyToes4u (big blind) folded before Flop
Seat 2: knysi (button) (small blind) collected ($6)


PokerStars Hand #144957768004:  Hold'em Limit ($3/$6 USD) - 2015/12/07 6:05:58 ET
Table 'Cosette II' 2-max Seat #1 is the button
Seat 1: SmellyToes4u ($119.03 in chips)
Seat 2: knysi ($86.64 in chips)
SmellyToes4u: posts small blind $1
knysi: posts big blind $3
*** HOLE CARDS ***
SmellyToes4u: folds
Uncalled bet ($2) returned to knysi
knysi collected $2 from pot
knysi: doesn't show hand
*** SUMMARY ***
Total pot $2 | Rake $0
Seat 1: SmellyToes4u (button) (small blind) folded before Flop
Seat 2: knysi (big blind) collected ($2)


PokerStars Hand #144957772934:  Hold'em Limit ($3/$6 USD) - 2015/12/07 6:06:08 ET
Table 'Cosette II' 2-max Seat #2 is the button
Seat 1: SmellyToes4u ($118.03 in chips)
Seat 2: knysi ($87.64 in chips)
knysi: posts small blind $1
SmellyToes4u: posts big blind $3
*** HOLE CARDS ***
knysi: raises $3 to $6
SmellyToes4u: raises $3 to $9
knysi: calls $3
*** FLOP *** [7s 3d Qc]
SmellyToes4u: bets $3
knysi: calls $3
*** TURN *** [7s 3d Qc] [7h]
SmellyToes4u: bets $6
knysi: folds
Uncalled bet ($6) returned to SmellyToes4u
SmellyToes4u collected $23.52 from pot
SmellyToes4u: doesn't show hand
*** SUMMARY ***
Total pot $24 | Rake $0.48
Board [7s 3d Qc 7h]
Seat 1: SmellyToes4u (big blind) collected ($23.52)
Seat 2: knysi (button) (small blind) folded on the Turn


PokerStars Hand #144957782975:  Hold'em Limit ($3/$6 USD) - 2015/12/07 6:06:26 ET
Table 'Cosette II' 2-max Seat #1 is the button
Seat 1: SmellyToes4u ($129.55 in chips)
Seat 2: knysi ($75.64 in chips)
SmellyToes4u: posts small blind $1
knysi: posts big blind $3
*** HOLE CARDS ***
SmellyToes4u: raises $3 to $6
knysi: calls $3
*** FLOP *** [2h 5h 3s]
knysi: checks
SmellyToes4u: bets $3
knysi: calls $3
*** TURN *** [2h 5h 3s] [Tc]
knysi: checks
SmellyToes4u: bets $6
knysi: calls $6
*** RIVER *** [2h 5h 3s Tc] [7s]
knysi: checks
SmellyToes4u: bets $6
knysi: folds
Uncalled bet ($6) returned to SmellyToes4u
SmellyToes4u collected $29.50 from pot
SmellyToes4u: doesn't show hand
*** SUMMARY ***
Total pot $30 | Rake $0.50
Board [2h 5h 3s Tc 7s]
Seat 1: SmellyToes4u (button) (small blind) collected ($29.50)
Seat 2: knysi (big blind) folded on the River


PokerStars Hand #144957801432:  Hold'em Limit ($3/$6 USD) - 2015/12/07 6:07:01 ET
Table 'Cosette II' 2-max Seat #2 is the button
Seat 1: SmellyToes4u ($144.05 in chips)
Seat 2: knysi ($60.64 in chips)
knysi: posts small blind $1
SmellyToes4u: posts big blind $3
*** HOLE CARDS ***
knysi: raises $3 to $6
SmellyToes4u: calls $3
*** FLOP *** [9h 7d Ac]
SmellyToes4u: checks
knysi: bets $3
SmellyToes4u: folds
Uncalled bet ($3) returned to knysi
knysi collected $11.76 from pot
knysi: doesn't show hand
*** SUMMARY ***
Total pot $12 | Rake $0.24
Board [9h 7d Ac]
Seat 1: SmellyToes4u (big blind) folded on the Flop
Seat 2: knysi (button) (small blind) collected ($11.76)


PokerStars Hand #144957813341:  Hold'em Limit ($3/$6 USD) - 2015/12/07 6:07:24 ET
Table 'Cosette II' 2-max Seat #1 is the button
Seat 1: SmellyToes4u ($138.05 in chips)
Seat 2: knysi ($66.40 in chips)
SmellyToes4u: posts small blind $1
knysi: posts big blind $3
*** HOLE CARDS ***
SmellyToes4u: raises $3 to $6
knysi: calls $3
*** FLOP *** [9h 8c 5s]
knysi: checks
SmellyToes4u: bets $3
knysi: calls $3
*** TURN *** [9h 8c 5s] [2h]
knysi: checks
SmellyToes4u: checks
*** RIVER *** [9h 8c 5s 2h] [3c]
knysi: bets $6
SmellyToes4u: calls $6
*** SHOW DOWN ***
knysi: shows [Ts 8h] (a pair of Eights)
SmellyToes4u: mucks hand
knysi collected $29.50 from pot
*** SUMMARY ***
Total pot $30 | Rake $0.50
Board [9h 8c 5s 2h 3c]
Seat 1: SmellyToes4u (button) (small blind) mucked
Seat 2: knysi (big blind) showed [Ts 8h] and won ($29.50) with a pair of Eights


PokerStars Hand #144957845496:  Hold'em Limit ($3/$6 USD) - 2015/12/07 6:08:26 ET
Table 'Cosette II' 2-max Seat #2 is the button
Seat 1: SmellyToes4u ($104.05 in chips)
Seat 2: knysi ($99.40 in chips)
knysi: posts small blind $1
SmellyToes4u: posts big blind $3
*** HOLE CARDS ***
knysi: folds
Uncalled bet ($2) returned to SmellyToes4u
SmellyToes4u collected $2 from pot
SmellyToes4u: doesn't show hand
*** SUMMARY ***
Total pot $2 | Rake $0
Seat 1: SmellyToes4u (big blind) collected ($2)
Seat 2: knysi (button) (small blind) folded before Flop


PokerStars Hand #144957843200:  Hold'em Limit ($3/$6 USD) - 2015/12/07 6:08:21 ET
Table 'Cosette II' 2-max Seat #1 is the button
Seat 1: SmellyToes4u ($105.05 in chips)
Seat 2: knysi ($98.40 in chips)
SmellyToes4u: posts small blind $1
knysi: posts big blind $3
*** HOLE CARDS ***
SmellyToes4u: folds
Uncalled bet ($2) returned to knysi
knysi collected $2 from pot
knysi: doesn't show hand
*** SUMMARY ***
Total pot $2 | Rake $0
Seat 1: SmellyToes4u (button) (small blind) folded before Flop
Seat 2: knysi (big blind) collected ($2)


PokerStars Hand #144957834235:  Hold'em Limit ($3/$6 USD) - 2015/12/07 6:08:04 ET
Table 'Cosette II' 2-max Seat #2 is the button
Seat 1: SmellyToes4u ($123.05 in chips)
Seat 2: knysi ($80.90 in chips)
knysi: posts small blind $1
SmellyToes4u: posts big blind $3
*** HOLE CARDS ***
knysi: raises $3 to $6
SmellyToes4u: calls $3
*** FLOP *** [Js 7c 4c]
SmellyToes4u: checks
knysi: checks
*** TURN *** [Js 7c 4c] [7d]
SmellyToes4u: bets $6
knysi: calls $6
*** RIVER *** [Js 7c 4c 7d] [Ad]
SmellyToes4u: checks
knysi: bets $6
SmellyToes4u: calls $6
*** SHOW DOWN ***
knysi: shows [5d Ah] (two pair, Aces and Sevens)
SmellyToes4u: mucks hand
knysi collected $35.50 from pot
*** SUMMARY ***
Total pot $36 | Rake $0.50
Board [Js 7c 4c 7d Ad]
Seat 1: SmellyToes4u (big blind) mucked
Seat 2: knysi (button) (small blind) showed [5d Ah] and won ($35.50) with two pair, Aces and Sevens


PokerStars Hand #144957847776:  Hold'em Limit ($3/$6 USD) - 2015/12/07 6:08:30 ET
Table 'Cosette II' 2-max Seat #1 is the button
Seat 1: SmellyToes4u ($105.05 in chips)
Seat 2: knysi ($98.40 in chips)
SmellyToes4u: posts small blind $1
knysi: posts big blind $3
*** HOLE CARDS ***
SmellyToes4u: raises $3 to $6
knysi: calls $3
*** FLOP *** [Kd Th 9s]
knysi: checks
SmellyToes4u: bets $3
knysi: raises $3 to $6
SmellyToes4u: calls $3
*** TURN *** [Kd Th 9s] [8d]
knysi: bets $6
SmellyToes4u: raises $6 to $12
knysi: raises $6 to $18
SmellyToes4u: calls $6
*** RIVER *** [Kd Th 9s 8d] [6s]
knysi: bets $6
SmellyToes4u: calls $6
*** SHOW DOWN ***
knysi: shows [As Ac] (a pair of Aces)
SmellyToes4u: shows [9d Kc] (two pair, Kings and Nines)
SmellyToes4u collected $71.50 from pot
*** SUMMARY ***
Total pot $72 | Rake $0.50
Board [Kd Th 9s 8d 6s]
Seat 1: SmellyToes4u (button) (small blind) showed [9d Kc] and won ($71.50) with two pair, Kings and Nines
Seat 2: knysi (big blind) showed [As Ac] and lost with a pair of Aces


PokerStars Hand #144957859699:  Hold'em Limit ($3/$6 USD) - 2015/12/07 6:08:52 ET
Table 'Cosette II' 2-max Seat #2 is the button
Seat 1: SmellyToes4u ($140.55 in chips)
Seat 2: knysi ($62.40 in chips)
knysi: posts small blind $1
SmellyToes4u: posts big blind $3
*** HOLE CARDS ***
knysi: raises $3 to $6
SmellyToes4u: calls $3
*** FLOP *** [3h 6d 7s]
SmellyToes4u: checks
knysi: checks
*** TURN *** [3h 6d 7s] [Ac]
SmellyToes4u: checks
knysi: checks
*** RIVER *** [3h 6d 7s Ac] [5c]
SmellyToes4u: bets $6
knysi: raises $6 to $12
SmellyToes4u: calls $6
*** SHOW DOWN ***
knysi: shows [8h 4h] (a straight, Four to Eight)
SmellyToes4u: mucks hand
knysi collected $35.50 from pot
*** SUMMARY ***
Total pot $36 | Rake $0.50
Board [3h 6d 7s Ac 5c]
Seat 1: SmellyToes4u (big blind) mucked
Seat 2: knysi (button) (small blind) showed [8h 4h] and won ($35.50) with a straight, Four to Eight


PokerStars Hand #144957874591:  Hold'em Limit ($3/$6 USD) - 2015/12/07 6:09:21 ET
Table 'Cosette II' 2-max Seat #1 is the button
Seat 1: SmellyToes4u ($126.55 in chips)
Seat 2: knysi ($75.90 in chips)
SmellyToes4u: posts small blind $1
knysi: posts big blind $3
*** HOLE CARDS ***
SmellyToes4u: raises $3 to $6
knysi: folds
Uncalled bet ($3) returned to SmellyToes4u
SmellyToes4u collected $6 from pot
SmellyToes4u: doesn't show hand
*** SUMMARY ***
Total pot $6 | Rake $0
Seat 1: SmellyToes4u (button) (small blind) collected ($6)
Seat 2: knysi (big blind) folded before Flop


PokerStars Hand #144957885646:  Hold'em Limit ($3/$6 USD) - 2015/12/07 6:09:42 ET
Table 'Cosette II' 2-max Seat #1 is the button
Seat 1: SmellyToes4u ($129.31 in chips)
Seat 2: knysi ($72.66 in chips)
SmellyToes4u: posts small blind $1
knysi: posts big blind $3
*** HOLE CARDS ***
SmellyToes4u: raises $3 to $6
knysi: folds
Uncalled bet ($3) returned to SmellyToes4u
SmellyToes4u collected $6 from pot
SmellyToes4u: doesn't show hand
knysi leaves the table
*** SUMMARY ***
Total pot $6 | Rake $0
Seat 1: SmellyToes4u (button) (small blind) collected ($6)
Seat 2: knysi (big blind) folded before Flop


PokerStars Hand #144957877635:  Hold'em Limit ($3/$6 USD) - 2015/12/07 6:09:26 ET
Table 'Cosette II' 2-max Seat #2 is the button
Seat 1: SmellyToes4u ($129.55 in chips)
Seat 2: knysi ($72.90 in chips)
knysi: posts small blind $1
SmellyToes4u: posts big blind $3
*** HOLE CARDS ***
knysi: raises $3 to $6
SmellyToes4u: raises $3 to $9
knysi: calls $3
*** FLOP *** [Jc Qd 7h]
SmellyToes4u: bets $3
knysi: calls $3
*** TURN *** [Jc Qd 7h] [Tc]
SmellyToes4u: checks
knysi: checks
*** RIVER *** [Jc Qd 7h Tc] [Ah]
SmellyToes4u: checks
knysi: checks
*** SHOW DOWN ***
SmellyToes4u: shows [7d 5d] (a pair of Sevens)
knysi: shows [7c 8c] (a pair of Sevens)
SmellyToes4u collected $11.76 from pot
knysi collected $11.76 from pot
*** SUMMARY ***
Total pot $24 | Rake $0.48
Board [Jc Qd 7h Tc Ah]
Seat 1: SmellyToes4u (big blind) showed [7d 5d] and won ($11.76) with a pair of Sevens
Seat 2: knysi (button) (small blind) showed [7c 8c] and won ($11.76) with a pair of Sevens


PokerStars Hand #144957872285:  Hold'em Limit ($3/$6 USD) - 2015/12/07 6:09:16 ET
Table 'Cosette II' 2-max Seat #2 is the button
Seat 1: SmellyToes4u ($125.55 in chips)
Seat 2: knysi ($76.90 in chips)
knysi: posts small blind $1
SmellyToes4u: posts big blind $3
*** HOLE CARDS ***
knysi: folds
Uncalled bet ($2) returned to SmellyToes4u
SmellyToes4u collected $2 from pot
SmellyToes4u: doesn't show hand
*** SUMMARY ***
Total pot $2 | Rake $0
Seat 1: SmellyToes4u (big blind) collected ($2)
Seat 2: knysi (button) (small blind) folded before Flop


PokerStars Hand #144957869285:  Hold'em Limit ($3/$6 USD) - 2015/12/07 6:09:10 ET
Table 'Cosette II' 2-max Seat #1 is the button
Seat 1: SmellyToes4u ($122.55 in chips)
Seat 2: knysi ($79.90 in chips)
SmellyToes4u: posts small blind $1
knysi: posts big blind $3
*** HOLE CARDS ***
SmellyToes4u: raises $3 to $6
knysi: folds
Uncalled bet ($3) returned to SmellyToes4u
SmellyToes4u collected $6 from pot
SmellyToes4u: doesn't show hand
*** SUMMARY ***
Total pot $6 | Rake $0
Seat 1: SmellyToes4u (button) (small blind) collected ($6)
Seat 2: knysi (big blind) folded before Flop


