PokerStars Hand #176050497255:  Hold'em Limit ($3/$6 USD) - 2017/09/24 5:41:37 ET
Table 'Cosima' 6-max Seat #4 is the button
Seat 1: Robisss3 ($82.36 in chips)
Seat 4: VolkovDmitri ($121 in chips)
VolkovDmitri: posts small blind $1
Robisss3: posts big blind $3
*** HOLE CARDS ***
VolkovDmitri: raises $3 to $6
Robisss3: calls $3
*** FLOP *** [5c Ks Jh]
Robisss3: checks
VolkovDmitri: bets $3
Robisss3: folds
Uncalled bet ($3) returned to VolkovDmitri
VolkovDmitri collected $11.76 from pot
VolkovDmitri: doesn't show hand
*** SUMMARY ***
Total pot $12 | Rake $0.24
Board [5c Ks Jh]
Seat 1: Robisss3 (big blind) folded on the Flop
Seat 4: VolkovDmitri (button) (small blind) collected ($11.76)


PokerStars Hand #176050494886:  Hold'em Limit ($3/$6 USD) - 2017/09/24 5:41:31 ET
Table 'Cosima' 6-max Seat #1 is the button
Seat 1: Robisss3 ($83.36 in chips)
Seat 4: VolkovDmitri ($120 in chips)
Robisss3: posts small blind $1
VolkovDmitri: posts big blind $3
*** HOLE CARDS ***
Robisss3: folds
Uncalled bet ($2) returned to VolkovDmitri
VolkovDmitri collected $2 from pot
VolkovDmitri: doesn't show hand
*** SUMMARY ***
Total pot $2 | Rake $0
Seat 1: Robisss3 (button) (small blind) folded before Flop
Seat 4: VolkovDmitri (big blind) collected ($2)


PokerStars Hand #176050482825:  Hold'em Limit ($3/$6 USD) - 2017/09/24 5:41:00 ET
Table 'Cosima' 6-max Seat #4 is the button
Seat 1: Robisss3 ($74.72 in chips)
Seat 4: VolkovDmitri ($125.76 in chips)
VolkovDmitri: posts small blind $1
Robisss3: posts big blind $3
*** HOLE CARDS ***
VolkovDmitri: raises $3 to $6
Robisss3: raises $3 to $9
VolkovDmitri: calls $3
*** FLOP *** [Td 8h 9s]
Robisss3: bets $3
VolkovDmitri: folds
Uncalled bet ($3) returned to Robisss3
Robisss3 collected $17.64 from pot
Robisss3: doesn't show hand
*** SUMMARY ***
Total pot $18 | Rake $0.36
Board [Td 8h 9s]
Seat 1: Robisss3 (big blind) collected ($17.64)
Seat 4: VolkovDmitri (button) (small blind) folded on the Flop


PokerStars Hand #176050472188:  Hold'em Limit ($3/$6 USD) - 2017/09/24 5:40:32 ET
Table 'Cosima' 6-max Seat #1 is the button
Seat 1: Robisss3 ($80.72 in chips)
Seat 4: VolkovDmitri ($120 in chips)
Robisss3: posts small blind $1
VolkovDmitri: posts big blind $3
*** HOLE CARDS ***
Robisss3: calls $2
VolkovDmitri: checks
*** FLOP *** [Js 6s 9s]
VolkovDmitri: bets $3
Robisss3: calls $3
*** TURN *** [Js 6s 9s] [4h]
VolkovDmitri: bets $6
Robisss3: folds
Uncalled bet ($6) returned to VolkovDmitri
VolkovDmitri collected $11.76 from pot
VolkovDmitri: doesn't show hand
*** SUMMARY ***
Total pot $12 | Rake $0.24
Board [Js 6s 9s 4h]
Seat 1: Robisss3 (button) (small blind) folded on the Turn
Seat 4: VolkovDmitri (big blind) collected ($11.76)


PokerStars Hand #176050518146:  Hold'em Limit ($3/$6 USD) - 2017/09/24 5:42:30 ET
Table 'Cosima' 6-max Seat #4 is the button
Seat 1: Robisss3 ($58.36 in chips)
Seat 4: VolkovDmitri ($144.26 in chips)
VolkovDmitri: posts small blind $1
Robisss3: posts big blind $3
*** HOLE CARDS ***
VolkovDmitri: raises $3 to $6
Robisss3: folds
Uncalled bet ($3) returned to VolkovDmitri
VolkovDmitri collected $6 from pot
VolkovDmitri: doesn't show hand
*** SUMMARY ***
Total pot $6 | Rake $0
Seat 1: Robisss3 (big blind) folded before Flop
Seat 4: VolkovDmitri (button) (small blind) collected ($6)


PokerStars Hand #176050505767:  Hold'em Limit ($3/$6 USD) - 2017/09/24 5:41:58 ET
Table 'Cosima' 6-max Seat #1 is the button
Seat 1: Robisss3 ($76.36 in chips)
Seat 4: VolkovDmitri ($126.76 in chips)
Robisss3: posts small blind $1
VolkovDmitri: posts big blind $3
*** HOLE CARDS ***
Robisss3: raises $3 to $6
VolkovDmitri: raises $3 to $9
Robisss3: calls $3
*** FLOP *** [3s Qc 5s]
VolkovDmitri: bets $3
Robisss3: raises $3 to $6
VolkovDmitri: raises $3 to $9
Robisss3: calls $3
*** TURN *** [3s Qc 5s] [5c]
VolkovDmitri: bets $6
Robisss3: folds
Uncalled bet ($6) returned to VolkovDmitri
VolkovDmitri collected $35.50 from pot
VolkovDmitri: doesn't show hand
*** SUMMARY ***
Total pot $36 | Rake $0.50
Board [3s Qc 5s 5c]
Seat 1: Robisss3 (button) (small blind) folded on the Turn
Seat 4: VolkovDmitri (big blind) collected ($35.50)


PokerStars Hand #176050547868:  Hold'em Limit ($3/$6 USD) - 2017/09/24 5:43:47 ET
Table 'Cosima' 6-max Seat #4 is the button
Seat 1: Robisss3 ($61.12 in chips)
Seat 4: VolkovDmitri ($141.26 in chips)
VolkovDmitri: posts small blind $1
Robisss3: posts big blind $3
*** HOLE CARDS ***
VolkovDmitri: raises $3 to $6
Robisss3: folds
Uncalled bet ($3) returned to VolkovDmitri
VolkovDmitri collected $6 from pot
VolkovDmitri: doesn't show hand
*** SUMMARY ***
Total pot $6 | Rake $0
Seat 1: Robisss3 (big blind) folded before Flop
Seat 4: VolkovDmitri (button) (small blind) collected ($6)


PokerStars Hand #176050523184:  Hold'em Limit ($3/$6 USD) - 2017/09/24 5:42:43 ET
Table 'Cosima' 6-max Seat #1 is the button
Seat 1: Robisss3 ($55.36 in chips)
Seat 4: VolkovDmitri ($147.26 in chips)
Robisss3: posts small blind $1
VolkovDmitri: posts big blind $3
*** HOLE CARDS ***
Robisss3: raises $3 to $6
VolkovDmitri: calls $3
*** FLOP *** [9c 4d Qs]
VolkovDmitri: checks
Robisss3: checks
*** TURN *** [9c 4d Qs] [4s]
VolkovDmitri: checks
Robisss3: bets $6
VolkovDmitri: folds
Uncalled bet ($6) returned to Robisss3
Robisss3 collected $11.76 from pot
Robisss3: doesn't show hand
*** SUMMARY ***
Total pot $12 | Rake $0.24
Board [9c 4d Qs 4s]
Seat 1: Robisss3 (button) (small blind) collected ($11.76)
Seat 4: VolkovDmitri (big blind) folded on the Turn


PokerStars Hand #176050552581:  Hold'em Limit ($3/$6 USD) - 2017/09/24 5:43:59 ET
Table 'Cosima' 6-max Seat #1 is the button
Seat 1: Robisss3 ($58.12 in chips)
Seat 4: VolkovDmitri ($144.26 in chips)
Robisss3: posts small blind $1
VolkovDmitri: posts big blind $3
*** HOLE CARDS ***
samurai.ru joins the table at seat #2
Robisss3: calls $2
VolkovDmitri: checks
*** FLOP *** [Kd Jh Ac]
VolkovDmitri: bets $3
Robisss3: folds
Uncalled bet ($3) returned to VolkovDmitri
VolkovDmitri collected $5.88 from pot
VolkovDmitri: doesn't show hand
*** SUMMARY ***
Total pot $6 | Rake $0.12
Board [Kd Jh Ac]
Seat 1: Robisss3 (button) (small blind) folded on the Flop
Seat 4: VolkovDmitri (big blind) collected ($5.88)


PokerStars Hand #176050582590:  Hold'em Limit ($3/$6 USD) - 2017/09/24 5:45:15 ET
Table 'Cosima' 6-max Seat #1 is the button
Seat 1: Robisss3 ($45.12 in chips)
Seat 4: VolkovDmitri ($156.90 in chips)
Robisss3: posts small blind $1
VolkovDmitri: posts big blind $3
*** HOLE CARDS ***
Robisss3: folds
Uncalled bet ($2) returned to VolkovDmitri
Robisss3 leaves the table
VolkovDmitri collected $2 from pot
VolkovDmitri: doesn't show hand
*** SUMMARY ***
Total pot $2 | Rake $0
Seat 1: Robisss3 (button) (small blind) folded before Flop
Seat 4: VolkovDmitri (big blind) collected ($2)


PokerStars Hand #176050579398:  Hold'em Limit ($3/$6 USD) - 2017/09/24 5:45:07 ET
Table 'Cosima' 6-max Seat #4 is the button
Seat 1: Robisss3 ($48.12 in chips)
Seat 4: VolkovDmitri ($153.90 in chips)
VolkovDmitri: posts small blind $1
Robisss3: posts big blind $3
*** HOLE CARDS ***
VolkovDmitri: raises $3 to $6
Robisss3: folds
Uncalled bet ($3) returned to VolkovDmitri
VolkovDmitri collected $6 from pot
VolkovDmitri: doesn't show hand
*** SUMMARY ***
Total pot $6 | Rake $0
Seat 1: Robisss3 (big blind) folded before Flop
Seat 4: VolkovDmitri (button) (small blind) collected ($6)


PokerStars Hand #176050577262:  Hold'em Limit ($3/$6 USD) - 2017/09/24 5:45:01 ET
Table 'Cosima' 6-max Seat #1 is the button
Seat 1: Robisss3 ($49.12 in chips)
Seat 4: VolkovDmitri ($152.90 in chips)
Robisss3: posts small blind $1
VolkovDmitri: posts big blind $3
*** HOLE CARDS ***
Robisss3: folds
Uncalled bet ($2) returned to VolkovDmitri
VolkovDmitri collected $2 from pot
VolkovDmitri: doesn't show hand
*** SUMMARY ***
Total pot $2 | Rake $0
Seat 1: Robisss3 (button) (small blind) folded before Flop
Seat 4: VolkovDmitri (big blind) collected ($2)


PokerStars Hand #176050566438:  Hold'em Limit ($3/$6 USD) - 2017/09/24 5:44:34 ET
Table 'Cosima' 6-max Seat #4 is the button
Seat 1: Robisss3 ($55.12 in chips)
Seat 4: VolkovDmitri ($147.14 in chips)
VolkovDmitri: posts small blind $1
Robisss3: posts big blind $3
*** HOLE CARDS ***
VolkovDmitri: raises $3 to $6
Robisss3: calls $3
*** FLOP *** [Jc As Ah]
Robisss3: checks
VolkovDmitri: bets $3
Robisss3: folds
Uncalled bet ($3) returned to VolkovDmitri
VolkovDmitri collected $11.76 from pot
VolkovDmitri: doesn't show hand
*** SUMMARY ***
Total pot $12 | Rake $0.24
Board [Jc As Ah]
Seat 1: Robisss3 (big blind) folded on the Flop
Seat 4: VolkovDmitri (button) (small blind) collected ($11.76)


PokerStars Hand #176051214015:  Hold'em Limit ($3/$6 USD) - 2017/09/24 6:12:28 ET
Table 'Cosima' 6-max Seat #5 is the button
Seat 2: FastFunchi ($97.65 in chips)
Seat 5: jamie2000 ($70.60 in chips)
jamie2000: posts small blind $1
krossguard: is sitting out
FastFunchi: posts big blind $3
*** HOLE CARDS ***
jamie2000: raises $3 to $6
FastFunchi: folds
Uncalled bet ($3) returned to jamie2000
jamie2000 collected $6 from pot
*** SUMMARY ***
Total pot $6 | Rake $0
Seat 2: FastFunchi (big blind) folded before Flop
Seat 5: jamie2000 (button) (small blind) collected ($6)


PokerStars Hand #176051821364:  Hold'em Limit ($3/$6 USD) - 2017/09/24 6:37:05 ET
Table 'Cosima' 6-max Seat #6 is the button
Seat 3: Artachok ($80 in chips)
Seat 6: zimin10 ($72 in chips)
zimin10: posts small blind $1
Artachok: posts big blind $3
*** HOLE CARDS ***
zimin10: folds
Uncalled bet ($2) returned to Artachok
Artachok collected $2 from pot
Artachok: doesn't show hand
*** SUMMARY ***
Total pot $2 | Rake $0
Seat 3: Artachok (big blind) collected ($2)
Seat 6: zimin10 (button) (small blind) folded before Flop


PokerStars Hand #176051848339:  Hold'em Limit ($3/$6 USD) - 2017/09/24 6:38:09 ET
Table 'Cosima' 6-max Seat #6 is the button
Seat 3: Artachok ($92.52 in chips)
Seat 6: zimin10 ($73 in chips)
zimin10: posts small blind $1
Artachok: posts big blind $3
*** HOLE CARDS ***
zimin10: folds
Uncalled bet ($2) returned to Artachok
Artachok collected $2 from pot
Artachok: doesn't show hand
*** SUMMARY ***
Total pot $2 | Rake $0
Seat 3: Artachok (big blind) collected ($2)
Seat 6: zimin10 (button) (small blind) folded before Flop


PokerStars Hand #176051845177:  Hold'em Limit ($3/$6 USD) - 2017/09/24 6:38:02 ET
Table 'Cosima' 6-max Seat #3 is the button
Seat 3: Artachok ($93.52 in chips)
Seat 6: zimin10 ($72 in chips)
Artachok: posts small blind $1
zimin10: posts big blind $3
*** HOLE CARDS ***
Artachok: folds
Uncalled bet ($2) returned to zimin10
zimin10 collected $2 from pot
*** SUMMARY ***
Total pot $2 | Rake $0
Seat 3: Artachok (button) (small blind) folded before Flop
Seat 6: zimin10 (big blind) collected ($2)


PokerStars Hand #176051843085:  Hold'em Limit ($3/$6 USD) - 2017/09/24 6:37:57 ET
Table 'Cosima' 6-max Seat #6 is the button
Seat 3: Artachok ($92.52 in chips)
Seat 6: zimin10 ($72 in chips)
zimin10: posts small blind $1
Artachok: posts big blind $3
*** HOLE CARDS ***
zimin10: folds
Uncalled bet ($2) returned to Artachok
Artachok collected $2 from pot
Artachok: doesn't show hand
*** SUMMARY ***
Total pot $2 | Rake $0
Seat 3: Artachok (big blind) collected ($2)
Seat 6: zimin10 (button) (small blind) folded before Flop


PokerStars Hand #176051831588:  Hold'em Limit ($3/$6 USD) - 2017/09/24 6:37:29 ET
Table 'Cosima' 6-max Seat #3 is the button
Seat 3: Artachok ($81 in chips)
Seat 6: zimin10 ($72 in chips)
Artachok: posts small blind $1
zimin10: posts big blind $3
*** HOLE CARDS ***
Artachok: raises $3 to $6
zimin10: raises $3 to $9
Artachok: raises $3 to $12
Betting is capped
zimin10: calls $3
*** FLOP *** [Ks 7d 2s]
zimin10: checks
Artachok: bets $3
zimin10: folds
Uncalled bet ($3) returned to Artachok
Artachok collected $23.52 from pot
Artachok: doesn't show hand
*** SUMMARY ***
Total pot $24 | Rake $0.48
Board [Ks 7d 2s]
Seat 3: Artachok (button) (small blind) collected ($23.52)
Seat 6: zimin10 (big blind) folded on the Flop


PokerStars Hand #176051871528:  Hold'em Limit ($3/$6 USD) - 2017/09/24 6:39:05 ET
Table 'Cosima' 6-max Seat #3 is the button
Seat 3: Artachok ($75.52 in chips)
Seat 6: zimin10 ($89.50 in chips)
Artachok: posts small blind $1
zimin10: posts big blind $3
*** HOLE CARDS ***
Artachok: raises $3 to $6
zimin10: raises $3 to $9
Artachok: calls $3
*** FLOP *** [3d Ks 3s]
zimin10: bets $3
Artachok: calls $3
*** TURN *** [3d Ks 3s] [Kd]
zimin10: bets $6
Artachok: calls $6
*** RIVER *** [3d Ks 3s Kd] [5s]
zimin10: bets $6
Artachok: calls $6
*** SHOW DOWN ***
zimin10: shows [Th Ad] (two pair, Kings and Threes)
Artachok: shows [As 2c] (two pair, Kings and Threes)
zimin10 collected $23.75 from pot
Artachok collected $23.75 from pot
*** SUMMARY ***
Total pot $48 | Rake $0.50
Board [3d Ks 3s Kd 5s]
Seat 3: Artachok (button) (small blind) showed [As 2c] and won ($23.75) with two pair, Kings and Threes
Seat 6: zimin10 (big blind) showed [Th Ad] and won ($23.75) with two pair, Kings and Threes


PokerStars Hand #176051868750:  Hold'em Limit ($3/$6 USD) - 2017/09/24 6:38:58 ET
Table 'Cosima' 6-max Seat #6 is the button
Seat 3: Artachok ($78.52 in chips)
Seat 6: zimin10 ($86.50 in chips)
zimin10: posts small blind $1
Artachok: posts big blind $3
*** HOLE CARDS ***
zimin10: raises $3 to $6
Artachok: folds
Uncalled bet ($3) returned to zimin10
zimin10 collected $6 from pot
*** SUMMARY ***
Total pot $6 | Rake $0
Seat 3: Artachok (big blind) folded before Flop
Seat 6: zimin10 (button) (small blind) collected ($6)


PokerStars Hand #176051850666:  Hold'em Limit ($3/$6 USD) - 2017/09/24 6:38:15 ET
Table 'Cosima' 6-max Seat #3 is the button
Seat 3: Artachok ($93.52 in chips)
Seat 6: zimin10 ($72 in chips)
Artachok: posts small blind $1
zimin10: posts big blind $3
*** HOLE CARDS ***
Artachok: raises $3 to $6
zimin10: calls $3
*** FLOP *** [Js 8c 7h]
zimin10: checks
Artachok: bets $3
zimin10: calls $3
*** TURN *** [Js 8c 7h] [Ac]
zimin10: checks
Artachok: checks
*** RIVER *** [Js 8c 7h Ac] [3c]
zimin10: bets $6
Artachok: calls $6
*** SHOW DOWN ***
zimin10: shows [7c 9c] (a flush, Ace high)
Artachok: mucks hand
zimin10 collected $29.50 from pot
*** SUMMARY ***
Total pot $30 | Rake $0.50
Board [Js 8c 7h Ac 3c]
Seat 3: Artachok (button) (small blind) mucked
Seat 6: zimin10 (big blind) showed [7c 9c] and won ($29.50) with a flush, Ace high


PokerStars Hand #176051900810:  Hold'em Limit ($3/$6 USD) - 2017/09/24 6:40:14 ET
Table 'Cosima' 6-max Seat #3 is the button
Seat 3: Artachok ($66.27 in chips)
Seat 6: zimin10 ($97.89 in chips)
Artachok: posts small blind $1
zimin10: posts big blind $3
*** HOLE CARDS ***
Artachok: folds
Uncalled bet ($2) returned to zimin10
zimin10 collected $2 from pot
*** SUMMARY ***
Total pot $2 | Rake $0
Seat 3: Artachok (button) (small blind) folded before Flop
Seat 6: zimin10 (big blind) collected ($2)


PokerStars Hand #176051888029:  Hold'em Limit ($3/$6 USD) - 2017/09/24 6:39:44 ET
Table 'Cosima' 6-max Seat #6 is the button
Seat 3: Artachok ($75.27 in chips)
Seat 6: zimin10 ($89.25 in chips)
zimin10: posts small blind $1
Artachok: posts big blind $3
*** HOLE CARDS ***
zimin10: raises $3 to $6
Artachok: calls $3
*** FLOP *** [9s 5d Kd]
Artachok: checks
zimin10: bets $3
Artachok: calls $3
*** TURN *** [9s 5d Kd] [3c]
Artachok: checks
zimin10: bets $6
Artachok: folds
Uncalled bet ($6) returned to zimin10
zimin10 collected $17.64 from pot
*** SUMMARY ***
Total pot $18 | Rake $0.36
Board [9s 5d Kd 3c]
Seat 3: Artachok (big blind) folded on the Turn
Seat 6: zimin10 (button) (small blind) collected ($17.64)


PokerStars Hand #176051926615:  Hold'em Limit ($3/$6 USD) - 2017/09/24 6:41:15 ET
Table 'Cosima' 6-max Seat #6 is the button
Seat 3: Artachok ($81.77 in chips)
Seat 6: zimin10 ($81.89 in chips)
zimin10: posts small blind $1
Artachok: posts big blind $3
*** HOLE CARDS ***
zimin10: raises $3 to $6
Artachok: calls $3
*** FLOP *** [3c Jd Tc]
Artachok: checks
zimin10: bets $3
Artachok: folds
Uncalled bet ($3) returned to zimin10
zimin10 collected $11.76 from pot
*** SUMMARY ***
Total pot $12 | Rake $0.24
Board [3c Jd Tc]
Seat 3: Artachok (big blind) folded on the Flop
Seat 6: zimin10 (button) (small blind) collected ($11.76)


PokerStars Hand #176051921144:  Hold'em Limit ($3/$6 USD) - 2017/09/24 6:41:02 ET
Table 'Cosima' 6-max Seat #3 is the button
Seat 3: Artachok ($82.77 in chips)
Seat 6: zimin10 ($80.89 in chips)
Artachok: posts small blind $1
zimin10: posts big blind $3
*** HOLE CARDS ***
masterblstr8 joins the table at seat #4
Artachok: folds
Uncalled bet ($2) returned to zimin10
zimin10 collected $2 from pot
*** SUMMARY ***
Total pot $2 | Rake $0
Seat 3: Artachok (button) (small blind) folded before Flop
Seat 6: zimin10 (big blind) collected ($2)


PokerStars Hand #176051903505:  Hold'em Limit ($3/$6 USD) - 2017/09/24 6:40:21 ET
Table 'Cosima' 6-max Seat #6 is the button
Seat 3: Artachok ($65.27 in chips)
Seat 6: zimin10 ($98.89 in chips)
zimin10: posts small blind $1
Artachok: posts big blind $3
*** HOLE CARDS ***
zimin10: raises $3 to $6
Artachok: raises $3 to $9
zimin10: calls $3
*** FLOP *** [5d Qh 7h]
Artachok: bets $3
zimin10: calls $3
*** TURN *** [5d Qh 7h] [9s]
Artachok: bets $6
zimin10: calls $6
*** RIVER *** [5d Qh 7h 9s] [Th]
Artachok: checks
zimin10: checks
*** SHOW DOWN ***
Artachok: shows [Kc Ac] (high card Ace)
zimin10: mucks hand
Artachok collected $35.50 from pot
*** SUMMARY ***
Total pot $36 | Rake $0.50
Board [5d Qh 7h 9s Th]
Seat 3: Artachok (big blind) showed [Kc Ac] and won ($35.50) with high card Ace
Seat 6: zimin10 (button) (small blind) mucked


PokerStars Hand #176052974843:  Hold'em Limit ($3/$6 USD) - 2017/09/24 7:22:21 ET
Table 'Cosima' 6-max Seat #2 is the button
Seat 2: xcgxcg2005 ($117 in chips)
Seat 6: zimin10 ($134.26 in chips)
xcgxcg2005: posts small blind $1
zimin10: posts big blind $3
*** HOLE CARDS ***
xcgxcg2005: folds
Uncalled bet ($2) returned to zimin10
zimin10 collected $2 from pot
*** SUMMARY ***
Total pot $2 | Rake $0
Seat 2: xcgxcg2005 (button) (small blind) folded before Flop
Seat 6: zimin10 (big blind) collected ($2)


PokerStars Hand #176052960562:  Hold'em Limit ($3/$6 USD) - 2017/09/24 7:21:49 ET
Table 'Cosima' 6-max Seat #6 is the button
Seat 2: xcgxcg2005 ($120 in chips)
Seat 6: zimin10 ($131.26 in chips)
zimin10: posts small blind $1
xcgxcg2005: posts big blind $3
*** HOLE CARDS ***
zimin10: raises $3 to $6
xcgxcg2005: folds
Uncalled bet ($3) returned to zimin10
zimin10 collected $6 from pot
*** SUMMARY ***
Total pot $6 | Rake $0
Seat 2: xcgxcg2005 (big blind) folded before Flop
Seat 6: zimin10 (button) (small blind) collected ($6)


PokerStars Hand #176053008283:  Hold'em Limit ($3/$6 USD) - 2017/09/24 7:23:34 ET
Table 'Cosima' 6-max Seat #2 is the button
Seat 2: xcgxcg2005 ($95 in chips)
Seat 6: zimin10 ($155.76 in chips)
xcgxcg2005: posts small blind $1
zimin10: posts big blind $3
*** HOLE CARDS ***
xcgxcg2005: folds
Uncalled bet ($2) returned to zimin10
zimin10 collected $2 from pot
*** SUMMARY ***
Total pot $2 | Rake $0
Seat 2: xcgxcg2005 (button) (small blind) folded before Flop
Seat 6: zimin10 (big blind) collected ($2)


PokerStars Hand #176052977064:  Hold'em Limit ($3/$6 USD) - 2017/09/24 7:22:26 ET
Table 'Cosima' 6-max Seat #6 is the button
Seat 2: xcgxcg2005 ($116 in chips)
Seat 6: zimin10 ($135.26 in chips)
zimin10: posts small blind $1
xcgxcg2005: posts big blind $3
*** HOLE CARDS ***
zimin10: raises $3 to $6
xcgxcg2005: calls $3
*** FLOP *** [3c Qh 5d]
xcgxcg2005: checks
zimin10: bets $3
xcgxcg2005: calls $3
*** TURN *** [3c Qh 5d] [3h]
xcgxcg2005: checks
zimin10: bets $6
xcgxcg2005: raises $6 to $12
zimin10: calls $6
*** RIVER *** [3c Qh 5d 3h] [Kd]
xcgxcg2005: checks
zimin10: checks
*** SHOW DOWN ***
xcgxcg2005: shows [Tc 9s] (a pair of Threes)
zimin10: shows [Jh Ad] (a pair of Threes - Ace kicker)
zimin10 collected $41.50 from pot
*** SUMMARY ***
Total pot $42 | Rake $0.50
Board [3c Qh 5d 3h Kd]
Seat 2: xcgxcg2005 (big blind) showed [Tc 9s] and lost with a pair of Threes
Seat 6: zimin10 (button) (small blind) showed [Jh Ad] and won ($41.50) with a pair of Threes


PokerStars Hand #176053010526:  Hold'em Limit ($3/$6 USD) - 2017/09/24 7:23:39 ET
Table 'Cosima' 6-max Seat #6 is the button
Seat 2: xcgxcg2005 ($94 in chips)
Seat 6: zimin10 ($156.76 in chips)
zimin10: posts small blind $1
xcgxcg2005: posts big blind $3
*** HOLE CARDS ***
zimin10: raises $3 to $6
xcgxcg2005: folds
Uncalled bet ($3) returned to zimin10
zimin10 collected $6 from pot
*** SUMMARY ***
Total pot $6 | Rake $0
Seat 2: xcgxcg2005 (big blind) folded before Flop
Seat 6: zimin10 (button) (small blind) collected ($6)


PokerStars Hand #176053014274:  Hold'em Limit ($3/$6 USD) - 2017/09/24 7:23:47 ET
Table 'Cosima' 6-max Seat #2 is the button
Seat 2: xcgxcg2005 ($91 in chips)
Seat 6: zimin10 ($159.76 in chips)
xcgxcg2005: posts small blind $1
zimin10: posts big blind $3
*** HOLE CARDS ***
xcgxcg2005: raises $3 to $6
zimin10: folds
Uncalled bet ($3) returned to xcgxcg2005
xcgxcg2005 collected $6 from pot
xcgxcg2005: doesn't show hand
*** SUMMARY ***
Total pot $6 | Rake $0
Seat 2: xcgxcg2005 (button) (small blind) collected ($6)
Seat 6: zimin10 (big blind) folded before Flop


PokerStars Hand #176053038532:  Hold'em Limit ($3/$6 USD) - 2017/09/24 7:24:41 ET
Table 'Cosima' 6-max Seat #2 is the button
Seat 2: xcgxcg2005 ($92.64 in chips)
Seat 6: zimin10 ($157.40 in chips)
xcgxcg2005: posts small blind $1
zimin10: posts big blind $3
*** HOLE CARDS ***
xcgxcg2005: folds
Uncalled bet ($2) returned to zimin10
zimin10 collected $2 from pot
*** SUMMARY ***
Total pot $2 | Rake $0
Seat 2: xcgxcg2005 (button) (small blind) folded before Flop
Seat 6: zimin10 (big blind) collected ($2)


PokerStars Hand #176053032944:  Hold'em Limit ($3/$6 USD) - 2017/09/24 7:24:29 ET
Table 'Cosima' 6-max Seat #6 is the button
Seat 2: xcgxcg2005 ($84 in chips)
Seat 6: zimin10 ($166.40 in chips)
zimin10: posts small blind $1
xcgxcg2005: posts big blind $3
*** HOLE CARDS ***
zimin10: raises $3 to $6
xcgxcg2005: raises $3 to $9
zimin10: calls $3
*** FLOP *** [2h Ts 8d]
xcgxcg2005: bets $3
zimin10: folds
Uncalled bet ($3) returned to xcgxcg2005
xcgxcg2005 collected $17.64 from pot
xcgxcg2005: doesn't show hand
*** SUMMARY ***
Total pot $18 | Rake $0.36
Board [2h Ts 8d]
Seat 2: xcgxcg2005 (big blind) collected ($17.64)
Seat 6: zimin10 (button) (small blind) folded on the Flop


PokerStars Hand #176053030823:  Hold'em Limit ($3/$6 USD) - 2017/09/24 7:24:24 ET
Table 'Cosima' 6-max Seat #2 is the button
Seat 2: xcgxcg2005 ($85 in chips)
Seat 6: zimin10 ($165.40 in chips)
xcgxcg2005: posts small blind $1
zimin10: posts big blind $3
*** HOLE CARDS ***
xcgxcg2005: folds
Uncalled bet ($2) returned to zimin10
zimin10 collected $2 from pot
*** SUMMARY ***
Total pot $2 | Rake $0
Seat 2: xcgxcg2005 (button) (small blind) folded before Flop
Seat 6: zimin10 (big blind) collected ($2)


PokerStars Hand #176053018854:  Hold'em Limit ($3/$6 USD) - 2017/09/24 7:23:58 ET
Table 'Cosima' 6-max Seat #6 is the button
Seat 2: xcgxcg2005 ($94 in chips)
Seat 6: zimin10 ($156.76 in chips)
zimin10: posts small blind $1
xcgxcg2005: posts big blind $3
*** HOLE CARDS ***
zimin10: raises $3 to $6
xcgxcg2005: raises $3 to $9
zimin10: calls $3
*** FLOP *** [9d Tc 7h]
xcgxcg2005: checks
zimin10: bets $3
xcgxcg2005: folds
Uncalled bet ($3) returned to zimin10
zimin10 collected $17.64 from pot
*** SUMMARY ***
Total pot $18 | Rake $0.36
Board [9d Tc 7h]
Seat 2: xcgxcg2005 (big blind) folded on the Flop
Seat 6: zimin10 (button) (small blind) collected ($17.64)


PokerStars Hand #176053041036:  Hold'em Limit ($3/$6 USD) - 2017/09/24 7:24:47 ET
Table 'Cosima' 6-max Seat #6 is the button
Seat 2: xcgxcg2005 ($91.64 in chips)
Seat 6: zimin10 ($158.40 in chips)
zimin10: posts small blind $1
xcgxcg2005: posts big blind $3
*** HOLE CARDS ***
zimin10: raises $3 to $6
xcgxcg2005: raises $3 to $9
zimin10: calls $3
*** FLOP *** [7h 3s 8d]
xcgxcg2005: bets $3
zimin10: calls $3
*** TURN *** [7h 3s 8d] [Jh]
xcgxcg2005: bets $6
zimin10: calls $6
*** RIVER *** [7h 3s 8d Jh] [8h]
xcgxcg2005: bets $6
zimin10: calls $6
*** SHOW DOWN ***
xcgxcg2005: shows [8c 6s] (three of a kind, Eights)
zimin10: mucks hand
xcgxcg2005 collected $47.50 from pot
*** SUMMARY ***
Total pot $48 | Rake $0.50
Board [7h 3s 8d Jh 8h]
Seat 2: xcgxcg2005 (big blind) showed [8c 6s] and won ($47.50) with three of a kind, Eights
Seat 6: zimin10 (button) (small blind) mucked


PokerStars Hand #176053054486:  Hold'em Limit ($3/$6 USD) - 2017/09/24 7:25:17 ET
Table 'Cosima' 6-max Seat #2 is the button
Seat 2: xcgxcg2005 ($115.14 in chips)
Seat 6: zimin10 ($134.40 in chips)
xcgxcg2005: posts small blind $1
zimin10: posts big blind $3
*** HOLE CARDS ***
xcgxcg2005: raises $3 to $6
zimin10: calls $3
*** FLOP *** [Ts Qd 9s]
zimin10: checks
xcgxcg2005: bets $3
ouwehaas joins the table at seat #4
zimin10: folds
Uncalled bet ($3) returned to xcgxcg2005
xcgxcg2005 collected $11.76 from pot
xcgxcg2005: doesn't show hand
*** SUMMARY ***
Total pot $12 | Rake $0.24
Board [Ts Qd 9s]
Seat 2: xcgxcg2005 (button) (small blind) collected ($11.76)
Seat 6: zimin10 (big blind) folded on the Flop


PokerStars Hand #176053069614:  Hold'em Limit ($3/$6 USD) - 2017/09/24 7:25:50 ET
Table 'Cosima' 6-max Seat #6 is the button
Seat 2: xcgxcg2005 ($120.90 in chips)
Seat 6: zimin10 ($128.40 in chips)
zimin10: posts small blind $1
xcgxcg2005: posts big blind $3
*** HOLE CARDS ***
zimin10: raises $3 to $6
xcgxcg2005: raises $3 to $9
zimin10: calls $3
*** FLOP *** [3s 3h Ts]
xcgxcg2005: bets $3
zimin10: calls $3
*** TURN *** [3s 3h Ts] [Ad]
xcgxcg2005: bets $6
zimin10: raises $6 to $12
xcgxcg2005: folds
Uncalled bet ($6) returned to zimin10
zimin10 collected $35.50 from pot
*** SUMMARY ***
Total pot $36 | Rake $0.50
Board [3s 3h Ts Ad]
Seat 2: xcgxcg2005 (big blind) folded on the Turn
Seat 6: zimin10 (button) (small blind) collected ($35.50)


PokerStars Hand #176055682071:  Hold'em Limit ($3/$6 USD) - 2017/09/24 8:54:26 ET
Table 'Cosima' 6-max Seat #3 is the button
Seat 3: Psynto ($73 in chips)
Seat 4: DECAlpha ($113.04 in chips)
Psynto: posts small blind $1
DECAlpha: posts big blind $3
*** HOLE CARDS ***
Psynto: raises $3 to $6
DECAlpha: calls $3
*** FLOP *** [6s 4d 8d]
DECAlpha: checks
Psynto: bets $3
DECAlpha: calls $3
*** TURN *** [6s 4d 8d] [3h]
DECAlpha: checks
Psynto: bets $6
DECAlpha: calls $6
*** RIVER *** [6s 4d 8d 3h] [2h]
DECAlpha: checks
Psynto: bets $6
apx0surry9 joins the table at seat #6
DECAlpha: calls $6
*** SHOW DOWN ***
Psynto: shows [8h As] (a pair of Eights)
DECAlpha: mucks hand
Psynto collected $41.50 from pot
*** SUMMARY ***
Total pot $42 | Rake $0.50
Board [6s 4d 8d 3h 2h]
Seat 3: Psynto (button) (small blind) showed [8h As] and won ($41.50) with a pair of Eights
Seat 4: DECAlpha (big blind) mucked


PokerStars Hand #176055679793:  Hold'em Limit ($3/$6 USD) - 2017/09/24 8:54:22 ET
Table 'Cosima' 6-max Seat #4 is the button
Seat 3: Psynto ($72 in chips)
Seat 4: DECAlpha ($114.04 in chips)
DECAlpha: posts small blind $1
Psynto: posts big blind $3
*** HOLE CARDS ***
DECAlpha: folds
Uncalled bet ($2) returned to Psynto
Psynto collected $2 from pot
Psynto: doesn't show hand
*** SUMMARY ***
Total pot $2 | Rake $0
Seat 3: Psynto (big blind) collected ($2)
Seat 4: DECAlpha (button) (small blind) folded before Flop


PokerStars Hand #176055677693:  Hold'em Limit ($3/$6 USD) - 2017/09/24 8:54:18 ET
Table 'Cosima' 6-max Seat #3 is the button
Seat 3: Psynto ($72 in chips)
Seat 4: DECAlpha ($113.04 in chips)
Psynto: posts small blind $1
DECAlpha: posts big blind $3
*** HOLE CARDS ***
Psynto: folds
Uncalled bet ($2) returned to DECAlpha
DECAlpha collected $2 from pot
DECAlpha: doesn't show hand
*** SUMMARY ***
Total pot $2 | Rake $0
Seat 3: Psynto (button) (small blind) folded before Flop
Seat 4: DECAlpha (big blind) collected ($2)


PokerStars Hand #176055670995:  Hold'em Limit ($3/$6 USD) - 2017/09/24 8:54:05 ET
Table 'Cosima' 6-max Seat #4 is the button
Seat 3: Psynto ($73.10 in chips)
Seat 4: DECAlpha ($107.28 in chips)
DECAlpha: posts small blind $1
Psynto: posts big blind $3
*** HOLE CARDS ***
DECAlpha: raises $3 to $6
Psynto: calls $3
*** FLOP *** [Qh 2d 8d]
Psynto: checks
DECAlpha: bets $3
Psynto: folds
Uncalled bet ($3) returned to DECAlpha
DECAlpha collected $11.76 from pot
DECAlpha: doesn't show hand
*** SUMMARY ***
Total pot $12 | Rake $0.24
Board [Qh 2d 8d]
Seat 3: Psynto (big blind) folded on the Flop
Seat 4: DECAlpha (button) (small blind) collected ($11.76)


PokerStars Hand #176055716273:  Hold'em Limit ($3/$6 USD) - 2017/09/24 8:55:35 ET
Table 'Cosima' 6-max Seat #3 is the button
Seat 3: Psynto ($125.91 in chips)
Seat 4: DECAlpha ($62.04 in chips)
Psynto: posts small blind $1
DECAlpha: posts big blind $3
*** HOLE CARDS ***
Psynto: raises $3 to $6
DECAlpha: folds
Uncalled bet ($3) returned to Psynto
Psynto collected $6 from pot
Psynto: doesn't show hand
*** SUMMARY ***
Total pot $6 | Rake $0
Seat 3: Psynto (button) (small blind) collected ($6)
Seat 4: DECAlpha (big blind) folded before Flop


PokerStars Hand #176055711398:  Hold'em Limit ($3/$6 USD) - 2017/09/24 8:55:23 ET
Table 'Cosima' 6-max Seat #4 is the button
Seat 3: Psynto ($114.39 in chips)
Seat 4: DECAlpha ($74.04 in chips)
DECAlpha: posts small blind $1
falexandru92 joins the table at seat #5
apx0surry9: is sitting out
Psynto: posts big blind $3
*** HOLE CARDS ***
DECAlpha: raises $3 to $6
Psynto: raises $3 to $9
DECAlpha: calls $3
*** FLOP *** [8s Qd 8c]
Psynto: bets $3
DECAlpha: calls $3
*** TURN *** [8s Qd 8c] [9c]
Psynto: bets $6
DECAlpha: folds
Uncalled bet ($6) returned to Psynto
Psynto collected $23.52 from pot
Psynto: doesn't show hand
*** SUMMARY ***
Total pot $24 | Rake $0.48
Board [8s Qd 8c 9c]
Seat 3: Psynto (big blind) collected ($23.52)
Seat 4: DECAlpha (button) (small blind) folded on the Turn


PokerStars Hand #176055825633:  Hold'em Limit ($3/$6 USD) - 2017/09/24 8:59:43 ET
Table 'Cosima' 6-max Seat #5 is the button
Seat 3: Psynto ($95.50 in chips)
Seat 5: falexandru92 ($215.18 in chips)
falexandru92: posts small blind $1
Psynto: posts big blind $3
*** HOLE CARDS ***
falexandru92: raises $3 to $6
Psynto: calls $3
*** FLOP *** [Ah 4h Qd]
Psynto: checks
falexandru92: checks
*** TURN *** [Ah 4h Qd] [5h]
Psynto: bets $6
falexandru92: raises $6 to $12
Psynto: raises $6 to $18
falexandru92: raises $6 to $24
Betting is capped
Psynto: calls $6
*** RIVER *** [Ah 4h Qd 5h] [9d]
Psynto: bets $6
falexandru92: calls $6
*** SHOW DOWN ***
Psynto: shows [5c Qs] (two pair, Queens and Fives)
falexandru92: shows [Qh 5s] (two pair, Queens and Fives)
Psynto collected $35.75 from pot
falexandru92 collected $35.75 from pot
*** SUMMARY ***
Total pot $72 | Rake $0.50
Board [Ah 4h Qd 5h 9d]
Seat 3: Psynto (big blind) showed [5c Qs] and won ($35.75) with two pair, Queens and Fives
Seat 5: falexandru92 (button) (small blind) showed [Qh 5s] and won ($35.75) with two pair, Queens and Fives


PokerStars Hand #176055815723:  Hold'em Limit ($3/$6 USD) - 2017/09/24 8:59:21 ET
Table 'Cosima' 6-max Seat #3 is the button
Seat 3: Psynto ($72 in chips)
Seat 5: falexandru92 ($239.18 in chips)
Psynto: posts small blind $1
falexandru92: posts big blind $3
*** HOLE CARDS ***
Psynto: raises $3 to $6
falexandru92: calls $3
*** FLOP *** [Ts 5c Th]
falexandru92: checks
Psynto: bets $3
falexandru92: raises $3 to $6
Psynto: calls $3
*** TURN *** [Ts 5c Th] [Jh]
falexandru92: checks
Psynto: bets $6
falexandru92: calls $6
*** RIVER *** [Ts 5c Th Jh] [Qs]
falexandru92: checks
Psynto: bets $6
falexandru92: calls $6
*** SHOW DOWN ***
Psynto: shows [Tc Js] (a full house, Tens full of Jacks)
falexandru92: mucks hand
Psynto collected $47.50 from pot
*** SUMMARY ***
Total pot $48 | Rake $0.50
Board [Ts 5c Th Jh Qs]
Seat 3: Psynto (button) (small blind) showed [Tc Js] and won ($47.50) with a full house, Tens full of Jacks
Seat 5: falexandru92 (big blind) mucked


PokerStars Hand #176055855225:  Hold'em Limit ($3/$6 USD) - 2017/09/24 9:00:47 ET
Table 'Cosima' 6-max Seat #3 is the button
Seat 3: Psynto ($83.25 in chips)
Seat 4: knas4 ($92.02 in chips)
Psynto: posts small blind $1
knas4: posts big blind $3
*** HOLE CARDS ***
Psynto: raises $3 to $6
knas4: calls $3
*** FLOP *** [Ad 9s 9d]
DirtyDouble2 joins the table at seat #2
knas4: checks
Psynto: bets $3
knas4: folds
Uncalled bet ($3) returned to Psynto
Psynto collected $11.76 from pot
Psynto: doesn't show hand
falexandru92 leaves the table
*** SUMMARY ***
Total pot $12 | Rake $0.24
Board [Ad 9s 9d]
Seat 3: Psynto (button) (small blind) collected ($11.76)
Seat 4: knas4 (big blind) folded on the Flop


PokerStars Hand #176055852037:  Hold'em Limit ($3/$6 USD) - 2017/09/24 9:00:40 ET
Table 'Cosima' 6-max Seat #4 is the button
Seat 3: Psynto ($86.25 in chips)
Seat 4: knas4 ($89.02 in chips)
knas4: posts small blind $1
Psynto: posts big blind $3
*** HOLE CARDS ***
knas4: raises $3 to $6
Psynto: folds
Uncalled bet ($3) returned to knas4
knas4 collected $6 from pot
knas4: doesn't show hand
*** SUMMARY ***
Total pot $6 | Rake $0
Seat 3: Psynto (big blind) folded before Flop
Seat 4: knas4 (button) (small blind) collected ($6)


PokerStars Hand #176055833680:  Hold'em Limit ($3/$6 USD) - 2017/09/24 9:00:01 ET
Table 'Cosima' 6-max Seat #3 is the button
Seat 3: Psynto ($95.25 in chips)
Seat 5: falexandru92 ($214.93 in chips)
Psynto: posts small blind $1
falexandru92: posts big blind $3
*** HOLE CARDS ***
Psynto: raises $3 to $6
falexandru92: calls $3
*** FLOP *** [Td 9d 6d]
falexandru92: checks
Psynto: bets $3
falexandru92: calls $3
*** TURN *** [Td 9d 6d] [3d]
falexandru92: checks
knas4 joins the table at seat #4
Psynto: checks
*** RIVER *** [Td 9d 6d 3d] [8c]
falexandru92: bets $6
Psynto: folds
Uncalled bet ($6) returned to falexandru92
falexandru92 collected $17.64 from pot
falexandru92: doesn't show hand
*** SUMMARY ***
Total pot $18 | Rake $0.36
Board [Td 9d 6d 3d 8c]
Seat 3: Psynto (button) (small blind) folded on the River
Seat 5: falexandru92 (big blind) collected ($17.64)


PokerStars Hand #176055885238:  Hold'em Limit ($3/$6 USD) - 2017/09/24 9:01:47 ET
Table 'Cosima' 6-max Seat #3 is the button
Seat 3: Psynto ($124.03 in chips)
Seat 4: knas4 ($80.02 in chips)
Psynto: posts small blind $1
knas4: posts big blind $3
*** HOLE CARDS ***
Psynto: raises $3 to $6
knas4: calls $3
*** FLOP *** [Qd Jc 7h]
knas4: checks
Psynto: bets $3
knas4: folds
Uncalled bet ($3) returned to Psynto
knas4 leaves the table
Psynto collected $11.76 from pot
Psynto: doesn't show hand
*** SUMMARY ***
Total pot $12 | Rake $0.24
Board [Qd Jc 7h]
Seat 3: Psynto (button) (small blind) collected ($11.76)
Seat 4: knas4 (big blind) folded on the Flop


PokerStars Hand #176055882046:  Hold'em Limit ($3/$6 USD) - 2017/09/24 9:01:41 ET
Table 'Cosima' 6-max Seat #4 is the button
Seat 3: Psynto ($123.03 in chips)
Seat 4: knas4 ($81.02 in chips)
knas4: posts small blind $1
Psynto: posts big blind $3
*** HOLE CARDS ***
knas4: folds
Uncalled bet ($2) returned to Psynto
Psynto collected $2 from pot
Psynto: doesn't show hand
*** SUMMARY ***
Total pot $2 | Rake $0
Seat 3: Psynto (big blind) collected ($2)
Seat 4: knas4 (button) (small blind) folded before Flop


