PokerStars Hand #146111022467:  Hold'em Limit ($3/$6 USD) - 2015/12/29 9:28:34 ET
Table 'Cosima' 6-max Seat #1 is the button
Seat 1: VolkovDmitri ($131.64 in chips)
Seat 3: k7holler ($113.50 in chips)
VolkovDmitri: posts small blind $1
k7holler: posts big blind $3
*** HOLE CARDS ***
VolkovDmitri: raises $3 to $6
k7holler: raises $3 to $9
VolkovDmitri: calls $3
*** FLOP *** [5c Qh Qs]
k7holler: bets $3
VolkovDmitri: calls $3
*** TURN *** [5c Qh Qs] [Jc]
k7holler: bets $6
VolkovDmitri: folds
Uncalled bet ($6) returned to k7holler
k7holler collected $23.52 from pot
k7holler: doesn't show hand
*** SUMMARY ***
Total pot $24 | Rake $0.48
Board [5c Qh Qs Jc]
Seat 1: VolkovDmitri (button) (small blind) folded on the Turn
Seat 3: k7holler (big blind) collected ($23.52)


PokerStars Hand #146111032768:  Hold'em Limit ($3/$6 USD) - 2015/12/29 9:28:49 ET
Table 'Cosima' 6-max Seat #3 is the button
Seat 1: VolkovDmitri ($120 in chips)
Seat 3: k7holler ($125.02 in chips)
k7holler: posts small blind $1
VolkovDmitri: posts big blind $3
*** HOLE CARDS ***
k7holler: raises $3 to $6
VolkovDmitri: calls $3
*** FLOP *** [2s Qh 3h]
VolkovDmitri: bets $3
k7holler: raises $3 to $6
VolkovDmitri: raises $3 to $9
k7holler: calls $3
*** TURN *** [2s Qh 3h] [Td]
VolkovDmitri: bets $6
k7holler: calls $6
*** RIVER *** [2s Qh 3h Td] [7c]
VolkovDmitri: bets $6
k7holler: calls $6
*** SHOW DOWN ***
VolkovDmitri: shows [Qs 3d] (two pair, Queens and Threes)
k7holler: mucks hand
VolkovDmitri collected $53.50 from pot
*** SUMMARY ***
Total pot $54 | Rake $0.50
Board [2s Qh 3h Td 7c]
Seat 1: VolkovDmitri (big blind) showed [Qs 3d] and won ($53.50) with two pair, Queens and Threes
Seat 3: k7holler (button) (small blind) mucked


PokerStars Hand #146111062254:  Hold'em Limit ($3/$6 USD) - 2015/12/29 9:29:31 ET
Table 'Cosima' 6-max Seat #3 is the button
Seat 1: VolkovDmitri ($146.25 in chips)
Seat 3: k7holler ($97.77 in chips)
k7holler: posts small blind $1
VolkovDmitri: posts big blind $3
*** HOLE CARDS ***
k7holler: raises $3 to $6
VolkovDmitri: raises $3 to $9
k7holler: calls $3
*** FLOP *** [9h 4c Kd]
VolkovDmitri: bets $3
k7holler: folds
Uncalled bet ($3) returned to VolkovDmitri
VolkovDmitri collected $17.64 from pot
VolkovDmitri: doesn't show hand
*** SUMMARY ***
Total pot $18 | Rake $0.36
Board [9h 4c Kd]
Seat 1: VolkovDmitri (big blind) collected ($17.64)
Seat 3: k7holler (button) (small blind) folded on the Flop


PokerStars Hand #146111080744:  Hold'em Limit ($3/$6 USD) - 2015/12/29 9:29:57 ET
Table 'Cosima' 6-max Seat #1 is the button
Seat 1: VolkovDmitri ($154.89 in chips)
Seat 3: k7holler ($88.77 in chips)
VolkovDmitri: posts small blind $1
k7holler: posts big blind $3
*** HOLE CARDS ***
VolkovDmitri: raises $3 to $6
k7holler: calls $3
*** FLOP *** [Td 5d Kd]
k7holler: bets $3
VolkovDmitri: raises $3 to $6
k7holler: folds
Uncalled bet ($3) returned to VolkovDmitri
VolkovDmitri collected $17.64 from pot
VolkovDmitri: doesn't show hand
*** SUMMARY ***
Total pot $18 | Rake $0.36
Board [Td 5d Kd]
Seat 1: VolkovDmitri (button) (small blind) collected ($17.64)
Seat 3: k7holler (big blind) folded on the Flop


PokerStars Hand #146111046984:  Hold'em Limit ($3/$6 USD) - 2015/12/29 9:29:09 ET
Table 'Cosima' 6-max Seat #1 is the button
Seat 1: VolkovDmitri ($146.50 in chips)
Seat 3: k7holler ($98.02 in chips)
VolkovDmitri: posts small blind $1
k7holler: posts big blind $3
*** HOLE CARDS ***
VolkovDmitri: raises $3 to $6
k7holler: raises $3 to $9
VolkovDmitri: calls $3
*** FLOP *** [Ac 3s 5s]
k7holler: checks
VolkovDmitri: checks
*** TURN *** [Ac 3s 5s] [2s]
k7holler: bets $6
VolkovDmitri: calls $6
*** RIVER *** [Ac 3s 5s 2s] [4d]
k7holler: checks
VolkovDmitri: checks
*** SHOW DOWN ***
k7holler: shows [Th Jd] (a straight, Ace to Five)
VolkovDmitri: shows [7s Kh] (a straight, Ace to Five)
k7holler collected $14.75 from pot
VolkovDmitri collected $14.75 from pot
*** SUMMARY ***
Total pot $30 | Rake $0.50
Board [Ac 3s 5s 2s 4d]
Seat 1: VolkovDmitri (button) (small blind) showed [7s Kh] and won ($14.75) with a straight, Ace to Five
Seat 3: k7holler (big blind) showed [Th Jd] and won ($14.75) with a straight, Ace to Five


PokerStars Hand #146111118238:  Hold'em Limit ($3/$6 USD) - 2015/12/29 9:30:50 ET
Table 'Cosima' 6-max Seat #3 is the button
Seat 1: VolkovDmitri ($136.53 in chips)
Seat 3: k7holler ($106.27 in chips)
k7holler: posts small blind $1
VolkovDmitri: posts big blind $3
*** HOLE CARDS ***
k7holler: raises $3 to $6
VolkovDmitri: calls $3
*** FLOP *** [6s Ac 2c]
VolkovDmitri: checks
k7holler: checks
*** TURN *** [6s Ac 2c] [Ks]
VolkovDmitri: checks
k7holler: bets $6
VolkovDmitri: folds
Uncalled bet ($6) returned to k7holler
k7holler collected $11.76 from pot
k7holler: doesn't show hand
*** SUMMARY ***
Total pot $12 | Rake $0.24
Board [6s Ac 2c Ks]
Seat 1: VolkovDmitri (big blind) folded on the Turn
Seat 3: k7holler (button) (small blind) collected ($11.76)


PokerStars Hand #146111128899:  Hold'em Limit ($3/$6 USD) - 2015/12/29 9:31:05 ET
Table 'Cosima' 6-max Seat #1 is the button
Seat 1: VolkovDmitri ($130.53 in chips)
Seat 3: k7holler ($112.03 in chips)
VolkovDmitri: posts small blind $1
k7holler: posts big blind $3
*** HOLE CARDS ***
VolkovDmitri: raises $3 to $6
k7holler: calls $3
*** FLOP *** [2s As 6h]
k7holler: checks
VolkovDmitri: bets $3
k7holler: calls $3
*** TURN *** [2s As 6h] [8h]
k7holler: checks
VolkovDmitri: checks
*** RIVER *** [2s As 6h 8h] [4h]
k7holler: checks
VolkovDmitri: checks
*** SHOW DOWN ***
k7holler: shows [9h Qs] (high card Ace)
VolkovDmitri: shows [Qd Jc] (high card Ace - Queen+Jack kicker)
VolkovDmitri collected $17.64 from pot
*** SUMMARY ***
Total pot $18 | Rake $0.36
Board [2s As 6h 8h 4h]
Seat 1: VolkovDmitri (button) (small blind) showed [Qd Jc] and won ($17.64) with high card Ace
Seat 3: k7holler (big blind) showed [9h Qs] and lost with high card Ace


PokerStars Hand #146111111901:  Hold'em Limit ($3/$6 USD) - 2015/12/29 9:30:41 ET
Table 'Cosima' 6-max Seat #1 is the button
Seat 1: VolkovDmitri ($133.53 in chips)
Seat 3: k7holler ($109.27 in chips)
VolkovDmitri: posts small blind $1
k7holler: posts big blind $3
*** HOLE CARDS ***
VolkovDmitri: raises $3 to $6
k7holler: folds
Uncalled bet ($3) returned to VolkovDmitri
VolkovDmitri collected $6 from pot
VolkovDmitri: doesn't show hand
*** SUMMARY ***
Total pot $6 | Rake $0
Seat 1: VolkovDmitri (button) (small blind) collected ($6)
Seat 3: k7holler (big blind) folded before Flop


PokerStars Hand #146111093866:  Hold'em Limit ($3/$6 USD) - 2015/12/29 9:30:15 ET
Table 'Cosima' 6-max Seat #3 is the button
Seat 1: VolkovDmitri ($163.53 in chips)
Seat 3: k7holler ($79.77 in chips)
k7holler: posts small blind $1
VolkovDmitri: posts big blind $3
*** HOLE CARDS ***
k7holler: raises $3 to $6
VolkovDmitri: calls $3
*** FLOP *** [Qs 3h 6c]
VolkovDmitri: checks
k7holler: bets $3
VolkovDmitri: raises $3 to $6
k7holler: calls $3
*** TURN *** [Qs 3h 6c] [Jd]
VolkovDmitri: bets $6
k7holler: raises $6 to $12
VolkovDmitri: calls $6
*** RIVER *** [Qs 3h 6c Jd] [Kh]
BuzovaPro joins the table at seat #4
VolkovDmitri: checks
k7holler: bets $6
VolkovDmitri: calls $6
*** SHOW DOWN ***
k7holler: shows [Qh Kc] (two pair, Kings and Queens)
VolkovDmitri: mucks hand
k7holler collected $59.50 from pot
*** SUMMARY ***
Total pot $60 | Rake $0.50
Board [Qs 3h 6c Jd Kh]
Seat 1: VolkovDmitri (big blind) mucked
Seat 3: k7holler (button) (small blind) showed [Qh Kc] and won ($59.50) with two pair, Kings and Queens


PokerStars Hand #146111167946:  Hold'em Limit ($3/$6 USD) - 2015/12/29 9:32:00 ET
Table 'Cosima' 6-max Seat #1 is the button
Seat 1: VolkovDmitri ($123.17 in chips)
Seat 3: k7holler ($118.53 in chips)
VolkovDmitri: posts small blind $1
k7holler: posts big blind $3
*** HOLE CARDS ***
VolkovDmitri: raises $3 to $6
k7holler: folds
Uncalled bet ($3) returned to VolkovDmitri
VolkovDmitri collected $6 from pot
VolkovDmitri: doesn't show hand
*** SUMMARY ***
Total pot $6 | Rake $0
Seat 1: VolkovDmitri (button) (small blind) collected ($6)
Seat 3: k7holler (big blind) folded before Flop


PokerStars Hand #146111140464:  Hold'em Limit ($3/$6 USD) - 2015/12/29 9:31:22 ET
Table 'Cosima' 6-max Seat #3 is the button
Seat 1: VolkovDmitri ($139.17 in chips)
Seat 3: k7holler ($103.03 in chips)
k7holler: posts small blind $1
VolkovDmitri: posts big blind $3
*** HOLE CARDS ***
k7holler: folds
Uncalled bet ($2) returned to VolkovDmitri
VolkovDmitri collected $2 from pot
VolkovDmitri: doesn't show hand
*** SUMMARY ***
Total pot $2 | Rake $0
Seat 1: VolkovDmitri (big blind) collected ($2)
Seat 3: k7holler (button) (small blind) folded before Flop


PokerStars Hand #146111163975:  Hold'em Limit ($3/$6 USD) - 2015/12/29 9:31:55 ET
Table 'Cosima' 6-max Seat #3 is the button
Seat 1: VolkovDmitri ($122.17 in chips)
Seat 3: k7holler ($119.53 in chips)
k7holler: posts small blind $1
VolkovDmitri: posts big blind $3
*** HOLE CARDS ***
k7holler: folds
Uncalled bet ($2) returned to VolkovDmitri
VolkovDmitri collected $2 from pot
VolkovDmitri: doesn't show hand
*** SUMMARY ***
Total pot $2 | Rake $0
Seat 1: VolkovDmitri (big blind) collected ($2)
Seat 3: k7holler (button) (small blind) folded before Flop


PokerStars Hand #146111143971:  Hold'em Limit ($3/$6 USD) - 2015/12/29 9:31:27 ET
Table 'Cosima' 6-max Seat #1 is the button
Seat 1: VolkovDmitri ($140.17 in chips)
Seat 3: k7holler ($102.03 in chips)
VolkovDmitri: posts small blind $1
k7holler: posts big blind $3
*** HOLE CARDS ***
VolkovDmitri: raises $3 to $6
k7holler: calls $3
*** FLOP *** [7c 2c 3c]
k7holler: checks
VolkovDmitri: bets $3
k7holler: raises $3 to $6
VolkovDmitri: calls $3
*** TURN *** [7c 2c 3c] [6d]
k7holler: bets $6
VolkovDmitri: calls $6
*** RIVER *** [7c 2c 3c 6d] [Js]
k7holler: checks
VolkovDmitri: checks
*** SHOW DOWN ***
k7holler: shows [3h Ac] (a pair of Threes)
VolkovDmitri: mucks hand
k7holler collected $35.50 from pot
*** SUMMARY ***
Total pot $36 | Rake $0.50
Board [7c 2c 3c 6d Js]
Seat 1: VolkovDmitri (button) (small blind) mucked
Seat 3: k7holler (big blind) showed [3h Ac] and won ($35.50) with a pair of Threes


PokerStars Hand #146111203034:  Hold'em Limit ($3/$6 USD) - 2015/12/29 9:32:50 ET
Table 'Cosima' 6-max Seat #1 is the button
Seat 1: VolkovDmitri ($129.05 in chips)
Seat 3: k7holler ($112.53 in chips)
VolkovDmitri: posts small blind $1
k7holler: posts big blind $3
*** HOLE CARDS ***
VolkovDmitri: raises $3 to $6
k7holler: calls $3
*** FLOP *** [Js Tc 3d]
k7holler: checks
VolkovDmitri: bets $3
k7holler: calls $3
*** TURN *** [Js Tc 3d] [6h]
k7holler: checks
VolkovDmitri: bets $6
k7holler: calls $6
*** RIVER *** [Js Tc 3d 6h] [7h]
k7holler: checks
VolkovDmitri: bets $6
k7holler: folds
Uncalled bet ($6) returned to VolkovDmitri
VolkovDmitri collected $29.50 from pot
VolkovDmitri: doesn't show hand
*** SUMMARY ***
Total pot $30 | Rake $0.50
Board [Js Tc 3d 6h 7h]
Seat 1: VolkovDmitri (button) (small blind) collected ($29.50)
Seat 3: k7holler (big blind) folded on the River


PokerStars Hand #146111199812:  Hold'em Limit ($3/$6 USD) - 2015/12/29 9:32:46 ET
Table 'Cosima' 6-max Seat #3 is the button
Seat 1: VolkovDmitri ($128.05 in chips)
Seat 3: k7holler ($113.53 in chips)
k7holler: posts small blind $1
VolkovDmitri: posts big blind $3
*** HOLE CARDS ***
k7holler: folds
Uncalled bet ($2) returned to VolkovDmitri
VolkovDmitri collected $2 from pot
VolkovDmitri: doesn't show hand
*** SUMMARY ***
Total pot $2 | Rake $0
Seat 1: VolkovDmitri (big blind) collected ($2)
Seat 3: k7holler (button) (small blind) folded before Flop


PokerStars Hand #146111192065:  Hold'em Limit ($3/$6 USD) - 2015/12/29 9:32:35 ET
Table 'Cosima' 6-max Seat #1 is the button
Seat 1: VolkovDmitri ($129.05 in chips)
Seat 3: k7holler ($112.53 in chips)
VolkovDmitri: posts small blind $1
k7holler: posts big blind $3
*** HOLE CARDS ***
VolkovDmitri: folds
Uncalled bet ($2) returned to k7holler
k7holler collected $2 from pot
k7holler: doesn't show hand
*** SUMMARY ***
Total pot $2 | Rake $0
Seat 1: VolkovDmitri (button) (small blind) folded before Flop
Seat 3: k7holler (big blind) collected ($2)


PokerStars Hand #146111175179:  Hold'em Limit ($3/$6 USD) - 2015/12/29 9:32:11 ET
Table 'Cosima' 6-max Seat #3 is the button
Seat 1: VolkovDmitri ($126.17 in chips)
Seat 3: k7holler ($115.53 in chips)
k7holler: posts small blind $1
VolkovDmitri: posts big blind $3
*** HOLE CARDS ***
k7holler: calls $2
VolkovDmitri: checks
*** FLOP *** [5h 3c 8d]
VolkovDmitri: checks
k7holler: checks
*** TURN *** [5h 3c 8d] [3h]
VolkovDmitri: bets $6
k7holler: folds
Uncalled bet ($6) returned to VolkovDmitri
VolkovDmitri collected $5.88 from pot
VolkovDmitri: doesn't show hand
*** SUMMARY ***
Total pot $6 | Rake $0.12
Board [5h 3c 8d 3h]
Seat 1: VolkovDmitri (big blind) collected ($5.88)
Seat 3: k7holler (button) (small blind) folded on the Turn


PokerStars Hand #146111236166:  Hold'em Limit ($3/$6 USD) - 2015/12/29 9:33:37 ET
Table 'Cosima' 6-max Seat #1 is the button
Seat 1: VolkovDmitri ($152.19 in chips)
Seat 3: k7holler ($88.53 in chips)
VolkovDmitri: posts small blind $1
k7holler: posts big blind $3
*** HOLE CARDS ***
VolkovDmitri: raises $3 to $6
k7holler: folds
Uncalled bet ($3) returned to VolkovDmitri
paulcantplay joins the table at seat #6
VolkovDmitri collected $6 from pot
VolkovDmitri: doesn't show hand
*** SUMMARY ***
Total pot $6 | Rake $0
Seat 1: VolkovDmitri (button) (small blind) collected ($6)
Seat 3: k7holler (big blind) folded before Flop


PokerStars Hand #146111222696:  Hold'em Limit ($3/$6 USD) - 2015/12/29 9:33:19 ET
Table 'Cosima' 6-max Seat #3 is the button
Seat 1: VolkovDmitri ($143.55 in chips)
Seat 3: k7holler ($97.53 in chips)
k7holler: posts small blind $1
VolkovDmitri: posts big blind $3
*** HOLE CARDS ***
k7holler: raises $3 to $6
VolkovDmitri: raises $3 to $9
k7holler: calls $3
*** FLOP *** [As 4c 4h]
VolkovDmitri: checks
k7holler: checks
*** TURN *** [As 4c 4h] [Qc]
VolkovDmitri: checks
k7holler: checks
*** RIVER *** [As 4c 4h Qc] [Jd]
VolkovDmitri: bets $6
k7holler: folds
Uncalled bet ($6) returned to VolkovDmitri
VolkovDmitri collected $17.64 from pot
VolkovDmitri: doesn't show hand
*** SUMMARY ***
Total pot $18 | Rake $0.36
Board [As 4c 4h Qc Jd]
Seat 1: VolkovDmitri (big blind) collected ($17.64)
Seat 3: k7holler (button) (small blind) folded on the River


PokerStars Hand #146112434647:  Hold'em Limit ($3/$6 USD) - 2015/12/29 10:01:52 ET
Table 'Cosima' 6-max Seat #1 is the button
Seat 1: scorpio04 ($156.90 in chips)
Seat 5: valesco ($124.99 in chips)
scorpio04: posts small blind $1
valesco: posts big blind $3
*** HOLE CARDS ***
scorpio04: folds
Uncalled bet ($2) returned to valesco
k7holler leaves the table
valesco collected $2 from pot
valesco: doesn't show hand
*** SUMMARY ***
Total pot $2 | Rake $0
Seat 1: scorpio04 (button) (small blind) folded before Flop
Seat 5: valesco (big blind) collected ($2)


