PokerStars Hand #168313895488:  Hold'em Limit ($3/$6 USD) - 2017/03/30 4:02:14 ET
Table 'Cosima' 6-max Seat #1 is the button
Seat 1: LifeisagameX ($90.76 in chips)
Seat 2: anebodil ($83 in chips)
LifeisagameX: posts small blind $1
anebodil: posts big blind $3
*** HOLE CARDS ***
LifeisagameX: raises $3 to $6
anebodil: folds
Uncalled bet ($3) returned to LifeisagameX
LifeisagameX collected $6 from pot
LifeisagameX: doesn't show hand
*** SUMMARY ***
Total pot $6 | Rake $0
Seat 1: LifeisagameX (button) (small blind) collected ($6)
Seat 2: anebodil (big blind) folded before Flop


PokerStars Hand #168313893613:  Hold'em Limit ($3/$6 USD) - 2017/03/30 4:02:08 ET
Table 'Cosima' 6-max Seat #2 is the button
Seat 1: LifeisagameX ($89.76 in chips)
Seat 2: anebodil ($84 in chips)
anebodil: posts small blind $1
LifeisagameX: posts big blind $3
*** HOLE CARDS ***
anebodil: folds
Uncalled bet ($2) returned to LifeisagameX
LifeisagameX collected $2 from pot
LifeisagameX: doesn't show hand
*** SUMMARY ***
Total pot $2 | Rake $0
Seat 1: LifeisagameX (big blind) collected ($2)
Seat 2: anebodil (button) (small blind) folded before Flop


PokerStars Hand #168313879952:  Hold'em Limit ($3/$6 USD) - 2017/03/30 4:01:24 ET
Table 'Cosima' 6-max Seat #1 is the button
Seat 1: LifeisagameX ($84 in chips)
Seat 2: anebodil ($90 in chips)
LifeisagameX: posts small blind $1
anebodil: posts big blind $3
*** HOLE CARDS ***
LifeisagameX: raises $3 to $6
anebodil: calls $3
*** FLOP *** [4c 4s Ah]
anebodil: checks
LifeisagameX: bets $3
anebodil: folds
Uncalled bet ($3) returned to LifeisagameX
LifeisagameX collected $11.76 from pot
LifeisagameX: doesn't show hand
*** SUMMARY ***
Total pot $12 | Rake $0.24
Board [4c 4s Ah]
Seat 1: LifeisagameX (button) (small blind) collected ($11.76)
Seat 2: anebodil (big blind) folded on the Flop


PokerStars Hand #168313909325:  Hold'em Limit ($3/$6 USD) - 2017/03/30 4:02:58 ET
Table 'Cosima' 6-max Seat #1 is the button
Seat 1: LifeisagameX ($102.40 in chips)
Seat 2: anebodil ($71 in chips)
LifeisagameX: posts small blind $1
anebodil: posts big blind $3
*** HOLE CARDS ***
LifeisagameX: raises $3 to $6
anebodil: calls $3
*** FLOP *** [2h Ac 6s]
anebodil: bets $3
LifeisagameX: calls $3
*** TURN *** [2h Ac 6s] [Jh]
anebodil: bets $6
LifeisagameX: raises $6 to $12
anebodil: calls $6
*** RIVER *** [2h Ac 6s Jh] [6h]
anebodil: bets $6
LifeisagameX: calls $6
*** SHOW DOWN ***
anebodil: shows [6c Tc] (three of a kind, Sixes)
LifeisagameX: mucks hand
anebodil collected $53.50 from pot
*** SUMMARY ***
Total pot $54 | Rake $0.50
Board [2h Ac 6s Jh 6h]
Seat 1: LifeisagameX (button) (small blind) mucked
Seat 2: anebodil (big blind) showed [6c Tc] and won ($53.50) with three of a kind, Sixes


PokerStars Hand #168313900469:  Hold'em Limit ($3/$6 USD) - 2017/03/30 4:02:30 ET
Table 'Cosima' 6-max Seat #2 is the button
Seat 1: LifeisagameX ($93.76 in chips)
Seat 2: anebodil ($80 in chips)
anebodil: posts small blind $1
LifeisagameX: posts big blind $3
*** HOLE CARDS ***
anebodil: raises $3 to $6
LifeisagameX: raises $3 to $9
anebodil: calls $3
*** FLOP *** [2d Ts Js]
LifeisagameX: bets $3
anebodil: folds
Uncalled bet ($3) returned to LifeisagameX
LifeisagameX collected $17.64 from pot
LifeisagameX: doesn't show hand
*** SUMMARY ***
Total pot $18 | Rake $0.36
Board [2d Ts Js]
Seat 1: LifeisagameX (big blind) collected ($17.64)
Seat 2: anebodil (button) (small blind) folded on the Flop


PokerStars Hand #168313934315:  Hold'em Limit ($3/$6 USD) - 2017/03/30 4:04:17 ET
Table 'Cosima' 6-max Seat #1 is the button
Seat 1: LifeisagameX ($84 in chips)
Seat 2: anebodil ($103.26 in chips)
LifeisagameX: posts small blind $1
anebodil: posts big blind $3
*** HOLE CARDS ***
LifeisagameX: raises $3 to $6
anebodil: folds
Uncalled bet ($3) returned to LifeisagameX
LifeisagameX collected $6 from pot
LifeisagameX: doesn't show hand
*** SUMMARY ***
Total pot $6 | Rake $0
Seat 1: LifeisagameX (button) (small blind) collected ($6)
Seat 2: anebodil (big blind) folded before Flop


PokerStars Hand #168313921738:  Hold'em Limit ($3/$6 USD) - 2017/03/30 4:03:37 ET
Table 'Cosima' 6-max Seat #2 is the button
Seat 1: LifeisagameX ($84 in chips)
Seat 2: anebodil ($97.50 in chips)
anebodil: posts small blind $1
LifeisagameX: posts big blind $3
*** HOLE CARDS ***
anebodil: raises $3 to $6
LifeisagameX: calls $3
*** FLOP *** [Qh 8s 8h]
LifeisagameX: checks
anebodil: bets $3
LifeisagameX: folds
Uncalled bet ($3) returned to anebodil
anebodil collected $11.76 from pot
*** SUMMARY ***
Total pot $12 | Rake $0.24
Board [Qh 8s 8h]
Seat 1: LifeisagameX (big blind) folded on the Flop
Seat 2: anebodil (button) (small blind) collected ($11.76)


PokerStars Hand #168313943281:  Hold'em Limit ($3/$6 USD) - 2017/03/30 4:04:45 ET
Table 'Cosima' 6-max Seat #2 is the button
Seat 1: LifeisagameX ($87 in chips)
Seat 2: anebodil ($100.26 in chips)
anebodil: posts small blind $1
LifeisagameX: posts big blind $3
*** HOLE CARDS ***
anebodil: raises $3 to $6
LifeisagameX: calls $3
*** FLOP *** [6s 3c 6d]
LifeisagameX: checks
anebodil: checks
*** TURN *** [6s 3c 6d] [2d]
LifeisagameX: bets $6
anebodil: calls $6
*** RIVER *** [6s 3c 6d 2d] [7s]
LifeisagameX: bets $6
anebodil: calls $6
*** SHOW DOWN ***
LifeisagameX: shows [3s Qh] (two pair, Sixes and Threes)
anebodil: mucks hand
LifeisagameX collected $35.50 from pot
*** SUMMARY ***
Total pot $36 | Rake $0.50
Board [6s 3c 6d 2d 7s]
Seat 1: LifeisagameX (big blind) showed [3s Qh] and won ($35.50) with two pair, Sixes and Threes
Seat 2: anebodil (button) (small blind) mucked


PokerStars Hand #168313962310:  Hold'em Limit ($3/$6 USD) - 2017/03/30 4:05:45 ET
Table 'Cosima' 6-max Seat #1 is the button
Seat 1: LifeisagameX ($104.50 in chips)
Seat 2: anebodil ($82.26 in chips)
LifeisagameX: posts small blind $1
anebodil: posts big blind $3
*** HOLE CARDS ***
LifeisagameX: raises $3 to $6
anebodil: calls $3
*** FLOP *** [8c Qd 3c]
anebodil: checks
LifeisagameX: bets $3
anebodil: calls $3
*** TURN *** [8c Qd 3c] [4h]
anebodil: bets $6
LifeisagameX: calls $6
*** RIVER *** [8c Qd 3c 4h] [2h]
anebodil: bets $6
LifeisagameX: calls $6
*** SHOW DOWN ***
anebodil: shows [Kd Kh] (a pair of Kings)
LifeisagameX: mucks hand
anebodil collected $41.50 from pot
*** SUMMARY ***
Total pot $42 | Rake $0.50
Board [8c Qd 3c 4h 2h]
Seat 1: LifeisagameX (button) (small blind) mucked
Seat 2: anebodil (big blind) showed [Kd Kh] and won ($41.50) with a pair of Kings


PokerStars Hand #168313978115:  Hold'em Limit ($3/$6 USD) - 2017/03/30 4:06:35 ET
Table 'Cosima' 6-max Seat #2 is the button
Seat 1: LifeisagameX ($84 in chips)
Seat 2: anebodil ($102.76 in chips)
anebodil: posts small blind $1
zimin10 joins the table at seat #3
LifeisagameX: posts big blind $3
*** HOLE CARDS ***
anebodil: calls $2
LifeisagameX: raises $3 to $6
anebodil: calls $3
*** FLOP *** [5d 5s Ac]
LifeisagameX: bets $3
anebodil: folds
Uncalled bet ($3) returned to LifeisagameX
LifeisagameX collected $11.76 from pot
LifeisagameX: doesn't show hand
*** SUMMARY ***
Total pot $12 | Rake $0.24
Board [5d 5s Ac]
Seat 1: LifeisagameX (big blind) collected ($11.76)
Seat 2: anebodil (button) (small blind) folded on the Flop


PokerStars Hand #168314300398:  Hold'em Limit ($3/$6 USD) - 2017/03/30 4:23:14 ET
Table 'Cosima' 6-max Seat #4 is the button
Seat 3: fugu82 ($39 in chips)
Seat 4: zimin10 ($319.74 in chips)
zimin10: posts small blind $1
fugu82: posts big blind $3
*** HOLE CARDS ***
zimin10: raises $3 to $6
fugu82: calls $3
*** FLOP *** [Kc 8h 4h]
fugu82: checks
zimin10: bets $3
fugu82: raises $3 to $6
zimin10: calls $3
*** TURN *** [Kc 8h 4h] [4c]
fugu82: bets $6
zimin10: calls $6
*** RIVER *** [Kc 8h 4h 4c] [9d]
fugu82: bets $6
zimin10: calls $6
*** SHOW DOWN ***
fugu82: shows [7c 5h] (a pair of Fours)
zimin10: shows [Qs Kh] (two pair, Kings and Fours)
zimin10 collected $47.50 from pot
*** SUMMARY ***
Total pot $48 | Rake $0.50
Board [Kc 8h 4h 4c 9d]
Seat 3: fugu82 (big blind) showed [7c 5h] and lost with a pair of Fours
Seat 4: zimin10 (button) (small blind) showed [Qs Kh] and won ($47.50) with two pair, Kings and Fours


PokerStars Hand #168314316038:  Hold'em Limit ($3/$6 USD) - 2017/03/30 4:24:02 ET
Table 'Cosima' 6-max Seat #4 is the button
Seat 3: fugu82 ($54.48 in chips)
Seat 4: zimin10 ($340.24 in chips)
zimin10: posts small blind $1
fugu82: posts big blind $3
*** HOLE CARDS ***
zimin10: folds
Uncalled bet ($2) returned to fugu82
fugu82 collected $2 from pot
*** SUMMARY ***
Total pot $2 | Rake $0
Seat 3: fugu82 (big blind) collected ($2)
Seat 4: zimin10 (button) (small blind) folded before Flop


PokerStars Hand #168314311819:  Hold'em Limit ($3/$6 USD) - 2017/03/30 4:23:49 ET
Table 'Cosima' 6-max Seat #3 is the button
Seat 3: fugu82 ($15 in chips)
Seat 4: zimin10 ($343.24 in chips)
fugu82: posts small blind $1
zimin10: posts big blind $3
*** HOLE CARDS ***
fugu82: raises $3 to $6
zimin10: folds
Uncalled bet ($3) returned to fugu82
fugu82 collected $6 from pot
*** SUMMARY ***
Total pot $6 | Rake $0
Seat 3: fugu82 (button) (small blind) collected ($6)
Seat 4: zimin10 (big blind) folded before Flop


PokerStars Hand #168314318030:  Hold'em Limit ($3/$6 USD) - 2017/03/30 4:24:08 ET
Table 'Cosima' 6-max Seat #3 is the button
Seat 3: fugu82 ($55.48 in chips)
Seat 4: zimin10 ($339.24 in chips)
fugu82: posts small blind $1
zimin10: posts big blind $3
*** HOLE CARDS ***
fugu82: folds
Uncalled bet ($2) returned to zimin10
zimin10 collected $2 from pot
zimin10: doesn't show hand
LifeisagameX was removed from the table for failing to post
*** SUMMARY ***
Total pot $2 | Rake $0
Seat 3: fugu82 (button) (small blind) folded before Flop
Seat 4: zimin10 (big blind) collected ($2)


PokerStars Hand #168314319886:  Hold'em Limit ($3/$6 USD) - 2017/03/30 4:24:14 ET
Table 'Cosima' 6-max Seat #4 is the button
Seat 3: fugu82 ($54.48 in chips)
Seat 4: zimin10 ($340.24 in chips)
zimin10: posts small blind $1
fugu82: posts big blind $3
*** HOLE CARDS ***
Frank_Stein joins the table at seat #6
zimin10: raises $3 to $6
fugu82: calls $3
*** FLOP *** [7c 3d 6s]
fugu82: checks
zimin10: checks
*** TURN *** [7c 3d 6s] [3h]
fugu82: bets $6
zimin10: calls $6
*** RIVER *** [7c 3d 6s 3h] [Tc]
fugu82: bets $6
zimin10: folds
Uncalled bet ($6) returned to fugu82
fugu82 collected $23.52 from pot
*** SUMMARY ***
Total pot $24 | Rake $0.48
Board [7c 3d 6s 3h Tc]
Seat 3: fugu82 (big blind) collected ($23.52)
Seat 4: zimin10 (button) (small blind) folded on the River


PokerStars Hand #168314335259:  Hold'em Limit ($3/$6 USD) - 2017/03/30 4:25:01 ET
Table 'Cosima' 6-max Seat #3 is the button
Seat 3: fugu82 ($66 in chips)
Seat 4: zimin10 ($328.24 in chips)
fugu82: posts small blind $1
zimin10: posts big blind $3
*** HOLE CARDS ***
fugu82: folds
Uncalled bet ($2) returned to zimin10
zimin10 collected $2 from pot
zimin10: doesn't show hand
*** SUMMARY ***
Total pot $2 | Rake $0
Seat 3: fugu82 (button) (small blind) folded before Flop
Seat 4: zimin10 (big blind) collected ($2)


PokerStars Hand #168314371807:  Hold'em Limit ($3/$6 USD) - 2017/03/30 4:26:52 ET
Table 'Cosima' 6-max Seat #6 is the button
Seat 4: zimin10 ($293.24 in chips)
Seat 6: Frank_Stein ($154 in chips)
andyrr will be allowed to play after the button
Frank_Stein: posts small blind $1
fugu82 has timed out while being disconnected
fugu82: is sitting out
zimin10: posts big blind $3
*** HOLE CARDS ***
Frank_Stein: raises $3 to $6
zimin10: folds
Uncalled bet ($3) returned to Frank_Stein
Frank_Stein collected $6 from pot
Frank_Stein: doesn't show hand
*** SUMMARY ***
Total pot $6 | Rake $0
Seat 4: zimin10 (big blind) folded before Flop
Seat 6: Frank_Stein (button) (small blind) collected ($6)


PokerStars Hand #168315135134:  Hold'em Limit ($3/$6 USD) - 2017/03/30 5:05:09 ET
Table 'Cosima' 6-max Seat #6 is the button
Seat 5: iraten8 ($43.38 in chips)
Seat 6: kolaz03 ($83.76 in chips)
kolaz03: posts small blind $1
Pelurile was removed from the table for failing to post
iraten8: posts big blind $3
*** HOLE CARDS ***
kolaz03: raises $3 to $6
iraten8: calls $3
*** FLOP *** [Ts 3c 2c]
iraten8: checks
kolaz03: bets $3
iraten8: folds
Uncalled bet ($3) returned to kolaz03
kolaz03 collected $11.76 from pot
kolaz03: doesn't show hand
*** SUMMARY ***
Total pot $12 | Rake $0.24
Board [Ts 3c 2c]
Seat 5: iraten8 (big blind) folded on the Flop
Seat 6: kolaz03 (button) (small blind) collected ($11.76)


PokerStars Hand #168315139346:  Hold'em Limit ($3/$6 USD) - 2017/03/30 5:05:21 ET
Table 'Cosima' 6-max Seat #5 is the button
Seat 5: iraten8 ($37.38 in chips)
Seat 6: kolaz03 ($89.52 in chips)
iraten8: posts small blind $1
kolaz03: posts big blind $3
*** HOLE CARDS ***
iraten8: raises $3 to $6
SilaSoNi joins the table at seat #4
kolaz03: calls $3
*** FLOP *** [4s 6s Qs]
kolaz03: checks
iraten8: checks
*** TURN *** [4s 6s Qs] [Kh]
kolaz03: checks
iraten8: bets $6
kolaz03: folds
Uncalled bet ($6) returned to iraten8
iraten8 collected $11.76 from pot
*** SUMMARY ***
Total pot $12 | Rake $0.24
Board [4s 6s Qs Kh]
Seat 5: iraten8 (button) (small blind) collected ($11.76)
Seat 6: kolaz03 (big blind) folded on the Turn


PokerStars Hand #168317887260:  Hold'em Limit ($3/$6 USD) - 2017/03/30 7:01:03 ET
Table 'Cosima' 6-max Seat #2 is the button
Seat 2: knas4 ($266.19 in chips)
Seat 3: B_loJkl ($201.41 in chips)
knas4: posts small blind $1
B_loJkl: posts big blind $3
*** HOLE CARDS ***
knas4: folds
Uncalled bet ($2) returned to B_loJkl
B_loJkl collected $2 from pot
B_loJkl: doesn't show hand
*** SUMMARY ***
Total pot $2 | Rake $0
Seat 2: knas4 (button) (small blind) folded before Flop
Seat 3: B_loJkl (big blind) collected ($2)


PokerStars Hand #168317883443:  Hold'em Limit ($3/$6 USD) - 2017/03/30 7:00:54 ET
Table 'Cosima' 6-max Seat #3 is the button
Seat 2: knas4 ($269.19 in chips)
Seat 3: B_loJkl ($198.41 in chips)
B_loJkl: posts small blind $1
knas4: posts big blind $3
*** HOLE CARDS ***
B_loJkl: raises $3 to $6
TheCRIdol leaves the table
knas4: folds
Uncalled bet ($3) returned to B_loJkl
B_loJkl collected $6 from pot
B_loJkl: doesn't show hand
*** SUMMARY ***
Total pot $6 | Rake $0
Seat 2: knas4 (big blind) folded before Flop
Seat 3: B_loJkl (button) (small blind) collected ($6)


PokerStars Hand #168317889419:  Hold'em Limit ($3/$6 USD) - 2017/03/30 7:01:08 ET
Table 'Cosima' 6-max Seat #3 is the button
Seat 2: knas4 ($265.19 in chips)
Seat 3: B_loJkl ($202.41 in chips)
B_loJkl: posts small blind $1
knas4: posts big blind $3
*** HOLE CARDS ***
B_loJkl: raises $3 to $6
knas4: calls $3
*** FLOP *** [2h 2d Tc]
knas4: checks
B_loJkl: bets $3
knas4: folds
Uncalled bet ($3) returned to B_loJkl
knas4 leaves the table
B_loJkl collected $11.76 from pot
B_loJkl: doesn't show hand
*** SUMMARY ***
Total pot $12 | Rake $0.24
Board [2h 2d Tc]
Seat 2: knas4 (big blind) folded on the Flop
Seat 3: B_loJkl (button) (small blind) collected ($11.76)


