PokerStars Hand #144311521307:  Hold'em Limit ($3/$6 USD) - 2015/11/24 9:55:29 ET
Table 'Cosima' 6-max Seat #6 is the button
Seat 5: nordschrott ($30 in chips)
Seat 6: TbIP-TbIP 88 ($72 in chips)
TbIP-TbIP 88: posts small blind $1
nordschrott: posts big blind $3
*** HOLE CARDS ***
DismasX joins the table at seat #1
TbIP-TbIP 88: raises $3 to $6
nordschrott: calls $3
*** FLOP *** [3h Kd 9h]
nordschrott: checks
TbIP-TbIP 88: bets $3
nordschrott: raises $3 to $6
TbIP-TbIP 88: calls $3
*** TURN *** [3h Kd 9h] [6d]
nordschrott: bets $6
TbIP-TbIP 88: calls $6
*** RIVER *** [3h Kd 9h 6d] [Ad]
nordschrott: bets $6
TbIP-TbIP 88: calls $6
*** SHOW DOWN ***
nordschrott: shows [7h 5s] (high card Ace)
TbIP-TbIP 88: shows [Kh Tc] (a pair of Kings)
TbIP-TbIP 88 collected $47.50 from pot
*** SUMMARY ***
Total pot $48 | Rake $0.50
Board [3h Kd 9h 6d Ad]
Seat 5: nordschrott (big blind) showed [7h 5s] and lost with high card Ace
Seat 6: TbIP-TbIP 88 (button) (small blind) showed [Kh Tc] and won ($47.50) with a pair of Kings


PokerStars Hand #144311549081:  Hold'em Limit ($3/$6 USD) - 2015/11/24 9:56:20 ET
Table 'Cosima' 6-max Seat #5 is the button
Seat 5: nordschrott ($6 in chips)
Seat 6: TbIP-TbIP 88 ($95.50 in chips)
nordschrott: posts small blind $1
TbIP-TbIP 88: posts big blind $3
*** HOLE CARDS ***
nordschrott: raises $3 to $6 and is all-in
TbIP-TbIP 88: calls $3
*** FLOP *** [4d 4h Qs]
*** TURN *** [4d 4h Qs] [3s]
*** RIVER *** [4d 4h Qs 3s] [5c]
*** SHOW DOWN ***
TbIP-TbIP 88: shows [6h 8h] (a pair of Fours)
nordschrott: shows [5h Td] (two pair, Fives and Fours)
nordschrott collected $11.76 from pot
*** SUMMARY ***
Total pot $12 | Rake $0.24
Board [4d 4h Qs 3s 5c]
Seat 5: nordschrott (button) (small blind) showed [5h Td] and won ($11.76) with two pair, Fives and Fours
Seat 6: TbIP-TbIP 88 (big blind) showed [6h 8h] and lost with a pair of Fours


PokerStars Hand #144311585812:  Hold'em Limit ($3/$6 USD) - 2015/11/24 9:57:27 ET
Table 'Cosima' 6-max Seat #1 is the button
Seat 1: DismasX ($72 in chips)
Seat 5: nordschrott ($21.89 in chips)
DismasX: posts small blind $1
nordschrott: posts big blind $3
*** HOLE CARDS ***
DismasX: folds
Uncalled bet ($2) returned to nordschrott
nordschrott collected $2 from pot
*** SUMMARY ***
Total pot $2 | Rake $0
Seat 1: DismasX (button) (small blind) folded before Flop
Seat 5: nordschrott (big blind) collected ($2)


PokerStars Hand #144311577684:  Hold'em Limit ($3/$6 USD) - 2015/11/24 9:57:13 ET
Table 'Cosima' 6-max Seat #5 is the button
Seat 1: DismasX ($78.85 in chips)
Seat 5: nordschrott ($11.17 in chips)
nordschrott: posts small blind $1
TbIP-TbIP 88: is sitting out
DismasX: posts big blind $3
*** HOLE CARDS ***
nordschrott: raises $3 to $6
DismasX: raises $3 to $9
nordschrott: raises $2.17 to $11.17 and is all-in
Betting is capped
DismasX: calls $2.17
*** FLOP *** [6d Jc 7s]
*** TURN *** [6d Jc 7s] [4c]
*** RIVER *** [6d Jc 7s 4c] [5d]
*** SHOW DOWN ***
DismasX: shows [9d Kd] (high card King)
nordschrott: shows [Ad Kc] (high card Ace)
nordschrott collected $21.89 from pot
*** SUMMARY ***
Total pot $22.34 | Rake $0.45
Board [6d Jc 7s 4c 5d]
Seat 1: DismasX (big blind) showed [9d Kd] and lost with high card King
Seat 5: nordschrott (button) (small blind) showed [Ad Kc] and won ($21.89) with high card Ace


PokerStars Hand #144311588250:  Hold'em Limit ($3/$6 USD) - 2015/11/24 9:57:32 ET
Table 'Cosima' 6-max Seat #5 is the button
Seat 1: DismasX ($72 in chips)
Seat 5: nordschrott ($22.89 in chips)
nordschrott: posts small blind $1
DismasX: posts big blind $3
*** HOLE CARDS ***
nordschrott: calls $2
DismasX: raises $3 to $6
nordschrott: calls $3
*** FLOP *** [7d 5h 2h]
DismasX: bets $3
nordschrott: calls $3
*** TURN *** [7d 5h 2h] [Qh]
DismasX: bets $6
nordschrott: calls $6
*** RIVER *** [7d 5h 2h Qh] [4c]
DismasX: checks
nordschrott: checks
*** SHOW DOWN ***
DismasX: shows [Kc 9d] (high card King)
nordschrott: shows [Ad 4h] (a pair of Fours)
nordschrott collected $29.50 from pot
*** SUMMARY ***
Total pot $30 | Rake $0.50
Board [7d 5h 2h Qh 4c]
Seat 1: DismasX (big blind) showed [Kc 9d] and lost with high card King
Seat 5: nordschrott (button) (small blind) showed [Ad 4h] and won ($29.50) with a pair of Fours


PokerStars Hand #144311597706:  Hold'em Limit ($3/$6 USD) - 2015/11/24 9:57:49 ET
Table 'Cosima' 6-max Seat #1 is the button
Seat 1: DismasX ($72 in chips)
Seat 5: nordschrott ($37.39 in chips)
DismasX: posts small blind $1
nordschrott: posts big blind $3
*** HOLE CARDS ***
DismasX: raises $3 to $6
nordschrott: calls $3
*** FLOP *** [4h Kh 2c]
nordschrott: checks
DismasX: bets $3
nordschrott: folds
Uncalled bet ($3) returned to DismasX
DismasX collected $11.76 from pot
DismasX: doesn't show hand
*** SUMMARY ***
Total pot $12 | Rake $0.24
Board [4h Kh 2c]
Seat 1: DismasX (button) (small blind) collected ($11.76)
Seat 5: nordschrott (big blind) folded on the Flop


PokerStars Hand #144311607160:  Hold'em Limit ($3/$6 USD) - 2015/11/24 9:58:07 ET
Table 'Cosima' 6-max Seat #1 is the button
Seat 1: DismasX ($78.76 in chips)
Seat 5: nordschrott ($30.39 in chips)
DismasX: posts small blind $1
nordschrott: posts big blind $3
*** HOLE CARDS ***
DismasX: folds
Uncalled bet ($2) returned to nordschrott
nordschrott collected $2 from pot
*** SUMMARY ***
Total pot $2 | Rake $0
Seat 1: DismasX (button) (small blind) folded before Flop
Seat 5: nordschrott (big blind) collected ($2)


PokerStars Hand #144311604359:  Hold'em Limit ($3/$6 USD) - 2015/11/24 9:58:01 ET
Table 'Cosima' 6-max Seat #5 is the button
Seat 1: DismasX ($77.76 in chips)
Seat 5: nordschrott ($31.39 in chips)
nordschrott: posts small blind $1
DismasX: posts big blind $3
*** HOLE CARDS ***
nordschrott: folds
Uncalled bet ($2) returned to DismasX
DismasX collected $2 from pot
DismasX: doesn't show hand
*** SUMMARY ***
Total pot $2 | Rake $0
Seat 1: DismasX (big blind) collected ($2)
Seat 5: nordschrott (button) (small blind) folded before Flop


PokerStars Hand #144311609469:  Hold'em Limit ($3/$6 USD) - 2015/11/24 9:58:11 ET
Table 'Cosima' 6-max Seat #5 is the button
Seat 1: DismasX ($77.76 in chips)
Seat 5: nordschrott ($31.39 in chips)
nordschrott: posts small blind $1
DismasX: posts big blind $3
*** HOLE CARDS ***
nordschrott: calls $2
DismasX: checks
*** FLOP *** [6c Th 8d]
DismasX: bets $3
nordschrott: raises $3 to $6
DismasX: folds
Uncalled bet ($3) returned to nordschrott
nordschrott collected $11.76 from pot
*** SUMMARY ***
Total pot $12 | Rake $0.24
Board [6c Th 8d]
Seat 1: DismasX (big blind) folded on the Flop
Seat 5: nordschrott (button) (small blind) collected ($11.76)


PokerStars Hand #144311617080:  Hold'em Limit ($3/$6 USD) - 2015/11/24 9:58:25 ET
Table 'Cosima' 6-max Seat #1 is the button
Seat 1: DismasX ($72 in chips)
Seat 5: nordschrott ($37.15 in chips)
DismasX: posts small blind $1
nordschrott: posts big blind $3
*** HOLE CARDS ***
DismasX: raises $3 to $6
nordschrott: calls $3
*** FLOP *** [5h Js 3s]
nordschrott: checks
DismasX: bets $3
nordschrott: raises $3 to $6
DismasX: calls $3
*** TURN *** [5h Js 3s] [6s]
nordschrott: bets $6
DismasX: raises $6 to $12
nordschrott: raises $6 to $18
DismasX: calls $6
*** RIVER *** [5h Js 3s 6s] [8h]
nordschrott: bets $6
DismasX: calls $6
*** SHOW DOWN ***
nordschrott: shows [5s 8s] (a flush, Jack high)
DismasX: mucks hand
nordschrott collected $71.50 from pot
*** SUMMARY ***
Total pot $72 | Rake $0.50
Board [5h Js 3s 6s 8h]
Seat 1: DismasX (button) (small blind) mucked
Seat 5: nordschrott (big blind) showed [5s 8s] and won ($71.50) with a flush, Jack high


PokerStars Hand #144311734183:  Hold'em Limit ($3/$6 USD) - 2015/11/24 10:01:46 ET
Table 'Cosima' 6-max Seat #6 is the button
Seat 5: nordschrott ($82.22 in chips)
Seat 6: TbIP-TbIP 88 ($97.38 in chips)
TbIP-TbIP 88: posts small blind $1
nordschrott: posts big blind $3
*** HOLE CARDS ***
TbIP-TbIP 88: raises $3 to $6
nordschrott: calls $3
*** FLOP *** [9c 2c Kd]
nordschrott: checks
TbIP-TbIP 88: bets $3
nordschrott: folds
Uncalled bet ($3) returned to TbIP-TbIP 88
TbIP-TbIP 88 collected $11.76 from pot
TbIP-TbIP 88: doesn't show hand
*** SUMMARY ***
Total pot $12 | Rake $0.24
Board [9c 2c Kd]
Seat 5: nordschrott (big blind) folded on the Flop
Seat 6: TbIP-TbIP 88 (button) (small blind) collected ($11.76)


PokerStars Hand #144311743015:  Hold'em Limit ($3/$6 USD) - 2015/11/24 10:02:00 ET
Table 'Cosima' 6-max Seat #5 is the button
Seat 5: nordschrott ($76.22 in chips)
Seat 6: TbIP-TbIP 88 ($103.14 in chips)
nordschrott: posts small blind $1
TbIP-TbIP 88: posts big blind $3
*** HOLE CARDS ***
nordschrott: calls $2
TbIP-TbIP 88: checks
*** FLOP *** [Ad 5s Qc]
TbIP-TbIP 88: bets $3
nordschrott: raises $3 to $6
TbIP-TbIP 88: folds
Uncalled bet ($3) returned to nordschrott
nordschrott collected $11.76 from pot
*** SUMMARY ***
Total pot $12 | Rake $0.24
Board [Ad 5s Qc]
Seat 5: nordschrott (button) (small blind) collected ($11.76)
Seat 6: TbIP-TbIP 88 (big blind) folded on the Flop


PokerStars Hand #144311753828:  Hold'em Limit ($3/$6 USD) - 2015/11/24 10:02:16 ET
Table 'Cosima' 6-max Seat #6 is the button
Seat 5: nordschrott ($81.98 in chips)
Seat 6: TbIP-TbIP 88 ($97.14 in chips)
TbIP-TbIP 88: posts small blind $1
nordschrott: posts big blind $3
*** HOLE CARDS ***
TbIP-TbIP 88: raises $3 to $6
nordschrott: calls $3
*** FLOP *** [As Th 9s]
nordschrott: checks
TbIP-TbIP 88: bets $3
nordschrott: folds
Uncalled bet ($3) returned to TbIP-TbIP 88
TbIP-TbIP 88 collected $11.76 from pot
TbIP-TbIP 88: doesn't show hand
*** SUMMARY ***
Total pot $12 | Rake $0.24
Board [As Th 9s]
Seat 5: nordschrott (big blind) folded on the Flop
Seat 6: TbIP-TbIP 88 (button) (small blind) collected ($11.76)


PokerStars Hand #144311763215:  Hold'em Limit ($3/$6 USD) - 2015/11/24 10:02:29 ET
Table 'Cosima' 6-max Seat #5 is the button
Seat 5: nordschrott ($75.98 in chips)
Seat 6: TbIP-TbIP 88 ($102.90 in chips)
nordschrott: posts small blind $1
TbIP-TbIP 88: posts big blind $3
*** HOLE CARDS ***
nordschrott: calls $2
TbIP-TbIP 88: raises $3 to $6
nordschrott: calls $3
*** FLOP *** [Js 7c 6d]
TbIP-TbIP 88: bets $3
nordschrott: raises $3 to $6
TbIP-TbIP 88: calls $3
*** TURN *** [Js 7c 6d] [5c]
TbIP-TbIP 88: checks
nordschrott: bets $6
TbIP-TbIP 88: folds
Uncalled bet ($6) returned to nordschrott
nordschrott collected $23.52 from pot
*** SUMMARY ***
Total pot $24 | Rake $0.48
Board [Js 7c 6d 5c]
Seat 5: nordschrott (button) (small blind) collected ($23.52)
Seat 6: TbIP-TbIP 88 (big blind) folded on the Turn


