PokerStars Hand #145281169215:  Hold'em Limit ($3/$6 USD) - 2015/12/13 11:21:53 ET
Table 'Cottrell II' 6-max Seat #6 is the button
Seat 1: sismos404 ($60.43 in chips)
Seat 6: scorpio04 ($73 in chips)
scorpio04: posts small blind $1
sismos404: posts big blind $3
*** HOLE CARDS ***
scorpio04: raises $3 to $6
sismos404: calls $3
*** FLOP *** [7h 7s Qc]
sismos404: checks
scorpio04: bets $3
sismos404: folds
Uncalled bet ($3) returned to scorpio04
scorpio04 collected $11.76 from pot
scorpio04: doesn't show hand
*** SUMMARY ***
Total pot $12 | Rake $0.24
Board [7h 7s Qc]
Seat 1: sismos404 (big blind) folded on the Flop
Seat 6: scorpio04 (button) (small blind) collected ($11.76)


PokerStars Hand #145281327006:  Hold'em Limit ($3/$6 USD) - 2015/12/13 11:24:52 ET
Table 'Cottrell II' 6-max Seat #2 is the button
Seat 2: boony444 ($225.81 in chips)
Seat 6: scorpio04 ($72 in chips)
boony444: posts small blind $1
finances35: is sitting out
scorpio04: posts big blind $3
*** HOLE CARDS ***
finances35 leaves the table
boony444: folds
Uncalled bet ($2) returned to scorpio04
scorpio04 collected $2 from pot
*** SUMMARY ***
Total pot $2 | Rake $0
Seat 2: boony444 (button) (small blind) folded before Flop
Seat 6: scorpio04 (big blind) collected ($2)


