PokerStars Hand #152213758832:  Hold'em Limit ($3/$6 USD) - 2016/04/20 19:39:53 ET
Table 'Coubertin' 6-max Seat #2 is the button
Seat 1: Scheubi88 ($73.34 in chips)
Seat 2: Necromadx ($129.65 in chips)
Necromadx: posts small blind $1
Scheubi88: posts big blind $3
*** HOLE CARDS ***
Necromadx: raises $3 to $6
Scheubi88: calls $3
*** FLOP *** [Jd Td Ah]
Scheubi88: checks
Necromadx: bets $3
Scheubi88: folds
Uncalled bet ($3) returned to Necromadx
Necromadx collected $11.76 from pot
Necromadx: doesn't show hand
*** SUMMARY ***
Total pot $12 | Rake $0.24
Board [Jd Td Ah]
Seat 1: Scheubi88 (big blind) folded on the Flop
Seat 2: Necromadx (button) (small blind) collected ($11.76)


PokerStars Hand #152213745063:  Hold'em Limit ($3/$6 USD) - 2016/04/20 19:39:27 ET
Table 'Coubertin' 6-max Seat #5 is the button
Seat 2: Necromadx ($128.65 in chips)
Seat 5: anetkaapro ($139.31 in chips)
anetkaapro: posts small blind $1
Scheubi88: is sitting out
Necromadx: posts big blind $3
*** HOLE CARDS ***
anetkaapro: folds
Uncalled bet ($2) returned to Necromadx
Necromadx collected $2 from pot
Necromadx: doesn't show hand
*** SUMMARY ***
Total pot $2 | Rake $0
Seat 2: Necromadx (big blind) collected ($2)
Seat 5: anetkaapro (button) (small blind) folded before Flop


PokerStars Hand #152213773924:  Hold'em Limit ($3/$6 USD) - 2016/04/20 19:40:22 ET
Table 'Coubertin' 6-max Seat #2 is the button
Seat 1: Scheubi88 ($90.84 in chips)
Seat 2: Necromadx ($120 in chips)
Necromadx: posts small blind $1
Scheubi88: posts big blind $3
*** HOLE CARDS ***
Necromadx: raises $3 to $6
Scheubi88: raises $3 to $9
Necromadx: calls $3
*** FLOP *** [5c 2h Kc]
Scheubi88: bets $3
Necromadx: calls $3
*** TURN *** [5c 2h Kc] [5s]
Scheubi88: bets $6
Necromadx: raises $6 to $12
Scheubi88: calls $6
*** RIVER *** [5c 2h Kc 5s] [8s]
Scheubi88: checks
Necromadx: bets $6
Scheubi88: calls $6
*** SHOW DOWN ***
Necromadx: shows [Ts 5h] (three of a kind, Fives)
Scheubi88: mucks hand
Necromadx collected $59.50 from pot
*** SUMMARY ***
Total pot $60 | Rake $0.50
Board [5c 2h Kc 5s 8s]
Seat 1: Scheubi88 (big blind) mucked
Seat 2: Necromadx (button) (small blind) showed [Ts 5h] and won ($59.50) with three of a kind, Fives


PokerStars Hand #152213765622:  Hold'em Limit ($3/$6 USD) - 2016/04/20 19:40:06 ET
Table 'Coubertin' 6-max Seat #1 is the button
Seat 1: Scheubi88 ($67.34 in chips)
Seat 2: Necromadx ($135.41 in chips)
Scheubi88: posts small blind $1
Necromadx: posts big blind $3
*** HOLE CARDS ***
Scheubi88: raises $3 to $6
Necromadx: calls $3
*** FLOP *** [2s 9c 3d]
Necromadx: checks
Scheubi88: bets $3
Necromadx: raises $3 to $6
Scheubi88: calls $3
*** TURN *** [2s 9c 3d] [8c]
Necromadx: bets $6
Scheubi88: calls $6
*** RIVER *** [2s 9c 3d 8c] [5d]
Necromadx: bets $6
Scheubi88: calls $6
*** SHOW DOWN ***
Necromadx: shows [9s 6s] (a pair of Nines)
Scheubi88: shows [9d Jh] (a pair of Nines - Jack kicker)
Scheubi88 collected $47.50 from pot
*** SUMMARY ***
Total pot $48 | Rake $0.50
Board [2s 9c 3d 8c 5d]
Seat 1: Scheubi88 (button) (small blind) showed [9d Jh] and won ($47.50) with a pair of Nines
Seat 2: Necromadx (big blind) showed [9s 6s] and lost with a pair of Nines


PokerStars Hand #152213812972:  Hold'em Limit ($3/$6 USD) - 2016/04/20 19:41:37 ET
Table 'Coubertin' 6-max Seat #1 is the button
Seat 1: Scheubi88 ($60.48 in chips)
Seat 2: Necromadx ($149.14 in chips)
Scheubi88: posts small blind $1
Necromadx: posts big blind $3
*** HOLE CARDS ***
Scheubi88: raises $3 to $6
Necromadx: folds
Uncalled bet ($3) returned to Scheubi88
Scheubi88 collected $6 from pot
*** SUMMARY ***
Total pot $6 | Rake $0
Seat 1: Scheubi88 (button) (small blind) collected ($6)
Seat 2: Necromadx (big blind) folded before Flop


PokerStars Hand #152213801341:  Hold'em Limit ($3/$6 USD) - 2016/04/20 19:41:15 ET
Table 'Coubertin' 6-max Seat #2 is the button
Seat 1: Scheubi88 ($69.48 in chips)
Seat 2: Necromadx ($140.50 in chips)
Necromadx: posts small blind $1
Scheubi88: posts big blind $3
*** HOLE CARDS ***
Necromadx: raises $3 to $6
Scheubi88: calls $3
*** FLOP *** [2h 5h Ac]
Scheubi88: checks
Necromadx: bets $3
Scheubi88: calls $3
*** TURN *** [2h 5h Ac] [3d]
Scheubi88: checks
Necromadx: checks
*** RIVER *** [2h 5h Ac 3d] [Qh]
Scheubi88: checks
Necromadx: checks
*** SHOW DOWN ***
Scheubi88: shows [6d Ks] (high card Ace)
Necromadx: shows [7c 5c] (a pair of Fives)
Necromadx collected $17.64 from pot
*** SUMMARY ***
Total pot $18 | Rake $0.36
Board [2h 5h Ac 3d Qh]
Seat 1: Scheubi88 (big blind) showed [6d Ks] and lost with high card Ace
Seat 2: Necromadx (button) (small blind) showed [7c 5c] and won ($17.64) with a pair of Fives


PokerStars Hand #152213815798:  Hold'em Limit ($3/$6 USD) - 2016/04/20 19:41:43 ET
Table 'Coubertin' 6-max Seat #2 is the button
Seat 1: Scheubi88 ($123.48 in chips)
Seat 2: Necromadx ($146.14 in chips)
Necromadx: posts small blind $1
Scheubi88: posts big blind $3
*** HOLE CARDS ***
Necromadx: raises $3 to $6
Scheubi88: calls $3
*** FLOP *** [Kd 4s 8d]
Scheubi88: checks
Necromadx: bets $3
Scheubi88: folds
Uncalled bet ($3) returned to Necromadx
Necromadx collected $11.76 from pot
Necromadx: doesn't show hand
*** SUMMARY ***
Total pot $12 | Rake $0.24
Board [Kd 4s 8d]
Seat 1: Scheubi88 (big blind) folded on the Flop
Seat 2: Necromadx (button) (small blind) collected ($11.76)


PokerStars Hand #152213790476:  Hold'em Limit ($3/$6 USD) - 2016/04/20 19:40:54 ET
Table 'Coubertin' 6-max Seat #1 is the button
Seat 1: Scheubi88 ($60.84 in chips)
Seat 2: Necromadx ($149.50 in chips)
Scheubi88: posts small blind $1
Necromadx: posts big blind $3
*** HOLE CARDS ***
Scheubi88: raises $3 to $6
Necromadx: calls $3
*** FLOP *** [5c 9d As]
Necromadx: checks
Scheubi88: bets $3
Necromadx: calls $3
*** TURN *** [5c 9d As] [Qh]
Necromadx: checks
Scheubi88: bets $6
Necromadx: folds
Uncalled bet ($6) returned to Scheubi88
Scheubi88 collected $17.64 from pot
*** SUMMARY ***
Total pot $18 | Rake $0.36
Board [5c 9d As Qh]
Seat 1: Scheubi88 (button) (small blind) collected ($17.64)
Seat 2: Necromadx (big blind) folded on the Turn


PokerStars Hand #152213821205:  Hold'em Limit ($3/$6 USD) - 2016/04/20 19:41:53 ET
Table 'Coubertin' 6-max Seat #1 is the button
Seat 1: Scheubi88 ($117.48 in chips)
Seat 2: Necromadx ($151.90 in chips)
Scheubi88: posts small blind $1
Necromadx: posts big blind $3
*** HOLE CARDS ***
Scheubi88: raises $3 to $6
Necromadx: calls $3
*** FLOP *** [3s 2d 4s]
Necromadx: checks
Scheubi88: bets $3
Necromadx: raises $3 to $6
Scheubi88: calls $3
*** TURN *** [3s 2d 4s] [2c]
Necromadx: bets $6
Scheubi88: calls $6
*** RIVER *** [3s 2d 4s 2c] [Jh]
Necromadx: bets $6
Scheubi88: calls $6
*** SHOW DOWN ***
Necromadx: shows [Qh 3c] (two pair, Threes and Deuces)
Scheubi88: mucks hand
Necromadx collected $47.50 from pot
*** SUMMARY ***
Total pot $48 | Rake $0.50
Board [3s 2d 4s 2c Jh]
Seat 1: Scheubi88 (button) (small blind) mucked
Seat 2: Necromadx (big blind) showed [Qh 3c] and won ($47.50) with two pair, Threes and Deuces


PokerStars Hand #152213841271:  Hold'em Limit ($3/$6 USD) - 2016/04/20 19:42:31 ET
Table 'Coubertin' 6-max Seat #2 is the button
Seat 1: Scheubi88 ($93.48 in chips)
Seat 2: Necromadx ($175.40 in chips)
Necromadx: posts small blind $1
Scheubi88: posts big blind $3
*** HOLE CARDS ***
Necromadx: raises $3 to $6
Scheubi88: calls $3
*** FLOP *** [6h 6s 8h]
Scheubi88: checks
Necromadx: bets $3
Scheubi88: calls $3
*** TURN *** [6h 6s 8h] [4d]
Scheubi88: checks
Necromadx: bets $6
Scheubi88: raises $6 to $12
Necromadx: raises $6 to $18
Scheubi88: calls $6
*** RIVER *** [6h 6s 8h 4d] [2s]
Scheubi88: checks
Necromadx: bets $6
Scheubi88: calls $6
*** SHOW DOWN ***
Necromadx: shows [4h 4s] (a full house, Fours full of Sixes)
Scheubi88: mucks hand
Necromadx collected $65.50 from pot
*** SUMMARY ***
Total pot $66 | Rake $0.50
Board [6h 6s 8h 4d 2s]
Seat 1: Scheubi88 (big blind) mucked
Seat 2: Necromadx (button) (small blind) showed [4h 4s] and won ($65.50) with a full house, Fours full of Sixes


PokerStars Hand #152213861132:  Hold'em Limit ($3/$6 USD) - 2016/04/20 19:43:10 ET
Table 'Coubertin' 6-max Seat #2 is the button
Seat 1: Scheubi88 ($48.48 in chips)
Seat 2: Necromadx ($219.42 in chips)
Necromadx: posts small blind $1
Scheubi88: posts big blind $3
*** HOLE CARDS ***
Necromadx: raises $3 to $6
Scheubi88: calls $3
*** FLOP *** [Qh Ts Jh]
Scheubi88: checks
Necromadx: bets $3
Scheubi88: calls $3
*** TURN *** [Qh Ts Jh] [5c]
Scheubi88: checks
Necromadx: checks
*** RIVER *** [Qh Ts Jh 5c] [9h]
Scheubi88: bets $6
Necromadx: raises $6 to $12
Scheubi88: calls $6
*** SHOW DOWN ***
Necromadx: shows [Kh 4h] (a flush, King high)
Scheubi88: mucks hand
Necromadx collected $41.50 from pot
*** SUMMARY ***
Total pot $42 | Rake $0.50
Board [Qh Ts Jh 5c 9h]
Seat 1: Scheubi88 (big blind) mucked
Seat 2: Necromadx (button) (small blind) showed [Kh 4h] and won ($41.50) with a flush, King high


PokerStars Hand #152213869616:  Hold'em Limit ($3/$6 USD) - 2016/04/20 19:43:26 ET
Table 'Coubertin' 6-max Seat #1 is the button
Seat 1: Scheubi88 ($87.48 in chips)
Seat 2: Necromadx ($239.92 in chips)
Scheubi88: posts small blind $1
Necromadx: posts big blind $3
*** HOLE CARDS ***
Scheubi88: raises $3 to $6
Necromadx: calls $3
*** FLOP *** [4c Ts 8s]
Necromadx: checks
Scheubi88: bets $3
Necromadx: calls $3
*** TURN *** [4c Ts 8s] [Js]
Necromadx: checks
Scheubi88: bets $6
Necromadx: folds
Uncalled bet ($6) returned to Scheubi88
Scheubi88 collected $17.64 from pot
*** SUMMARY ***
Total pot $18 | Rake $0.36
Board [4c Ts 8s Js]
Seat 1: Scheubi88 (button) (small blind) collected ($17.64)
Seat 2: Necromadx (big blind) folded on the Turn


PokerStars Hand #152213878324:  Hold'em Limit ($3/$6 USD) - 2016/04/20 19:43:43 ET
Table 'Coubertin' 6-max Seat #2 is the button
Seat 1: Scheubi88 ($96.12 in chips)
Seat 2: Necromadx ($230.92 in chips)
Necromadx: posts small blind $1
Scheubi88: posts big blind $3
*** HOLE CARDS ***
Necromadx: raises $3 to $6
Scheubi88: raises $3 to $9
Necromadx: calls $3
*** FLOP *** [Js 9d 4h]
Scheubi88: bets $3
Necromadx: calls $3
*** TURN *** [Js 9d 4h] [6d]
Scheubi88: bets $6
Necromadx: calls $6
*** RIVER *** [Js 9d 4h 6d] [8c]
Scheubi88: checks
Necromadx: checks
*** SHOW DOWN ***
Scheubi88: shows [Ad Ks] (high card Ace)
Necromadx: shows [2d 2h] (a pair of Deuces)
Necromadx collected $35.50 from pot
*** SUMMARY ***
Total pot $36 | Rake $0.50
Board [Js 9d 4h 6d 8c]
Seat 1: Scheubi88 (big blind) showed [Ad Ks] and lost with high card Ace
Seat 2: Necromadx (button) (small blind) showed [2d 2h] and won ($35.50) with a pair of Deuces


PokerStars Hand #152213854032:  Hold'em Limit ($3/$6 USD) - 2016/04/20 19:42:56 ET
Table 'Coubertin' 6-max Seat #1 is the button
Seat 1: Scheubi88 ($60.48 in chips)
Seat 2: Necromadx ($207.90 in chips)
Scheubi88: posts small blind $1
Necromadx: posts big blind $3
*** HOLE CARDS ***
Scheubi88: raises $3 to $6
Necromadx: raises $3 to $9
Scheubi88: calls $3
*** FLOP *** [7s 7h Tc]
Necromadx: bets $3
Scheubi88: calls $3
*** TURN *** [7s 7h Tc] [6c]
Necromadx: bets $6
Scheubi88: folds
Uncalled bet ($6) returned to Necromadx
Necromadx collected $23.52 from pot
Necromadx: doesn't show hand
*** SUMMARY ***
Total pot $24 | Rake $0.48
Board [7s 7h Tc 6c]
Seat 1: Scheubi88 (button) (small blind) folded on the Turn
Seat 2: Necromadx (big blind) collected ($23.52)


PokerStars Hand #152213898290:  Hold'em Limit ($3/$6 USD) - 2016/04/20 19:44:22 ET
Table 'Coubertin' 6-max Seat #2 is the button
Seat 1: Scheubi88 ($95.62 in chips)
Seat 2: Necromadx ($230.42 in chips)
Necromadx: posts small blind $1
Scheubi88: posts big blind $3
*** HOLE CARDS ***
Necromadx: folds
Uncalled bet ($2) returned to Scheubi88
Scheubi88 collected $2 from pot
*** SUMMARY ***
Total pot $2 | Rake $0
Seat 1: Scheubi88 (big blind) collected ($2)
Seat 2: Necromadx (button) (small blind) folded before Flop


PokerStars Hand #152213888079:  Hold'em Limit ($3/$6 USD) - 2016/04/20 19:44:02 ET
Table 'Coubertin' 6-max Seat #1 is the button
Seat 1: Scheubi88 ($78.12 in chips)
Seat 2: Necromadx ($248.42 in chips)
Scheubi88: posts small blind $1
Necromadx: posts big blind $3
*** HOLE CARDS ***
Scheubi88: raises $3 to $6
Necromadx: raises $3 to $9
Scheubi88: calls $3
*** FLOP *** [3d 7c 8d]
Necromadx: bets $3
Scheubi88: calls $3
*** TURN *** [3d 7c 8d] [6h]
Necromadx: checks
Scheubi88: bets $6
Necromadx: calls $6
*** RIVER *** [3d 7c 8d 6h] [Jh]
Necromadx: checks
Scheubi88: bets $6
Necromadx: folds
Uncalled bet ($6) returned to Scheubi88
Scheubi88 collected $35.50 from pot
*** SUMMARY ***
Total pot $36 | Rake $0.50
Board [3d 7c 8d 6h Jh]
Seat 1: Scheubi88 (button) (small blind) collected ($35.50)
Seat 2: Necromadx (big blind) folded on the River


PokerStars Hand #152213900341:  Hold'em Limit ($3/$6 USD) - 2016/04/20 19:44:26 ET
Table 'Coubertin' 6-max Seat #1 is the button
Seat 1: Scheubi88 ($96.62 in chips)
Seat 2: Necromadx ($229.42 in chips)
Scheubi88: posts small blind $1
Necromadx: posts big blind $3
*** HOLE CARDS ***
Scheubi88: raises $3 to $6
Necromadx: calls $3
*** FLOP *** [Kh 7s 6s]
Necromadx: checks
Scheubi88: bets $3
Necromadx: folds
Uncalled bet ($3) returned to Scheubi88
Scheubi88 collected $11.76 from pot
*** SUMMARY ***
Total pot $12 | Rake $0.24
Board [Kh 7s 6s]
Seat 1: Scheubi88 (button) (small blind) collected ($11.76)
Seat 2: Necromadx (big blind) folded on the Flop


PokerStars Hand #152213906639:  Hold'em Limit ($3/$6 USD) - 2016/04/20 19:44:38 ET
Table 'Coubertin' 6-max Seat #2 is the button
Seat 1: Scheubi88 ($102.38 in chips)
Seat 2: Necromadx ($223.42 in chips)
Necromadx: posts small blind $1
Scheubi88: posts big blind $3
*** HOLE CARDS ***
Necromadx: raises $3 to $6
Scheubi88: raises $3 to $9
Necromadx: calls $3
*** FLOP *** [Td 5h 3c]
Scheubi88: bets $3
Necromadx: calls $3
*** TURN *** [Td 5h 3c] [5s]
Scheubi88: bets $6
Necromadx: calls $6
*** RIVER *** [Td 5h 3c 5s] [Ac]
Scheubi88: bets $6
Necromadx: calls $6
*** SHOW DOWN ***
Scheubi88: shows [8h 8c] (two pair, Eights and Fives)
Necromadx: shows [8s Ad] (two pair, Aces and Fives)
Necromadx collected $47.50 from pot
*** SUMMARY ***
Total pot $48 | Rake $0.50
Board [Td 5h 3c 5s Ac]
Seat 1: Scheubi88 (big blind) showed [8h 8c] and lost with two pair, Eights and Fives
Seat 2: Necromadx (button) (small blind) showed [8s Ad] and won ($47.50) with two pair, Aces and Fives


PokerStars Hand #152213915544:  Hold'em Limit ($3/$6 USD) - 2016/04/20 19:44:55 ET
Table 'Coubertin' 6-max Seat #1 is the button
Seat 1: Scheubi88 ($78.38 in chips)
Seat 2: Necromadx ($246.92 in chips)
Scheubi88: posts small blind $1
Necromadx: posts big blind $3
*** HOLE CARDS ***
Scheubi88: raises $3 to $6
Necromadx: calls $3
*** FLOP *** [6h Ac Td]
Necromadx: checks
Scheubi88: bets $3
Necromadx: folds
Uncalled bet ($3) returned to Scheubi88
Scheubi88 collected $11.76 from pot
*** SUMMARY ***
Total pot $12 | Rake $0.24
Board [6h Ac Td]
Seat 1: Scheubi88 (button) (small blind) collected ($11.76)
Seat 2: Necromadx (big blind) folded on the Flop


PokerStars Hand #152213926377:  Hold'em Limit ($3/$6 USD) - 2016/04/20 19:45:16 ET
Table 'Coubertin' 6-max Seat #1 is the button
Seat 1: Scheubi88 ($78.14 in chips)
Seat 2: Necromadx ($246.68 in chips)
Scheubi88: posts small blind $1
Necromadx: posts big blind $3
*** HOLE CARDS ***
Scheubi88: raises $3 to $6
Necromadx: raises $3 to $9
Scheubi88: calls $3
*** FLOP *** [3s Kd Qh]
Necromadx: bets $3
Scheubi88: calls $3
*** TURN *** [3s Kd Qh] [Kh]
Necromadx: checks
Scheubi88: bets $6
Necromadx: folds
Uncalled bet ($6) returned to Scheubi88
Scheubi88 collected $23.52 from pot
*** SUMMARY ***
Total pot $24 | Rake $0.48
Board [3s Kd Qh Kh]
Seat 1: Scheubi88 (button) (small blind) collected ($23.52)
Seat 2: Necromadx (big blind) folded on the Turn


PokerStars Hand #152213934910:  Hold'em Limit ($3/$6 USD) - 2016/04/20 19:45:33 ET
Table 'Coubertin' 6-max Seat #2 is the button
Seat 1: Scheubi88 ($89.66 in chips)
Seat 2: Necromadx ($234.68 in chips)
Necromadx: posts small blind $1
Scheubi88: posts big blind $3
*** HOLE CARDS ***
Necromadx: raises $3 to $6
Scheubi88: raises $3 to $9
Necromadx: calls $3
*** FLOP *** [5h 4d 6s]
Scheubi88: bets $3
Necromadx: calls $3
*** TURN *** [5h 4d 6s] [Ad]
Scheubi88: bets $6
Necromadx: raises $6 to $12
Scheubi88: calls $6
*** RIVER *** [5h 4d 6s Ad] [As]
Scheubi88: checks
Necromadx: bets $6
Scheubi88: calls $6
*** SHOW DOWN ***
Necromadx: shows [6d Ah] (a full house, Aces full of Sixes)
Scheubi88: mucks hand
Necromadx collected $59.50 from pot
*** SUMMARY ***
Total pot $60 | Rake $0.50
Board [5h 4d 6s Ad As]
Seat 1: Scheubi88 (big blind) mucked
Seat 2: Necromadx (button) (small blind) showed [6d Ah] and won ($59.50) with a full house, Aces full of Sixes


PokerStars Hand #152213920665:  Hold'em Limit ($3/$6 USD) - 2016/04/20 19:45:05 ET
Table 'Coubertin' 6-max Seat #2 is the button
Seat 1: Scheubi88 ($84.14 in chips)
Seat 2: Necromadx ($240.92 in chips)
Necromadx: posts small blind $1
Scheubi88: posts big blind $3
*** HOLE CARDS ***
Necromadx: raises $3 to $6
Scheubi88: calls $3
*** FLOP *** [Ks 5c Kc]
Scheubi88: checks
Necromadx: bets $3
Scheubi88: folds
Uncalled bet ($3) returned to Necromadx
Necromadx collected $11.76 from pot
Necromadx: doesn't show hand
*** SUMMARY ***
Total pot $12 | Rake $0.24
Board [Ks 5c Kc]
Seat 1: Scheubi88 (big blind) folded on the Flop
Seat 2: Necromadx (button) (small blind) collected ($11.76)


PokerStars Hand #152213953265:  Hold'em Limit ($3/$6 USD) - 2016/04/20 19:46:09 ET
Table 'Coubertin' 6-max Seat #2 is the button
Seat 1: Scheubi88 ($83.16 in chips)
Seat 2: Necromadx ($240.18 in chips)
Necromadx: posts small blind $1
Scheubi88: posts big blind $3
*** HOLE CARDS ***
Necromadx: raises $3 to $6
Scheubi88: calls $3
*** FLOP *** [8c Ac 2s]
Scheubi88: checks
Necromadx: bets $3
Scheubi88: calls $3
*** TURN *** [8c Ac 2s] [3d]
Scheubi88: checks
Necromadx: bets $6
Scheubi88: calls $6
*** RIVER *** [8c Ac 2s 3d] [Kd]
Scheubi88: checks
Necromadx: bets $6
Scheubi88: calls $6
*** SHOW DOWN ***
Necromadx: shows [3h 2h] (two pair, Threes and Deuces)
Scheubi88: mucks hand
Necromadx collected $41.50 from pot
*** SUMMARY ***
Total pot $42 | Rake $0.50
Board [8c Ac 2s 3d Kd]
Seat 1: Scheubi88 (big blind) mucked
Seat 2: Necromadx (button) (small blind) showed [3h 2h] and won ($41.50) with two pair, Threes and Deuces


PokerStars Hand #152213962190:  Hold'em Limit ($3/$6 USD) - 2016/04/20 19:46:26 ET
Table 'Coubertin' 6-max Seat #1 is the button
Seat 1: Scheubi88 ($62.16 in chips)
Seat 2: Necromadx ($260.68 in chips)
Scheubi88: posts small blind $1
Necromadx: posts big blind $3
*** HOLE CARDS ***
Scheubi88: raises $3 to $6
Necromadx: calls $3
*** FLOP *** [4h Kh 2c]
Necromadx: checks
Scheubi88: bets $3
Necromadx: raises $3 to $6
Scheubi88: calls $3
*** TURN *** [4h Kh 2c] [8h]
Necromadx: bets $6
Scheubi88: folds
Uncalled bet ($6) returned to Necromadx
Necromadx collected $23.52 from pot
Necromadx: doesn't show hand
*** SUMMARY ***
Total pot $24 | Rake $0.48
Board [4h Kh 2c 8h]
Seat 1: Scheubi88 (button) (small blind) folded on the Turn
Seat 2: Necromadx (big blind) collected ($23.52)


PokerStars Hand #152213968130:  Hold'em Limit ($3/$6 USD) - 2016/04/20 19:46:37 ET
Table 'Coubertin' 6-max Seat #2 is the button
Seat 1: Scheubi88 ($50.16 in chips)
Seat 2: Necromadx ($272.20 in chips)
Necromadx: posts small blind $1
Scheubi88: posts big blind $3
*** HOLE CARDS ***
Necromadx: raises $3 to $6
Scheubi88: calls $3
*** FLOP *** [4d Ac 3c]
Scheubi88: checks
Necromadx: checks
*** TURN *** [4d Ac 3c] [Ks]
Scheubi88: bets $6
Necromadx: calls $6
*** RIVER *** [4d Ac 3c Ks] [Jh]
Scheubi88: bets $6
Necromadx: folds
Uncalled bet ($6) returned to Scheubi88
Scheubi88 collected $23.52 from pot
*** SUMMARY ***
Total pot $24 | Rake $0.48
Board [4d Ac 3c Ks Jh]
Seat 1: Scheubi88 (big blind) collected ($23.52)
Seat 2: Necromadx (button) (small blind) folded on the River


PokerStars Hand #152213973476:  Hold'em Limit ($3/$6 USD) - 2016/04/20 19:46:48 ET
Table 'Coubertin' 6-max Seat #1 is the button
Seat 1: Scheubi88 ($61.68 in chips)
Seat 2: Necromadx ($260.20 in chips)
Scheubi88: posts small blind $1
Necromadx: posts big blind $3
*** HOLE CARDS ***
Scheubi88: raises $3 to $6
Necromadx: folds
Uncalled bet ($3) returned to Scheubi88
Scheubi88 collected $6 from pot
*** SUMMARY ***
Total pot $6 | Rake $0
Seat 1: Scheubi88 (button) (small blind) collected ($6)
Seat 2: Necromadx (big blind) folded before Flop


PokerStars Hand #152213945663:  Hold'em Limit ($3/$6 USD) - 2016/04/20 19:45:54 ET
Table 'Coubertin' 6-max Seat #1 is the button
Seat 1: Scheubi88 ($59.66 in chips)
Seat 2: Necromadx ($264.18 in chips)
Scheubi88: posts small blind $1
Necromadx: posts big blind $3
*** HOLE CARDS ***
Scheubi88: raises $3 to $6
Necromadx: calls $3
*** FLOP *** [4h 7h 8c]
Necromadx: checks
Scheubi88: bets $3
Necromadx: raises $3 to $6
Scheubi88: calls $3
*** TURN *** [4h 7h 8c] [4c]
Necromadx: bets $6
Scheubi88: calls $6
*** RIVER *** [4h 7h 8c 4c] [4d]
Necromadx: bets $6
Scheubi88: calls $6
*** SHOW DOWN ***
Necromadx: shows [6s 5h] (a straight, Four to Eight)
Scheubi88: shows [Qs 7s] (a full house, Fours full of Sevens)
Scheubi88 collected $47.50 from pot
*** SUMMARY ***
Total pot $48 | Rake $0.50
Board [4h 7h 8c 4c 4d]
Seat 1: Scheubi88 (button) (small blind) showed [Qs 7s] and won ($47.50) with a full house, Fours full of Sevens
Seat 2: Necromadx (big blind) showed [6s 5h] and lost with a straight, Four to Eight


PokerStars Hand #152213984326:  Hold'em Limit ($3/$6 USD) - 2016/04/20 19:47:09 ET
Table 'Coubertin' 6-max Seat #1 is the button
Seat 1: Scheubi88 ($37.68 in chips)
Seat 2: Necromadx ($283.70 in chips)
Scheubi88: posts small blind $1
Necromadx: posts big blind $3
*** HOLE CARDS ***
Scheubi88: raises $3 to $6
Necromadx: calls $3
*** FLOP *** [9d Qs 5d]
Necromadx: checks
Scheubi88: bets $3
Necromadx: raises $3 to $6
Scheubi88: calls $3
*** TURN *** [9d Qs 5d] [5c]
Necromadx: bets $6
Scheubi88: calls $6
*** RIVER *** [9d Qs 5d 5c] [Kh]
Necromadx: bets $6
Scheubi88: calls $6
*** SHOW DOWN ***
Necromadx: shows [9s 5h] (a full house, Fives full of Nines)
Scheubi88: mucks hand
Necromadx collected $47.50 from pot
*** SUMMARY ***
Total pot $48 | Rake $0.50
Board [9d Qs 5d 5c Kh]
Seat 1: Scheubi88 (button) (small blind) mucked
Seat 2: Necromadx (big blind) showed [9s 5h] and won ($47.50) with a full house, Fives full of Nines


PokerStars Hand #152213990276:  Hold'em Limit ($3/$6 USD) - 2016/04/20 19:47:20 ET
Table 'Coubertin' 6-max Seat #2 is the button
Seat 1: Scheubi88 ($13.68 in chips)
Seat 2: Necromadx ($307.20 in chips)
Necromadx: posts small blind $1
Scheubi88: posts big blind $3
*** HOLE CARDS ***
Necromadx: raises $3 to $6
Scheubi88: raises $3 to $9
Necromadx: calls $3
*** FLOP *** [Kd Ad Ts]
Scheubi88: bets $3
Necromadx: raises $3 to $6
Scheubi88: calls $1.68 and is all-in
Uncalled bet ($1.32) returned to Necromadx
*** TURN *** [Kd Ad Ts] [2s]
*** RIVER *** [Kd Ad Ts 2s] [7h]
*** SHOW DOWN ***
Scheubi88: shows [6c Ks] (a pair of Kings)
Necromadx: shows [As 3s] (a pair of Aces)
Necromadx collected $26.86 from pot
*** SUMMARY ***
Total pot $27.36 | Rake $0.50
Board [Kd Ad Ts 2s 7h]
Seat 1: Scheubi88 (big blind) showed [6c Ks] and lost with a pair of Kings
Seat 2: Necromadx (button) (small blind) showed [As 3s] and won ($26.86) with a pair of Aces


PokerStars Hand #152213997230:  Hold'em Limit ($3/$6 USD) - 2016/04/20 19:47:34 ET
Table 'Coubertin' 6-max Seat #1 is the button
Seat 1: Scheubi88 ($65.28 in chips)
Seat 2: Necromadx ($320.38 in chips)
Scheubi88: posts small blind $1
Necromadx: posts big blind $3
*** HOLE CARDS ***
Scheubi88: raises $3 to $6
Necromadx: calls $3
*** FLOP *** [8d 9c 2c]
Necromadx: checks
Scheubi88: bets $3
Necromadx: calls $3
*** TURN *** [8d 9c 2c] [4s]
Necromadx: checks
Scheubi88: bets $6
Necromadx: raises $6 to $12
Scheubi88: folds
Uncalled bet ($6) returned to Necromadx
Necromadx collected $29.50 from pot
Necromadx: doesn't show hand
*** SUMMARY ***
Total pot $30 | Rake $0.50
Board [8d 9c 2c 4s]
Seat 1: Scheubi88 (button) (small blind) folded on the Turn
Seat 2: Necromadx (big blind) collected ($29.50)


PokerStars Hand #152214004886:  Hold'em Limit ($3/$6 USD) - 2016/04/20 19:47:49 ET
Table 'Coubertin' 6-max Seat #2 is the button
Seat 1: Scheubi88 ($50.28 in chips)
Seat 2: Necromadx ($334.88 in chips)
Necromadx: posts small blind $1
Scheubi88: posts big blind $3
*** HOLE CARDS ***
Necromadx: raises $3 to $6
Scheubi88: raises $3 to $9
Necromadx: calls $3
*** FLOP *** [2h 2c 4s]
Scheubi88: checks
Necromadx: checks
*** TURN *** [2h 2c 4s] [9s]
Scheubi88: bets $6
Necromadx: raises $6 to $12
Scheubi88: calls $6
*** RIVER *** [2h 2c 4s 9s] [4d]
Scheubi88: checks
Necromadx: bets $6
Scheubi88: calls $6
*** SHOW DOWN ***
Necromadx: shows [6c 9c] (two pair, Nines and Fours)
Scheubi88: mucks hand
Necromadx collected $53.50 from pot
*** SUMMARY ***
Total pot $54 | Rake $0.50
Board [2h 2c 4s 9s 4d]
Seat 1: Scheubi88 (big blind) mucked
Seat 2: Necromadx (button) (small blind) showed [6c 9c] and won ($53.50) with two pair, Nines and Fours


PokerStars Hand #152213976348:  Hold'em Limit ($3/$6 USD) - 2016/04/20 19:46:53 ET
Table 'Coubertin' 6-max Seat #2 is the button
Seat 1: Scheubi88 ($64.68 in chips)
Seat 2: Necromadx ($257.20 in chips)
Necromadx: posts small blind $1
Scheubi88: posts big blind $3
*** HOLE CARDS ***
Necromadx: raises $3 to $6
Scheubi88: raises $3 to $9
Necromadx: calls $3
*** FLOP *** [3d Tc Jc]
Scheubi88: bets $3
Necromadx: raises $3 to $6
Scheubi88: calls $3
*** TURN *** [3d Tc Jc] [7c]
Scheubi88: checks
Necromadx: bets $6
Scheubi88: calls $6
*** RIVER *** [3d Tc Jc 7c] [6c]
Scheubi88: checks
Necromadx: bets $6
Scheubi88: calls $6
*** SHOW DOWN ***
Necromadx: shows [Th Qc] (a flush, Queen high)
Scheubi88: mucks hand
Necromadx collected $53.50 from pot
*** SUMMARY ***
Total pot $54 | Rake $0.50
Board [3d Tc Jc 7c 6c]
Seat 1: Scheubi88 (big blind) mucked
Seat 2: Necromadx (button) (small blind) showed [Th Qc] and won ($53.50) with a flush, Queen high


PokerStars Hand #152214016598:  Hold'em Limit ($3/$6 USD) - 2016/04/20 19:48:12 ET
Table 'Coubertin' 6-max Seat #2 is the button
Seat 1: Scheubi88 ($26.28 in chips)
Seat 2: Necromadx ($358.38 in chips)
Necromadx: posts small blind $1
Scheubi88: posts big blind $3
*** HOLE CARDS ***
Necromadx: raises $3 to $6
Scheubi88: calls $3
*** FLOP *** [2c 3h 8c]
Scheubi88: checks
Necromadx: checks
*** TURN *** [2c 3h 8c] [5c]
Scheubi88: bets $6
Necromadx: calls $6
*** RIVER *** [2c 3h 8c 5c] [Tc]
Scheubi88: checks
Necromadx: bets $6
Scheubi88: calls $6
*** SHOW DOWN ***
Necromadx: shows [4s Js] (high card Jack)
Scheubi88: shows [9s 3s] (a pair of Threes)
Scheubi88 collected $35.50 from pot
*** SUMMARY ***
Total pot $36 | Rake $0.50
Board [2c 3h 8c 5c Tc]
Seat 1: Scheubi88 (big blind) showed [9s 3s] and won ($35.50) with a pair of Threes
Seat 2: Necromadx (button) (small blind) showed [4s Js] and lost with high card Jack


PokerStars Hand #152214025165:  Hold'em Limit ($3/$6 USD) - 2016/04/20 19:48:29 ET
Table 'Coubertin' 6-max Seat #1 is the button
Seat 1: Scheubi88 ($43.78 in chips)
Seat 2: Necromadx ($340.38 in chips)
Scheubi88: posts small blind $1
Necromadx: posts big blind $3
*** HOLE CARDS ***
Scheubi88: raises $3 to $6
Necromadx: raises $3 to $9
Scheubi88: calls $3
*** FLOP *** [3d 8s Tc]
Necromadx: bets $3
Scheubi88: calls $3
*** TURN *** [3d 8s Tc] [5h]
Necromadx: bets $6
Scheubi88: calls $6
*** RIVER *** [3d 8s Tc 5h] [As]
Necromadx: bets $6
Scheubi88: folds
Uncalled bet ($6) returned to Necromadx
Necromadx collected $35.50 from pot
Necromadx: doesn't show hand
*** SUMMARY ***
Total pot $36 | Rake $0.50
Board [3d 8s Tc 5h As]
Seat 1: Scheubi88 (button) (small blind) folded on the River
Seat 2: Necromadx (big blind) collected ($35.50)


PokerStars Hand #152214031114:  Hold'em Limit ($3/$6 USD) - 2016/04/20 19:48:40 ET
Table 'Coubertin' 6-max Seat #2 is the button
Seat 1: Scheubi88 ($25.78 in chips)
Seat 2: Necromadx ($357.88 in chips)
Necromadx: posts small blind $1
Scheubi88: posts big blind $3
*** HOLE CARDS ***
Necromadx: raises $3 to $6
Scheubi88: raises $3 to $9
RJF1943 joins the table at seat #4
Necromadx: calls $3
*** FLOP *** [8c Ac 6s]
Scheubi88: bets $3
Necromadx: calls $3
*** TURN *** [8c Ac 6s] [Ts]
Scheubi88: bets $6
Necromadx: raises $6 to $12
Scheubi88: raises $1.78 to $13.78 and is all-in
Necromadx: calls $1.78
*** RIVER *** [8c Ac 6s Ts] [3c]
*** SHOW DOWN ***
Scheubi88: shows [8h Ah] (two pair, Aces and Eights)
Necromadx: shows [Ad 3s] (two pair, Aces and Threes)
Scheubi88 collected $51.06 from pot
*** SUMMARY ***
Total pot $51.56 | Rake $0.50
Board [8c Ac 6s Ts 3c]
Seat 1: Scheubi88 (big blind) showed [8h Ah] and won ($51.06) with two pair, Aces and Eights
Seat 2: Necromadx (button) (small blind) showed [Ad 3s] and lost with two pair, Aces and Threes


PokerStars Hand #152214013712:  Hold'em Limit ($3/$6 USD) - 2016/04/20 19:48:06 ET
Table 'Coubertin' 6-max Seat #1 is the button
Seat 1: Scheubi88 ($23.28 in chips)
Seat 2: Necromadx ($361.38 in chips)
Scheubi88: posts small blind $1
Necromadx: posts big blind $3
*** HOLE CARDS ***
Scheubi88: raises $3 to $6
Necromadx: folds
Uncalled bet ($3) returned to Scheubi88
Scheubi88 collected $6 from pot
*** SUMMARY ***
Total pot $6 | Rake $0
Seat 1: Scheubi88 (button) (small blind) collected ($6)
Seat 2: Necromadx (big blind) folded before Flop


PokerStars Hand #152214040416:  Hold'em Limit ($3/$6 USD) - 2016/04/20 19:48:59 ET
Table 'Coubertin' 6-max Seat #1 is the button
Seat 1: Scheubi88 ($51.06 in chips)
Seat 2: Necromadx ($332.10 in chips)
Scheubi88: posts small blind $1
Necromadx: posts big blind $3
*** HOLE CARDS ***
Scheubi88: raises $3 to $6
Necromadx: calls $3
*** FLOP *** [5s 3c Jd]
Necromadx: checks
Scheubi88: bets $3
Necromadx: raises $3 to $6
Scheubi88: calls $3
*** TURN *** [5s 3c Jd] [Kh]
Necromadx: bets $6
Scheubi88: folds
Uncalled bet ($6) returned to Necromadx
Necromadx collected $23.52 from pot
Necromadx: doesn't show hand
*** SUMMARY ***
Total pot $24 | Rake $0.48
Board [5s 3c Jd Kh]
Seat 1: Scheubi88 (button) (small blind) folded on the Turn
Seat 2: Necromadx (big blind) collected ($23.52)


