PokerStars Hand #147417838979:  Hold'em Limit ($3/$6 USD) - 2016/01/21 8:36:42 ET
Table 'Cowell II' 6-max Seat #2 is the button
Seat 1: Molot7530 ($117 in chips)
Seat 2: TbIP-TbIP 88 ($74.88 in chips)
TbIP-TbIP 88: posts small blind $1
Molot7530: posts big blind $3
*** HOLE CARDS ***
TbIP-TbIP 88: folds
Uncalled bet ($2) returned to Molot7530
Molot7530 collected $2 from pot
Molot7530: doesn't show hand
*** SUMMARY ***
Total pot $2 | Rake $0
Seat 1: Molot7530 (big blind) collected ($2)
Seat 2: TbIP-TbIP 88 (button) (small blind) folded before Flop


PokerStars Hand #147417825962:  Hold'em Limit ($3/$6 USD) - 2016/01/21 8:36:22 ET
Table 'Cowell II' 6-max Seat #1 is the button
Seat 1: Molot7530 ($120 in chips)
Seat 2: TbIP-TbIP 88 ($72 in chips)
Molot7530: posts small blind $1
TbIP-TbIP 88: posts big blind $3
*** HOLE CARDS ***
Molot7530: calls $2
TbIP-TbIP 88: checks
*** FLOP *** [8c Ts Jh]
TbIP-TbIP 88: bets $3
Molot7530: folds
Uncalled bet ($3) returned to TbIP-TbIP 88
TbIP-TbIP 88 collected $5.88 from pot
TbIP-TbIP 88: doesn't show hand
*** SUMMARY ***
Total pot $6 | Rake $0.12
Board [8c Ts Jh]
Seat 1: Molot7530 (button) (small blind) folded on the Flop
Seat 2: TbIP-TbIP 88 (big blind) collected ($5.88)


PokerStars Hand #147417853161:  Hold'em Limit ($3/$6 USD) - 2016/01/21 8:37:03 ET
Table 'Cowell II' 6-max Seat #1 is the button
Seat 1: Molot7530 ($118 in chips)
Seat 2: TbIP-TbIP 88 ($73.88 in chips)
Molot7530: posts small blind $1
TbIP-TbIP 88: posts big blind $3
*** HOLE CARDS ***
Molot7530: raises $3 to $6
TbIP-TbIP 88: raises $3 to $9
Molot7530: calls $3
*** FLOP *** [6h Kh 7s]
TbIP-TbIP 88: bets $3
Molot7530: calls $3
*** TURN *** [6h Kh 7s] [5c]
TbIP-TbIP 88: bets $6
Molot7530: raises $6 to $12
TbIP-TbIP 88: calls $6
*** RIVER *** [6h Kh 7s 5c] [5s]
TbIP-TbIP 88: checks
Molot7530: bets $6
TbIP-TbIP 88: calls $6
*** SHOW DOWN ***
Molot7530: shows [3c 4s] (a straight, Three to Seven)
TbIP-TbIP 88: mucks hand
Molot7530 collected $59.50 from pot
*** SUMMARY ***
Total pot $60 | Rake $0.50
Board [6h Kh 7s 5c 5s]
Seat 1: Molot7530 (button) (small blind) showed [3c 4s] and won ($59.50) with a straight, Three to Seven
Seat 2: TbIP-TbIP 88 (big blind) mucked


PokerStars Hand #147417930510:  Hold'em Limit ($3/$6 USD) - 2016/01/21 8:38:58 ET
Table 'Cowell II' 6-max Seat #2 is the button
Seat 1: Molot7530 ($158.02 in chips)
Seat 2: TbIP-TbIP 88 ($73 in chips)
TbIP-TbIP 88: posts small blind $1
Molot7530: posts big blind $3
*** HOLE CARDS ***
TbIP-TbIP 88: folds
Uncalled bet ($2) returned to Molot7530
Molot7530 collected $2 from pot
Molot7530: doesn't show hand
*** SUMMARY ***
Total pot $2 | Rake $0
Seat 1: Molot7530 (big blind) collected ($2)
Seat 2: TbIP-TbIP 88 (button) (small blind) folded before Flop


PokerStars Hand #147417927051:  Hold'em Limit ($3/$6 USD) - 2016/01/21 8:38:53 ET
Table 'Cowell II' 6-max Seat #1 is the button
Seat 1: Molot7530 ($159.02 in chips)
Seat 2: TbIP-TbIP 88 ($72 in chips)
Molot7530: posts small blind $1
TbIP-TbIP 88: posts big blind $3
*** HOLE CARDS ***
Molot7530: folds
Uncalled bet ($2) returned to TbIP-TbIP 88
TbIP-TbIP 88 collected $2 from pot
TbIP-TbIP 88: doesn't show hand
*** SUMMARY ***
Total pot $2 | Rake $0
Seat 1: Molot7530 (button) (small blind) folded before Flop
Seat 2: TbIP-TbIP 88 (big blind) collected ($2)


PokerStars Hand #147417901956:  Hold'em Limit ($3/$6 USD) - 2016/01/21 8:38:15 ET
Table 'Cowell II' 6-max Seat #2 is the button
Seat 1: Molot7530 ($147.50 in chips)
Seat 2: TbIP-TbIP 88 ($72 in chips)
TbIP-TbIP 88: posts small blind $1
Molot7530: posts big blind $3
*** HOLE CARDS ***
TbIP-TbIP 88: raises $3 to $6
Molot7530: raises $3 to $9
TbIP-TbIP 88: calls $3
*** FLOP *** [8s 2c Ad]
Molot7530: bets $3
TbIP-TbIP 88: calls $3
*** TURN *** [8s 2c Ad] [Ah]
Molot7530: bets $6
TbIP-TbIP 88: folds
Uncalled bet ($6) returned to Molot7530
Molot7530 collected $23.52 from pot
Molot7530: doesn't show hand
*** SUMMARY ***
Total pot $24 | Rake $0.48
Board [8s 2c Ad Ah]
Seat 1: Molot7530 (big blind) collected ($23.52)
Seat 2: TbIP-TbIP 88 (button) (small blind) folded on the Turn


