PokerStars Hand #146769978281:  Hold'em Limit ($3/$6 USD) - 2016/01/09 19:13:15 ET
Table 'Cowell' 6-max Seat #4 is the button
Seat 2: Chessnok ($168.80 in chips)
Seat 4: ulrich80 ($32.48 in chips)
ulrich80: posts small blind $1
grabaz: is sitting out
LWNS joins the table at seat #1
SashaYuvelir: is sitting out
Chessnok: posts big blind $3
*** HOLE CARDS ***
ulrich80: folds
Uncalled bet ($2) returned to Chessnok
Chessnok collected $2 from pot
Chessnok: doesn't show hand
grabaz leaves the table
*** SUMMARY ***
Total pot $2 | Rake $0
Seat 2: Chessnok (big blind) collected ($2)
Seat 4: ulrich80 (button) (small blind) folded before Flop


PokerStars Hand #146770015352:  Hold'em Limit ($3/$6 USD) - 2016/01/09 19:14:01 ET
Table 'Cowell' 6-max Seat #4 is the button
Seat 2: Chessnok ($160.80 in chips)
Seat 4: ulrich80 ($35.12 in chips)
ulrich80: posts small blind $1
Chessnok: posts big blind $3
*** HOLE CARDS ***
ulrich80: raises $3 to $6
Chessnok: calls $3
*** FLOP *** [Qs Kh As]
Chessnok: checks
SashaYuvelir joins the table at seat #5
ulrich80: bets $3
Chessnok: folds
Uncalled bet ($3) returned to ulrich80
ulrich80 collected $11.76 from pot
ulrich80: doesn't show hand
*** SUMMARY ***
Total pot $12 | Rake $0.24
Board [Qs Kh As]
Seat 2: Chessnok (big blind) folded on the Flop
Seat 4: ulrich80 (button) (small blind) collected ($11.76)


PokerStars Hand #146769983335:  Hold'em Limit ($3/$6 USD) - 2016/01/09 19:13:21 ET
Table 'Cowell' 6-max Seat #2 is the button
Seat 2: Chessnok ($169.80 in chips)
Seat 4: ulrich80 ($31.48 in chips)
Chessnok: posts small blind $1
ulrich80: posts big blind $3
*** HOLE CARDS ***
Chessnok: raises $3 to $6
ulrich80: raises $3 to $9
Chessnok: calls $3
*** FLOP *** [7d Th 2c]
ulrich80: bets $3
Chessnok: folds
Uncalled bet ($3) returned to ulrich80
ulrich80 collected $17.64 from pot
ulrich80: doesn't show hand
*** SUMMARY ***
Total pot $18 | Rake $0.36
Board [7d Th 2c]
Seat 2: Chessnok (button) (small blind) folded on the Flop
Seat 4: ulrich80 (big blind) collected ($17.64)


PokerStars Hand #146770026388:  Hold'em Limit ($3/$6 USD) - 2016/01/09 19:14:14 ET
Table 'Cowell' 6-max Seat #2 is the button
Seat 2: Chessnok ($154.80 in chips)
Seat 4: ulrich80 ($40.88 in chips)
Chessnok: posts small blind $1
ulrich80: posts big blind $3
*** HOLE CARDS ***
Chessnok: raises $3 to $6
ulrich80: calls $3
*** FLOP *** [Ah 8c 5h]
ulrich80: checks
Chessnok: bets $3
LWNS joins the table at seat #6
ulrich80: calls $3
*** TURN *** [Ah 8c 5h] [Ts]
ulrich80: checks
Chessnok: bets $6
ulrich80: raises $6 to $12
Chessnok: calls $6
*** RIVER *** [Ah 8c 5h Ts] [4h]
ulrich80: bets $6
Chessnok: folds
Uncalled bet ($6) returned to ulrich80
ulrich80 collected $41.50 from pot
ulrich80: doesn't show hand
*** SUMMARY ***
Total pot $42 | Rake $0.50
Board [Ah 8c 5h Ts 4h]
Seat 2: Chessnok (button) (small blind) folded on the River
Seat 4: ulrich80 (big blind) collected ($41.50)


PokerStars Hand #146773840152:  Hold'em Limit ($3/$6 USD) - 2016/01/09 20:46:55 ET
Table 'Cowell' 6-max Seat #2 is the button
Seat 1: bandita747 ($317.67 in chips)
Seat 2: capy82 ($63.45 in chips)
capy82: posts small blind $1
bandita747: posts big blind $3
*** HOLE CARDS ***
capy82: raises $3 to $6
bandita747: calls $3
*** FLOP *** [Kh Qd Kd]
bandita747: checks
capy82: bets $3
bandita747: calls $3
*** TURN *** [Kh Qd Kd] [6c]
bandita747: checks
capy82: bets $6
bandita747: calls $6
*** RIVER *** [Kh Qd Kd 6c] [Jh]
bandita747: checks
capy82: checks
*** SHOW DOWN ***
bandita747: shows [5h Ac] (a pair of Kings)
capy82: shows [4c Qs] (two pair, Kings and Queens)
capy82 collected $29.50 from pot
*** SUMMARY ***
Total pot $30 | Rake $0.50
Board [Kh Qd Kd 6c Jh]
Seat 1: bandita747 (big blind) showed [5h Ac] and lost with a pair of Kings
Seat 2: capy82 (button) (small blind) showed [4c Qs] and won ($29.50) with two pair, Kings and Queens


PokerStars Hand #146773853125:  Hold'em Limit ($3/$6 USD) - 2016/01/09 20:47:10 ET
Table 'Cowell' 6-max Seat #1 is the button
Seat 1: bandita747 ($302.67 in chips)
Seat 2: capy82 ($77.95 in chips)
bandita747: posts small blind $1
capy82: posts big blind $3
*** HOLE CARDS ***
bandita747: raises $3 to $6
capy82: raises $3 to $9
bandita747: calls $3
*** FLOP *** [3s Ad Ts]
capy82: bets $3
bandita747: folds
Uncalled bet ($3) returned to capy82
capy82 collected $17.64 from pot
*** SUMMARY ***
Total pot $18 | Rake $0.36
Board [3s Ad Ts]
Seat 1: bandita747 (button) (small blind) folded on the Flop
Seat 2: capy82 (big blind) collected ($17.64)


PokerStars Hand #146773866294:  Hold'em Limit ($3/$6 USD) - 2016/01/09 20:47:28 ET
Table 'Cowell' 6-max Seat #1 is the button
Seat 1: bandita747 ($290.67 in chips)
Seat 2: capy82 ($89.59 in chips)
bandita747: posts small blind $1
capy82: posts big blind $3
*** HOLE CARDS ***
bandita747: folds
Uncalled bet ($2) returned to capy82
capy82 collected $2 from pot
*** SUMMARY ***
Total pot $2 | Rake $0
Seat 1: bandita747 (button) (small blind) folded before Flop
Seat 2: capy82 (big blind) collected ($2)


PokerStars Hand #146773862221:  Hold'em Limit ($3/$6 USD) - 2016/01/09 20:47:22 ET
Table 'Cowell' 6-max Seat #2 is the button
Seat 1: bandita747 ($293.67 in chips)
Seat 2: capy82 ($86.59 in chips)
capy82: posts small blind $1
bandita747: posts big blind $3
*** HOLE CARDS ***
capy82: raises $3 to $6
bandita747: folds
Uncalled bet ($3) returned to capy82
capy82 collected $6 from pot
*** SUMMARY ***
Total pot $6 | Rake $0
Seat 1: bandita747 (big blind) folded before Flop
Seat 2: capy82 (button) (small blind) collected ($6)


PokerStars Hand #146773869567:  Hold'em Limit ($3/$6 USD) - 2016/01/09 20:47:33 ET
Table 'Cowell' 6-max Seat #2 is the button
Seat 1: bandita747 ($289.67 in chips)
Seat 2: capy82 ($90.59 in chips)
capy82: posts small blind $1
bandita747: posts big blind $3
*** HOLE CARDS ***
capy82: calls $2
bandita747: checks
*** FLOP *** [Ac 2s 4d]
bandita747: bets $3
capy82: raises $3 to $6
bandita747: calls $3
*** TURN *** [Ac 2s 4d] [5h]
bandita747: checks
capy82: checks
*** RIVER *** [Ac 2s 4d 5h] [Kc]
bandita747: bets $6
capy82: calls $6
*** SHOW DOWN ***
bandita747: shows [Th 4c] (a pair of Fours)
capy82: shows [2h 2c] (three of a kind, Deuces)
capy82 collected $29.50 from pot
*** SUMMARY ***
Total pot $30 | Rake $0.50
Board [Ac 2s 4d 5h Kc]
Seat 1: bandita747 (big blind) showed [Th 4c] and lost with a pair of Fours
Seat 2: capy82 (button) (small blind) showed [2h 2c] and won ($29.50) with three of a kind, Deuces


PokerStars Hand #146773918973:  Hold'em Limit ($3/$6 USD) - 2016/01/09 20:48:57 ET
Table 'Cowell' 6-max Seat #1 is the button
Seat 1: bandita747 ($299.69 in chips)
Seat 2: capy82 ($78.85 in chips)
bandita747: posts small blind $1
capy82: posts big blind $3
*** HOLE CARDS ***
bandita747: raises $3 to $6
capy82: calls $3
*** FLOP *** [7d 8c Th]
capy82: checks
bandita747: checks
*** TURN *** [7d 8c Th] [5c]
capy82: bets $6
bandita747: calls $6
*** RIVER *** [7d 8c Th 5c] [6d]
capy82: checks
bandita747: checks
*** SHOW DOWN ***
capy82: shows [6h Qc] (a pair of Sixes)
bandita747: mucks hand
capy82 collected $23.52 from pot
*** SUMMARY ***
Total pot $24 | Rake $0.48
Board [7d 8c Th 5c 6d]
Seat 1: bandita747 (button) (small blind) mucked
Seat 2: capy82 (big blind) showed [6h Qc] and won ($23.52) with a pair of Sixes


PokerStars Hand #146773889819:  Hold'em Limit ($3/$6 USD) - 2016/01/09 20:48:07 ET
Table 'Cowell' 6-max Seat #2 is the button
Seat 1: bandita747 ($283.31 in chips)
Seat 2: capy82 ($96.09 in chips)
capy82: posts small blind $1
bandita747: posts big blind $3
*** HOLE CARDS ***
capy82: folds
Uncalled bet ($2) returned to bandita747
bandita747 collected $2 from pot
bandita747: doesn't show hand
*** SUMMARY ***
Total pot $2 | Rake $0
Seat 1: bandita747 (big blind) collected ($2)
Seat 2: capy82 (button) (small blind) folded before Flop


PokerStars Hand #146773892223:  Hold'em Limit ($3/$6 USD) - 2016/01/09 20:48:11 ET
Table 'Cowell' 6-max Seat #1 is the button
Seat 1: bandita747 ($284.31 in chips)
Seat 2: capy82 ($95.09 in chips)
bandita747: posts small blind $1
capy82: posts big blind $3
*** HOLE CARDS ***
bandita747: calls $2
capy82: checks
*** FLOP *** [2h 2c Qh]
capy82: checks
bandita747: checks
*** TURN *** [2h 2c Qh] [5d]
capy82: checks
bandita747: bets $6
capy82: folds
Uncalled bet ($6) returned to bandita747
bandita747 collected $5.88 from pot
bandita747: doesn't show hand
*** SUMMARY ***
Total pot $6 | Rake $0.12
Board [2h 2c Qh 5d]
Seat 1: bandita747 (button) (small blind) collected ($5.88)
Seat 2: capy82 (big blind) folded on the Turn


PokerStars Hand #146773899673:  Hold'em Limit ($3/$6 USD) - 2016/01/09 20:48:24 ET
Table 'Cowell' 6-max Seat #2 is the button
Seat 1: bandita747 ($287.19 in chips)
Seat 2: capy82 ($92.09 in chips)
capy82: posts small blind $1
bandita747: posts big blind $3
*** HOLE CARDS ***
capy82: folds
Uncalled bet ($2) returned to bandita747
bandita747 collected $2 from pot
bandita747: doesn't show hand
*** SUMMARY ***
Total pot $2 | Rake $0
Seat 1: bandita747 (big blind) collected ($2)
Seat 2: capy82 (button) (small blind) folded before Flop


PokerStars Hand #146773902315:  Hold'em Limit ($3/$6 USD) - 2016/01/09 20:48:28 ET
Table 'Cowell' 6-max Seat #1 is the button
Seat 1: bandita747 ($288.19 in chips)
Seat 2: capy82 ($91.09 in chips)
bandita747: posts small blind $1
capy82: posts big blind $3
*** HOLE CARDS ***
bandita747: raises $3 to $6
capy82: calls $3
*** FLOP *** [4s 3d 3c]
capy82: bets $3
bandita747: raises $3 to $6
capy82: calls $3
*** TURN *** [4s 3d 3c] [7d]
capy82: checks
bandita747: bets $6
capy82: calls $6
*** RIVER *** [4s 3d 3c 7d] [9h]
capy82: checks
bandita747: bets $6
capy82: folds
Uncalled bet ($6) returned to bandita747
bandita747 collected $35.50 from pot
bandita747: doesn't show hand
*** SUMMARY ***
Total pot $36 | Rake $0.50
Board [4s 3d 3c 7d 9h]
Seat 1: bandita747 (button) (small blind) collected ($35.50)
Seat 2: capy82 (big blind) folded on the River


PokerStars Hand #146773913302:  Hold'em Limit ($3/$6 USD) - 2016/01/09 20:48:47 ET
Table 'Cowell' 6-max Seat #2 is the button
Seat 1: bandita747 ($305.69 in chips)
Seat 2: capy82 ($73.09 in chips)
capy82: posts small blind $1
bandita747: posts big blind $3
*** HOLE CARDS ***
capy82: raises $3 to $6
bandita747: calls $3
*** FLOP *** [Qh 9d Jd]
bandita747: checks
capy82: bets $3
bandita747: folds
Uncalled bet ($3) returned to capy82
capy82 collected $11.76 from pot
*** SUMMARY ***
Total pot $12 | Rake $0.24
Board [Qh 9d Jd]
Seat 1: bandita747 (big blind) folded on the Flop
Seat 2: capy82 (button) (small blind) collected ($11.76)


PokerStars Hand #146773880542:  Hold'em Limit ($3/$6 USD) - 2016/01/09 20:47:51 ET
Table 'Cowell' 6-max Seat #1 is the button
Seat 1: bandita747 ($274.67 in chips)
Seat 2: capy82 ($105.09 in chips)
bandita747: posts small blind $1
capy82: posts big blind $3
*** HOLE CARDS ***
bandita747: raises $3 to $6
capy82: calls $3
*** FLOP *** [9d Qd Td]
capy82: checks
bandita747: bets $3
capy82: calls $3
*** TURN *** [9d Qd Td] [9s]
capy82: checks
bandita747: bets $6
capy82: folds
Uncalled bet ($6) returned to bandita747
bandita747 collected $17.64 from pot
bandita747: doesn't show hand
*** SUMMARY ***
Total pot $18 | Rake $0.36
Board [9d Qd Td 9s]
Seat 1: bandita747 (button) (small blind) collected ($17.64)
Seat 2: capy82 (big blind) folded on the Turn


PokerStars Hand #146773928141:  Hold'em Limit ($3/$6 USD) - 2016/01/09 20:49:13 ET
Table 'Cowell' 6-max Seat #2 is the button
Seat 1: bandita747 ($287.69 in chips)
Seat 2: capy82 ($90.37 in chips)
capy82: posts small blind $1
bandita747: posts big blind $3
*** HOLE CARDS ***
capy82: raises $3 to $6
bandita747: folds
Uncalled bet ($3) returned to capy82
capy82 collected $6 from pot
*** SUMMARY ***
Total pot $6 | Rake $0
Seat 1: bandita747 (big blind) folded before Flop
Seat 2: capy82 (button) (small blind) collected ($6)


PokerStars Hand #146773931372:  Hold'em Limit ($3/$6 USD) - 2016/01/09 20:49:19 ET
Table 'Cowell' 6-max Seat #1 is the button
Seat 1: bandita747 ($284.69 in chips)
Seat 2: capy82 ($93.37 in chips)
bandita747: posts small blind $1
capy82: posts big blind $3
*** HOLE CARDS ***
bandita747: raises $3 to $6
capy82: calls $3
*** FLOP *** [8d Jd 2h]
capy82: checks
bandita747: checks
*** TURN *** [8d Jd 2h] [9s]
capy82: checks
bandita747: bets $6
capy82: folds
Uncalled bet ($6) returned to bandita747
bandita747 collected $11.76 from pot
bandita747: doesn't show hand
*** SUMMARY ***
Total pot $12 | Rake $0.24
Board [8d Jd 2h 9s]
Seat 1: bandita747 (button) (small blind) collected ($11.76)
Seat 2: capy82 (big blind) folded on the Turn


PokerStars Hand #146773940155:  Hold'em Limit ($3/$6 USD) - 2016/01/09 20:49:34 ET
Table 'Cowell' 6-max Seat #2 is the button
Seat 1: bandita747 ($290.45 in chips)
Seat 2: capy82 ($87.37 in chips)
capy82: posts small blind $1
bandita747: posts big blind $3
*** HOLE CARDS ***
capy82: raises $3 to $6
bandita747: folds
Uncalled bet ($3) returned to capy82
capy82 collected $6 from pot
*** SUMMARY ***
Total pot $6 | Rake $0
Seat 1: bandita747 (big blind) folded before Flop
Seat 2: capy82 (button) (small blind) collected ($6)


PokerStars Hand #146773943556:  Hold'em Limit ($3/$6 USD) - 2016/01/09 20:49:40 ET
Table 'Cowell' 6-max Seat #1 is the button
Seat 1: bandita747 ($287.45 in chips)
Seat 2: capy82 ($90.37 in chips)
bandita747: posts small blind $1
capy82: posts big blind $3
*** HOLE CARDS ***
bandita747: folds
Uncalled bet ($2) returned to capy82
capy82 collected $2 from pot
*** SUMMARY ***
Total pot $2 | Rake $0
Seat 1: bandita747 (button) (small blind) folded before Flop
Seat 2: capy82 (big blind) collected ($2)


PokerStars Hand #146773946642:  Hold'em Limit ($3/$6 USD) - 2016/01/09 20:49:46 ET
Table 'Cowell' 6-max Seat #2 is the button
Seat 1: bandita747 ($286.45 in chips)
Seat 2: capy82 ($91.37 in chips)
capy82: posts small blind $1
bandita747: posts big blind $3
*** HOLE CARDS ***
capy82: raises $3 to $6
bandita747: folds
Uncalled bet ($3) returned to capy82
capy82 collected $6 from pot
*** SUMMARY ***
Total pot $6 | Rake $0
Seat 1: bandita747 (big blind) folded before Flop
Seat 2: capy82 (button) (small blind) collected ($6)


