PokerStars Hand #171318480813:  Hold'em Limit ($3/$6 USD) - 2017/06/04 4:14:06 ET
Table 'Cowell' 6-max Seat #3 is the button
Seat 3: joha74 ($75.05 in chips)
Seat 4: MTails ($131.64 in chips)
joha74: posts small blind $1
MTails: posts big blind $3
*** HOLE CARDS ***
joha74: raises $3 to $6
MTails: calls $3
*** FLOP *** [9s Js Jd]
MTails: checks
joha74: bets $3
MTails: raises $3 to $6
joha74: calls $3
*** TURN *** [9s Js Jd] [Kc]
MTails: checks
joha74: bets $6
MTails: raises $6 to $12
joha74: raises $6 to $18
MTails: folds
Uncalled bet ($6) returned to joha74
joha74 collected $47.50 from pot
joha74: doesn't show hand
*** SUMMARY ***
Total pot $48 | Rake $0.50
Board [9s Js Jd Kc]
Seat 3: joha74 (button) (small blind) collected ($47.50)
Seat 4: MTails (big blind) folded on the Turn


PokerStars Hand #171318469176:  Hold'em Limit ($3/$6 USD) - 2017/06/04 4:13:32 ET
Table 'Cowell' 6-max Seat #3 is the button
Seat 3: joha74 ($87.05 in chips)
Seat 4: MTails ($120 in chips)
joha74: posts small blind $1
MTails: posts big blind $3
*** HOLE CARDS ***
joha74: raises $3 to $6
MTails: calls $3
*** FLOP *** [Kh Qs 2h]
MTails: checks
joha74: bets $3
MTails: calls $3
*** TURN *** [Kh Qs 2h] [7c]
MTails: checks
joha74: checks
*** RIVER *** [Kh Qs 2h 7c] [Td]
MTails: bets $6
joha74: folds
Uncalled bet ($6) returned to MTails
MTails collected $17.64 from pot
MTails: doesn't show hand
*** SUMMARY ***
Total pot $18 | Rake $0.36
Board [Kh Qs 2h 7c Td]
Seat 3: joha74 (button) (small blind) folded on the River
Seat 4: MTails (big blind) collected ($17.64)


PokerStars Hand #171318503369:  Hold'em Limit ($3/$6 USD) - 2017/06/04 4:15:12 ET
Table 'Cowell' 6-max Seat #3 is the button
Seat 3: joha74 ($113.05 in chips)
Seat 4: MTails ($152.40 in chips)
joha74: posts small blind $1
MTails: posts big blind $3
*** HOLE CARDS ***
joha74: raises $3 to $6
MTails: calls $3
*** FLOP *** [Ks 7s 9h]
MTails: checks
joha74: bets $3
MTails: calls $3
*** TURN *** [Ks 7s 9h] [Jh]
MTails: checks
joha74: bets $6
MTails: calls $6
*** RIVER *** [Ks 7s 9h Jh] [8h]
MTails: bets $6
joha74: calls $6
*** SHOW DOWN ***
MTails: shows [Qd 5h] (high card King)
joha74: shows [6d Kd] (a pair of Kings)
joha74 collected $41.50 from pot
*** SUMMARY ***
Total pot $42 | Rake $0.50
Board [Ks 7s 9h Jh 8h]
Seat 3: joha74 (button) (small blind) showed [6d Kd] and won ($41.50) with a pair of Kings
Seat 4: MTails (big blind) showed [Qd 5h] and lost with high card King


PokerStars Hand #171318488561:  Hold'em Limit ($3/$6 USD) - 2017/06/04 4:14:29 ET
Table 'Cowell' 6-max Seat #4 is the button
Seat 3: joha74 ($98.55 in chips)
Seat 4: MTails ($107.64 in chips)
MTails: posts small blind $1
joha74: posts big blind $3
*** HOLE CARDS ***
MTails: raises $3 to $6
joha74: folds
Uncalled bet ($3) returned to MTails
MTails collected $6 from pot
*** SUMMARY ***
Total pot $6 | Rake $0
Seat 3: joha74 (big blind) folded before Flop
Seat 4: MTails (button) (small blind) collected ($6)


PokerStars Hand #171318499730:  Hold'em Limit ($3/$6 USD) - 2017/06/04 4:15:01 ET
Table 'Cowell' 6-max Seat #4 is the button
Seat 3: joha74 ($119.05 in chips)
Seat 4: MTails ($146.64 in chips)
MTails: posts small blind $1
joha74: posts big blind $3
*** HOLE CARDS ***
MTails: raises $3 to $6
joha74: calls $3
*** FLOP *** [Jh 3c 8h]
joha74: checks
MTails: bets $3
joha74: folds
Uncalled bet ($3) returned to MTails
MTails collected $11.76 from pot
*** SUMMARY ***
Total pot $12 | Rake $0.24
Board [Jh 3c 8h]
Seat 3: joha74 (big blind) folded on the Flop
Seat 4: MTails (button) (small blind) collected ($11.76)


PokerStars Hand #171318491076:  Hold'em Limit ($3/$6 USD) - 2017/06/04 4:14:36 ET
Table 'Cowell' 6-max Seat #3 is the button
Seat 3: joha74 ($95.55 in chips)
Seat 4: MTails ($110.64 in chips)
joha74: posts small blind $1
MTails: posts big blind $3
*** HOLE CARDS ***
joha74: raises $3 to $6
MTails: calls $3
*** FLOP *** [Kd 8s 5d]
MTails: checks
joha74: bets $3
MTails: raises $3 to $6
joha74: calls $3
*** TURN *** [Kd 8s 5d] [Ah]
MTails: bets $6
joha74: calls $6
*** RIVER *** [Kd 8s 5d Ah] [8h]
MTails: bets $6
joha74: raises $6 to $12
MTails: folds
Uncalled bet ($6) returned to joha74
joha74 collected $47.50 from pot
joha74: doesn't show hand
*** SUMMARY ***
Total pot $48 | Rake $0.50
Board [Kd 8s 5d Ah 8h]
Seat 3: joha74 (button) (small blind) collected ($47.50)
Seat 4: MTails (big blind) folded on the River


PokerStars Hand #171318509286:  Hold'em Limit ($3/$6 USD) - 2017/06/04 4:15:29 ET
Table 'Cowell' 6-max Seat #4 is the button
Seat 3: joha74 ($133.55 in chips)
Seat 4: MTails ($131.40 in chips)
MTails: posts small blind $1
joha74: posts big blind $3
*** HOLE CARDS ***
MTails: raises $3 to $6
joha74: calls $3
*** FLOP *** [3c 5d 4d]
joha74: checks
MTails: checks
*** TURN *** [3c 5d 4d] [6s]
joha74: checks
MTails: bets $6
joha74: calls $6
*** RIVER *** [3c 5d 4d 6s] [4c]
joha74: checks
MTails: checks
*** SHOW DOWN ***
joha74: shows [Ac 2s] (a straight, Deuce to Six)
MTails: mucks hand
joha74 collected $23.52 from pot
*** SUMMARY ***
Total pot $24 | Rake $0.48
Board [3c 5d 4d 6s 4c]
Seat 3: joha74 (big blind) showed [Ac 2s] and won ($23.52) with a straight, Deuce to Six
Seat 4: MTails (button) (small blind) mucked


PokerStars Hand #171318522033:  Hold'em Limit ($3/$6 USD) - 2017/06/04 4:16:06 ET
Table 'Cowell' 6-max Seat #4 is the button
Seat 3: joha74 ($162.57 in chips)
Seat 4: MTails ($161.40 in chips)
MTails: posts small blind $1
joha74: posts big blind $3
*** HOLE CARDS ***
MTails: raises $3 to $6
joha74: calls $3
*** FLOP *** [3d 9c Th]
joha74: checks
MTails: bets $3
joha74: raises $3 to $6
MTails: folds
Uncalled bet ($3) returned to joha74
joha74 collected $17.64 from pot
joha74: doesn't show hand
*** SUMMARY ***
Total pot $18 | Rake $0.36
Board [3d 9c Th]
Seat 3: joha74 (big blind) collected ($17.64)
Seat 4: MTails (button) (small blind) folded on the Flop


PokerStars Hand #171318516311:  Hold'em Limit ($3/$6 USD) - 2017/06/04 4:15:49 ET
Table 'Cowell' 6-max Seat #3 is the button
Seat 3: joha74 ($145.07 in chips)
Seat 4: MTails ($119.40 in chips)
joha74: posts small blind $1
MTails: posts big blind $3
*** HOLE CARDS ***
joha74: raises $3 to $6
MTails: raises $3 to $9
joha74: calls $3
*** FLOP *** [4s 3c Th]
MTails: bets $3
joha74: calls $3
*** TURN *** [4s 3c Th] [4c]
MTails: bets $6
joha74: calls $6
*** RIVER *** [4s 3c Th 4c] [7h]
MTails: checks
joha74: checks
*** SHOW DOWN ***
MTails: shows [8c Kd] (a pair of Fours)
joha74: shows [5s Ac] (a pair of Fours - Ace kicker)
joha74 collected $35.50 from pot
*** SUMMARY ***
Total pot $36 | Rake $0.50
Board [4s 3c Th 4c 7h]
Seat 3: joha74 (button) (small blind) showed [5s Ac] and won ($35.50) with a pair of Fours
Seat 4: MTails (big blind) showed [8c Kd] and lost with a pair of Fours


