PokerStars Hand #147326342930:  Hold'em Limit ($3/$6 USD) - 2016/01/19 15:01:21 ET
Table 'Crater IV' 6-max Seat #5 is the button
Seat 3: vladal 888 ($13.50 in chips)
Seat 5: SashaYuvelir ($107.66 in chips)
SashaYuvelir: posts small blind $1
vladal 888: posts big blind $3
*** HOLE CARDS ***
SashaYuvelir: raises $3 to $6
vladal 888: raises $3 to $9
SashaYuvelir: calls $3
*** FLOP *** [4s 6c Ad]
vladal 888: bets $3
SashaYuvelir: folds
Uncalled bet ($3) returned to vladal 888
vladal 888 collected $17.64 from pot
*** SUMMARY ***
Total pot $18 | Rake $0.36
Board [4s 6c Ad]
Seat 3: vladal 888 (big blind) collected ($17.64)
Seat 5: SashaYuvelir (button) (small blind) folded on the Flop


PokerStars Hand #147326337775:  Hold'em Limit ($3/$6 USD) - 2016/01/19 15:01:16 ET
Table 'Crater IV' 6-max Seat #3 is the button
Seat 3: vladal 888 ($14.50 in chips)
Seat 5: SashaYuvelir ($106.66 in chips)
vladal 888: posts small blind $1
SashaYuvelir: posts big blind $3
*** HOLE CARDS ***
vladal 888: folds
Uncalled bet ($2) returned to SashaYuvelir
SashaYuvelir collected $2 from pot
SashaYuvelir: doesn't show hand
*** SUMMARY ***
Total pot $2 | Rake $0
Seat 3: vladal 888 (button) (small blind) folded before Flop
Seat 5: SashaYuvelir (big blind) collected ($2)


PokerStars Hand #147326319033:  Hold'em Limit ($3/$6 USD) - 2016/01/19 15:00:57 ET
Table 'Crater IV' 6-max Seat #5 is the button
Seat 3: vladal 888 ($29.50 in chips)
Seat 5: SashaYuvelir ($92.16 in chips)
SashaYuvelir: posts small blind $1
vladal 888: posts big blind $3
*** HOLE CARDS ***
SashaYuvelir: raises $3 to $6
vladal 888: raises $3 to $9
SashaYuvelir: raises $3 to $12
Betting is capped
vladal 888: calls $3
*** FLOP *** [4h 4d 3d]
vladal 888: checks
SashaYuvelir: bets $3
vladal 888: calls $3
*** TURN *** [4h 4d 3d] [2h]
vladal 888: checks
SashaYuvelir: bets $6
vladal 888: folds
Uncalled bet ($6) returned to SashaYuvelir
SashaYuvelir collected $29.50 from pot
SashaYuvelir: doesn't show hand
*** SUMMARY ***
Total pot $30 | Rake $0.50
Board [4h 4d 3d 2h]
Seat 3: vladal 888 (big blind) folded on the Turn
Seat 5: SashaYuvelir (button) (small blind) collected ($29.50)


PokerStars Hand #147326304335:  Hold'em Limit ($3/$6 USD) - 2016/01/19 15:00:42 ET
Table 'Crater IV' 6-max Seat #3 is the button
Seat 3: vladal 888 ($41.50 in chips)
Seat 5: SashaYuvelir ($80.64 in chips)
vladal 888: posts small blind $1
SashaYuvelir: posts big blind $3
*** HOLE CARDS ***
vladal 888: raises $3 to $6
SashaYuvelir: calls $3
*** FLOP *** [Qh Jd Kh]
SashaYuvelir: checks
vladal 888: checks
*** TURN *** [Qh Jd Kh] [8d]
SashaYuvelir: bets $6
vladal 888: calls $6
*** RIVER *** [Qh Jd Kh 8d] [Ac]
SashaYuvelir: bets $6
vladal 888: folds
Uncalled bet ($6) returned to SashaYuvelir
SashaYuvelir collected $23.52 from pot
SashaYuvelir: doesn't show hand
*** SUMMARY ***
Total pot $24 | Rake $0.48
Board [Qh Jd Kh 8d Ac]
Seat 3: vladal 888 (button) (small blind) folded on the River
Seat 5: SashaYuvelir (big blind) collected ($23.52)


PokerStars Hand #147326401178:  Hold'em Limit ($3/$6 USD) - 2016/01/19 15:02:15 ET
Table 'Crater IV' 6-max Seat #3 is the button
Seat 3: vladal 888 ($6.64 in chips)
Seat 5: SashaYuvelir ($113.16 in chips)
vladal 888: posts small blind $1
SashaYuvelir: posts big blind $3
*** HOLE CARDS ***
vladal 888: raises $3 to $6
SashaYuvelir: raises $3 to $9
vladal 888: calls $0.64 and is all-in
Uncalled bet ($2.36) returned to SashaYuvelir
*** FLOP *** [9c 6s As]
*** TURN *** [9c 6s As] [Jd]
*** RIVER *** [9c 6s As Jd] [4d]
*** SHOW DOWN ***
SashaYuvelir: shows [Jc Kh] (a pair of Jacks)
vladal 888: shows [Tc 8d] (high card Ace)
SashaYuvelir collected $13.01 from pot
*** SUMMARY ***
Total pot $13.28 | Rake $0.27
Board [9c 6s As Jd 4d]
Seat 3: vladal 888 (button) (small blind) showed [Tc 8d] and lost with high card Ace
Seat 5: SashaYuvelir (big blind) showed [Jc Kh] and won ($13.01) with a pair of Jacks


PokerStars Hand #147326368475:  Hold'em Limit ($3/$6 USD) - 2016/01/19 15:01:45 ET
Table 'Crater IV' 6-max Seat #5 is the button
Seat 3: vladal 888 ($39.64 in chips)
Seat 5: SashaYuvelir ($80.66 in chips)
SashaYuvelir: posts small blind $1
vladal 888: posts big blind $3
*** HOLE CARDS ***
SashaYuvelir: raises $3 to $6
vladal 888: raises $3 to $9
SashaYuvelir: raises $3 to $12
Betting is capped
vladal 888: calls $3
*** FLOP *** [8d 9h Qc]
vladal 888: bets $3
SashaYuvelir: calls $3
*** TURN *** [8d 9h Qc] [Kd]
vladal 888: bets $6
SashaYuvelir: raises $6 to $12
vladal 888: calls $6
*** RIVER *** [8d 9h Qc Kd] [8c]
vladal 888: checks
SashaYuvelir: bets $6
vladal 888: calls $6
*** SHOW DOWN ***
SashaYuvelir: shows [Jd Tc] (a straight, Nine to King)
vladal 888: mucks hand
SashaYuvelir collected $65.50 from pot
*** SUMMARY ***
Total pot $66 | Rake $0.50
Board [8d 9h Qc Kd 8c]
Seat 3: vladal 888 (big blind) mucked
Seat 5: SashaYuvelir (button) (small blind) showed [Jd Tc] and won ($65.50) with a straight, Nine to King


PokerStars Hand #147326352128:  Hold'em Limit ($3/$6 USD) - 2016/01/19 15:01:30 ET
Table 'Crater IV' 6-max Seat #3 is the button
Seat 3: vladal 888 ($22.14 in chips)
Seat 5: SashaYuvelir ($98.66 in chips)
vladal 888: posts small blind $1
SashaYuvelir: posts big blind $3
*** HOLE CARDS ***
vladal 888: raises $3 to $6
SashaYuvelir: raises $3 to $9
vladal 888: calls $3
*** FLOP *** [Qs 8h 9s]
SashaYuvelir: bets $3
vladal 888: calls $3
*** TURN *** [Qs 8h 9s] [Th]
SashaYuvelir: checks
vladal 888: bets $6
SashaYuvelir: calls $6
*** RIVER *** [Qs 8h 9s Th] [Ks]
SashaYuvelir: checks
vladal 888: bets $4.14 and is all-in
SashaYuvelir: folds
Uncalled bet ($4.14) returned to vladal 888
vladal 888 collected $35.50 from pot
*** SUMMARY ***
Total pot $36 | Rake $0.50
Board [Qs 8h 9s Th Ks]
Seat 3: vladal 888 (button) (small blind) collected ($35.50)
Seat 5: SashaYuvelir (big blind) folded on the River


PokerStars Hand #147326474176:  Hold'em Limit ($3/$6 USD) - 2016/01/19 15:03:20 ET
Table 'Crater IV' 6-max Seat #5 is the button
Seat 3: vladal 888 ($33 in chips)
Seat 5: SashaYuvelir ($126.29 in chips)
SashaYuvelir: posts small blind $1
vladal 888: posts big blind $3
*** HOLE CARDS ***
SashaYuvelir: raises $3 to $6
vladal 888: calls $3
*** FLOP *** [3d 5d 6h]
vladal 888: checks
SashaYuvelir: bets $3
vladal 888: calls $3
*** TURN *** [3d 5d 6h] [7c]
vladal 888: checks
SashaYuvelir: checks
*** RIVER *** [3d 5d 6h 7c] [Qd]
vladal 888: bets $6
SashaYuvelir: calls $6
*** SHOW DOWN ***
vladal 888: shows [3h 4c] (a straight, Three to Seven)
SashaYuvelir: mucks hand
vladal 888 collected $29.50 from pot
*** SUMMARY ***
Total pot $30 | Rake $0.50
Board [3d 5d 6h 7c Qd]
Seat 3: vladal 888 (big blind) showed [3h 4c] and won ($29.50) with a straight, Three to Seven
Seat 5: SashaYuvelir (button) (small blind) mucked


PokerStars Hand #147326468465:  Hold'em Limit ($3/$6 USD) - 2016/01/19 15:03:15 ET
Table 'Crater IV' 6-max Seat #3 is the button
Seat 3: vladal 888 ($34 in chips)
Seat 5: SashaYuvelir ($125.29 in chips)
vladal 888: posts small blind $1
SashaYuvelir: posts big blind $3
*** HOLE CARDS ***
vladal 888: folds
Uncalled bet ($2) returned to SashaYuvelir
SashaYuvelir collected $2 from pot
SashaYuvelir: doesn't show hand
*** SUMMARY ***
Total pot $2 | Rake $0
Seat 3: vladal 888 (button) (small blind) folded before Flop
Seat 5: SashaYuvelir (big blind) collected ($2)


PokerStars Hand #147326456693:  Hold'em Limit ($3/$6 USD) - 2016/01/19 15:03:04 ET
Table 'Crater IV' 6-max Seat #5 is the button
Seat 3: vladal 888 ($40 in chips)
Seat 5: SashaYuvelir ($119.53 in chips)
SashaYuvelir: posts small blind $1
vladal 888: posts big blind $3
*** HOLE CARDS ***
SashaYuvelir: raises $3 to $6
vladal 888: calls $3
*** FLOP *** [6s 7d Jh]
vladal 888: checks
SashaYuvelir: bets $3
vladal 888: folds
Uncalled bet ($3) returned to SashaYuvelir
SashaYuvelir collected $11.76 from pot
SashaYuvelir: doesn't show hand
*** SUMMARY ***
Total pot $12 | Rake $0.24
Board [6s 7d Jh]
Seat 3: vladal 888 (big blind) folded on the Flop
Seat 5: SashaYuvelir (button) (small blind) collected ($11.76)


PokerStars Hand #147326555466:  Hold'em Limit ($3/$6 USD) - 2016/01/19 15:04:31 ET
Table 'Crater IV' 6-max Seat #5 is the button
Seat 3: vladal 888 ($66.76 in chips)
Seat 5: SashaYuvelir ($90.81 in chips)
SashaYuvelir: posts small blind $1
vladal 888: posts big blind $3
*** HOLE CARDS ***
SashaYuvelir: raises $3 to $6
vladal 888: calls $3
*** FLOP *** [9c Tc 9s]
vladal 888: checks
SashaYuvelir: bets $3
vladal 888: folds
Uncalled bet ($3) returned to SashaYuvelir
SashaYuvelir collected $11.76 from pot
SashaYuvelir: doesn't show hand
*** SUMMARY ***
Total pot $12 | Rake $0.24
Board [9c Tc 9s]
Seat 3: vladal 888 (big blind) folded on the Flop
Seat 5: SashaYuvelir (button) (small blind) collected ($11.76)


PokerStars Hand #147326549710:  Hold'em Limit ($3/$6 USD) - 2016/01/19 15:04:26 ET
Table 'Crater IV' 6-max Seat #3 is the button
Seat 3: vladal 888 ($67.76 in chips)
Seat 5: SashaYuvelir ($89.81 in chips)
vladal 888: posts small blind $1
SashaYuvelir: posts big blind $3
*** HOLE CARDS ***
vladal 888: folds
Uncalled bet ($2) returned to SashaYuvelir
SashaYuvelir collected $2 from pot
SashaYuvelir: doesn't show hand
*** SUMMARY ***
Total pot $2 | Rake $0
Seat 3: vladal 888 (button) (small blind) folded before Flop
Seat 5: SashaYuvelir (big blind) collected ($2)


PokerStars Hand #147326537227:  Hold'em Limit ($3/$6 USD) - 2016/01/19 15:04:15 ET
Table 'Crater IV' 6-max Seat #5 is the button
Seat 3: vladal 888 ($73.76 in chips)
Seat 5: SashaYuvelir ($84.05 in chips)
SashaYuvelir: posts small blind $1
vladal 888: posts big blind $3
*** HOLE CARDS ***
SashaYuvelir: raises $3 to $6
vladal 888: calls $3
*** FLOP *** [Ts Tc 8s]
vladal 888: checks
SashaYuvelir: bets $3
vladal 888: folds
Uncalled bet ($3) returned to SashaYuvelir
SashaYuvelir collected $11.76 from pot
SashaYuvelir: doesn't show hand
*** SUMMARY ***
Total pot $12 | Rake $0.24
Board [Ts Tc 8s]
Seat 3: vladal 888 (big blind) folded on the Flop
Seat 5: SashaYuvelir (button) (small blind) collected ($11.76)


PokerStars Hand #147326520081:  Hold'em Limit ($3/$6 USD) - 2016/01/19 15:04:00 ET
Table 'Crater IV' 6-max Seat #3 is the button
Seat 3: vladal 888 ($68 in chips)
Seat 5: SashaYuvelir ($90.05 in chips)
vladal 888: posts small blind $1
SashaYuvelir: posts big blind $3
*** HOLE CARDS ***
vladal 888: raises $3 to $6
SashaYuvelir: calls $3
*** FLOP *** [3s 7s Jh]
SashaYuvelir: checks
vladal 888: checks
*** TURN *** [3s 7s Jh] [6s]
SashaYuvelir: checks
vladal 888: checks
*** RIVER *** [3s 7s Jh 6s] [Ks]
SashaYuvelir: checks
vladal 888: checks
*** SHOW DOWN ***
SashaYuvelir: shows [Qd 8d] (high card King)
vladal 888: shows [6h Th] (a pair of Sixes)
vladal 888 collected $11.76 from pot
*** SUMMARY ***
Total pot $12 | Rake $0.24
Board [3s 7s Jh 6s Ks]
Seat 3: vladal 888 (button) (small blind) showed [6h Th] and won ($11.76) with a pair of Sixes
Seat 5: SashaYuvelir (big blind) showed [Qd 8d] and lost with high card King


PokerStars Hand #147326491634:  Hold'em Limit ($3/$6 USD) - 2016/01/19 15:03:35 ET
Table 'Crater IV' 6-max Seat #3 is the button
Seat 3: vladal 888 ($47.50 in chips)
Seat 5: SashaYuvelir ($111.29 in chips)
vladal 888: posts small blind $1
SashaYuvelir: posts big blind $3
*** HOLE CARDS ***
vladal 888: raises $3 to $6
SashaYuvelir: calls $3
*** FLOP *** [3s 7d 4d]
SashaYuvelir: checks
vladal 888: bets $3
SashaYuvelir: raises $3 to $6
vladal 888: raises $3 to $9
SashaYuvelir: calls $3
*** TURN *** [3s 7d 4d] [Ac]
SashaYuvelir: checks
vladal 888: bets $6
SashaYuvelir: calls $6
*** RIVER *** [3s 7d 4d Ac] [6c]
SashaYuvelir: checks
vladal 888: bets $6
SashaYuvelir: calls $6
*** SHOW DOWN ***
vladal 888: shows [Ks Kc] (a pair of Kings)
SashaYuvelir: mucks hand
vladal 888 collected $53.50 from pot
*** SUMMARY ***
Total pot $54 | Rake $0.50
Board [3s 7d 4d Ac 6c]
Seat 3: vladal 888 (button) (small blind) showed [Ks Kc] and won ($53.50) with a pair of Kings
Seat 5: SashaYuvelir (big blind) mucked


PokerStars Hand #147326609196:  Hold'em Limit ($3/$6 USD) - 2016/01/19 15:05:18 ET
Table 'Crater IV' 6-max Seat #3 is the button
Seat 3: vladal 888 ($63.26 in chips)
Seat 5: SashaYuvelir ($93.07 in chips)
vladal 888: posts small blind $1
SashaYuvelir: posts big blind $3
*** HOLE CARDS ***
vladal 888: raises $3 to $6
SashaYuvelir: raises $3 to $9
vladal 888: calls $3
*** FLOP *** [3h Qd 4c]
SashaYuvelir: bets $3
vladal 888: raises $3 to $6
SashaYuvelir: calls $3
*** TURN *** [3h Qd 4c] [Ts]
SashaYuvelir: checks
vladal 888: bets $6
SashaYuvelir: folds
Uncalled bet ($6) returned to vladal 888
vladal 888 collected $29.50 from pot
*** SUMMARY ***
Total pot $30 | Rake $0.50
Board [3h Qd 4c Ts]
Seat 3: vladal 888 (button) (small blind) collected ($29.50)
Seat 5: SashaYuvelir (big blind) folded on the Turn


PokerStars Hand #147326587397:  Hold'em Limit ($3/$6 USD) - 2016/01/19 15:04:59 ET
Table 'Crater IV' 6-max Seat #5 is the button
Seat 3: vladal 888 ($36.76 in chips)
Seat 5: SashaYuvelir ($120.07 in chips)
SashaYuvelir: posts small blind $1
vladal 888: posts big blind $3
*** HOLE CARDS ***
SashaYuvelir: raises $3 to $6
vladal 888: raises $3 to $9
SashaYuvelir: raises $3 to $12
Betting is capped
vladal 888: calls $3
*** FLOP *** [Tc Qs 2c]
vladal 888: bets $3
SashaYuvelir: calls $3
*** TURN *** [Tc Qs 2c] [Qc]
vladal 888: bets $6
SashaYuvelir: calls $6
*** RIVER *** [Tc Qs 2c Qc] [Kh]
vladal 888: bets $6
SashaYuvelir: calls $6
*** SHOW DOWN ***
vladal 888: shows [Th Ac] (two pair, Queens and Tens)
SashaYuvelir: mucks hand
vladal 888 collected $53.50 from pot
*** SUMMARY ***
Total pot $54 | Rake $0.50
Board [Tc Qs 2c Qc Kh]
Seat 3: vladal 888 (big blind) showed [Th Ac] and won ($53.50) with two pair, Queens and Tens
Seat 5: SashaYuvelir (button) (small blind) mucked


PokerStars Hand #147326569673:  Hold'em Limit ($3/$6 USD) - 2016/01/19 15:04:44 ET
Table 'Crater IV' 6-max Seat #3 is the button
Seat 3: vladal 888 ($60.76 in chips)
Seat 5: SashaYuvelir ($96.57 in chips)
vladal 888: posts small blind $1
SashaYuvelir: posts big blind $3
*** HOLE CARDS ***
vladal 888: raises $3 to $6
SashaYuvelir: raises $3 to $9
vladal 888: calls $3
*** FLOP *** [4d Jd Kd]
SashaYuvelir: bets $3
vladal 888: calls $3
*** TURN *** [4d Jd Kd] [5c]
SashaYuvelir: bets $6
vladal 888: calls $6
*** RIVER *** [4d Jd Kd 5c] [Qs]
SashaYuvelir: bets $6
vladal 888: calls $6
*** SHOW DOWN ***
SashaYuvelir: shows [Qh Kh] (two pair, Kings and Queens)
vladal 888: mucks hand
SashaYuvelir collected $47.50 from pot
*** SUMMARY ***
Total pot $48 | Rake $0.50
Board [4d Jd Kd 5c Qs]
Seat 3: vladal 888 (button) (small blind) mucked
Seat 5: SashaYuvelir (big blind) showed [Qh Kh] and won ($47.50) with two pair, Kings and Queens


PokerStars Hand #147326647472:  Hold'em Limit ($3/$6 USD) - 2016/01/19 15:05:52 ET
Table 'Crater IV' 6-max Seat #3 is the button
Seat 3: vladal 888 ($107.26 in chips)
Seat 5: SashaYuvelir ($72 in chips)
vladal 888: posts small blind $1
SashaYuvelir: posts big blind $3
*** HOLE CARDS ***
vladal 888: folds
Uncalled bet ($2) returned to SashaYuvelir
SashaYuvelir collected $2 from pot
SashaYuvelir: doesn't show hand
*** SUMMARY ***
Total pot $2 | Rake $0
Seat 3: vladal 888 (button) (small blind) folded before Flop
Seat 5: SashaYuvelir (big blind) collected ($2)


PokerStars Hand #147326627092:  Hold'em Limit ($3/$6 USD) - 2016/01/19 15:05:34 ET
Table 'Crater IV' 6-max Seat #5 is the button
Seat 3: vladal 888 ($77.76 in chips)
Seat 5: SashaYuvelir ($78.07 in chips)
SashaYuvelir: posts small blind $1
vladal 888: posts big blind $3
*** HOLE CARDS ***
SashaYuvelir: raises $3 to $6
vladal 888: raises $3 to $9
SashaYuvelir: calls $3
*** FLOP *** [7d 3d Td]
vladal 888: bets $3
SashaYuvelir: calls $3
*** TURN *** [7d 3d Td] [7c]
byll47 joins the table at seat #6
vladal 888: bets $6
SashaYuvelir: raises $6 to $12
vladal 888: calls $6
*** RIVER *** [7d 3d Td 7c] [4d]
vladal 888: bets $6
SashaYuvelir: calls $6
*** SHOW DOWN ***
vladal 888: shows [Ah Qd] (a flush, Queen high)
SashaYuvelir: mucks hand
vladal 888 collected $59.50 from pot
*** SUMMARY ***
Total pot $60 | Rake $0.50
Board [7d 3d Td 7c 4d]
Seat 3: vladal 888 (big blind) showed [Ah Qd] and won ($59.50) with a flush, Queen high
Seat 5: SashaYuvelir (button) (small blind) mucked


