PokerStars Hand #167082493896:  Hold'em Limit ($3/$6 USD) - 2017/03/04 0:39:28 ET
Table 'Crater' 6-max Seat #6 is the button
Seat 5: Chessnok ($114.89 in chips)
Seat 6: kudongo ($113.43 in chips)
kudongo: posts small blind $1
kwangssi: is sitting out
Chessnok: posts big blind $3
*** HOLE CARDS ***
kwangssi leaves the table
kudongo: folds
Uncalled bet ($2) returned to Chessnok
Chessnok collected $2 from pot
Chessnok: doesn't show hand
*** SUMMARY ***
Total pot $2 | Rake $0
Seat 5: Chessnok (big blind) collected ($2)
Seat 6: kudongo (button) (small blind) folded before Flop


PokerStars Hand #167082495700:  Hold'em Limit ($3/$6 USD) - 2017/03/04 0:39:34 ET
Table 'Crater' 6-max Seat #5 is the button
Seat 5: Chessnok ($115.89 in chips)
Seat 6: kudongo ($112.43 in chips)
Chessnok: posts small blind $1
kudongo: posts big blind $3
*** HOLE CARDS ***
Chessnok: raises $3 to $6
kudongo: calls $3
*** FLOP *** [Jh Qd 3s]
kudongo: checks
Chessnok: bets $3
kudongo: folds
Uncalled bet ($3) returned to Chessnok
Chessnok collected $11.76 from pot
Chessnok: doesn't show hand
*** SUMMARY ***
Total pot $12 | Rake $0.24
Board [Jh Qd 3s]
Seat 5: Chessnok (button) (small blind) collected ($11.76)
Seat 6: kudongo (big blind) folded on the Flop


PokerStars Hand #167082499788:  Hold'em Limit ($3/$6 USD) - 2017/03/04 0:39:48 ET
Table 'Crater' 6-max Seat #6 is the button
Seat 5: Chessnok ($121.65 in chips)
Seat 6: kudongo ($106.43 in chips)
kudongo: posts small blind $1
Chessnok: posts big blind $3
*** HOLE CARDS ***
kudongo: folds
Uncalled bet ($2) returned to Chessnok
Chessnok collected $2 from pot
Chessnok: doesn't show hand
*** SUMMARY ***
Total pot $2 | Rake $0
Seat 5: Chessnok (big blind) collected ($2)
Seat 6: kudongo (button) (small blind) folded before Flop


PokerStars Hand #167082503710:  Hold'em Limit ($3/$6 USD) - 2017/03/04 0:40:01 ET
Table 'Crater' 6-max Seat #6 is the button
Seat 5: Chessnok ($125.65 in chips)
Seat 6: kudongo ($102.43 in chips)
kudongo: posts small blind $1
Chessnok: posts big blind $3
*** HOLE CARDS ***
kudongo: raises $3 to $6
Chessnok: folds
Uncalled bet ($3) returned to kudongo
kudongo collected $6 from pot
kudongo: doesn't show hand
*** SUMMARY ***
Total pot $6 | Rake $0
Seat 5: Chessnok (big blind) folded before Flop
Seat 6: kudongo (button) (small blind) collected ($6)


PokerStars Hand #167082501659:  Hold'em Limit ($3/$6 USD) - 2017/03/04 0:39:54 ET
Table 'Crater' 6-max Seat #5 is the button
Seat 5: Chessnok ($122.65 in chips)
Seat 6: kudongo ($105.43 in chips)
Chessnok: posts small blind $1
kudongo: posts big blind $3
*** HOLE CARDS ***
Chessnok: raises $3 to $6
kudongo: folds
Uncalled bet ($3) returned to Chessnok
Chessnok collected $6 from pot
Chessnok: doesn't show hand
*** SUMMARY ***
Total pot $6 | Rake $0
Seat 5: Chessnok (button) (small blind) collected ($6)
Seat 6: kudongo (big blind) folded before Flop


PokerStars Hand #167082506324:  Hold'em Limit ($3/$6 USD) - 2017/03/04 0:40:11 ET
Table 'Crater' 6-max Seat #5 is the button
Seat 5: Chessnok ($122.65 in chips)
Seat 6: kudongo ($105.43 in chips)
Chessnok: posts small blind $1
kudongo: posts big blind $3
*** HOLE CARDS ***
Chessnok: raises $3 to $6
kudongo: calls $3
*** FLOP *** [Js Ad 6h]
kudongo: checks
Chessnok: bets $3
kudongo: folds
Uncalled bet ($3) returned to Chessnok
Chessnok collected $11.76 from pot
Chessnok: doesn't show hand
*** SUMMARY ***
Total pot $12 | Rake $0.24
Board [Js Ad 6h]
Seat 5: Chessnok (button) (small blind) collected ($11.76)
Seat 6: kudongo (big blind) folded on the Flop


PokerStars Hand #167082510071:  Hold'em Limit ($3/$6 USD) - 2017/03/04 0:40:23 ET
Table 'Crater' 6-max Seat #6 is the button
Seat 5: Chessnok ($128.41 in chips)
Seat 6: kudongo ($99.43 in chips)
kudongo: posts small blind $1
Chessnok: posts big blind $3
*** HOLE CARDS ***
kudongo: raises $3 to $6
Chessnok: calls $3
*** FLOP *** [5s 9c Kd]
Chessnok: checks
kudongo: bets $3
Chessnok: calls $3
*** TURN *** [5s 9c Kd] [Qh]
Chessnok: checks
kudongo: checks
*** RIVER *** [5s 9c Kd Qh] [4h]
Chessnok: bets $6
kudongo: folds
Uncalled bet ($6) returned to Chessnok
Chessnok collected $17.64 from pot
Chessnok: doesn't show hand
*** SUMMARY ***
Total pot $18 | Rake $0.36
Board [5s 9c Kd Qh 4h]
Seat 5: Chessnok (big blind) collected ($17.64)
Seat 6: kudongo (button) (small blind) folded on the River


PokerStars Hand #167082520652:  Hold'em Limit ($3/$6 USD) - 2017/03/04 0:41:00 ET
Table 'Crater' 6-max Seat #5 is the button
Seat 5: Chessnok ($137.05 in chips)
Seat 6: kudongo ($90.43 in chips)
Chessnok: posts small blind $1
kudongo: posts big blind $3
*** HOLE CARDS ***
Chessnok: raises $3 to $6
kudongo: calls $3
*** FLOP *** [4s 4c Ad]
kudongo: bets $3
Chessnok: calls $3
*** TURN *** [4s 4c Ad] [Kd]
kudongo: checks
Chessnok: bets $6
kudongo: calls $6
*** RIVER *** [4s 4c Ad Kd] [8d]
kudongo: checks
Chessnok: bets $6
kudongo: folds
Uncalled bet ($6) returned to Chessnok
Chessnok collected $29.50 from pot
Chessnok: doesn't show hand
*** SUMMARY ***
Total pot $30 | Rake $0.50
Board [4s 4c Ad Kd 8d]
Seat 5: Chessnok (button) (small blind) collected ($29.50)
Seat 6: kudongo (big blind) folded on the River


PokerStars Hand #167082532981:  Hold'em Limit ($3/$6 USD) - 2017/03/04 0:41:42 ET
Table 'Crater' 6-max Seat #6 is the button
Seat 5: Chessnok ($151.55 in chips)
Seat 6: kudongo ($75.43 in chips)
kudongo: posts small blind $1
Chessnok: posts big blind $3
*** HOLE CARDS ***
kudongo: raises $3 to $6
Chessnok: calls $3
*** FLOP *** [3s 3c Qc]
Chessnok: checks
kudongo: bets $3
Chessnok: raises $3 to $6
kudongo: folds
Uncalled bet ($3) returned to Chessnok
Chessnok collected $17.64 from pot
Chessnok: doesn't show hand
*** SUMMARY ***
Total pot $18 | Rake $0.36
Board [3s 3c Qc]
Seat 5: Chessnok (big blind) collected ($17.64)
Seat 6: kudongo (button) (small blind) folded on the Flop


PokerStars Hand #167082555610:  Hold'em Limit ($3/$6 USD) - 2017/03/04 0:42:59 ET
Table 'Crater' 6-max Seat #5 is the button
Seat 5: Chessnok ($139.95 in chips)
Seat 6: kudongo ($85.93 in chips)
Chessnok: posts small blind $1
kudongo: posts big blind $3
*** HOLE CARDS ***
Chessnok: raises $3 to $6
kudongo: folds
Uncalled bet ($3) returned to Chessnok
Chessnok collected $6 from pot
Chessnok: doesn't show hand
*** SUMMARY ***
Total pot $6 | Rake $0
Seat 5: Chessnok (button) (small blind) collected ($6)
Seat 6: kudongo (big blind) folded before Flop


PokerStars Hand #167082538053:  Hold'em Limit ($3/$6 USD) - 2017/03/04 0:41:59 ET
Table 'Crater' 6-max Seat #5 is the button
Seat 5: Chessnok ($160.19 in chips)
Seat 6: kudongo ($66.43 in chips)
Chessnok: posts small blind $1
kudongo: posts big blind $3
*** HOLE CARDS ***
Chessnok: raises $3 to $6
kudongo: raises $3 to $9
Chessnok: calls $3
*** FLOP *** [Kd As Qh]
kudongo: bets $3
Chessnok: calls $3
*** TURN *** [Kd As Qh] [5c]
kudongo: bets $6
Chessnok: calls $6
*** RIVER *** [Kd As Qh 5c] [8c]
kudongo: bets $6
Chessnok: calls $6
*** SHOW DOWN ***
kudongo: shows [Jh Ac] (a pair of Aces)
Chessnok: mucks hand
kudongo collected $47.50 from pot
*** SUMMARY ***
Total pot $48 | Rake $0.50
Board [Kd As Qh 5c 8c]
Seat 5: Chessnok (button) (small blind) mucked
Seat 6: kudongo (big blind) showed [Jh Ac] and won ($47.50) with a pair of Aces


PokerStars Hand #167082543975:  Hold'em Limit ($3/$6 USD) - 2017/03/04 0:42:19 ET
Table 'Crater' 6-max Seat #6 is the button
Seat 5: Chessnok ($136.19 in chips)
Seat 6: kudongo ($89.93 in chips)
kudongo: posts small blind $1
Chessnok: posts big blind $3
*** HOLE CARDS ***
kudongo: raises $3 to $6
Chessnok: folds
Uncalled bet ($3) returned to kudongo
kudongo collected $6 from pot
*** SUMMARY ***
Total pot $6 | Rake $0
Seat 5: Chessnok (big blind) folded before Flop
Seat 6: kudongo (button) (small blind) collected ($6)


PokerStars Hand #167082554135:  Hold'em Limit ($3/$6 USD) - 2017/03/04 0:42:54 ET
Table 'Crater' 6-max Seat #6 is the button
Seat 5: Chessnok ($138.95 in chips)
Seat 6: kudongo ($86.93 in chips)
kudongo: posts small blind $1
Chessnok: posts big blind $3
*** HOLE CARDS ***
kudongo: folds
Uncalled bet ($2) returned to Chessnok
Chessnok collected $2 from pot
Chessnok: doesn't show hand
*** SUMMARY ***
Total pot $2 | Rake $0
Seat 5: Chessnok (big blind) collected ($2)
Seat 6: kudongo (button) (small blind) folded before Flop


PokerStars Hand #167082546603:  Hold'em Limit ($3/$6 USD) - 2017/03/04 0:42:29 ET
Table 'Crater' 6-max Seat #5 is the button
Seat 5: Chessnok ($133.19 in chips)
Seat 6: kudongo ($92.93 in chips)
Chessnok: posts small blind $1
kudongo: posts big blind $3
*** HOLE CARDS ***
Chessnok: raises $3 to $6
kudongo: calls $3
*** FLOP *** [2c 6d 3s]
kudongo: checks
Chessnok: bets $3
kudongo: folds
Uncalled bet ($3) returned to Chessnok
Chessnok collected $11.76 from pot
Chessnok: doesn't show hand
*** SUMMARY ***
Total pot $12 | Rake $0.24
Board [2c 6d 3s]
Seat 5: Chessnok (button) (small blind) collected ($11.76)
Seat 6: kudongo (big blind) folded on the Flop


PokerStars Hand #167082572999:  Hold'em Limit ($3/$6 USD) - 2017/03/04 0:43:58 ET
Table 'Crater' 6-max Seat #6 is the button
Seat 5: Chessnok ($128.95 in chips)
Seat 6: kudongo ($96.21 in chips)
kudongo: posts small blind $1
Chessnok: posts big blind $3
*** HOLE CARDS ***
kudongo: raises $3 to $6
Chessnok: calls $3
*** FLOP *** [Kd Tc Th]
Chessnok: checks
kudongo: bets $3
Chessnok: folds
Uncalled bet ($3) returned to kudongo
kudongo collected $11.76 from pot
kudongo: doesn't show hand
*** SUMMARY ***
Total pot $12 | Rake $0.24
Board [Kd Tc Th]
Seat 5: Chessnok (big blind) folded on the Flop
Seat 6: kudongo (button) (small blind) collected ($11.76)


PokerStars Hand #167082558500:  Hold'em Limit ($3/$6 USD) - 2017/03/04 0:43:09 ET
Table 'Crater' 6-max Seat #6 is the button
Seat 5: Chessnok ($142.95 in chips)
Seat 6: kudongo ($82.93 in chips)
kudongo: posts small blind $1
Chessnok: posts big blind $3
*** HOLE CARDS ***
kudongo: raises $3 to $6
Chessnok: calls $3
*** FLOP *** [Td As 8h]
Chessnok: checks
kudongo: bets $3
Chessnok: folds
Uncalled bet ($3) returned to kudongo
kudongo collected $11.76 from pot
kudongo: doesn't show hand
*** SUMMARY ***
Total pot $12 | Rake $0.24
Board [Td As 8h]
Seat 5: Chessnok (big blind) folded on the Flop
Seat 6: kudongo (button) (small blind) collected ($11.76)


PokerStars Hand #167082563936:  Hold'em Limit ($3/$6 USD) - 2017/03/04 0:43:27 ET
Table 'Crater' 6-max Seat #5 is the button
Seat 5: Chessnok ($136.95 in chips)
Seat 6: kudongo ($88.69 in chips)
Chessnok: posts small blind $1
kudongo: posts big blind $3
*** HOLE CARDS ***
Chessnok: raises $3 to $6
kudongo: folds
Uncalled bet ($3) returned to Chessnok
Chessnok collected $6 from pot
Chessnok: doesn't show hand
*** SUMMARY ***
Total pot $6 | Rake $0
Seat 5: Chessnok (button) (small blind) collected ($6)
Seat 6: kudongo (big blind) folded before Flop


PokerStars Hand #167082566871:  Hold'em Limit ($3/$6 USD) - 2017/03/04 0:43:37 ET
Table 'Crater' 6-max Seat #6 is the button
Seat 5: Chessnok ($139.95 in chips)
Seat 6: kudongo ($85.69 in chips)
kudongo: posts small blind $1
Chessnok: posts big blind $3
*** HOLE CARDS ***
kudongo: folds
Uncalled bet ($2) returned to Chessnok
Chessnok collected $2 from pot
Chessnok: doesn't show hand
*** SUMMARY ***
Total pot $2 | Rake $0
Seat 5: Chessnok (big blind) collected ($2)
Seat 6: kudongo (button) (small blind) folded before Flop


PokerStars Hand #167082568593:  Hold'em Limit ($3/$6 USD) - 2017/03/04 0:43:43 ET
Table 'Crater' 6-max Seat #5 is the button
Seat 5: Chessnok ($140.95 in chips)
Seat 6: kudongo ($84.69 in chips)
Chessnok: posts small blind $1
kudongo: posts big blind $3
*** HOLE CARDS ***
Chessnok: raises $3 to $6
kudongo: raises $3 to $9
Chessnok: calls $3
*** FLOP *** [3d 5h Jh]
kudongo: bets $3
Chessnok: calls $3
*** TURN *** [3d 5h Jh] [Kd]
kudongo: bets $6
Chessnok: folds
Uncalled bet ($6) returned to kudongo
kudongo collected $23.52 from pot
kudongo: doesn't show hand
*** SUMMARY ***
Total pot $24 | Rake $0.48
Board [3d 5h Jh Kd]
Seat 5: Chessnok (button) (small blind) folded on the Turn
Seat 6: kudongo (big blind) collected ($23.52)


PokerStars Hand #167082590261:  Hold'em Limit ($3/$6 USD) - 2017/03/04 0:44:57 ET
Table 'Crater' 6-max Seat #5 is the button
Seat 5: Chessnok ($97.95 in chips)
Seat 6: kudongo ($126.23 in chips)
Chessnok: posts small blind $1
kudongo: posts big blind $3
*** HOLE CARDS ***
Chessnok: raises $3 to $6
kudongo: folds
Uncalled bet ($3) returned to Chessnok
Chessnok collected $6 from pot
Chessnok: doesn't show hand
*** SUMMARY ***
Total pot $6 | Rake $0
Seat 5: Chessnok (button) (small blind) collected ($6)
Seat 6: kudongo (big blind) folded before Flop


PokerStars Hand #167082576033:  Hold'em Limit ($3/$6 USD) - 2017/03/04 0:44:09 ET
Table 'Crater' 6-max Seat #5 is the button
Seat 5: Chessnok ($122.95 in chips)
Seat 6: kudongo ($101.97 in chips)
Chessnok: posts small blind $1
kudongo: posts big blind $3
*** HOLE CARDS ***
Chessnok: folds
Uncalled bet ($2) returned to kudongo
kudongo collected $2 from pot
kudongo: doesn't show hand
*** SUMMARY ***
Total pot $2 | Rake $0
Seat 5: Chessnok (button) (small blind) folded before Flop
Seat 6: kudongo (big blind) collected ($2)


PokerStars Hand #167082577443:  Hold'em Limit ($3/$6 USD) - 2017/03/04 0:44:13 ET
Table 'Crater' 6-max Seat #6 is the button
Seat 5: Chessnok ($121.95 in chips)
Seat 6: kudongo ($102.97 in chips)
kudongo: posts small blind $1
Chessnok: posts big blind $3
*** HOLE CARDS ***
kudongo: raises $3 to $6
Chessnok: calls $3
*** FLOP *** [Ah 4h 8s]
Chessnok: checks
kudongo: bets $3
Chessnok: folds
Uncalled bet ($3) returned to kudongo
kudongo collected $11.76 from pot
kudongo: doesn't show hand
*** SUMMARY ***
Total pot $12 | Rake $0.24
Board [Ah 4h 8s]
Seat 5: Chessnok (big blind) folded on the Flop
Seat 6: kudongo (button) (small blind) collected ($11.76)


PokerStars Hand #167082580998:  Hold'em Limit ($3/$6 USD) - 2017/03/04 0:44:25 ET
Table 'Crater' 6-max Seat #5 is the button
Seat 5: Chessnok ($115.95 in chips)
Seat 6: kudongo ($108.73 in chips)
Chessnok: posts small blind $1
kudongo: posts big blind $3
*** HOLE CARDS ***
Chessnok: raises $3 to $6
kudongo: calls $3
*** FLOP *** [Th Ad Kh]
kudongo: checks
Chessnok: bets $3
kudongo: calls $3
*** TURN *** [Th Ad Kh] [Jd]
kudongo: checks
Chessnok: checks
*** RIVER *** [Th Ad Kh Jd] [Qh]
kudongo: bets $6
Chessnok: calls $6
*** SHOW DOWN ***
kudongo: shows [8h 4h] (a flush, King high)
Chessnok: mucks hand
kudongo collected $29.50 from pot
*** SUMMARY ***
Total pot $30 | Rake $0.50
Board [Th Ad Kh Jd Qh]
Seat 5: Chessnok (button) (small blind) mucked
Seat 6: kudongo (big blind) showed [8h 4h] and won ($29.50) with a flush, King high


PokerStars Hand #167082588076:  Hold'em Limit ($3/$6 USD) - 2017/03/04 0:44:49 ET
Table 'Crater' 6-max Seat #6 is the button
Seat 5: Chessnok ($100.95 in chips)
Seat 6: kudongo ($123.23 in chips)
kudongo: posts small blind $1
Chessnok: posts big blind $3
*** HOLE CARDS ***
kudongo: raises $3 to $6
Chessnok: folds
Uncalled bet ($3) returned to kudongo
kudongo collected $6 from pot
kudongo: doesn't show hand
*** SUMMARY ***
Total pot $6 | Rake $0
Seat 5: Chessnok (big blind) folded before Flop
Seat 6: kudongo (button) (small blind) collected ($6)


