PokerStars Hand #146735283363:  Hold'em Limit ($3/$6 USD) - 2016/01/09 9:02:17 ET
Table 'Cremona' 2-max Seat #2 is the button
Seat 1: Kuehlingo ($99.11 in chips)
Seat 2: mdif ($120 in chips)
mdif: posts small blind $1
Kuehlingo: posts big blind $3
*** HOLE CARDS ***
mdif: raises $3 to $6
Kuehlingo: calls $3
*** FLOP *** [Ac Qd Jc]
Kuehlingo: checks
mdif: bets $3
Kuehlingo: folds
Uncalled bet ($3) returned to mdif
mdif collected $11.76 from pot
mdif: doesn't show hand
*** SUMMARY ***
Total pot $12 | Rake $0.24
Board [Ac Qd Jc]
Seat 1: Kuehlingo (big blind) folded on the Flop
Seat 2: mdif (button) (small blind) collected ($11.76)


PokerStars Hand #146735278820:  Hold'em Limit ($3/$6 USD) - 2016/01/09 9:02:11 ET
Table 'Cremona' 2-max Seat #1 is the button
Seat 1: Kuehlingo ($96.11 in chips)
Seat 2: mdif ($120 in chips)
Kuehlingo: posts small blind $1
mdif: posts big blind $3
*** HOLE CARDS ***
Kuehlingo: raises $3 to $6
mdif: folds
Uncalled bet ($3) returned to Kuehlingo
Kuehlingo collected $6 from pot
*** SUMMARY ***
Total pot $6 | Rake $0
Seat 1: Kuehlingo (button) (small blind) collected ($6)
Seat 2: mdif (big blind) folded before Flop


PokerStars Hand #146735331688:  Hold'em Limit ($3/$6 USD) - 2016/01/09 9:03:18 ET
Table 'Cremona' 2-max Seat #2 is the button
Seat 1: Kuehlingo ($38.93 in chips)
Seat 2: mdif ($178.58 in chips)
mdif: posts small blind $1
Kuehlingo: posts big blind $3
*** HOLE CARDS ***
mdif: raises $3 to $6
Kuehlingo: calls $3
*** FLOP *** [4c 8c 4h]
Kuehlingo: bets $3
mdif: folds
Uncalled bet ($3) returned to Kuehlingo
Kuehlingo collected $11.76 from pot
Kuehlingo: doesn't show hand
*** SUMMARY ***
Total pot $12 | Rake $0.24
Board [4c 8c 4h]
Seat 1: Kuehlingo (big blind) collected ($11.76)
Seat 2: mdif (button) (small blind) folded on the Flop


PokerStars Hand #146735321326:  Hold'em Limit ($3/$6 USD) - 2016/01/09 9:03:05 ET
Table 'Cremona' 2-max Seat #1 is the button
Seat 1: Kuehlingo ($39.11 in chips)
Seat 2: mdif ($178.76 in chips)
Kuehlingo: posts small blind $1
mdif: posts big blind $3
*** HOLE CARDS ***
Kuehlingo: raises $3 to $6
mdif: calls $3
*** FLOP *** [8s Qc Jd]
mdif: checks
Kuehlingo: bets $3
mdif: calls $3
*** TURN *** [8s Qc Jd] [9s]
mdif: checks
Kuehlingo: checks
*** RIVER *** [8s Qc Jd 9s] [Th]
mdif: checks
Kuehlingo: checks
*** SHOW DOWN ***
mdif: shows [8h 4s] (a straight, Eight to Queen)
Kuehlingo: shows [7c 3s] (a straight, Eight to Queen)
mdif collected $8.82 from pot
Kuehlingo collected $8.82 from pot
*** SUMMARY ***
Total pot $18 | Rake $0.36
Board [8s Qc Jd 9s Th]
Seat 1: Kuehlingo (button) (small blind) showed [7c 3s] and won ($8.82) with a straight, Eight to Queen
Seat 2: mdif (big blind) showed [8h 4s] and won ($8.82) with a straight, Eight to Queen


PokerStars Hand #146735303922:  Hold'em Limit ($3/$6 USD) - 2016/01/09 9:02:43 ET
Table 'Cremona' 2-max Seat #2 is the button
Seat 1: Kuehlingo ($66.11 in chips)
Seat 2: mdif ($152.26 in chips)
mdif: posts small blind $1
Kuehlingo: posts big blind $3
*** HOLE CARDS ***
mdif: raises $3 to $6
Kuehlingo: raises $3 to $9
mdif: calls $3
*** FLOP *** [Tc 5d 9s]
Kuehlingo: bets $3
mdif: raises $3 to $6
Kuehlingo: raises $3 to $9
mdif: raises $3 to $12
Betting is capped
Kuehlingo: calls $3
*** TURN *** [Tc 5d 9s] [2c]
Kuehlingo: bets $6
mdif: calls $6
*** RIVER *** [Tc 5d 9s 2c] [4d]
Kuehlingo: checks
mdif: bets $6
Kuehlingo: folds
Uncalled bet ($6) returned to mdif
mdif collected $53.50 from pot
mdif: doesn't show hand
*** SUMMARY ***
Total pot $54 | Rake $0.50
Board [Tc 5d 9s 2c 4d]
Seat 1: Kuehlingo (big blind) folded on the River
Seat 2: mdif (button) (small blind) collected ($53.50)


PokerStars Hand #146735290223:  Hold'em Limit ($3/$6 USD) - 2016/01/09 9:02:27 ET
Table 'Cremona' 2-max Seat #1 is the button
Seat 1: Kuehlingo ($93.11 in chips)
Seat 2: mdif ($125.76 in chips)
Kuehlingo: posts small blind $1
mdif: posts big blind $3
*** HOLE CARDS ***
Kuehlingo: raises $3 to $6
mdif: raises $3 to $9
Kuehlingo: raises $3 to $12
Betting is capped
mdif: calls $3
*** FLOP *** [5s Qd 7s]
mdif: bets $3
Kuehlingo: raises $3 to $6
mdif: raises $3 to $9
Kuehlingo: calls $3
*** TURN *** [5s Qd 7s] [5c]
mdif: bets $6
Kuehlingo: calls $6
*** RIVER *** [5s Qd 7s 5c] [Td]
mdif: bets $6
Kuehlingo: folds
Uncalled bet ($6) returned to mdif
mdif collected $53.50 from pot
mdif: doesn't show hand
*** SUMMARY ***
Total pot $54 | Rake $0.50
Board [5s Qd 7s 5c Td]
Seat 1: Kuehlingo (button) (small blind) folded on the River
Seat 2: mdif (big blind) collected ($53.50)


PokerStars Hand #146735372223:  Hold'em Limit ($3/$6 USD) - 2016/01/09 9:04:07 ET
Table 'Cremona' 2-max Seat #2 is the button
Seat 1: Kuehlingo ($40.21 in chips)
Seat 2: mdif ($175.98 in chips)
mdif: posts small blind $1
Kuehlingo: posts big blind $3
*** HOLE CARDS ***
mdif: raises $3 to $6
Kuehlingo: calls $3
*** FLOP *** [6c Jd 6d]
Kuehlingo: bets $3
mdif: raises $3 to $6
Kuehlingo: raises $3 to $9
mdif: raises $3 to $12
Betting is capped
Kuehlingo: calls $3
*** TURN *** [6c Jd 6d] [3d]
Kuehlingo: checks
mdif: bets $6
Kuehlingo: calls $6
*** RIVER *** [6c Jd 6d 3d] [2c]
Kuehlingo: checks
mdif: bets $6
Kuehlingo: calls $6
*** SHOW DOWN ***
mdif: shows [Qc 4c] (a pair of Sixes)
Kuehlingo: shows [Js 8h] (two pair, Jacks and Sixes)
Kuehlingo collected $59.50 from pot
*** SUMMARY ***
Total pot $60 | Rake $0.50
Board [6c Jd 6d 3d 2c]
Seat 1: Kuehlingo (big blind) showed [Js 8h] and won ($59.50) with two pair, Jacks and Sixes
Seat 2: mdif (button) (small blind) showed [Qc 4c] and lost with a pair of Sixes


PokerStars Hand #146735367818:  Hold'em Limit ($3/$6 USD) - 2016/01/09 9:04:02 ET
Table 'Cremona' 2-max Seat #1 is the button
Seat 1: Kuehlingo ($41.21 in chips)
Seat 2: mdif ($174.98 in chips)
Kuehlingo: posts small blind $1
mdif: posts big blind $3
*** HOLE CARDS ***
Kuehlingo: folds
Uncalled bet ($2) returned to mdif
mdif collected $2 from pot
mdif: doesn't show hand
*** SUMMARY ***
Total pot $2 | Rake $0
Seat 1: Kuehlingo (button) (small blind) folded before Flop
Seat 2: mdif (big blind) collected ($2)


PokerStars Hand #146735360831:  Hold'em Limit ($3/$6 USD) - 2016/01/09 9:03:53 ET
Table 'Cremona' 2-max Seat #2 is the button
Seat 1: Kuehlingo ($47.21 in chips)
Seat 2: mdif ($169.22 in chips)
mdif: posts small blind $1
Kuehlingo: posts big blind $3
*** HOLE CARDS ***
mdif: raises $3 to $6
Kuehlingo: calls $3
*** FLOP *** [2d Kd Ac]
Kuehlingo: checks
mdif: bets $3
Kuehlingo: folds
Uncalled bet ($3) returned to mdif
mdif collected $11.76 from pot
mdif: doesn't show hand
*** SUMMARY ***
Total pot $12 | Rake $0.24
Board [2d Kd Ac]
Seat 1: Kuehlingo (big blind) folded on the Flop
Seat 2: mdif (button) (small blind) collected ($11.76)


PokerStars Hand #146735354812:  Hold'em Limit ($3/$6 USD) - 2016/01/09 9:03:46 ET
Table 'Cremona' 2-max Seat #1 is the button
Seat 1: Kuehlingo ($41.45 in chips)
Seat 2: mdif ($175.22 in chips)
Kuehlingo: posts small blind $1
mdif: posts big blind $3
*** HOLE CARDS ***
Kuehlingo: raises $3 to $6
mdif: calls $3
*** FLOP *** [2s 3d 6c]
mdif: checks
Kuehlingo: bets $3
mdif: folds
Uncalled bet ($3) returned to Kuehlingo
Kuehlingo collected $11.76 from pot
Kuehlingo: doesn't show hand
*** SUMMARY ***
Total pot $12 | Rake $0.24
Board [2s 3d 6c]
Seat 1: Kuehlingo (button) (small blind) collected ($11.76)
Seat 2: mdif (big blind) folded on the Flop


PokerStars Hand #146735348286:  Hold'em Limit ($3/$6 USD) - 2016/01/09 9:03:38 ET
Table 'Cremona' 2-max Seat #2 is the button
Seat 1: Kuehlingo ($35.69 in chips)
Seat 2: mdif ($181.22 in chips)
mdif: posts small blind $1
Kuehlingo: posts big blind $3
*** HOLE CARDS ***
mdif: raises $3 to $6
Kuehlingo: calls $3
*** FLOP *** [Th 7c 5s]
Kuehlingo: bets $3
mdif: folds
Uncalled bet ($3) returned to Kuehlingo
Kuehlingo collected $11.76 from pot
Kuehlingo: doesn't show hand
*** SUMMARY ***
Total pot $12 | Rake $0.24
Board [Th 7c 5s]
Seat 1: Kuehlingo (big blind) collected ($11.76)
Seat 2: mdif (button) (small blind) folded on the Flop


PokerStars Hand #146735337777:  Hold'em Limit ($3/$6 USD) - 2016/01/09 9:03:25 ET
Table 'Cremona' 2-max Seat #1 is the button
Seat 1: Kuehlingo ($44.69 in chips)
Seat 2: mdif ($172.58 in chips)
Kuehlingo: posts small blind $1
mdif: posts big blind $3
*** HOLE CARDS ***
Kuehlingo: calls $2
mdif: raises $3 to $6
Kuehlingo: calls $3
*** FLOP *** [3s Qd 4h]
mdif: bets $3
Kuehlingo: calls $3
*** TURN *** [3s Qd 4h] [7h]
mdif: checks
Kuehlingo: checks
*** RIVER *** [3s Qd 4h 7h] [Th]
mdif: checks
Kuehlingo: checks
*** SHOW DOWN ***
mdif: shows [5h Ad] (high card Ace)
Kuehlingo: mucks hand
mdif collected $17.64 from pot
*** SUMMARY ***
Total pot $18 | Rake $0.36
Board [3s Qd 4h 7h Th]
Seat 1: Kuehlingo (button) (small blind) mucked
Seat 2: mdif (big blind) showed [5h Ad] and won ($17.64) with high card Ace


PokerStars Hand #146735425167:  Hold'em Limit ($3/$6 USD) - 2016/01/09 9:05:10 ET
Table 'Cremona' 2-max Seat #2 is the button
Seat 1: Kuehlingo ($48.21 in chips)
Seat 2: mdif ($165.98 in chips)
mdif: posts small blind $1
Kuehlingo: posts big blind $3
*** HOLE CARDS ***
mdif: raises $3 to $6
Kuehlingo: raises $3 to $9
mdif: calls $3
*** FLOP *** [8h 5c Ks]
Kuehlingo: bets $3
mdif: calls $3
*** TURN *** [8h 5c Ks] [Qd]
Kuehlingo: bets $6
mdif: raises $6 to $12
Kuehlingo: calls $6
*** RIVER *** [8h 5c Ks Qd] [Js]
Kuehlingo: checks
mdif: bets $6
Kuehlingo: calls $6
*** SHOW DOWN ***
mdif: shows [5s Qh] (two pair, Queens and Fives)
Kuehlingo: mucks hand
mdif collected $59.50 from pot
*** SUMMARY ***
Total pot $60 | Rake $0.50
Board [8h 5c Ks Qd Js]
Seat 1: Kuehlingo (big blind) mucked
Seat 2: mdif (button) (small blind) showed [5s Qh] and won ($59.50) with two pair, Queens and Fives


PokerStars Hand #146735411996:  Hold'em Limit ($3/$6 USD) - 2016/01/09 9:04:55 ET
Table 'Cremona' 2-max Seat #1 is the button
Seat 1: Kuehlingo ($72.21 in chips)
Seat 2: mdif ($142.48 in chips)
Kuehlingo: posts small blind $1
mdif: posts big blind $3
*** HOLE CARDS ***
Kuehlingo: raises $3 to $6
mdif: raises $3 to $9
Kuehlingo: calls $3
*** FLOP *** [6d 2d 6c]
mdif: bets $3
Kuehlingo: calls $3
*** TURN *** [6d 2d 6c] [4d]
mdif: bets $6
Kuehlingo: calls $6
*** RIVER *** [6d 2d 6c 4d] [Ts]
mdif: checks
Kuehlingo: bets $6
mdif: calls $6
*** SHOW DOWN ***
Kuehlingo: shows [5d 7c] (a pair of Sixes)
mdif: shows [Ah 7h] (a pair of Sixes - Ace kicker)
mdif collected $47.50 from pot
*** SUMMARY ***
Total pot $48 | Rake $0.50
Board [6d 2d 6c 4d Ts]
Seat 1: Kuehlingo (button) (small blind) showed [5d 7c] and lost with a pair of Sixes
Seat 2: mdif (big blind) showed [Ah 7h] and won ($47.50) with a pair of Sixes


PokerStars Hand #146735398849:  Hold'em Limit ($3/$6 USD) - 2016/01/09 9:04:40 ET
Table 'Cremona' 2-max Seat #2 is the button
Seat 1: Kuehlingo ($87.21 in chips)
Seat 2: mdif ($127.98 in chips)
mdif: posts small blind $1
Kuehlingo: posts big blind $3
*** HOLE CARDS ***
mdif: raises $3 to $6
Kuehlingo: calls $3
*** FLOP *** [7d 6d Ad]
Kuehlingo: checks
mdif: bets $3
Kuehlingo: calls $3
*** TURN *** [7d 6d Ad] [Jh]
Kuehlingo: checks
mdif: bets $6
Kuehlingo: calls $6
*** RIVER *** [7d 6d Ad Jh] [As]
Kuehlingo: checks
mdif: bets $6
Kuehlingo: folds
Uncalled bet ($6) returned to mdif
mdif collected $29.50 from pot
mdif: doesn't show hand
*** SUMMARY ***
Total pot $30 | Rake $0.50
Board [7d 6d Ad Jh As]
Seat 1: Kuehlingo (big blind) folded on the River
Seat 2: mdif (button) (small blind) collected ($29.50)


PokerStars Hand #146735384818:  Hold'em Limit ($3/$6 USD) - 2016/01/09 9:04:23 ET
Table 'Cremona' 2-max Seat #1 is the button
Seat 1: Kuehlingo ($69.71 in chips)
Seat 2: mdif ($145.98 in chips)
Kuehlingo: posts small blind $1
mdif: posts big blind $3
*** HOLE CARDS ***
Kuehlingo: raises $3 to $6
mdif: raises $3 to $9
Kuehlingo: raises $3 to $12
Betting is capped
mdif: calls $3
*** FLOP *** [4h 6d 5d]
mdif: checks
Kuehlingo: checks
*** TURN *** [4h 6d 5d] [4d]
mdif: bets $6
Kuehlingo: calls $6
*** RIVER *** [4h 6d 5d 4d] [Qd]
mdif: checks
Kuehlingo: bets $6
mdif: folds
Uncalled bet ($6) returned to Kuehlingo
Kuehlingo collected $35.50 from pot
Kuehlingo: doesn't show hand
*** SUMMARY ***
Total pot $36 | Rake $0.50
Board [4h 6d 5d 4d Qd]
Seat 1: Kuehlingo (button) (small blind) collected ($35.50)
Seat 2: mdif (big blind) folded on the River


PokerStars Hand #146735481445:  Hold'em Limit ($3/$6 USD) - 2016/01/09 9:06:18 ET
Table 'Cremona' 2-max Seat #2 is the button
Seat 1: Kuehlingo ($23.11 in chips)
Seat 2: mdif ($188.86 in chips)
mdif: posts small blind $1
Kuehlingo: posts big blind $3
*** HOLE CARDS ***
mdif: folds
Uncalled bet ($2) returned to Kuehlingo
Kuehlingo collected $2 from pot
Kuehlingo: doesn't show hand
*** SUMMARY ***
Total pot $2 | Rake $0
Seat 1: Kuehlingo (big blind) collected ($2)
Seat 2: mdif (button) (small blind) folded before Flop


PokerStars Hand #146735474570:  Hold'em Limit ($3/$6 USD) - 2016/01/09 9:06:10 ET
Table 'Cremona' 2-max Seat #1 is the button
Seat 1: Kuehlingo ($17.35 in chips)
Seat 2: mdif ($194.86 in chips)
Kuehlingo: posts small blind $1
mdif: posts big blind $3
*** HOLE CARDS ***
Kuehlingo: raises $3 to $6
mdif: calls $3
*** FLOP *** [8h 7h 8s]
mdif: checks
Kuehlingo: bets $3
mdif: folds
Uncalled bet ($3) returned to Kuehlingo
Kuehlingo collected $11.76 from pot
Kuehlingo: doesn't show hand
*** SUMMARY ***
Total pot $12 | Rake $0.24
Board [8h 7h 8s]
Seat 1: Kuehlingo (button) (small blind) collected ($11.76)
Seat 2: mdif (big blind) folded on the Flop


PokerStars Hand #146735464664:  Hold'em Limit ($3/$6 USD) - 2016/01/09 9:05:58 ET
Table 'Cremona' 2-max Seat #2 is the button
Seat 1: Kuehlingo ($44.35 in chips)
Seat 2: mdif ($168.36 in chips)
mdif: posts small blind $1
Kuehlingo: posts big blind $3
*** HOLE CARDS ***
mdif: raises $3 to $6
Kuehlingo: raises $3 to $9
mdif: raises $3 to $12
Betting is capped
Kuehlingo: calls $3
*** FLOP *** [9d 5s Td]
Kuehlingo: bets $3
mdif: calls $3
*** TURN *** [9d 5s Td] [Ks]
Kuehlingo: bets $6
mdif: calls $6
*** RIVER *** [9d 5s Td Ks] [7h]
Kuehlingo: bets $6
mdif: calls $6
*** SHOW DOWN ***
Kuehlingo: shows [Jd Ah] (high card Ace)
mdif: shows [6c 6h] (a pair of Sixes)
mdif collected $53.50 from pot
*** SUMMARY ***
Total pot $54 | Rake $0.50
Board [9d 5s Td Ks 7h]
Seat 1: Kuehlingo (big blind) showed [Jd Ah] and lost with high card Ace
Seat 2: mdif (button) (small blind) showed [6c 6h] and won ($53.50) with a pair of Sixes


PokerStars Hand #146735456500:  Hold'em Limit ($3/$6 USD) - 2016/01/09 9:05:48 ET
Table 'Cremona' 2-max Seat #1 is the button
Seat 1: Kuehlingo ($47.35 in chips)
Seat 2: mdif ($165.48 in chips)
Kuehlingo: posts small blind $1
mdif: posts big blind $3
*** HOLE CARDS ***
Kuehlingo: calls $2
mdif: checks
*** FLOP *** [7h 7s 8h]
mdif: checks
Kuehlingo: checks
*** TURN *** [7h 7s 8h] [4d]
mdif: bets $6
Kuehlingo: folds
Uncalled bet ($6) returned to mdif
mdif collected $5.88 from pot
mdif: doesn't show hand
*** SUMMARY ***
Total pot $6 | Rake $0.12
Board [7h 7s 8h 4d]
Seat 1: Kuehlingo (button) (small blind) folded on the Turn
Seat 2: mdif (big blind) collected ($5.88)


PokerStars Hand #146735447253:  Hold'em Limit ($3/$6 USD) - 2016/01/09 9:05:37 ET
Table 'Cremona' 2-max Seat #2 is the button
Seat 1: Kuehlingo ($26.85 in chips)
Seat 2: mdif ($186.48 in chips)
mdif: posts small blind $1
Kuehlingo: posts big blind $3
*** HOLE CARDS ***
mdif: raises $3 to $6
Kuehlingo: calls $3
*** FLOP *** [7h 2d 3s]
Kuehlingo: bets $3
mdif: calls $3
*** TURN *** [7h 2d 3s] [9h]
Kuehlingo: bets $6
mdif: calls $6
*** RIVER *** [7h 2d 3s 9h] [9d]
Kuehlingo: bets $6
mdif: calls $6
*** SHOW DOWN ***
Kuehlingo: shows [4d 7d] (two pair, Nines and Sevens)
mdif: mucks hand
Kuehlingo collected $41.50 from pot
*** SUMMARY ***
Total pot $42 | Rake $0.50
Board [7h 2d 3s 9h 9d]
Seat 1: Kuehlingo (big blind) showed [4d 7d] and won ($41.50) with two pair, Nines and Sevens
Seat 2: mdif (button) (small blind) mucked


PokerStars Hand #146735438237:  Hold'em Limit ($3/$6 USD) - 2016/01/09 9:05:26 ET
Table 'Cremona' 2-max Seat #1 is the button
Seat 1: Kuehlingo ($18.21 in chips)
Seat 2: mdif ($195.48 in chips)
Kuehlingo: posts small blind $1
mdif: posts big blind $3
*** HOLE CARDS ***
Kuehlingo: raises $3 to $6
mdif: calls $3
*** FLOP *** [5s Qh Th]
mdif: checks
Kuehlingo: bets $3
mdif: calls $3
*** TURN *** [5s Qh Th] [2d]
mdif: checks
Kuehlingo: bets $6
mdif: folds
Uncalled bet ($6) returned to Kuehlingo
Kuehlingo collected $17.64 from pot
Kuehlingo: doesn't show hand
*** SUMMARY ***
Total pot $18 | Rake $0.36
Board [5s Qh Th 2d]
Seat 1: Kuehlingo (button) (small blind) collected ($17.64)
Seat 2: mdif (big blind) folded on the Turn


PokerStars Hand #146735528816:  Hold'em Limit ($3/$6 USD) - 2016/01/09 9:07:15 ET
Table 'Cremona' 2-max Seat #1 is the button
Seat 1: Kuehlingo ($23.48 in chips)
Seat 2: mdif ($187.15 in chips)
Kuehlingo: posts small blind $1
mdif: posts big blind $3
*** HOLE CARDS ***
Kuehlingo: raises $3 to $6
mdif: calls $3
*** FLOP *** [7h 9s Jc]
mdif: checks
Kuehlingo: checks
*** TURN *** [7h 9s Jc] [7d]
mdif: bets $6
Kuehlingo: folds
Uncalled bet ($6) returned to mdif
mdif collected $11.76 from pot
mdif: doesn't show hand
*** SUMMARY ***
Total pot $12 | Rake $0.24
Board [7h 9s Jc 7d]
Seat 1: Kuehlingo (button) (small blind) folded on the Turn
Seat 2: mdif (big blind) collected ($11.76)


PokerStars Hand #146735518484:  Hold'em Limit ($3/$6 USD) - 2016/01/09 9:07:03 ET
Table 'Cremona' 2-max Seat #2 is the button
Seat 1: Kuehlingo ($11.98 in chips)
Seat 2: mdif ($199.13 in chips)
mdif: posts small blind $1
Kuehlingo: posts big blind $3
*** HOLE CARDS ***
mdif: raises $3 to $6
Kuehlingo: raises $3 to $9
mdif: raises $3 to $12
Betting is capped
Kuehlingo: calls $2.98 and is all-in
Uncalled bet ($0.02) returned to mdif
*** FLOP *** [8h 2h 4d]
*** TURN *** [8h 2h 4d] [5h]
*** RIVER *** [8h 2h 4d 5h] [5s]
*** SHOW DOWN ***
Kuehlingo: shows [Jd Jc] (two pair, Jacks and Fives)
mdif: shows [Ac Qd] (a pair of Fives)
Kuehlingo collected $23.48 from pot
*** SUMMARY ***
Total pot $23.96 | Rake $0.48
Board [8h 2h 4d 5h 5s]
Seat 1: Kuehlingo (big blind) showed [Jd Jc] and won ($23.48) with two pair, Jacks and Fives
Seat 2: mdif (button) (small blind) showed [Ac Qd] and lost with a pair of Fives


PokerStars Hand #146735507243:  Hold'em Limit ($3/$6 USD) - 2016/01/09 9:06:49 ET
Table 'Cremona' 2-max Seat #1 is the button
Seat 1: Kuehlingo ($6.11 in chips)
Seat 2: mdif ($205.24 in chips)
Kuehlingo: posts small blind $1
mdif: posts big blind $3
*** HOLE CARDS ***
Kuehlingo: raises $3 to $6
mdif: raises $3 to $9
Kuehlingo: calls $0.11 and is all-in
Uncalled bet ($2.89) returned to mdif
*** FLOP *** [Ac 2d Ts]
*** TURN *** [Ac 2d Ts] [5d]
*** RIVER *** [Ac 2d Ts 5d] [6h]
*** SHOW DOWN ***
mdif: shows [5c 7d] (a pair of Fives)
Kuehlingo: shows [6s 6c] (three of a kind, Sixes)
Kuehlingo collected $11.98 from pot
*** SUMMARY ***
Total pot $12.22 | Rake $0.24
Board [Ac 2d Ts 5d 6h]
Seat 1: Kuehlingo (button) (small blind) showed [6s 6c] and won ($11.98) with three of a kind, Sixes
Seat 2: mdif (big blind) showed [5c 7d] and lost with a pair of Fives


PokerStars Hand #146735491542:  Hold'em Limit ($3/$6 USD) - 2016/01/09 9:06:30 ET
Table 'Cremona' 2-max Seat #2 is the button
Seat 1: Kuehlingo ($21.11 in chips)
Seat 2: mdif ($190.74 in chips)
mdif: posts small blind $1
Kuehlingo: posts big blind $3
*** HOLE CARDS ***
mdif: raises $3 to $6
Kuehlingo: calls $3
*** FLOP *** [8d 3c 2h]
Kuehlingo: checks
mdif: bets $3
Kuehlingo: calls $3
*** TURN *** [8d 3c 2h] [2d]
Kuehlingo: bets $6
mdif: calls $6
*** RIVER *** [8d 3c 2h 2d] [Qh]
Kuehlingo: checks
mdif: bets $6
Kuehlingo: folds
Uncalled bet ($6) returned to mdif
mdif collected $29.50 from pot
mdif: doesn't show hand
*** SUMMARY ***
Total pot $30 | Rake $0.50
Board [8d 3c 2h 2d Qh]
Seat 1: Kuehlingo (big blind) folded on the River
Seat 2: mdif (button) (small blind) collected ($29.50)


PokerStars Hand #146735485040:  Hold'em Limit ($3/$6 USD) - 2016/01/09 9:06:23 ET
Table 'Cremona' 2-max Seat #1 is the button
Seat 1: Kuehlingo ($24.11 in chips)
Seat 2: mdif ($187.86 in chips)
Kuehlingo: posts small blind $1
mdif: posts big blind $3
*** HOLE CARDS ***
Kuehlingo: calls $2
mdif: checks
*** FLOP *** [7h Ks Tc]
mdif: bets $3
Kuehlingo: folds
Uncalled bet ($3) returned to mdif
mdif collected $5.88 from pot
mdif: doesn't show hand
*** SUMMARY ***
Total pot $6 | Rake $0.12
Board [7h Ks Tc]
Seat 1: Kuehlingo (button) (small blind) folded on the Flop
Seat 2: mdif (big blind) collected ($5.88)


PokerStars Hand #146735573083:  Hold'em Limit ($3/$6 USD) - 2016/01/09 9:08:09 ET
Table 'Cremona' 2-max Seat #1 is the button
Seat 1: Kuehlingo ($27.46 in chips)
Seat 2: mdif ($181.95 in chips)
Kuehlingo: posts small blind $1
mdif: posts big blind $3
*** HOLE CARDS ***
Kuehlingo: calls $2
mdif: checks
*** FLOP *** [Qc 8d Ks]
mdif: bets $3
Kuehlingo: calls $3
*** TURN *** [Qc 8d Ks] [3s]
mdif: checks
Kuehlingo: bets $6
mdif: folds
Uncalled bet ($6) returned to Kuehlingo
Kuehlingo collected $11.76 from pot
Kuehlingo: doesn't show hand
*** SUMMARY ***
Total pot $12 | Rake $0.24
Board [Qc 8d Ks 3s]
Seat 1: Kuehlingo (button) (small blind) collected ($11.76)
Seat 2: mdif (big blind) folded on the Turn


PokerStars Hand #146735568546:  Hold'em Limit ($3/$6 USD) - 2016/01/09 9:08:03 ET
Table 'Cremona' 2-max Seat #2 is the button
Seat 1: Kuehlingo ($26.46 in chips)
Seat 2: mdif ($182.95 in chips)
mdif: posts small blind $1
Kuehlingo: posts big blind $3
*** HOLE CARDS ***
mdif: folds
Uncalled bet ($2) returned to Kuehlingo
Kuehlingo collected $2 from pot
Kuehlingo: doesn't show hand
*** SUMMARY ***
Total pot $2 | Rake $0
Seat 1: Kuehlingo (big blind) collected ($2)
Seat 2: mdif (button) (small blind) folded before Flop


PokerStars Hand #146735564513:  Hold'em Limit ($3/$6 USD) - 2016/01/09 9:07:58 ET
Table 'Cremona' 2-max Seat #1 is the button
Seat 1: Kuehlingo ($23.46 in chips)
Seat 2: mdif ($185.95 in chips)
Kuehlingo: posts small blind $1
mdif: posts big blind $3
*** HOLE CARDS ***
Kuehlingo: raises $3 to $6
mdif: folds
Uncalled bet ($3) returned to Kuehlingo
Kuehlingo collected $6 from pot
Kuehlingo: doesn't show hand
*** SUMMARY ***
Total pot $6 | Rake $0
Seat 1: Kuehlingo (button) (small blind) collected ($6)
Seat 2: mdif (big blind) folded before Flop


PokerStars Hand #146735560927:  Hold'em Limit ($3/$6 USD) - 2016/01/09 9:07:54 ET
Table 'Cremona' 2-max Seat #2 is the button
Seat 1: Kuehlingo ($22.46 in chips)
Seat 2: mdif ($186.95 in chips)
mdif: posts small blind $1
Kuehlingo: posts big blind $3
*** HOLE CARDS ***
mdif: folds
Uncalled bet ($2) returned to Kuehlingo
Kuehlingo collected $2 from pot
Kuehlingo: doesn't show hand
*** SUMMARY ***
Total pot $2 | Rake $0
Seat 1: Kuehlingo (big blind) collected ($2)
Seat 2: mdif (button) (small blind) folded before Flop


PokerStars Hand #146735549453:  Hold'em Limit ($3/$6 USD) - 2016/01/09 9:07:40 ET
Table 'Cremona' 2-max Seat #1 is the button
Seat 1: Kuehlingo ($34.46 in chips)
Seat 2: mdif ($175.43 in chips)
Kuehlingo: posts small blind $1
mdif: posts big blind $3
*** HOLE CARDS ***
Kuehlingo: calls $2
mdif: checks
*** FLOP *** [9h 2h Th]
mdif: bets $3
Kuehlingo: calls $3
*** TURN *** [9h 2h Th] [9c]
mdif: checks
Kuehlingo: checks
*** RIVER *** [9h 2h Th 9c] [8s]
mdif: bets $6
Kuehlingo: calls $6
*** SHOW DOWN ***
mdif: shows [7c Jh] (a straight, Seven to Jack)
Kuehlingo: mucks hand
mdif collected $23.52 from pot
*** SUMMARY ***
Total pot $24 | Rake $0.48
Board [9h 2h Th 9c 8s]
Seat 1: Kuehlingo (button) (small blind) mucked
Seat 2: mdif (big blind) showed [7c Jh] and won ($23.52) with a straight, Seven to Jack


PokerStars Hand #146735536635:  Hold'em Limit ($3/$6 USD) - 2016/01/09 9:07:25 ET
Table 'Cremona' 2-max Seat #2 is the button
Seat 1: Kuehlingo ($17.48 in chips)
Seat 2: mdif ($192.91 in chips)
mdif: posts small blind $1
Kuehlingo: posts big blind $3
*** HOLE CARDS ***
mdif: raises $3 to $6
Kuehlingo: raises $3 to $9
mdif: calls $3
*** FLOP *** [8d 3s 4c]
Kuehlingo: bets $3
mdif: calls $3
*** TURN *** [8d 3s 4c] [2d]
Kuehlingo: bets $5.48 and is all-in
mdif: calls $5.48
*** RIVER *** [8d 3s 4c 2d] [Jd]
*** SHOW DOWN ***
Kuehlingo: shows [4s Ah] (a pair of Fours)
mdif: shows [Kc Qs] (high card King)
Kuehlingo collected $34.46 from pot
*** SUMMARY ***
Total pot $34.96 | Rake $0.50
Board [8d 3s 4c 2d Jd]
Seat 1: Kuehlingo (big blind) showed [4s Ah] and won ($34.46) with a pair of Fours
Seat 2: mdif (button) (small blind) showed [Kc Qs] and lost with high card King


PokerStars Hand #146735584417:  Hold'em Limit ($3/$6 USD) - 2016/01/09 9:08:22 ET
Table 'Cremona' 2-max Seat #2 is the button
Seat 1: Kuehlingo ($33.22 in chips)
Seat 2: mdif ($175.95 in chips)
mdif: posts small blind $1
Kuehlingo: posts big blind $3
*** HOLE CARDS ***
mdif: raises $3 to $6
Kuehlingo: raises $3 to $9
mdif: calls $3
*** FLOP *** [Kd 4h Th]
Kuehlingo: bets $3
mdif: calls $3
*** TURN *** [Kd 4h Th] [8c]
Kuehlingo: bets $6
mdif: calls $6
*** RIVER *** [Kd 4h Th 8c] [Qd]
Kuehlingo: bets $6
mdif: raises $6 to $12
Kuehlingo: raises $3.22 to $15.22 and is all-in
mdif: calls $3.22
*** SHOW DOWN ***
Kuehlingo: shows [As 8d] (a pair of Eights)
mdif: shows [4s Qs] (two pair, Queens and Fours)
mdif collected $65.94 from pot
*** SUMMARY ***
Total pot $66.44 | Rake $0.50
Board [Kd 4h Th 8c Qd]
Seat 1: Kuehlingo (big blind) showed [As 8d] and lost with a pair of Eights
Seat 2: mdif (button) (small blind) showed [4s Qs] and won ($65.94) with two pair, Queens and Fours


