PokerStars Hand #151649696908:  Hold'em Limit ($3/$6 USD) - 2016/04/09 3:35:18 ET
Table 'Cressida' 6-max Seat #3 is the button
Seat 3: vladal 888 ($142.56 in chips)
Seat 4: VolkovDmitri ($124 in chips)
vladal 888: posts small blind $1
VolkovDmitri: posts big blind $3
*** HOLE CARDS ***
vladal 888: folds
Uncalled bet ($2) returned to VolkovDmitri
VolkovDmitri collected $2 from pot
VolkovDmitri: doesn't show hand
*** SUMMARY ***
Total pot $2 | Rake $0
Seat 3: vladal 888 (button) (small blind) folded before Flop
Seat 4: VolkovDmitri (big blind) collected ($2)


PokerStars Hand #151649692317:  Hold'em Limit ($3/$6 USD) - 2016/04/09 3:35:04 ET
Table 'Cressida' 6-max Seat #4 is the button
Seat 3: vladal 888 ($145.56 in chips)
Seat 4: VolkovDmitri ($121 in chips)
VolkovDmitri: posts small blind $1
Agrotait: is sitting out
vladal 888: posts big blind $3
*** HOLE CARDS ***
VolkovDmitri: raises $3 to $6
vladal 888: folds
Uncalled bet ($3) returned to VolkovDmitri
VolkovDmitri collected $6 from pot
VolkovDmitri: doesn't show hand
*** SUMMARY ***
Total pot $6 | Rake $0
Seat 3: vladal 888 (big blind) folded before Flop
Seat 4: VolkovDmitri (button) (small blind) collected ($6)


PokerStars Hand #151649700309:  Hold'em Limit ($3/$6 USD) - 2016/04/09 3:35:27 ET
Table 'Cressida' 6-max Seat #4 is the button
Seat 3: vladal 888 ($141.56 in chips)
Seat 4: VolkovDmitri ($125 in chips)
VolkovDmitri: posts small blind $1
vladal 888: posts big blind $3
*** HOLE CARDS ***
VolkovDmitri: raises $3 to $6
vladal 888: raises $3 to $9
Agrotait leaves the table
VolkovDmitri: calls $3
*** FLOP *** [Js 2h 4h]
vladal 888: bets $3
VolkovDmitri: calls $3
*** TURN *** [Js 2h 4h] [Ad]
vladal 888: bets $6
VolkovDmitri: calls $6
*** RIVER *** [Js 2h 4h Ad] [As]
vladal 888: bets $6
VolkovDmitri: calls $6
addi348 joins the table at seat #5
*** SHOW DOWN ***
vladal 888: shows [Qc Tc] (a pair of Aces)
VolkovDmitri: shows [Jh 7c] (two pair, Aces and Jacks)
VolkovDmitri collected $47.50 from pot
*** SUMMARY ***
Total pot $48 | Rake $0.50
Board [Js 2h 4h Ad As]
Seat 3: vladal 888 (big blind) showed [Qc Tc] and lost with a pair of Aces
Seat 4: VolkovDmitri (button) (small blind) showed [Jh 7c] and won ($47.50) with two pair, Aces and Jacks


PokerStars Hand #151649708174:  Hold'em Limit ($3/$6 USD) - 2016/04/09 3:35:51 ET
Table 'Cressida' 6-max Seat #3 is the button
Seat 3: vladal 888 ($117.56 in chips)
Seat 4: VolkovDmitri ($148.50 in chips)
vladal 888: posts small blind $1
VolkovDmitri: posts big blind $3
*** HOLE CARDS ***
vladal 888: raises $3 to $6
VolkovDmitri: calls $3
*** FLOP *** [9c Jd 4s]
VolkovDmitri: checks
vladal 888: bets $3
VolkovDmitri: raises $3 to $6
vladal 888: calls $3
*** TURN *** [9c Jd 4s] [Th]
VolkovDmitri: bets $6
vladal 888: calls $6
*** RIVER *** [9c Jd 4s Th] [6d]
VolkovDmitri: bets $6
vladal 888: calls $6
*** SHOW DOWN ***
VolkovDmitri: shows [8c Jc] (a pair of Jacks)
vladal 888: mucks hand
VolkovDmitri collected $47.50 from pot
*** SUMMARY ***
Total pot $48 | Rake $0.50
Board [9c Jd 4s Th 6d]
Seat 3: vladal 888 (button) (small blind) mucked
Seat 4: VolkovDmitri (big blind) showed [8c Jc] and won ($47.50) with a pair of Jacks


PokerStars Hand #151650050265:  Hold'em Limit ($3/$6 USD) - 2016/04/09 3:52:15 ET
Table 'Cressida' 6-max Seat #1 is the button
Seat 1: uk197 ($173.61 in chips)
Seat 4: VolkovDmitri ($120 in chips)
uk197: posts small blind $1
VolkovDmitri: posts big blind $3
*** HOLE CARDS ***
uk197: raises $3 to $6
VolkovDmitri: folds
Uncalled bet ($3) returned to uk197
uk197 collected $6 from pot
uk197: doesn't show hand
*** SUMMARY ***
Total pot $6 | Rake $0
Seat 1: uk197 (button) (small blind) collected ($6)
Seat 4: VolkovDmitri (big blind) folded before Flop


PokerStars Hand #151650064372:  Hold'em Limit ($3/$6 USD) - 2016/04/09 3:52:55 ET
Table 'Cressida' 6-max Seat #3 is the button
Seat 3: vladal 888 ($126.32 in chips)
Seat 4: VolkovDmitri ($120 in chips)
vladal 888: posts small blind $1
VolkovDmitri: posts big blind $3
*** HOLE CARDS ***
vladal 888: raises $3 to $6
VolkovDmitri: calls $3
*** FLOP *** [Td 9c 6d]
VolkovDmitri: checks
vladal 888: bets $3
addi348 leaves the table
VolkovDmitri: calls $3
*** TURN *** [Td 9c 6d] [2c]
VolkovDmitri: bets $6
vladal 888: raises $6 to $12
VolkovDmitri: calls $6
*** RIVER *** [Td 9c 6d 2c] [4s]
VolkovDmitri: checks
vladal 888: bets $6
VolkovDmitri: calls $6
*** SHOW DOWN ***
vladal 888: shows [3h Ad] (high card Ace)
VolkovDmitri: shows [3s 6s] (a pair of Sixes)
VolkovDmitri collected $53.50 from pot
*** SUMMARY ***
Total pot $54 | Rake $0.50
Board [Td 9c 6d 2c 4s]
Seat 3: vladal 888 (button) (small blind) showed [3h Ad] and lost with high card Ace
Seat 4: VolkovDmitri (big blind) showed [3s 6s] and won ($53.50) with a pair of Sixes


PokerStars Hand #151650052796:  Hold'em Limit ($3/$6 USD) - 2016/04/09 3:52:22 ET
Table 'Cressida' 6-max Seat #4 is the button
Seat 3: vladal 888 ($117.68 in chips)
Seat 4: VolkovDmitri ($120 in chips)
VolkovDmitri: posts small blind $1
vladal 888: posts big blind $3
*** HOLE CARDS ***
VolkovDmitri: raises $3 to $6
uk197 leaves the table
vladal 888: raises $3 to $9
VolkovDmitri: calls $3
*** FLOP *** [As 6s 6h]
vladal 888: bets $3
VolkovDmitri: folds
Uncalled bet ($3) returned to vladal 888
vladal 888 collected $17.64 from pot
*** SUMMARY ***
Total pot $18 | Rake $0.36
Board [As 6s 6h]
Seat 3: vladal 888 (big blind) collected ($17.64)
Seat 4: VolkovDmitri (button) (small blind) folded on the Flop


PokerStars Hand #151650078473:  Hold'em Limit ($3/$6 USD) - 2016/04/09 3:53:36 ET
Table 'Cressida' 6-max Seat #4 is the button
Seat 3: vladal 888 ($99.32 in chips)
Seat 4: VolkovDmitri ($146.50 in chips)
VolkovDmitri: posts small blind $1
vladal 888: posts big blind $3
*** HOLE CARDS ***
VolkovDmitri: raises $3 to $6
vladal 888: calls $3
*** FLOP *** [2c 6d 9c]
vladal 888: checks
VolkovDmitri: bets $3
vladal 888: calls $3
*** TURN *** [2c 6d 9c] [8s]
vladal 888: checks
VolkovDmitri: checks
*** RIVER *** [2c 6d 9c 8s] [7d]
vladal 888: checks
VolkovDmitri: bets $6
vladal 888: raises $6 to $12
VolkovDmitri: calls $6
*** SHOW DOWN ***
vladal 888: shows [Tc Kh] (a straight, Six to Ten)
VolkovDmitri: shows [Th Ks] (a straight, Six to Ten)
vladal 888 collected $20.75 from pot
VolkovDmitri collected $20.75 from pot
*** SUMMARY ***
Total pot $42 | Rake $0.50
Board [2c 6d 9c 8s 7d]
Seat 3: vladal 888 (big blind) showed [Tc Kh] and won ($20.75) with a straight, Six to Ten
Seat 4: VolkovDmitri (button) (small blind) showed [Th Ks] and won ($20.75) with a straight, Six to Ten


PokerStars Hand #151650097058:  Hold'em Limit ($3/$6 USD) - 2016/04/09 3:54:29 ET
Table 'Cressida' 6-max Seat #3 is the button
Seat 3: vladal 888 ($99.07 in chips)
Seat 4: VolkovDmitri ($146.25 in chips)
vladal 888: posts small blind $1
VolkovDmitri: posts big blind $3
*** HOLE CARDS ***
vladal 888: calls $2
VolkovDmitri: raises $3 to $6
vladal 888: calls $3
*** FLOP *** [Qh 7h Jd]
VolkovDmitri: bets $3
vladal 888: calls $3
*** TURN *** [Qh 7h Jd] [5d]
VolkovDmitri: checks
vladal 888: checks
*** RIVER *** [Qh 7h Jd 5d] [8d]
VolkovDmitri: checks
vladal 888: checks
*** SHOW DOWN ***
VolkovDmitri: shows [5h 2h] (a pair of Fives)
vladal 888: shows [7s Ts] (a pair of Sevens)
vladal 888 collected $17.64 from pot
*** SUMMARY ***
Total pot $18 | Rake $0.36
Board [Qh 7h Jd 5d 8d]
Seat 3: vladal 888 (button) (small blind) showed [7s Ts] and won ($17.64) with a pair of Sevens
Seat 4: VolkovDmitri (big blind) showed [5h 2h] and lost with a pair of Fives


PokerStars Hand #151650110685:  Hold'em Limit ($3/$6 USD) - 2016/04/09 3:55:08 ET
Table 'Cressida' 6-max Seat #3 is the button
Seat 3: vladal 888 ($104.71 in chips)
Seat 4: VolkovDmitri ($140.25 in chips)
vladal 888: posts small blind $1
VolkovDmitri: posts big blind $3
*** HOLE CARDS ***
vladal 888: folds
Uncalled bet ($2) returned to VolkovDmitri
VolkovDmitri collected $2 from pot
VolkovDmitri: doesn't show hand
*** SUMMARY ***
Total pot $2 | Rake $0
Seat 3: vladal 888 (button) (small blind) folded before Flop
Seat 4: VolkovDmitri (big blind) collected ($2)


PokerStars Hand #151650113010:  Hold'em Limit ($3/$6 USD) - 2016/04/09 3:55:15 ET
Table 'Cressida' 6-max Seat #4 is the button
Seat 3: vladal 888 ($103.71 in chips)
Seat 4: VolkovDmitri ($141.25 in chips)
VolkovDmitri: posts small blind $1
vladal 888: posts big blind $3
*** HOLE CARDS ***
VolkovDmitri: raises $3 to $6
vladal 888: folds
Uncalled bet ($3) returned to VolkovDmitri
VolkovDmitri collected $6 from pot
VolkovDmitri: doesn't show hand
*** SUMMARY ***
Total pot $6 | Rake $0
Seat 3: vladal 888 (big blind) folded before Flop
Seat 4: VolkovDmitri (button) (small blind) collected ($6)


PokerStars Hand #151650107445:  Hold'em Limit ($3/$6 USD) - 2016/04/09 3:54:59 ET
Table 'Cressida' 6-max Seat #4 is the button
Seat 3: vladal 888 ($107.71 in chips)
Seat 4: VolkovDmitri ($137.25 in chips)
VolkovDmitri: posts small blind $1
vladal 888: posts big blind $3
*** HOLE CARDS ***
VolkovDmitri: raises $3 to $6
vladal 888: folds
Uncalled bet ($3) returned to VolkovDmitri
VolkovDmitri collected $6 from pot
VolkovDmitri: doesn't show hand
*** SUMMARY ***
Total pot $6 | Rake $0
Seat 3: vladal 888 (big blind) folded before Flop
Seat 4: VolkovDmitri (button) (small blind) collected ($6)


PokerStars Hand #151650137402:  Hold'em Limit ($3/$6 USD) - 2016/04/09 3:56:33 ET
Table 'Cressida' 6-max Seat #4 is the button
Seat 3: vladal 888 ($76.71 in chips)
Seat 4: VolkovDmitri ($167.75 in chips)
VolkovDmitri: posts small blind $1
vladal 888: posts big blind $3
*** HOLE CARDS ***
VolkovDmitri: raises $3 to $6
vladal 888: folds
Uncalled bet ($3) returned to VolkovDmitri
VolkovDmitri collected $6 from pot
VolkovDmitri: doesn't show hand
*** SUMMARY ***
Total pot $6 | Rake $0
Seat 3: vladal 888 (big blind) folded before Flop
Seat 4: VolkovDmitri (button) (small blind) collected ($6)


PokerStars Hand #151650117650:  Hold'em Limit ($3/$6 USD) - 2016/04/09 3:55:30 ET
Table 'Cressida' 6-max Seat #3 is the button
Seat 3: vladal 888 ($100.71 in chips)
Seat 4: VolkovDmitri ($144.25 in chips)
vladal 888: posts small blind $1
VolkovDmitri: posts big blind $3
*** HOLE CARDS ***
vladal 888: raises $3 to $6
VolkovDmitri: raises $3 to $9
vladal 888: calls $3
*** FLOP *** [2d 8s 7h]
VolkovDmitri: bets $3
vladal 888: calls $3
*** TURN *** [2d 8s 7h] [8c]
VolkovDmitri: bets $6
vladal 888: calls $6
*** RIVER *** [2d 8s 7h 8c] [Qh]
VolkovDmitri: bets $6
vladal 888: calls $6
*** SHOW DOWN ***
VolkovDmitri: shows [Ac 7s] (two pair, Eights and Sevens)
vladal 888: mucks hand
VolkovDmitri collected $47.50 from pot
*** SUMMARY ***
Total pot $48 | Rake $0.50
Board [2d 8s 7h 8c Qh]
Seat 3: vladal 888 (button) (small blind) mucked
Seat 4: VolkovDmitri (big blind) showed [Ac 7s] and won ($47.50) with two pair, Eights and Sevens


PokerStars Hand #151650133249:  Hold'em Limit ($3/$6 USD) - 2016/04/09 3:56:20 ET
Table 'Cressida' 6-max Seat #4 is the button
Seat 3: vladal 888 ($76.71 in chips)
Seat 4: VolkovDmitri ($167.75 in chips)
VolkovDmitri: posts small blind $1
vladal 888: posts big blind $3
*** HOLE CARDS ***
VolkovDmitri: folds
Uncalled bet ($2) returned to vladal 888
vladal 888 collected $2 from pot
*** SUMMARY ***
Total pot $2 | Rake $0
Seat 3: vladal 888 (big blind) collected ($2)
Seat 4: VolkovDmitri (button) (small blind) folded before Flop


PokerStars Hand #151650135008:  Hold'em Limit ($3/$6 USD) - 2016/04/09 3:56:26 ET
Table 'Cressida' 6-max Seat #3 is the button
Seat 3: vladal 888 ($77.71 in chips)
Seat 4: VolkovDmitri ($166.75 in chips)
vladal 888: posts small blind $1
VolkovDmitri: posts big blind $3
*** HOLE CARDS ***
vladal 888: folds
Uncalled bet ($2) returned to VolkovDmitri
VolkovDmitri collected $2 from pot
VolkovDmitri: doesn't show hand
*** SUMMARY ***
Total pot $2 | Rake $0
Seat 3: vladal 888 (button) (small blind) folded before Flop
Seat 4: VolkovDmitri (big blind) collected ($2)


PokerStars Hand #151650141796:  Hold'em Limit ($3/$6 USD) - 2016/04/09 3:56:47 ET
Table 'Cressida' 6-max Seat #3 is the button
Seat 3: vladal 888 ($73.71 in chips)
Seat 4: VolkovDmitri ($170.75 in chips)
vladal 888: posts small blind $1
VolkovDmitri: posts big blind $3
*** HOLE CARDS ***
vladal 888: calls $2
VolkovDmitri: raises $3 to $6
vladal 888: calls $3
*** FLOP *** [7h 6d 9s]
VolkovDmitri: checks
vladal 888: bets $3
VolkovDmitri: calls $3
*** TURN *** [7h 6d 9s] [Qs]
VolkovDmitri: checks
vladal 888: bets $6
VolkovDmitri: folds
Uncalled bet ($6) returned to vladal 888
vladal 888 collected $17.64 from pot
*** SUMMARY ***
Total pot $18 | Rake $0.36
Board [7h 6d 9s Qs]
Seat 3: vladal 888 (button) (small blind) collected ($17.64)
Seat 4: VolkovDmitri (big blind) folded on the Turn


PokerStars Hand #151650170185:  Hold'em Limit ($3/$6 USD) - 2016/04/09 3:58:18 ET
Table 'Cressida' 6-max Seat #3 is the button
Seat 3: vladal 888 ($43.35 in chips)
Seat 4: VolkovDmitri ($200.25 in chips)
vladal 888: posts small blind $1
VolkovDmitri: posts big blind $3
*** HOLE CARDS ***
vladal 888: folds
Uncalled bet ($2) returned to VolkovDmitri
VolkovDmitri collected $2 from pot
VolkovDmitri: doesn't show hand
*** SUMMARY ***
Total pot $2 | Rake $0
Seat 3: vladal 888 (button) (small blind) folded before Flop
Seat 4: VolkovDmitri (big blind) collected ($2)


PokerStars Hand #151650154399:  Hold'em Limit ($3/$6 USD) - 2016/04/09 3:57:27 ET
Table 'Cressida' 6-max Seat #4 is the button
Seat 3: vladal 888 ($82.35 in chips)
Seat 4: VolkovDmitri ($161.75 in chips)
VolkovDmitri: posts small blind $1
vladal 888: posts big blind $3
*** HOLE CARDS ***
VolkovDmitri: raises $3 to $6
vladal 888: calls $3
*** FLOP *** [3h 9s 3s]
vladal 888: bets $3
VolkovDmitri: raises $3 to $6
vladal 888: raises $3 to $9
VolkovDmitri: calls $3
*** TURN *** [3h 9s 3s] [Th]
vladal 888: bets $6
VolkovDmitri: raises $6 to $12
vladal 888: raises $6 to $18
VolkovDmitri: calls $6
*** RIVER *** [3h 9s 3s Th] [3d]
vladal 888: bets $6
VolkovDmitri: calls $6
*** SHOW DOWN ***
vladal 888: shows [9h 6s] (a full house, Threes full of Nines)
VolkovDmitri: shows [Tc 4s] (a full house, Threes full of Tens)
VolkovDmitri collected $77.50 from pot
*** SUMMARY ***
Total pot $78 | Rake $0.50
Board [3h 9s 3s Th 3d]
Seat 3: vladal 888 (big blind) showed [9h 6s] and lost with a full house, Threes full of Nines
Seat 4: VolkovDmitri (button) (small blind) showed [Tc 4s] and won ($77.50) with a full house, Threes full of Tens


PokerStars Hand #151650188063:  Hold'em Limit ($3/$6 USD) - 2016/04/09 3:59:14 ET
Table 'Cressida' 6-max Seat #4 is the button
Seat 3: vladal 888 ($32.35 in chips)
Seat 4: VolkovDmitri ($210.89 in chips)
VolkovDmitri: posts small blind $1
vladal 888: posts big blind $3
*** HOLE CARDS ***
VolkovDmitri: raises $3 to $6
vladal 888: raises $3 to $9
VolkovDmitri: calls $3
*** FLOP *** [2s 8h As]
vladal 888: bets $3
VolkovDmitri: calls $3
*** TURN *** [2s 8h As] [Th]
vladal 888: bets $6
VolkovDmitri: calls $6
*** RIVER *** [2s 8h As Th] [2h]
vladal 888: bets $6
VolkovDmitri: calls $6
*** SHOW DOWN ***
vladal 888: shows [Js Qh] (a pair of Deuces)
VolkovDmitri: shows [8d Jc] (two pair, Eights and Deuces)
VolkovDmitri collected $47.50 from pot
*** SUMMARY ***
Total pot $48 | Rake $0.50
Board [2s 8h As Th 2h]
Seat 3: vladal 888 (big blind) showed [Js Qh] and lost with a pair of Deuces
Seat 4: VolkovDmitri (button) (small blind) showed [8d Jc] and won ($47.50) with two pair, Eights and Deuces


PokerStars Hand #151650172248:  Hold'em Limit ($3/$6 USD) - 2016/04/09 3:58:24 ET
Table 'Cressida' 6-max Seat #4 is the button
Seat 3: vladal 888 ($42.35 in chips)
Seat 4: VolkovDmitri ($201.25 in chips)
VolkovDmitri: posts small blind $1
vladal 888: posts big blind $3
*** HOLE CARDS ***
VolkovDmitri: raises $3 to $6
vladal 888: calls $3
*** FLOP *** [9c 3s Js]
vladal 888: checks
VolkovDmitri: bets $3
vladal 888: calls $3
*** TURN *** [9c 3s Js] [8h]
vladal 888: checks
VolkovDmitri: checks
*** RIVER *** [9c 3s Js 8h] [9h]
vladal 888: checks
VolkovDmitri: checks
*** SHOW DOWN ***
vladal 888: shows [2s 5s] (a pair of Nines)
VolkovDmitri: shows [7h 6s] (a pair of Nines - Jack+Eight+Seven kicker)
VolkovDmitri collected $17.64 from pot
*** SUMMARY ***
Total pot $18 | Rake $0.36
Board [9c 3s Js 8h 9h]
Seat 3: vladal 888 (big blind) showed [2s 5s] and lost with a pair of Nines
Seat 4: VolkovDmitri (button) (small blind) showed [7h 6s] and won ($17.64) with a pair of Nines


PokerStars Hand #151650196791:  Hold'em Limit ($3/$6 USD) - 2016/04/09 3:59:42 ET
Table 'Cressida' 6-max Seat #3 is the button
Seat 3: vladal 888 ($8.35 in chips)
Seat 4: VolkovDmitri ($234.39 in chips)
vladal 888: posts small blind $1
VolkovDmitri: posts big blind $3
*** HOLE CARDS ***
vladal 888: folds
Uncalled bet ($2) returned to VolkovDmitri
VolkovDmitri collected $2 from pot
VolkovDmitri: doesn't show hand
*** SUMMARY ***
Total pot $2 | Rake $0
Seat 3: vladal 888 (button) (small blind) folded before Flop
Seat 4: VolkovDmitri (big blind) collected ($2)


PokerStars Hand #151650185668:  Hold'em Limit ($3/$6 USD) - 2016/04/09 3:59:06 ET
Table 'Cressida' 6-max Seat #3 is the button
Seat 3: vladal 888 ($33.35 in chips)
Seat 4: VolkovDmitri ($209.89 in chips)
vladal 888: posts small blind $1
VolkovDmitri: posts big blind $3
*** HOLE CARDS ***
vladal 888: folds
Uncalled bet ($2) returned to VolkovDmitri
VolkovDmitri collected $2 from pot
VolkovDmitri: doesn't show hand
*** SUMMARY ***
Total pot $2 | Rake $0
Seat 3: vladal 888 (button) (small blind) folded before Flop
Seat 4: VolkovDmitri (big blind) collected ($2)


PokerStars Hand #151650199241:  Hold'em Limit ($3/$6 USD) - 2016/04/09 3:59:49 ET
Table 'Cressida' 6-max Seat #4 is the button
Seat 3: vladal 888 ($7.35 in chips)
Seat 4: VolkovDmitri ($235.39 in chips)
VolkovDmitri: posts small blind $1
vladal 888: posts big blind $3
*** HOLE CARDS ***
VolkovDmitri: raises $3 to $6
vladal 888: raises $1.35 to $7.35 and is all-in
VolkovDmitri: calls $1.35
*** FLOP *** [6c 2d 8s]
*** TURN *** [6c 2d 8s] [Js]
*** RIVER *** [6c 2d 8s Js] [5h]
*** SHOW DOWN ***
vladal 888: shows [As 9d] (high card Ace)
VolkovDmitri: shows [4h Ks] (high card King)
vladal 888 collected $14.41 from pot
*** SUMMARY ***
Total pot $14.70 | Rake $0.29
Board [6c 2d 8s Js 5h]
Seat 3: vladal 888 (big blind) showed [As 9d] and won ($14.41) with high card Ace
Seat 4: VolkovDmitri (button) (small blind) showed [4h Ks] and lost with high card King


PokerStars Hand #151650206826:  Hold'em Limit ($3/$6 USD) - 2016/04/09 4:00:12 ET
Table 'Cressida' 6-max Seat #3 is the button
Seat 3: vladal 888 ($14.41 in chips)
Seat 4: VolkovDmitri ($228.04 in chips)
vladal 888: posts small blind $1
VolkovDmitri: posts big blind $3
*** HOLE CARDS ***
vladal 888: raises $3 to $6
VolkovDmitri: raises $3 to $9
vladal 888: calls $3
*** FLOP *** [6s 2c 8s]
VolkovDmitri: checks
vladal 888: checks
*** TURN *** [6s 2c 8s] [Qs]
VolkovDmitri: bets $6
vladal 888: calls $5.41 and is all-in
Uncalled bet ($0.59) returned to VolkovDmitri
*** RIVER *** [6s 2c 8s Qs] [2d]
*** SHOW DOWN ***
VolkovDmitri: shows [Qc 5d] (two pair, Queens and Deuces)
vladal 888: shows [Qd Tc] (two pair, Queens and Deuces - Ten kicker)
vladal 888 collected $28.32 from pot
*** SUMMARY ***
Total pot $28.82 | Rake $0.50
Board [6s 2c 8s Qs 2d]
Seat 3: vladal 888 (button) (small blind) showed [Qd Tc] and won ($28.32) with two pair, Queens and Deuces
Seat 4: VolkovDmitri (big blind) showed [Qc 5d] and lost with two pair, Queens and Deuces


PokerStars Hand #151650243799:  Hold'em Limit ($3/$6 USD) - 2016/04/09 4:02:00 ET
Table 'Cressida' 6-max Seat #4 is the button
Seat 3: vladal 888 ($24.32 in chips)
Seat 4: VolkovDmitri ($217.63 in chips)
VolkovDmitri: posts small blind $1
vladal 888: posts big blind $3
*** HOLE CARDS ***
VolkovDmitri: raises $3 to $6
vladal 888: folds
Uncalled bet ($3) returned to VolkovDmitri
VolkovDmitri collected $6 from pot
VolkovDmitri: doesn't show hand
*** SUMMARY ***
Total pot $6 | Rake $0
Seat 3: vladal 888 (big blind) folded before Flop
Seat 4: VolkovDmitri (button) (small blind) collected ($6)


PokerStars Hand #151650252738:  Hold'em Limit ($3/$6 USD) - 2016/04/09 4:02:25 ET
Table 'Cressida' 6-max Seat #3 is the button
Seat 3: vladal 888 ($17.32 in chips)
Seat 4: VolkovDmitri ($224.63 in chips)
vladal 888: posts small blind $1
VolkovDmitri: posts big blind $3
*** HOLE CARDS ***
vladal 888: folds
Uncalled bet ($2) returned to VolkovDmitri
VolkovDmitri collected $2 from pot
VolkovDmitri: doesn't show hand
*** SUMMARY ***
Total pot $2 | Rake $0
Seat 3: vladal 888 (button) (small blind) folded before Flop
Seat 4: VolkovDmitri (big blind) collected ($2)


PokerStars Hand #151650249298:  Hold'em Limit ($3/$6 USD) - 2016/04/09 4:02:16 ET
Table 'Cressida' 6-max Seat #4 is the button
Seat 3: vladal 888 ($20.32 in chips)
Seat 4: VolkovDmitri ($221.63 in chips)
VolkovDmitri: posts small blind $1
vladal 888: posts big blind $3
*** HOLE CARDS ***
VolkovDmitri: raises $3 to $6
vladal 888: folds
Uncalled bet ($3) returned to VolkovDmitri
VolkovDmitri collected $6 from pot
VolkovDmitri: doesn't show hand
*** SUMMARY ***
Total pot $6 | Rake $0
Seat 3: vladal 888 (big blind) folded before Flop
Seat 4: VolkovDmitri (button) (small blind) collected ($6)


PokerStars Hand #151650255320:  Hold'em Limit ($3/$6 USD) - 2016/04/09 4:02:33 ET
Table 'Cressida' 6-max Seat #4 is the button
Seat 3: vladal 888 ($16.32 in chips)
Seat 4: VolkovDmitri ($225.63 in chips)
VolkovDmitri: posts small blind $1
vladal 888: posts big blind $3
*** HOLE CARDS ***
VolkovDmitri: raises $3 to $6
vladal 888: calls $3
*** FLOP *** [3d Qh As]
vladal 888: checks
VolkovDmitri: checks
*** TURN *** [3d Qh As] [8d]
vladal 888: checks
VolkovDmitri: checks
*** RIVER *** [3d Qh As 8d] [7c]
vladal 888: checks
VolkovDmitri: bets $6
vladal 888: folds
Uncalled bet ($6) returned to VolkovDmitri
VolkovDmitri collected $11.76 from pot
VolkovDmitri: doesn't show hand
*** SUMMARY ***
Total pot $12 | Rake $0.24
Board [3d Qh As 8d 7c]
Seat 3: vladal 888 (big blind) folded on the River
Seat 4: VolkovDmitri (button) (small blind) collected ($11.76)


PokerStars Hand #151650278260:  Hold'em Limit ($3/$6 USD) - 2016/04/09 4:03:37 ET
Table 'Cressida' 6-max Seat #3 is the button
Seat 3: vladal 888 ($10.32 in chips)
Seat 4: VolkovDmitri ($231.39 in chips)
vladal 888: posts small blind $1
VolkovDmitri: posts big blind $3
*** HOLE CARDS ***
vladal 888 has timed out
vladal 888: folds
Uncalled bet ($2) returned to VolkovDmitri
VolkovDmitri collected $2 from pot
VolkovDmitri: doesn't show hand
*** SUMMARY ***
Total pot $2 | Rake $0
Seat 3: vladal 888 (button) (small blind) folded before Flop
Seat 4: VolkovDmitri (big blind) collected ($2)


PokerStars Hand #151650308401:  Hold'em Limit ($3/$6 USD) - 2016/04/09 4:05:00 ET
Table 'Cressida' 6-max Seat #3 is the button
Seat 3: vladal 888 ($3.32 in chips)
Seat 4: VolkovDmitri ($238.15 in chips)
vladal 888: posts small blind $1
VolkovDmitri: posts big blind $3
*** HOLE CARDS ***
vladal 888: folds
Uncalled bet ($2) returned to VolkovDmitri
VolkovDmitri collected $2 from pot
VolkovDmitri: doesn't show hand
*** SUMMARY ***
Total pot $2 | Rake $0
Seat 3: vladal 888 (button) (small blind) folded before Flop
Seat 4: VolkovDmitri (big blind) collected ($2)


PokerStars Hand #151650292819:  Hold'em Limit ($3/$6 USD) - 2016/04/09 4:04:17 ET
Table 'Cressida' 6-max Seat #4 is the button
Seat 3: vladal 888 ($9.32 in chips)
Seat 4: VolkovDmitri ($232.39 in chips)
VolkovDmitri: posts small blind $1
vladal 888: posts big blind $3
*** HOLE CARDS ***
VolkovDmitri: raises $3 to $6
vladal 888: calls $3
*** FLOP *** [Jd 6d 6h]
vladal 888: checks
VolkovDmitri: checks
*** TURN *** [Jd 6d 6h] [Ad]
vladal 888: checks
VolkovDmitri: checks
*** RIVER *** [Jd 6d 6h Ad] [9d]
vladal 888: checks
VolkovDmitri: bets $6
vladal 888: folds
Uncalled bet ($6) returned to VolkovDmitri
VolkovDmitri collected $11.76 from pot
VolkovDmitri: doesn't show hand
*** SUMMARY ***
Total pot $12 | Rake $0.24
Board [Jd 6d 6h Ad 9d]
Seat 3: vladal 888 (big blind) folded on the River
Seat 4: VolkovDmitri (button) (small blind) collected ($11.76)


