PokerStars Hand #176447566035:  Hold'em Limit ($3/$6 USD) - 2017/10/03 14:41:41 ET
Table 'Cressida' 10-max Seat #8 is the button
Seat 1: Ag3r0n ($75 in chips)
Seat 8: Matholi ($140.50 in chips)
Matholi: posts small blind $1
Ag3r0n: posts big blind $3
*** HOLE CARDS ***
Matholi: raises $3 to $6
Ag3r0n: calls $3
*** FLOP *** [Kc Jd Qh]
Ag3r0n: checks
Matholi: bets $3
Ag3r0n: raises $3 to $6
Matholi: calls $3
*** TURN *** [Kc Jd Qh] [9h]
Ag3r0n: bets $6
Matholi: folds
Uncalled bet ($6) returned to Ag3r0n
Ag3r0n collected $23.52 from pot
Ag3r0n: doesn't show hand
*** SUMMARY ***
Total pot $24 | Rake $0.48
Board [Kc Jd Qh 9h]
Seat 1: Ag3r0n (big blind) collected ($23.52)
Seat 8: Matholi (button) (small blind) folded on the Turn


PokerStars Hand #176447559612:  Hold'em Limit ($3/$6 USD) - 2017/10/03 14:41:33 ET
Table 'Cressida' 10-max Seat #1 is the button
Seat 1: Ag3r0n ($72 in chips)
Seat 8: Matholi ($143.50 in chips)
Ag3r0n: posts small blind $1
Matholi: posts big blind $3
*** HOLE CARDS ***
Ag3r0n: raises $3 to $6
Matholi: folds
Uncalled bet ($3) returned to Ag3r0n
Ag3r0n collected $6 from pot
Ag3r0n: doesn't show hand
*** SUMMARY ***
Total pot $6 | Rake $0
Seat 1: Ag3r0n (button) (small blind) collected ($6)
Seat 8: Matholi (big blind) folded before Flop


PokerStars Hand #176447533993:  Hold'em Limit ($3/$6 USD) - 2017/10/03 14:41:02 ET
Table 'Cressida' 10-max Seat #8 is the button
Seat 1: Ag3r0n ($77.76 in chips)
Seat 8: Matholi ($114 in chips)
Matholi: posts small blind $1
Ag3r0n: posts big blind $3
*** HOLE CARDS ***
Matholi: raises $3 to $6
Ag3r0n: calls $3
*** FLOP *** [2d Ah Td]
Ag3r0n: checks
Matholi: bets $3
Ag3r0n: raises $3 to $6
Matholi: calls $3
*** TURN *** [2d Ah Td] [Jh]
Ag3r0n: bets $6
Matholi: raises $6 to $12
Ag3r0n: calls $6
*** RIVER *** [2d Ah Td Jh] [Qd]
Ag3r0n: checks
Matholi: bets $6
Ag3r0n: calls $6
*** SHOW DOWN ***
Matholi: shows [9s Kd] (a straight, Ten to Ace)
Ag3r0n: mucks hand
Matholi collected $59.50 from pot
*** SUMMARY ***
Total pot $60 | Rake $0.50
Board [2d Ah Td Jh Qd]
Seat 1: Ag3r0n (big blind) mucked
Seat 8: Matholi (button) (small blind) showed [9s Kd] and won ($59.50) with a straight, Ten to Ace


PokerStars Hand #176447621573:  Hold'em Limit ($3/$6 USD) - 2017/10/03 14:42:49 ET
Table 'Cressida' 10-max Seat #1 is the button
Seat 1: Ag3r0n ($97.92 in chips)
Seat 8: Matholi ($116.38 in chips)
Ag3r0n: posts small blind $1
Matholi: posts big blind $3
*** HOLE CARDS ***
Ag3r0n: folds
Uncalled bet ($2) returned to Matholi
Matholi collected $2 from pot
*** SUMMARY ***
Total pot $2 | Rake $0
Seat 1: Ag3r0n (button) (small blind) folded before Flop
Seat 8: Matholi (big blind) collected ($2)


PokerStars Hand #176447616248:  Hold'em Limit ($3/$6 USD) - 2017/10/03 14:42:42 ET
Table 'Cressida' 10-max Seat #8 is the button
Seat 1: Ag3r0n ($100.92 in chips)
Seat 8: Matholi ($113.38 in chips)
Matholi: posts small blind $1
Ag3r0n: posts big blind $3
*** HOLE CARDS ***
Matholi: raises $3 to $6
Ag3r0n: folds
Uncalled bet ($3) returned to Matholi
Matholi collected $6 from pot
*** SUMMARY ***
Total pot $6 | Rake $0
Seat 1: Ag3r0n (big blind) folded before Flop
Seat 8: Matholi (button) (small blind) collected ($6)


PokerStars Hand #176447590150:  Hold'em Limit ($3/$6 USD) - 2017/10/03 14:42:10 ET
Table 'Cressida' 10-max Seat #8 is the button
Seat 1: Ag3r0n ($89.52 in chips)
Seat 8: Matholi ($125.50 in chips)
Matholi: posts small blind $1
Ag3r0n: posts big blind $3
*** HOLE CARDS ***
Matholi: raises $3 to $6
Ag3r0n: calls $3
*** FLOP *** [Kc 6c Th]
Ag3r0n: checks
Matholi: bets $3
Ag3r0n: raises $3 to $6
Matholi: calls $3
*** TURN *** [Kc 6c Th] [8d]
Ag3r0n: bets $6
Matholi: folds
Uncalled bet ($6) returned to Ag3r0n
Ag3r0n collected $23.52 from pot
Ag3r0n: doesn't show hand
*** SUMMARY ***
Total pot $24 | Rake $0.48
Board [Kc 6c Th 8d]
Seat 1: Ag3r0n (big blind) collected ($23.52)
Seat 8: Matholi (button) (small blind) folded on the Turn


PokerStars Hand #176447582714:  Hold'em Limit ($3/$6 USD) - 2017/10/03 14:42:01 ET
Table 'Cressida' 10-max Seat #1 is the button
Seat 1: Ag3r0n ($86.52 in chips)
Seat 8: Matholi ($128.50 in chips)
Ag3r0n: posts small blind $1
Matholi: posts big blind $3
*** HOLE CARDS ***
Ag3r0n: raises $3 to $6
Matholi: folds
Uncalled bet ($3) returned to Ag3r0n
Ag3r0n collected $6 from pot
Ag3r0n: doesn't show hand
*** SUMMARY ***
Total pot $6 | Rake $0
Seat 1: Ag3r0n (button) (small blind) collected ($6)
Seat 8: Matholi (big blind) folded before Flop


PokerStars Hand #176447660088:  Hold'em Limit ($3/$6 USD) - 2017/10/03 14:43:36 ET
Table 'Cressida' 10-max Seat #1 is the button
Seat 1: Ag3r0n ($87.92 in chips)
Seat 8: Matholi ($126.02 in chips)
Ag3r0n: posts small blind $1
Matholi: posts big blind $3
*** HOLE CARDS ***
Ag3r0n: raises $3 to $6
Matholi: raises $3 to $9
Ag3r0n: calls $3
*** FLOP *** [Js 2h 8h]
Matholi: bets $3
Ag3r0n: raises $3 to $6
Matholi: calls $3
*** TURN *** [Js 2h 8h] [8d]
Matholi: bets $6
Ag3r0n: calls $6
*** RIVER *** [Js 2h 8h 8d] [Jd]
Matholi: checks
Ag3r0n: bets $6
Matholi: calls $6
*** SHOW DOWN ***
Ag3r0n: shows [9h Jh] (a full house, Jacks full of Eights)
Matholi: mucks hand
Ag3r0n collected $53.50 from pot
*** SUMMARY ***
Total pot $54 | Rake $0.50
Board [Js 2h 8h 8d Jd]
Seat 1: Ag3r0n (button) (small blind) showed [9h Jh] and won ($53.50) with a full house, Jacks full of Eights
Seat 8: Matholi (big blind) mucked


PokerStars Hand #176447632637:  Hold'em Limit ($3/$6 USD) - 2017/10/03 14:43:02 ET
Table 'Cressida' 10-max Seat #8 is the button
Seat 1: Ag3r0n ($96.92 in chips)
Seat 8: Matholi ($117.38 in chips)
Matholi: posts small blind $1
Ag3r0n: posts big blind $3
*** HOLE CARDS ***
Matholi: raises $3 to $6
Ag3r0n: calls $3
*** FLOP *** [8c Jc 2s]
Ag3r0n: checks
Matholi: bets $3
Ag3r0n: calls $3
*** TURN *** [8c Jc 2s] [6d]
Ag3r0n: checks
Matholi: checks
*** RIVER *** [8c Jc 2s 6d] [5d]
Ag3r0n: checks
Matholi: bets $6
Ag3r0n: folds
Uncalled bet ($6) returned to Matholi
Matholi collected $17.64 from pot
*** SUMMARY ***
Total pot $18 | Rake $0.36
Board [8c Jc 2s 6d 5d]
Seat 1: Ag3r0n (big blind) folded on the River
Seat 8: Matholi (button) (small blind) collected ($17.64)


PokerStars Hand #176447713835:  Hold'em Limit ($3/$6 USD) - 2017/10/03 14:44:41 ET
Table 'Cressida' 10-max Seat #1 is the button
Seat 1: Ag3r0n ($106.17 in chips)
Seat 8: Matholi ($106.41 in chips)
Ag3r0n: posts small blind $1
Matholi: posts big blind $3
*** HOLE CARDS ***
Ag3r0n: raises $3 to $6
Matholi: folds
Uncalled bet ($3) returned to Ag3r0n
Ag3r0n collected $6 from pot
Ag3r0n: doesn't show hand
*** SUMMARY ***
Total pot $6 | Rake $0
Seat 1: Ag3r0n (button) (small blind) collected ($6)
Seat 8: Matholi (big blind) folded before Flop


PokerStars Hand #176447708498:  Hold'em Limit ($3/$6 USD) - 2017/10/03 14:44:34 ET
Table 'Cressida' 10-max Seat #8 is the button
Seat 1: Ag3r0n ($105.17 in chips)
Seat 8: Matholi ($107.41 in chips)
Matholi: posts small blind $1
Ag3r0n: posts big blind $3
*** HOLE CARDS ***
Matholi: folds
Uncalled bet ($2) returned to Ag3r0n
Ag3r0n collected $2 from pot
Ag3r0n: doesn't show hand
*** SUMMARY ***
Total pot $2 | Rake $0
Seat 1: Ag3r0n (big blind) collected ($2)
Seat 8: Matholi (button) (small blind) folded before Flop


PokerStars Hand #176447700330:  Hold'em Limit ($3/$6 USD) - 2017/10/03 14:44:24 ET
Table 'Cressida' 10-max Seat #1 is the button
Seat 1: Ag3r0n ($114.17 in chips)
Seat 8: Matholi ($98.77 in chips)
Ag3r0n: posts small blind $1
Matholi: posts big blind $3
*** HOLE CARDS ***
Ag3r0n: raises $3 to $6
Matholi: raises $3 to $9
Ag3r0n: calls $3
*** FLOP *** [4d Tc Kh]
Matholi: bets $3
Ag3r0n: folds
Uncalled bet ($3) returned to Matholi
Matholi collected $17.64 from pot
*** SUMMARY ***
Total pot $18 | Rake $0.36
Board [4d Tc Kh]
Seat 1: Ag3r0n (button) (small blind) folded on the Flop
Seat 8: Matholi (big blind) collected ($17.64)


PokerStars Hand #176447680292:  Hold'em Limit ($3/$6 USD) - 2017/10/03 14:44:00 ET
Table 'Cressida' 10-max Seat #8 is the button
Seat 1: Ag3r0n ($114.42 in chips)
Seat 8: Matholi ($99.02 in chips)
Matholi: posts small blind $1
Ag3r0n: posts big blind $3
*** HOLE CARDS ***
Matholi: raises $3 to $6
Ag3r0n: raises $3 to $9
Matholi: calls $3
*** FLOP *** [9s 4h 8c]
Ag3r0n: bets $3
Matholi: raises $3 to $6
Ag3r0n: calls $3
*** TURN *** [9s 4h 8c] [8d]
Ag3r0n: checks
Matholi: bets $6
Ag3r0n: calls $6
*** RIVER *** [9s 4h 8c 8d] [8s]
Ag3r0n: checks
Matholi: bets $6
Ag3r0n: raises $6 to $12
Matholi: calls $6
*** SHOW DOWN ***
Ag3r0n: shows [9h As] (a full house, Eights full of Nines)
Matholi: shows [5d 9d] (a full house, Eights full of Nines)
Ag3r0n collected $32.75 from pot
Matholi collected $32.75 from pot
*** SUMMARY ***
Total pot $66 | Rake $0.50
Board [9s 4h 8c 8d 8s]
Seat 1: Ag3r0n (big blind) showed [9h As] and won ($32.75) with a full house, Eights full of Nines
Seat 8: Matholi (button) (small blind) showed [5d 9d] and won ($32.75) with a full house, Eights full of Nines


PokerStars Hand #176447758430:  Hold'em Limit ($3/$6 USD) - 2017/10/03 14:45:34 ET
Table 'Cressida' 10-max Seat #8 is the button
Seat 1: Ag3r0n ($138.42 in chips)
Seat 8: Matholi ($73.16 in chips)
Matholi: posts small blind $1
Ag3r0n: posts big blind $3
*** HOLE CARDS ***
Matholi: raises $3 to $6
Ag3r0n: calls $3
*** FLOP *** [Ts Tc 7c]
Ag3r0n: checks
Matholi: bets $3
Ag3r0n: folds
Uncalled bet ($3) returned to Matholi
Matholi collected $11.76 from pot
*** SUMMARY ***
Total pot $12 | Rake $0.24
Board [Ts Tc 7c]
Seat 1: Ag3r0n (big blind) folded on the Flop
Seat 8: Matholi (button) (small blind) collected ($11.76)


PokerStars Hand #176447740261:  Hold'em Limit ($3/$6 USD) - 2017/10/03 14:45:13 ET
Table 'Cressida' 10-max Seat #1 is the button
Seat 1: Ag3r0n ($108.92 in chips)
Seat 8: Matholi ($103.16 in chips)
Ag3r0n: posts small blind $1
Matholi: posts big blind $3
*** HOLE CARDS ***
Ag3r0n: raises $3 to $6
Matholi: raises $3 to $9
Ag3r0n: calls $3
*** FLOP *** [Ad 9d As]
Matholi: bets $3
Ag3r0n: calls $3
*** TURN *** [Ad 9d As] [5c]
Matholi: bets $6
Ag3r0n: raises $6 to $12
Matholi: raises $6 to $18
Ag3r0n: raises $6 to $24
Betting is capped
Matholi: folds
Uncalled bet ($6) returned to Ag3r0n
Ag3r0n collected $59.50 from pot
Ag3r0n: doesn't show hand
*** SUMMARY ***
Total pot $60 | Rake $0.50
Board [Ad 9d As 5c]
Seat 1: Ag3r0n (button) (small blind) collected ($59.50)
Seat 8: Matholi (big blind) folded on the Turn


PokerStars Hand #176447721819:  Hold'em Limit ($3/$6 USD) - 2017/10/03 14:44:50 ET
Table 'Cressida' 10-max Seat #8 is the button
Seat 1: Ag3r0n ($109.17 in chips)
Seat 8: Matholi ($103.41 in chips)
Matholi: posts small blind $1
Ag3r0n: posts big blind $3
*** HOLE CARDS ***
Matholi: raises $3 to $6
Ag3r0n: raises $3 to $9
Matholi: raises $3 to $12
Betting is capped
Ag3r0n: calls $3
*** FLOP *** [2h Jd Th]
Ag3r0n: checks
Matholi: checks
*** TURN *** [2h Jd Th] [Ac]
Ag3r0n: checks
Matholi: bets $6
Ag3r0n: calls $6
*** RIVER *** [2h Jd Th Ac] [4s]
Ag3r0n: checks
Matholi: bets $6
Ag3r0n: calls $6
*** SHOW DOWN ***
Matholi: shows [As 7s] (a pair of Aces)
Ag3r0n: shows [7d Ah] (a pair of Aces)
Ag3r0n collected $23.75 from pot
Matholi collected $23.75 from pot
*** SUMMARY ***
Total pot $48 | Rake $0.50
Board [2h Jd Th Ac 4s]
Seat 1: Ag3r0n (big blind) showed [7d Ah] and won ($23.75) with a pair of Aces
Seat 8: Matholi (button) (small blind) showed [As 7s] and won ($23.75) with a pair of Aces


