PokerStars Hand #147789075486:  Hold'em Limit ($3/$6 USD) - 2016/01/27 17:15:04 ET
Table 'Cressida' 6-max Seat #4 is the button
Seat 2: gatorblood32 ($127 in chips)
Seat 4: belik555 ($97.38 in chips)
belik555: posts small blind $1
gatorblood32: posts big blind $3
*** HOLE CARDS ***
belik555: raises $3 to $6
gatorblood32: raises $3 to $9
belik555: calls $3
*** FLOP *** [Ks Js Qd]
gatorblood32: bets $3
belik555: calls $3
*** TURN *** [Ks Js Qd] [7d]
gabiruboy leaves the table
gatorblood32: bets $6
belik555: calls $6
*** RIVER *** [Ks Js Qd 7d] [6d]
gatorblood32: checks
belik555: bets $6
gatorblood32: calls $6
*** SHOW DOWN ***
belik555: shows [Kd 9s] (a pair of Kings)
gatorblood32: mucks hand
belik555 collected $47.50 from pot
*** SUMMARY ***
Total pot $48 | Rake $0.50
Board [Ks Js Qd 7d 6d]
Seat 2: gatorblood32 (big blind) mucked
Seat 4: belik555 (button) (small blind) showed [Kd 9s] and won ($47.50) with a pair of Kings


PokerStars Hand #147789116266:  Hold'em Limit ($3/$6 USD) - 2016/01/27 17:15:45 ET
Table 'Cressida' 6-max Seat #4 is the button
Seat 2: gatorblood32 ($91 in chips)
Seat 4: belik555 ($132.40 in chips)
belik555: posts small blind $1
gatorblood32: posts big blind $3
*** HOLE CARDS ***
belik555: raises $3 to $6
gatorblood32: raises $3 to $9
belik555: calls $3
*** FLOP *** [Ac 6s 8h]
gatorblood32: bets $3
belik555: calls $3
*** TURN *** [Ac 6s 8h] [Kd]
gatorblood32: bets $6
belik555: calls $6
*** RIVER *** [Ac 6s 8h Kd] [4c]
gatorblood32: bets $6
belik555: calls $6
*** SHOW DOWN ***
gatorblood32: shows [Qc Jd] (high card Ace)
belik555: shows [Kc 2s] (a pair of Kings)
belik555 collected $47.50 from pot
*** SUMMARY ***
Total pot $48 | Rake $0.50
Board [Ac 6s 8h Kd 4c]
Seat 2: gatorblood32 (big blind) showed [Qc Jd] and lost with high card Ace
Seat 4: belik555 (button) (small blind) showed [Kc 2s] and won ($47.50) with a pair of Kings


PokerStars Hand #147789099812:  Hold'em Limit ($3/$6 USD) - 2016/01/27 17:15:28 ET
Table 'Cressida' 6-max Seat #2 is the button
Seat 2: gatorblood32 ($103 in chips)
Seat 4: belik555 ($120.88 in chips)
gatorblood32: posts small blind $1
belik555: posts big blind $3
*** HOLE CARDS ***
gatorblood32: raises $3 to $6
belik555: calls $3
*** FLOP *** [9h 5h 8s]
belik555: checks
gatorblood32: bets $3
belik555: raises $3 to $6
gatorblood32: calls $3
*** TURN *** [9h 5h 8s] [3s]
belik555: bets $6
gatorblood32: folds
Uncalled bet ($6) returned to belik555
belik555 collected $23.52 from pot
belik555: doesn't show hand
*** SUMMARY ***
Total pot $24 | Rake $0.48
Board [9h 5h 8s 3s]
Seat 2: gatorblood32 (button) (small blind) folded on the Turn
Seat 4: belik555 (big blind) collected ($23.52)


PokerStars Hand #147789207794:  Hold'em Limit ($3/$6 USD) - 2016/01/27 17:17:19 ET
Table 'Cressida' 6-max Seat #2 is the button
Seat 2: gatorblood32 ($117 in chips)
Seat 4: belik555 ($104.90 in chips)
gatorblood32: posts small blind $1
belik555: posts big blind $3
*** HOLE CARDS ***
SmellyToes4u joins the table at seat #3
gatorblood32: folds
Uncalled bet ($2) returned to belik555
belik555 collected $2 from pot
belik555: doesn't show hand
*** SUMMARY ***
Total pot $2 | Rake $0
Seat 2: gatorblood32 (button) (small blind) folded before Flop
Seat 4: belik555 (big blind) collected ($2)


PokerStars Hand #147789170970:  Hold'em Limit ($3/$6 USD) - 2016/01/27 17:16:41 ET
Table 'Cressida' 6-max Seat #4 is the button
Seat 2: gatorblood32 ($81.50 in chips)
Seat 4: belik555 ($140.90 in chips)
belik555: posts small blind $1
gatorblood32: posts big blind $3
*** HOLE CARDS ***
belik555: raises $3 to $6
gatorblood32: raises $3 to $9
belik555: calls $3
*** FLOP *** [6c Ts 2c]
gatorblood32: bets $3
belik555: calls $3
*** TURN *** [6c Ts 2c] [Ad]
gatorblood32: bets $6
belik555: raises $6 to $12
gatorblood32: calls $6
*** RIVER *** [6c Ts 2c Ad] [Qc]
gatorblood32: checks
belik555: bets $6
gatorblood32: raises $6 to $12
belik555: calls $6
*** SHOW DOWN ***
gatorblood32: shows [Qh Qs] (three of a kind, Queens)
belik555: mucks hand
gatorblood32 collected $71.50 from pot
gertjan75 joins the table at seat #1
*** SUMMARY ***
Total pot $72 | Rake $0.50
Board [6c Ts 2c Ad Qc]
Seat 2: gatorblood32 (big blind) showed [Qh Qs] and won ($71.50) with three of a kind, Queens
Seat 4: belik555 (button) (small blind) mucked


PokerStars Hand #147789137099:  Hold'em Limit ($3/$6 USD) - 2016/01/27 17:16:06 ET
Table 'Cressida' 6-max Seat #2 is the button
Seat 2: gatorblood32 ($67 in chips)
Seat 4: belik555 ($155.90 in chips)
gatorblood32: posts small blind $1
belik555: posts big blind $3
*** HOLE CARDS ***
gatorblood32: raises $3 to $6
belik555: calls $3
*** FLOP *** [9d 6d 8d]
belik555: checks
gatorblood32: bets $3
belik555: calls $3
*** TURN *** [9d 6d 8d] [Jc]
belik555: checks
gatorblood32: checks
*** RIVER *** [9d 6d 8d Jc] [6s]
belik555: checks
gatorblood32: bets $6
belik555: calls $6
*** SHOW DOWN ***
gatorblood32: shows [6h Ks] (three of a kind, Sixes)
belik555: mucks hand
gatorblood32 collected $29.50 from pot
*** SUMMARY ***
Total pot $30 | Rake $0.50
Board [9d 6d 8d Jc 6s]
Seat 2: gatorblood32 (button) (small blind) showed [6h Ks] and won ($29.50) with three of a kind, Sixes
Seat 4: belik555 (big blind) mucked


