PokerStars Hand #163218860354:  Hold'em Limit ($3/$6 USD) - 2016/12/19 19:27:57 ET
Table 'Crescentia' 10-max Seat #1 is the button
Seat 1: LifeisagameX ($110.50 in chips)
Seat 2: ChasingAc918 ($6.09 in chips)
LifeisagameX: posts small blind $1
ChasingAc918: posts big blind $3
*** HOLE CARDS ***
LifeisagameX: folds
Uncalled bet ($2) returned to ChasingAc918
GRAILKO leaves the table
ChasingAc918 collected $2 from pot
ChasingAc918: doesn't show hand
*** SUMMARY ***
Total pot $2 | Rake $0
Seat 1: LifeisagameX (button) (small blind) folded before Flop
Seat 2: ChasingAc918 (big blind) collected ($2)


PokerStars Hand #163218845283:  Hold'em Limit ($3/$6 USD) - 2016/12/19 19:27:34 ET
Table 'Crescentia' 10-max Seat #2 is the button
Seat 1: LifeisagameX ($87 in chips)
Seat 2: ChasingAc918 ($30.09 in chips)
ChasingAc918: posts small blind $1
LifeisagameX: posts big blind $3
*** HOLE CARDS ***
ChasingAc918: raises $3 to $6
LifeisagameX: raises $3 to $9
ChasingAc918: calls $3
*** FLOP *** [Ac 6d 4d]
LifeisagameX: bets $3
ChasingAc918: calls $3
*** TURN *** [Ac 6d 4d] [Td]
GRAILKO joins the table at seat #3
LifeisagameX: bets $6
ChasingAc918: calls $6
*** RIVER *** [Ac 6d 4d Td] [Qc]
LifeisagameX: bets $6
ChasingAc918: calls $6
*** SHOW DOWN ***
LifeisagameX: shows [As 5h] (a pair of Aces)
ChasingAc918: mucks hand
LifeisagameX collected $47.50 from pot
*** SUMMARY ***
Total pot $48 | Rake $0.50
Board [Ac 6d 4d Td Qc]
Seat 1: LifeisagameX (big blind) showed [As 5h] and won ($47.50) with a pair of Aces
Seat 2: ChasingAc918 (button) (small blind) mucked


PokerStars Hand #163218864014:  Hold'em Limit ($3/$6 USD) - 2016/12/19 19:28:03 ET
Table 'Crescentia' 10-max Seat #2 is the button
Seat 1: LifeisagameX ($109.50 in chips)
Seat 2: ChasingAc918 ($7.09 in chips)
ChasingAc918: posts small blind $1
LifeisagameX: posts big blind $3
*** HOLE CARDS ***
ChasingAc918: raises $3 to $6
LifeisagameX: raises $3 to $9
ChasingAc918: calls $1.09 and is all-in
Uncalled bet ($1.91) returned to LifeisagameX
*** FLOP *** [Ad 2h 2s]
*** TURN *** [Ad 2h 2s] [Ac]
*** RIVER *** [Ad 2h 2s Ac] [Js]
*** SHOW DOWN ***
LifeisagameX: shows [9d 9h] (two pair, Aces and Nines)
ChasingAc918: shows [5h Kh] (two pair, Aces and Deuces)
LifeisagameX collected $13.90 from pot
*** SUMMARY ***
Total pot $14.18 | Rake $0.28
Board [Ad 2h 2s Ac Js]
Seat 1: LifeisagameX (big blind) showed [9d 9h] and won ($13.90) with two pair, Aces and Nines
Seat 2: ChasingAc918 (button) (small blind) showed [5h Kh] and lost with two pair, Aces and Deuces


