PokerStars Hand #175930955190:  Hold'em Limit ($3/$6 USD) - 2017/09/21 10:34:01 ET
Table 'Crescentia' 6-max Seat #3 is the button
Seat 2: sadamilli ($80.52 in chips)
Seat 3: SONCKG ($128.64 in chips)
SONCKG: posts small blind $1
sadamilli: posts big blind $3
*** HOLE CARDS ***
SONCKG: folds
Uncalled bet ($2) returned to sadamilli
sadamilli collected $2 from pot
sadamilli: doesn't show hand
*** SUMMARY ***
Total pot $2 | Rake $0
Seat 2: sadamilli (big blind) collected ($2)
Seat 3: SONCKG (button) (small blind) folded before Flop


PokerStars Hand #175930938531:  Hold'em Limit ($3/$6 USD) - 2017/09/21 10:33:31 ET
Table 'Crescentia' 6-max Seat #2 is the button
Seat 2: sadamilli ($89.52 in chips)
Seat 3: SONCKG ($120 in chips)
sadamilli: posts small blind $1
SONCKG: posts big blind $3
*** HOLE CARDS ***
sadamilli: raises $3 to $6
SONCKG: calls $3
*** FLOP *** [5h Ad 2c]
SONCKG: checks
sadamilli: bets $3
SONCKG: calls $3
*** TURN *** [5h Ad 2c] [4c]
SONCKG: checks
sadamilli: checks
*** RIVER *** [5h Ad 2c 4c] [6s]
SONCKG: bets $6
sadamilli: folds
Uncalled bet ($6) returned to SONCKG
SONCKG collected $17.64 from pot
*** SUMMARY ***
Total pot $18 | Rake $0.36
Board [5h Ad 2c 4c 6s]
Seat 2: sadamilli (button) (small blind) folded on the River
Seat 3: SONCKG (big blind) collected ($17.64)


PokerStars Hand #175930988498:  Hold'em Limit ($3/$6 USD) - 2017/09/21 10:35:01 ET
Table 'Crescentia' 6-max Seat #3 is the button
Seat 2: sadamilli ($112.78 in chips)
Seat 3: SONCKG ($95.64 in chips)
SONCKG: posts small blind $1
sadamilli: posts big blind $3
*** HOLE CARDS ***
SONCKG: raises $3 to $6
sadamilli: folds
Uncalled bet ($3) returned to SONCKG
SONCKG collected $6 from pot
*** SUMMARY ***
Total pot $6 | Rake $0
Seat 2: sadamilli (big blind) folded before Flop
Seat 3: SONCKG (button) (small blind) collected ($6)


PokerStars Hand #175930958194:  Hold'em Limit ($3/$6 USD) - 2017/09/21 10:34:07 ET
Table 'Crescentia' 6-max Seat #2 is the button
Seat 2: sadamilli ($81.52 in chips)
Seat 3: SONCKG ($127.64 in chips)
sadamilli: posts small blind $1
SONCKG: posts big blind $3
*** HOLE CARDS ***
sadamilli: raises $3 to $6
SONCKG: calls $3
*** FLOP *** [7c 5h As]
SONCKG: checks
sadamilli: checks
*** TURN *** [7c 5h As] [Qd]
GoliafUa leaves the table
SONCKG: checks
sadamilli: checks
*** RIVER *** [7c 5h As Qd] [Ad]
SONCKG: checks
sadamilli: checks
*** SHOW DOWN ***
SONCKG: shows [Kh 2d] (a pair of Aces)
sadamilli: shows [8d Kc] (a pair of Aces - King+Queen+Eight kicker)
sadamilli collected $11.76 from pot
*** SUMMARY ***
Total pot $12 | Rake $0.24
Board [7c 5h As Qd Ad]
Seat 2: sadamilli (button) (small blind) showed [8d Kc] and won ($11.76) with a pair of Aces
Seat 3: SONCKG (big blind) showed [Kh 2d] and lost with a pair of Aces


PokerStars Hand #175930970339:  Hold'em Limit ($3/$6 USD) - 2017/09/21 10:34:29 ET
Table 'Crescentia' 6-max Seat #3 is the button
Seat 2: sadamilli ($87.28 in chips)
Seat 3: SONCKG ($121.64 in chips)
SONCKG: posts small blind $1
sadamilli: posts big blind $3
*** HOLE CARDS ***
SONCKG: raises $3 to $6
sadamilli: calls $3
*** FLOP *** [Ac 5s Kh]
sadamilli: checks
SONCKG: bets $3
sadamilli: calls $3
*** TURN *** [Ac 5s Kh] [4h]
sadamilli: checks
SONCKG: bets $6
sadamilli: raises $6 to $12
SONCKG: calls $6
*** RIVER *** [Ac 5s Kh 4h] [6h]
sadamilli: bets $6
SONCKG: calls $6
*** SHOW DOWN ***
sadamilli: shows [Kd 4d] (two pair, Kings and Fours)
SONCKG: mucks hand
sadamilli collected $53.50 from pot
*** SUMMARY ***
Total pot $54 | Rake $0.50
Board [Ac 5s Kh 4h 6h]
Seat 2: sadamilli (big blind) showed [Kd 4d] and won ($53.50) with two pair, Kings and Fours
Seat 3: SONCKG (button) (small blind) mucked


PokerStars Hand #175930984711:  Hold'em Limit ($3/$6 USD) - 2017/09/21 10:34:55 ET
Table 'Crescentia' 6-max Seat #2 is the button
Seat 2: sadamilli ($113.78 in chips)
Seat 3: SONCKG ($94.64 in chips)
sadamilli: posts small blind $1
SONCKG: posts big blind $3
*** HOLE CARDS ***
sadamilli: folds
Uncalled bet ($2) returned to SONCKG
SONCKG collected $2 from pot
*** SUMMARY ***
Total pot $2 | Rake $0
Seat 2: sadamilli (button) (small blind) folded before Flop
Seat 3: SONCKG (big blind) collected ($2)


PokerStars Hand #175931008504:  Hold'em Limit ($3/$6 USD) - 2017/09/21 10:35:38 ET
Table 'Crescentia' 6-max Seat #2 is the button
Seat 2: sadamilli ($116.54 in chips)
Seat 3: SONCKG ($91.64 in chips)
sadamilli: posts small blind $1
SONCKG: posts big blind $3
*** HOLE CARDS ***
sadamilli: raises $3 to $6
SONCKG: calls $3
*** FLOP *** [3s 2d Tc]
SONCKG: checks
sadamilli: checks
*** TURN *** [3s 2d Tc] [5h]
SONCKG: checks
sadamilli: bets $6
SONCKG: calls $6
*** RIVER *** [3s 2d Tc 5h] [9d]
SONCKG: checks
sadamilli: checks
*** SHOW DOWN ***
SONCKG: shows [Ad 7c] (high card Ace)
sadamilli: shows [As Jc] (high card Ace - Jack kicker)
sadamilli collected $23.52 from pot
*** SUMMARY ***
Total pot $24 | Rake $0.48
Board [3s 2d Tc 5h 9d]
Seat 2: sadamilli (button) (small blind) showed [As Jc] and won ($23.52) with high card Ace
Seat 3: SONCKG (big blind) showed [Ad 7c] and lost with high card Ace


PokerStars Hand #175931005804:  Hold'em Limit ($3/$6 USD) - 2017/09/21 10:35:33 ET
Table 'Crescentia' 6-max Seat #3 is the button
Seat 2: sadamilli ($115.54 in chips)
Seat 3: SONCKG ($92.64 in chips)
SONCKG: posts small blind $1
sadamilli: posts big blind $3
*** HOLE CARDS ***
SONCKG: folds
Uncalled bet ($2) returned to sadamilli
sadamilli collected $2 from pot
sadamilli: doesn't show hand
*** SUMMARY ***
Total pot $2 | Rake $0
Seat 2: sadamilli (big blind) collected ($2)
Seat 3: SONCKG (button) (small blind) folded before Flop


PokerStars Hand #175930993351:  Hold'em Limit ($3/$6 USD) - 2017/09/21 10:35:10 ET
Table 'Crescentia' 6-max Seat #2 is the button
Seat 2: sadamilli ($109.78 in chips)
Seat 3: SONCKG ($98.64 in chips)
sadamilli: posts small blind $1
SONCKG: posts big blind $3
*** HOLE CARDS ***
sadamilli: raises $3 to $6
SONCKG: calls $3
*** FLOP *** [7s 4c Ks]
SONCKG: checks
sadamilli: checks
*** TURN *** [7s 4c Ks] [Kd]
SONCKG: checks
sadamilli: bets $6
SONCKG: folds
Uncalled bet ($6) returned to sadamilli
sadamilli collected $11.76 from pot
sadamilli: doesn't show hand
*** SUMMARY ***
Total pot $12 | Rake $0.24
Board [7s 4c Ks Kd]
Seat 2: sadamilli (button) (small blind) collected ($11.76)
Seat 3: SONCKG (big blind) folded on the Turn


PokerStars Hand #175931036330:  Hold'em Limit ($3/$6 USD) - 2017/09/21 10:36:29 ET
Table 'Crescentia' 6-max Seat #3 is the button
Seat 2: sadamilli ($121.06 in chips)
Seat 3: SONCKG ($86.40 in chips)
SONCKG: posts small blind $1
sadamilli: posts big blind $3
*** HOLE CARDS ***
SONCKG: raises $3 to $6
sadamilli: folds
Uncalled bet ($3) returned to SONCKG
SONCKG collected $6 from pot
*** SUMMARY ***
Total pot $6 | Rake $0
Seat 2: sadamilli (big blind) folded before Flop
Seat 3: SONCKG (button) (small blind) collected ($6)


PokerStars Hand #175931040254:  Hold'em Limit ($3/$6 USD) - 2017/09/21 10:36:36 ET
Table 'Crescentia' 6-max Seat #2 is the button
Seat 2: sadamilli ($118.06 in chips)
Seat 3: SONCKG ($89.40 in chips)
sadamilli: posts small blind $1
SONCKG: posts big blind $3
*** HOLE CARDS ***
sadamilli: raises $3 to $6
SONCKG: calls $3
*** FLOP *** [2c 5c Jd]
SONCKG: checks
sadamilli: checks
*** TURN *** [2c 5c Jd] [4d]
SONCKG: bets $6
sadamilli: calls $6
*** RIVER *** [2c 5c Jd 4d] [Jh]
SONCKG: bets $6
sadamilli: folds
Uncalled bet ($6) returned to SONCKG
SONCKG collected $23.52 from pot
*** SUMMARY ***
Total pot $24 | Rake $0.48
Board [2c 5c Jd 4d Jh]
Seat 2: sadamilli (button) (small blind) folded on the River
Seat 3: SONCKG (big blind) collected ($23.52)


PokerStars Hand #175931053634:  Hold'em Limit ($3/$6 USD) - 2017/09/21 10:37:00 ET
Table 'Crescentia' 6-max Seat #2 is the button
Seat 2: sadamilli ($107.06 in chips)
Seat 3: SONCKG ($99.92 in chips)
sadamilli: posts small blind $1
SONCKG: posts big blind $3
*** HOLE CARDS ***
sadamilli: folds
Uncalled bet ($2) returned to SONCKG
SONCKG collected $2 from pot
*** SUMMARY ***
Total pot $2 | Rake $0
Seat 2: sadamilli (button) (small blind) folded before Flop
Seat 3: SONCKG (big blind) collected ($2)


PokerStars Hand #175931050366:  Hold'em Limit ($3/$6 USD) - 2017/09/21 10:36:54 ET
Table 'Crescentia' 6-max Seat #3 is the button
Seat 2: sadamilli ($106.06 in chips)
Seat 3: SONCKG ($100.92 in chips)
SONCKG: posts small blind $1
sadamilli: posts big blind $3
*** HOLE CARDS ***
SONCKG: folds
Uncalled bet ($2) returned to sadamilli
sadamilli collected $2 from pot
sadamilli: doesn't show hand
*** SUMMARY ***
Total pot $2 | Rake $0
Seat 2: sadamilli (big blind) collected ($2)
Seat 3: SONCKG (button) (small blind) folded before Flop


PokerStars Hand #175931033550:  Hold'em Limit ($3/$6 USD) - 2017/09/21 10:36:24 ET
Table 'Crescentia' 6-max Seat #2 is the button
Seat 2: sadamilli ($122.06 in chips)
Seat 3: SONCKG ($85.40 in chips)
sadamilli: posts small blind $1
SONCKG: posts big blind $3
*** HOLE CARDS ***
sadamilli: folds
Uncalled bet ($2) returned to SONCKG
SONCKG collected $2 from pot
*** SUMMARY ***
Total pot $2 | Rake $0
Seat 2: sadamilli (button) (small blind) folded before Flop
Seat 3: SONCKG (big blind) collected ($2)


PokerStars Hand #175931019990:  Hold'em Limit ($3/$6 USD) - 2017/09/21 10:35:59 ET
Table 'Crescentia' 6-max Seat #3 is the button
Seat 2: sadamilli ($128.06 in chips)
Seat 3: SONCKG ($79.64 in chips)
SONCKG: posts small blind $1
sadamilli: posts big blind $3
*** HOLE CARDS ***
SONCKG: raises $3 to $6
sadamilli: calls $3
*** FLOP *** [5h 8c 3c]
sadamilli: checks
SONCKG: checks
*** TURN *** [5h 8c 3c] [2c]
sadamilli: checks
SONCKG: checks
*** RIVER *** [5h 8c 3c 2c] [Ad]
sadamilli: checks
SONCKG: checks
*** SHOW DOWN ***
sadamilli: shows [Qc 6s] (high card Ace)
SONCKG: shows [Kd Qs] (high card Ace - King kicker)
SONCKG collected $11.76 from pot
*** SUMMARY ***
Total pot $12 | Rake $0.24
Board [5h 8c 3c 2c Ad]
Seat 2: sadamilli (big blind) showed [Qc 6s] and lost with high card Ace
Seat 3: SONCKG (button) (small blind) showed [Kd Qs] and won ($11.76) with high card Ace


PokerStars Hand #175931074908:  Hold'em Limit ($3/$6 USD) - 2017/09/21 10:37:38 ET
Table 'Crescentia' 6-max Seat #2 is the button
Seat 2: sadamilli ($108.94 in chips)
Seat 3: SONCKG ($97.92 in chips)
sadamilli: posts small blind $1
SONCKG: posts big blind $3
*** HOLE CARDS ***
sadamilli: folds
Uncalled bet ($2) returned to SONCKG
SONCKG collected $2 from pot
*** SUMMARY ***
Total pot $2 | Rake $0
Seat 2: sadamilli (button) (small blind) folded before Flop
Seat 3: SONCKG (big blind) collected ($2)


PokerStars Hand #175931071544:  Hold'em Limit ($3/$6 USD) - 2017/09/21 10:37:32 ET
Table 'Crescentia' 6-max Seat #3 is the button
Seat 2: sadamilli ($107.94 in chips)
Seat 3: SONCKG ($98.92 in chips)
SONCKG: posts small blind $1
sadamilli: posts big blind $3
*** HOLE CARDS ***
SONCKG: folds
Uncalled bet ($2) returned to sadamilli
sadamilli collected $2 from pot
sadamilli: doesn't show hand
*** SUMMARY ***
Total pot $2 | Rake $0
Seat 2: sadamilli (big blind) collected ($2)
Seat 3: SONCKG (button) (small blind) folded before Flop


PokerStars Hand #175931068748:  Hold'em Limit ($3/$6 USD) - 2017/09/21 10:37:27 ET
Table 'Crescentia' 6-max Seat #2 is the button
Seat 2: sadamilli ($108.94 in chips)
Seat 3: SONCKG ($97.92 in chips)
sadamilli: posts small blind $1
SONCKG: posts big blind $3
*** HOLE CARDS ***
sadamilli: folds
Uncalled bet ($2) returned to SONCKG
SONCKG collected $2 from pot
*** SUMMARY ***
Total pot $2 | Rake $0
Seat 2: sadamilli (button) (small blind) folded before Flop
Seat 3: SONCKG (big blind) collected ($2)


PokerStars Hand #175931065906:  Hold'em Limit ($3/$6 USD) - 2017/09/21 10:37:22 ET
Table 'Crescentia' 6-max Seat #3 is the button
Seat 2: sadamilli ($107.94 in chips)
Seat 3: SONCKG ($98.92 in chips)
SONCKG: posts small blind $1
sadamilli: posts big blind $3
*** HOLE CARDS ***
SONCKG: folds
Uncalled bet ($2) returned to sadamilli
sadamilli collected $2 from pot
sadamilli: doesn't show hand
*** SUMMARY ***
Total pot $2 | Rake $0
Seat 2: sadamilli (big blind) collected ($2)
Seat 3: SONCKG (button) (small blind) folded before Flop


PokerStars Hand #175931063273:  Hold'em Limit ($3/$6 USD) - 2017/09/21 10:37:17 ET
Table 'Crescentia' 6-max Seat #2 is the button
Seat 2: sadamilli ($108.94 in chips)
Seat 3: SONCKG ($97.92 in chips)
sadamilli: posts small blind $1
SONCKG: posts big blind $3
*** HOLE CARDS ***
sadamilli: folds
Uncalled bet ($2) returned to SONCKG
SONCKG collected $2 from pot
*** SUMMARY ***
Total pot $2 | Rake $0
Seat 2: sadamilli (button) (small blind) folded before Flop
Seat 3: SONCKG (big blind) collected ($2)


PokerStars Hand #175931056230:  Hold'em Limit ($3/$6 USD) - 2017/09/21 10:37:05 ET
Table 'Crescentia' 6-max Seat #3 is the button
Seat 2: sadamilli ($106.06 in chips)
Seat 3: SONCKG ($100.92 in chips)
SONCKG: posts small blind $1
sadamilli: posts big blind $3
*** HOLE CARDS ***
SONCKG: calls $2
sadamilli: checks
*** FLOP *** [2s Ad As]
sadamilli: bets $3
SONCKG: folds
Uncalled bet ($3) returned to sadamilli
sadamilli collected $5.88 from pot
sadamilli: doesn't show hand
*** SUMMARY ***
Total pot $6 | Rake $0.12
Board [2s Ad As]
Seat 2: sadamilli (big blind) collected ($5.88)
Seat 3: SONCKG (button) (small blind) folded on the Flop


PokerStars Hand #175931077973:  Hold'em Limit ($3/$6 USD) - 2017/09/21 10:37:44 ET
Table 'Crescentia' 6-max Seat #3 is the button
Seat 2: sadamilli ($107.94 in chips)
Seat 3: SONCKG ($98.92 in chips)
SONCKG: posts small blind $1
sadamilli: posts big blind $3
*** HOLE CARDS ***
SONCKG: calls $2
sadamilli: checks
*** FLOP *** [Qs 9c Ks]
sadamilli: bets $3
SONCKG: calls $3
*** TURN *** [Qs 9c Ks] [2c]
sadamilli: bets $6
SONCKG: folds
Uncalled bet ($6) returned to sadamilli
sadamilli collected $11.76 from pot
sadamilli: doesn't show hand
*** SUMMARY ***
Total pot $12 | Rake $0.24
Board [Qs 9c Ks 2c]
Seat 2: sadamilli (big blind) collected ($11.76)
Seat 3: SONCKG (button) (small blind) folded on the Turn


PokerStars Hand #175931087782:  Hold'em Limit ($3/$6 USD) - 2017/09/21 10:38:05 ET
Table 'Crescentia' 6-max Seat #2 is the button
Seat 2: sadamilli ($113.70 in chips)
Seat 3: SONCKG ($92.92 in chips)
sadamilli: posts small blind $1
SONCKG: posts big blind $3
*** HOLE CARDS ***
sadamilli: folds
Uncalled bet ($2) returned to SONCKG
SONCKG collected $2 from pot
*** SUMMARY ***
Total pot $2 | Rake $0
Seat 2: sadamilli (button) (small blind) folded before Flop
Seat 3: SONCKG (big blind) collected ($2)


PokerStars Hand #175931093740:  Hold'em Limit ($3/$6 USD) - 2017/09/21 10:38:17 ET
Table 'Crescentia' 6-max Seat #2 is the button
Seat 2: sadamilli ($109.70 in chips)
Seat 3: SONCKG ($96.92 in chips)
sadamilli: posts small blind $1
SONCKG: posts big blind $3
*** HOLE CARDS ***
sadamilli: folds
Uncalled bet ($2) returned to SONCKG
SONCKG collected $2 from pot
*** SUMMARY ***
Total pot $2 | Rake $0
Seat 2: sadamilli (button) (small blind) folded before Flop
Seat 3: SONCKG (big blind) collected ($2)


PokerStars Hand #175931090798:  Hold'em Limit ($3/$6 USD) - 2017/09/21 10:38:11 ET
Table 'Crescentia' 6-max Seat #3 is the button
Seat 2: sadamilli ($112.70 in chips)
Seat 3: SONCKG ($93.92 in chips)
SONCKG: posts small blind $1
sadamilli: posts big blind $3
*** HOLE CARDS ***
SONCKG: raises $3 to $6
sadamilli: folds
Uncalled bet ($3) returned to SONCKG
SONCKG collected $6 from pot
*** SUMMARY ***
Total pot $6 | Rake $0
Seat 2: sadamilli (big blind) folded before Flop
Seat 3: SONCKG (button) (small blind) collected ($6)


PokerStars Hand #175931098865:  Hold'em Limit ($3/$6 USD) - 2017/09/21 10:38:28 ET
Table 'Crescentia' 6-max Seat #2 is the button
Seat 2: sadamilli ($109.70 in chips)
Seat 3: SONCKG ($96.92 in chips)
sadamilli: posts small blind $1
SONCKG: posts big blind $3
*** HOLE CARDS ***
sadamilli: raises $3 to $6
SONCKG: calls $3
*** FLOP *** [Td Kc 6s]
SONCKG: checks
sadamilli: bets $3
SONCKG: calls $3
*** TURN *** [Td Kc 6s] [Jd]
SONCKG: bets $6
sadamilli: calls $6
*** RIVER *** [Td Kc 6s Jd] [Js]
SONCKG: bets $6
sadamilli: folds
Uncalled bet ($6) returned to SONCKG
SONCKG collected $29.50 from pot
*** SUMMARY ***
Total pot $30 | Rake $0.50
Board [Td Kc 6s Jd Js]
Seat 2: sadamilli (button) (small blind) folded on the River
Seat 3: SONCKG (big blind) collected ($29.50)


PokerStars Hand #175931112142:  Hold'em Limit ($3/$6 USD) - 2017/09/21 10:38:53 ET
Table 'Crescentia' 6-max Seat #3 is the button
Seat 2: sadamilli ($94.70 in chips)
Seat 3: SONCKG ($111.42 in chips)
SONCKG: posts small blind $1
sadamilli: posts big blind $3
*** HOLE CARDS ***
SONCKG: raises $3 to $6
sadamilli: folds
Uncalled bet ($3) returned to SONCKG
SONCKG collected $6 from pot
*** SUMMARY ***
Total pot $6 | Rake $0
Seat 2: sadamilli (big blind) folded before Flop
Seat 3: SONCKG (button) (small blind) collected ($6)


PokerStars Hand #175931127768:  Hold'em Limit ($3/$6 USD) - 2017/09/21 10:39:22 ET
Table 'Crescentia' 6-max Seat #3 is the button
Seat 2: sadamilli ($112.20 in chips)
Seat 3: SONCKG ($93.42 in chips)
SONCKG: posts small blind $1
sadamilli: posts big blind $3
*** HOLE CARDS ***
SONCKG: folds
Uncalled bet ($2) returned to sadamilli
sadamilli collected $2 from pot
sadamilli: doesn't show hand
*** SUMMARY ***
Total pot $2 | Rake $0
Seat 2: sadamilli (big blind) collected ($2)
Seat 3: SONCKG (button) (small blind) folded before Flop


PokerStars Hand #175931131114:  Hold'em Limit ($3/$6 USD) - 2017/09/21 10:39:28 ET
Table 'Crescentia' 6-max Seat #2 is the button
Seat 2: sadamilli ($113.20 in chips)
Seat 3: SONCKG ($92.42 in chips)
sadamilli: posts small blind $1
SONCKG: posts big blind $3
*** HOLE CARDS ***
sadamilli: raises $3 to $6
SONCKG: calls $3
*** FLOP *** [Qh 6c Td]
SONCKG: checks
sadamilli: bets $3
SONCKG: folds
Uncalled bet ($3) returned to sadamilli
sadamilli collected $11.76 from pot
sadamilli: doesn't show hand
*** SUMMARY ***
Total pot $12 | Rake $0.24
Board [Qh 6c Td]
Seat 2: sadamilli (button) (small blind) collected ($11.76)
Seat 3: SONCKG (big blind) folded on the Flop


PokerStars Hand #175931137641:  Hold'em Limit ($3/$6 USD) - 2017/09/21 10:39:40 ET
Table 'Crescentia' 6-max Seat #3 is the button
Seat 2: sadamilli ($118.96 in chips)
Seat 3: SONCKG ($86.42 in chips)
SONCKG: posts small blind $1
sadamilli: posts big blind $3
*** HOLE CARDS ***
SONCKG: raises $3 to $6
sadamilli: folds
Uncalled bet ($3) returned to SONCKG
SONCKG collected $6 from pot
*** SUMMARY ***
Total pot $6 | Rake $0
Seat 2: sadamilli (big blind) folded before Flop
Seat 3: SONCKG (button) (small blind) collected ($6)


PokerStars Hand #175931115634:  Hold'em Limit ($3/$6 USD) - 2017/09/21 10:39:00 ET
Table 'Crescentia' 6-max Seat #2 is the button
Seat 2: sadamilli ($91.70 in chips)
Seat 3: SONCKG ($114.42 in chips)
sadamilli: posts small blind $1
SONCKG: posts big blind $3
*** HOLE CARDS ***
sadamilli: raises $3 to $6
SONCKG: calls $3
*** FLOP *** [7d Qh 9s]
SONCKG: checks
sadamilli: bets $3
SONCKG: calls $3
*** TURN *** [7d Qh 9s] [8d]
SONCKG: checks
sadamilli: bets $6
SONCKG: calls $6
*** RIVER *** [7d Qh 9s 8d] [Tc]
SONCKG: checks
sadamilli: bets $6
SONCKG: calls $6
*** SHOW DOWN ***
sadamilli: shows [6c 6h] (a straight, Six to Ten)
SONCKG: mucks hand
sadamilli collected $41.50 from pot
*** SUMMARY ***
Total pot $42 | Rake $0.50
Board [7d Qh 9s 8d Tc]
Seat 2: sadamilli (button) (small blind) showed [6c 6h] and won ($41.50) with a straight, Six to Ten
Seat 3: SONCKG (big blind) mucked


PokerStars Hand #175931142256:  Hold'em Limit ($3/$6 USD) - 2017/09/21 10:39:48 ET
Table 'Crescentia' 6-max Seat #2 is the button
Seat 2: sadamilli ($115.96 in chips)
Seat 3: SONCKG ($89.42 in chips)
sadamilli: posts small blind $1
SONCKG: posts big blind $3
*** HOLE CARDS ***
sadamilli: raises $3 to $6
B_loJkl joins the table at seat #4
SONCKG: calls $3
*** FLOP *** [4h Js 7h]
SONCKG: checks
arinadam999 joins the table at seat #1
sadamilli: checks
*** TURN *** [4h Js 7h] [4d]
SONCKG: checks
sadamilli: bets $6
SONCKG: calls $6
*** RIVER *** [4h Js 7h 4d] [9c]
SONCKG: checks
sadamilli: checks
*** SHOW DOWN ***
SONCKG: shows [Kh Th] (a pair of Fours)
sadamilli: mucks hand
SONCKG collected $23.52 from pot
*** SUMMARY ***
Total pot $24 | Rake $0.48
Board [4h Js 7h 4d 9c]
Seat 2: sadamilli (button) (small blind) mucked
Seat 3: SONCKG (big blind) showed [Kh Th] and won ($23.52) with a pair of Fours


