PokerStars Hand #146087594878:  Hold'em Limit ($3/$6 USD) - 2015/12/28 18:56:45 ET
Table 'Crimea' 2-max Seat #2 is the button
Seat 1: Explosivo ($116 in chips)
Seat 2: MARIBORO8 ($124 in chips)
MARIBORO8: posts small blind $1
Explosivo: posts big blind $3
*** HOLE CARDS ***
MARIBORO8: raises $3 to $6
Explosivo: folds
Uncalled bet ($3) returned to MARIBORO8
MARIBORO8 collected $6 from pot
MARIBORO8: doesn't show hand
*** SUMMARY ***
Total pot $6 | Rake $0
Seat 1: Explosivo (big blind) folded before Flop
Seat 2: MARIBORO8 (button) (small blind) collected ($6)


PokerStars Hand #146087591374:  Hold'em Limit ($3/$6 USD) - 2015/12/28 18:56:40 ET
Table 'Crimea' 2-max Seat #1 is the button
Seat 1: Explosivo ($117 in chips)
Seat 2: MARIBORO8 ($123 in chips)
Explosivo: posts small blind $1
MARIBORO8: posts big blind $3
*** HOLE CARDS ***
Explosivo: folds
Uncalled bet ($2) returned to MARIBORO8
MARIBORO8 collected $2 from pot
MARIBORO8: doesn't show hand
*** SUMMARY ***
Total pot $2 | Rake $0
Seat 1: Explosivo (button) (small blind) folded before Flop
Seat 2: MARIBORO8 (big blind) collected ($2)


PokerStars Hand #146087587275:  Hold'em Limit ($3/$6 USD) - 2015/12/28 18:56:34 ET
Table 'Crimea' 2-max Seat #2 is the button
Seat 1: Explosivo ($116 in chips)
Seat 2: MARIBORO8 ($124 in chips)
MARIBORO8: posts small blind $1
Explosivo: posts big blind $3
*** HOLE CARDS ***
MARIBORO8: folds
Uncalled bet ($2) returned to Explosivo
Explosivo collected $2 from pot
Explosivo: doesn't show hand
*** SUMMARY ***
Total pot $2 | Rake $0
Seat 1: Explosivo (big blind) collected ($2)
Seat 2: MARIBORO8 (button) (small blind) folded before Flop


PokerStars Hand #146087599983:  Hold'em Limit ($3/$6 USD) - 2015/12/28 18:56:53 ET
Table 'Crimea' 2-max Seat #1 is the button
Seat 1: Explosivo ($113 in chips)
Seat 2: MARIBORO8 ($127 in chips)
Explosivo: posts small blind $1
MARIBORO8: posts big blind $3
*** HOLE CARDS ***
Explosivo: raises $3 to $6
MARIBORO8: calls $3
*** FLOP *** [8h 9s 9c]
MARIBORO8: checks
Explosivo: bets $3
MARIBORO8: calls $3
*** TURN *** [8h 9s 9c] [Kc]
MARIBORO8: checks
Explosivo: checks
*** RIVER *** [8h 9s 9c Kc] [Qh]
MARIBORO8: checks
Explosivo: bets $6
MARIBORO8: calls $6
*** SHOW DOWN ***
Explosivo: shows [7s 6d] (a pair of Nines)
MARIBORO8: shows [2h Ac] (a pair of Nines - Ace kicker)
MARIBORO8 collected $29.50 from pot
*** SUMMARY ***
Total pot $30 | Rake $0.50
Board [8h 9s 9c Kc Qh]
Seat 1: Explosivo (button) (small blind) showed [7s 6d] and lost with a pair of Nines
Seat 2: MARIBORO8 (big blind) showed [2h Ac] and won ($29.50) with a pair of Nines


PokerStars Hand #146087637812:  Hold'em Limit ($3/$6 USD) - 2015/12/28 18:57:51 ET
Table 'Crimea' 2-max Seat #2 is the button
Seat 1: Explosivo ($91 in chips)
Seat 2: MARIBORO8 ($148.26 in chips)
MARIBORO8: posts small blind $1
Explosivo: posts big blind $3
*** HOLE CARDS ***
MARIBORO8: raises $3 to $6
Explosivo: folds
Uncalled bet ($3) returned to MARIBORO8
MARIBORO8 collected $6 from pot
MARIBORO8: doesn't show hand
*** SUMMARY ***
Total pot $6 | Rake $0
Seat 1: Explosivo (big blind) folded before Flop
Seat 2: MARIBORO8 (button) (small blind) collected ($6)


PokerStars Hand #146087634482:  Hold'em Limit ($3/$6 USD) - 2015/12/28 18:57:46 ET
Table 'Crimea' 2-max Seat #1 is the button
Seat 1: Explosivo ($92 in chips)
Seat 2: MARIBORO8 ($147.26 in chips)
Explosivo: posts small blind $1
MARIBORO8: posts big blind $3
*** HOLE CARDS ***
Explosivo: folds
Uncalled bet ($2) returned to MARIBORO8
MARIBORO8 collected $2 from pot
MARIBORO8: doesn't show hand
*** SUMMARY ***
Total pot $2 | Rake $0
Seat 1: Explosivo (button) (small blind) folded before Flop
Seat 2: MARIBORO8 (big blind) collected ($2)


PokerStars Hand #146087622760:  Hold'em Limit ($3/$6 USD) - 2015/12/28 18:57:28 ET
Table 'Crimea' 2-max Seat #2 is the button
Seat 1: Explosivo ($98 in chips)
Seat 2: MARIBORO8 ($141.50 in chips)
MARIBORO8: posts small blind $1
Explosivo: posts big blind $3
*** HOLE CARDS ***
MARIBORO8: raises $3 to $6
Explosivo: calls $3
*** FLOP *** [Qh Th 2c]
Explosivo: checks
MARIBORO8: bets $3
Explosivo: folds
Uncalled bet ($3) returned to MARIBORO8
MARIBORO8 collected $11.76 from pot
MARIBORO8: doesn't show hand
*** SUMMARY ***
Total pot $12 | Rake $0.24
Board [Qh Th 2c]
Seat 1: Explosivo (big blind) folded on the Flop
Seat 2: MARIBORO8 (button) (small blind) collected ($11.76)


PokerStars Hand #146087641964:  Hold'em Limit ($3/$6 USD) - 2015/12/28 18:57:58 ET
Table 'Crimea' 2-max Seat #1 is the button
Seat 1: Explosivo ($88 in chips)
Seat 2: MARIBORO8 ($151.26 in chips)
Explosivo: posts small blind $1
MARIBORO8: posts big blind $3
*** HOLE CARDS ***
Explosivo: raises $3 to $6
MARIBORO8: calls $3
*** FLOP *** [Kd Kc 4d]
MARIBORO8: checks
Explosivo: bets $3
MARIBORO8: calls $3
*** TURN *** [Kd Kc 4d] [3h]
MARIBORO8: checks
Explosivo: bets $6
MARIBORO8: raises $6 to $12
Explosivo: calls $6
*** RIVER *** [Kd Kc 4d 3h] [9h]
MARIBORO8: bets $6
Explosivo: calls $6
*** SHOW DOWN ***
MARIBORO8: shows [8d 3d] (two pair, Kings and Threes)
Explosivo: shows [4h Ac] (two pair, Kings and Fours)
Explosivo collected $53.50 from pot
*** SUMMARY ***
Total pot $54 | Rake $0.50
Board [Kd Kc 4d 3h 9h]
Seat 1: Explosivo (button) (small blind) showed [4h Ac] and won ($53.50) with two pair, Kings and Fours
Seat 2: MARIBORO8 (big blind) showed [8d 3d] and lost with two pair, Kings and Threes


PokerStars Hand #146087680695:  Hold'em Limit ($3/$6 USD) - 2015/12/28 18:58:57 ET
Table 'Crimea' 2-max Seat #1 is the button
Seat 1: Explosivo ($96.50 in chips)
Seat 2: MARIBORO8 ($141.76 in chips)
Explosivo: posts small blind $1
MARIBORO8: posts big blind $3
*** HOLE CARDS ***
Explosivo: raises $3 to $6
MARIBORO8: calls $3
*** FLOP *** [8s 2c 5s]
MARIBORO8: checks
Explosivo: bets $3
MARIBORO8: folds
Uncalled bet ($3) returned to Explosivo
Explosivo collected $11.76 from pot
Explosivo: doesn't show hand
*** SUMMARY ***
Total pot $12 | Rake $0.24
Board [8s 2c 5s]
Seat 1: Explosivo (button) (small blind) collected ($11.76)
Seat 2: MARIBORO8 (big blind) folded on the Flop


PokerStars Hand #146087662547:  Hold'em Limit ($3/$6 USD) - 2015/12/28 18:58:29 ET
Table 'Crimea' 2-max Seat #2 is the button
Seat 1: Explosivo ($114.50 in chips)
Seat 2: MARIBORO8 ($124.26 in chips)
MARIBORO8: posts small blind $1
Explosivo: posts big blind $3
*** HOLE CARDS ***
MARIBORO8: raises $3 to $6
Explosivo: calls $3
*** FLOP *** [7h 9h 2s]
Explosivo: checks
MARIBORO8: checks
*** TURN *** [7h 9h 2s] [6d]
Explosivo: bets $6
MARIBORO8: calls $6
*** RIVER *** [7h 9h 2s 6d] [3h]
Explosivo: bets $6
MARIBORO8: raises $6 to $12
Explosivo: folds
Uncalled bet ($6) returned to MARIBORO8
MARIBORO8 collected $35.50 from pot
MARIBORO8: doesn't show hand
*** SUMMARY ***
Total pot $36 | Rake $0.50
Board [7h 9h 2s 6d 3h]
Seat 1: Explosivo (big blind) folded on the River
Seat 2: MARIBORO8 (button) (small blind) collected ($35.50)


PokerStars Hand #146087693687:  Hold'em Limit ($3/$6 USD) - 2015/12/28 18:59:17 ET
Table 'Crimea' 2-max Seat #2 is the button
Seat 1: Explosivo ($102.26 in chips)
Seat 2: MARIBORO8 ($135.76 in chips)
MARIBORO8: posts small blind $1
Explosivo: posts big blind $3
*** HOLE CARDS ***
MARIBORO8: raises $3 to $6
Explosivo: calls $3
*** FLOP *** [2h Qc Ac]
Explosivo: checks
MARIBORO8: bets $3
Explosivo: folds
Uncalled bet ($3) returned to MARIBORO8
MARIBORO8 collected $11.76 from pot
MARIBORO8: doesn't show hand
*** SUMMARY ***
Total pot $12 | Rake $0.24
Board [2h Qc Ac]
Seat 1: Explosivo (big blind) folded on the Flop
Seat 2: MARIBORO8 (button) (small blind) collected ($11.76)


