PokerStars Hand #146156367781:  Hold'em Limit ($3/$6 USD) - 2015/12/30 2:54:45 ET
Table 'Crimea' 6-max Seat #5 is the button
Seat 1: VolkovDmitri ($123 in chips)
Seat 5: WillemDuit ($117 in chips)
WillemDuit: posts small blind $1
VolkovDmitri: posts big blind $3
*** HOLE CARDS ***
WillemDuit: raises $3 to $6
VolkovDmitri: calls $3
*** FLOP *** [Ad 7d 6h]
VolkovDmitri: checks
WillemDuit: bets $3
VolkovDmitri: folds
Uncalled bet ($3) returned to WillemDuit
WillemDuit collected $11.76 from pot
WillemDuit: doesn't show hand
*** SUMMARY ***
Total pot $12 | Rake $0.24
Board [Ad 7d 6h]
Seat 1: VolkovDmitri (big blind) folded on the Flop
Seat 5: WillemDuit (button) (small blind) collected ($11.76)


PokerStars Hand #146156387132:  Hold'em Limit ($3/$6 USD) - 2015/12/30 2:55:47 ET
Table 'Crimea' 6-max Seat #1 is the button
Seat 1: VolkovDmitri ($125.64 in chips)
Seat 5: WillemDuit ($116.76 in chips)
VolkovDmitri: posts small blind $1
WillemDuit: posts big blind $3
*** HOLE CARDS ***
assitoni joins the table at seat #6
VolkovDmitri: raises $3 to $6
WillemDuit: folds
Uncalled bet ($3) returned to VolkovDmitri
VolkovDmitri collected $6 from pot
VolkovDmitri: doesn't show hand
*** SUMMARY ***
Total pot $6 | Rake $0
Seat 1: VolkovDmitri (button) (small blind) collected ($6)
Seat 5: WillemDuit (big blind) folded before Flop


PokerStars Hand #146156384448:  Hold'em Limit ($3/$6 USD) - 2015/12/30 2:55:38 ET
Table 'Crimea' 6-max Seat #5 is the button
Seat 1: VolkovDmitri ($128.64 in chips)
Seat 5: WillemDuit ($113.76 in chips)
WillemDuit: posts small blind $1
VolkovDmitri: posts big blind $3
*** HOLE CARDS ***
WillemDuit: raises $3 to $6
VolkovDmitri: folds
Uncalled bet ($3) returned to WillemDuit
WillemDuit collected $6 from pot
WillemDuit: doesn't show hand
*** SUMMARY ***
Total pot $6 | Rake $0
Seat 1: VolkovDmitri (big blind) folded before Flop
Seat 5: WillemDuit (button) (small blind) collected ($6)


PokerStars Hand #146156376325:  Hold'em Limit ($3/$6 USD) - 2015/12/30 2:55:11 ET
Table 'Crimea' 6-max Seat #1 is the button
Seat 1: VolkovDmitri ($120 in chips)
Seat 5: WillemDuit ($122.76 in chips)
VolkovDmitri: posts small blind $1
WillemDuit: posts big blind $3
*** HOLE CARDS ***
VolkovDmitri: raises $3 to $6
WillemDuit: calls $3
*** FLOP *** [Td 6s 7d]
WillemDuit: checks
VolkovDmitri: bets $3
WillemDuit: calls $3
*** TURN *** [Td 6s 7d] [5c]
WillemDuit: checks
VolkovDmitri: bets $6
WillemDuit: folds
Uncalled bet ($6) returned to VolkovDmitri
VolkovDmitri collected $17.64 from pot
VolkovDmitri: doesn't show hand
*** SUMMARY ***
Total pot $18 | Rake $0.36
Board [Td 6s 7d 5c]
Seat 1: VolkovDmitri (button) (small blind) collected ($17.64)
Seat 5: WillemDuit (big blind) folded on the Turn


PokerStars Hand #146159416163:  Hold'em Limit ($3/$6 USD) - 2015/12/30 5:03:36 ET
Table 'Crimea' 6-max Seat #6 is the button
Seat 2: Chessnok ($143.31 in chips)
Seat 6: SONCKG ($43.89 in chips)
SONCKG: posts small blind $1
Chessnok: posts big blind $3
*** HOLE CARDS ***
SONCKG: calls $2
Chessnok: checks
*** FLOP *** [6s 8d 3s]
Chessnok: bets $3
SONCKG: calls $3
*** TURN *** [6s 8d 3s] [Jd]
Chessnok: bets $6
SONCKG: raises $6 to $12
Chessnok: folds
Uncalled bet ($6) returned to SONCKG
SONCKG collected $23.52 from pot
*** SUMMARY ***
Total pot $24 | Rake $0.48
Board [6s 8d 3s Jd]
Seat 2: Chessnok (big blind) folded on the Turn
Seat 6: SONCKG (button) (small blind) collected ($23.52)


PokerStars Hand #146159431538:  Hold'em Limit ($3/$6 USD) - 2015/12/30 5:04:07 ET
Table 'Crimea' 6-max Seat #6 is the button
Seat 2: Chessnok ($119.31 in chips)
Seat 6: SONCKG ($66.93 in chips)
SONCKG: posts small blind $1
Chessnok: posts big blind $3
*** HOLE CARDS ***
SONCKG: folds
Uncalled bet ($2) returned to Chessnok
Chessnok collected $2 from pot
Chessnok: doesn't show hand
*** SUMMARY ***
Total pot $2 | Rake $0
Seat 2: Chessnok (big blind) collected ($2)
Seat 6: SONCKG (button) (small blind) folded before Flop


PokerStars Hand #146159423690:  Hold'em Limit ($3/$6 USD) - 2015/12/30 5:03:51 ET
Table 'Crimea' 6-max Seat #2 is the button
Seat 2: Chessnok ($131.31 in chips)
Seat 6: SONCKG ($55.41 in chips)
Chessnok: posts small blind $1
SONCKG: posts big blind $3
*** HOLE CARDS ***
Chessnok: raises $3 to $6
SONCKG: raises $3 to $9
Chessnok: calls $3
*** FLOP *** [7s 3d 8d]
SONCKG: bets $3
Chessnok: calls $3
*** TURN *** [7s 3d 8d] [9d]
SONCKG: bets $6
Chessnok: folds
Uncalled bet ($6) returned to SONCKG
SONCKG collected $23.52 from pot
*** SUMMARY ***
Total pot $24 | Rake $0.48
Board [7s 3d 8d 9d]
Seat 2: Chessnok (button) (small blind) folded on the Turn
Seat 6: SONCKG (big blind) collected ($23.52)


PokerStars Hand #146159436592:  Hold'em Limit ($3/$6 USD) - 2015/12/30 5:04:17 ET
Table 'Crimea' 6-max Seat #6 is the button
Seat 2: Chessnok ($123.31 in chips)
Seat 6: SONCKG ($62.93 in chips)
SONCKG: posts small blind $1
Chessnok: posts big blind $3
*** HOLE CARDS ***
SONCKG: folds
Uncalled bet ($2) returned to Chessnok
Chessnok collected $2 from pot
Chessnok: doesn't show hand
*** SUMMARY ***
Total pot $2 | Rake $0
Seat 2: Chessnok (big blind) collected ($2)
Seat 6: SONCKG (button) (small blind) folded before Flop


PokerStars Hand #146159433864:  Hold'em Limit ($3/$6 USD) - 2015/12/30 5:04:11 ET
Table 'Crimea' 6-max Seat #2 is the button
Seat 2: Chessnok ($120.31 in chips)
Seat 6: SONCKG ($65.93 in chips)
Chessnok: posts small blind $1
SONCKG: posts big blind $3
*** HOLE CARDS ***
Chessnok: raises $3 to $6
SONCKG: folds
Uncalled bet ($3) returned to Chessnok
Chessnok collected $6 from pot
Chessnok: doesn't show hand
*** SUMMARY ***
Total pot $6 | Rake $0
Seat 2: Chessnok (button) (small blind) collected ($6)
Seat 6: SONCKG (big blind) folded before Flop


PokerStars Hand #146159408431:  Hold'em Limit ($3/$6 USD) - 2015/12/30 5:03:19 ET
Table 'Crimea' 6-max Seat #2 is the button
Seat 2: Chessnok ($134.67 in chips)
Seat 6: SONCKG ($52.89 in chips)
Chessnok: posts small blind $1
SONCKG: posts big blind $3
*** HOLE CARDS ***
Chessnok: raises $3 to $6
SONCKG: calls $3
*** FLOP *** [6s Td 3h]
SONCKG: checks
Chessnok: bets $3
SONCKG: calls $3
*** TURN *** [6s Td 3h] [4d]
SONCKG: checks
Chessnok: bets $6
SONCKG: folds
Uncalled bet ($6) returned to Chessnok
Chessnok collected $17.64 from pot
Chessnok: doesn't show hand
*** SUMMARY ***
Total pot $18 | Rake $0.36
Board [6s Td 3h 4d]
Seat 2: Chessnok (button) (small blind) collected ($17.64)
Seat 6: SONCKG (big blind) folded on the Turn


PokerStars Hand #146159444064:  Hold'em Limit ($3/$6 USD) - 2015/12/30 5:04:32 ET
Table 'Crimea' 6-max Seat #6 is the button
Seat 2: Chessnok ($127.31 in chips)
Seat 6: SONCKG ($58.93 in chips)
SONCKG: posts small blind $1
Chessnok: posts big blind $3
*** HOLE CARDS ***
SONCKG: raises $3 to $6
Chessnok: raises $3 to $9
SONCKG: raises $3 to $12
Betting is capped
Chessnok: calls $3
*** FLOP *** [7h Kd Qh]
Chessnok: checks
SONCKG: bets $3
Chessnok: raises $3 to $6
SONCKG: raises $3 to $9
Chessnok: calls $3
*** TURN *** [7h Kd Qh] [Qc]
Chessnok: checks
SONCKG: bets $6
Chessnok: calls $6
*** RIVER *** [7h Kd Qh Qc] [7c]
Chessnok: checks
SONCKG: bets $6
Chessnok: folds
Uncalled bet ($6) returned to SONCKG
SONCKG collected $53.50 from pot
*** SUMMARY ***
Total pot $54 | Rake $0.50
Board [7h Kd Qh Qc 7c]
Seat 2: Chessnok (big blind) folded on the River
Seat 6: SONCKG (button) (small blind) collected ($53.50)


PokerStars Hand #146159456866:  Hold'em Limit ($3/$6 USD) - 2015/12/30 5:04:59 ET
Table 'Crimea' 6-max Seat #6 is the button
Seat 2: Chessnok ($99.31 in chips)
Seat 6: SONCKG ($86.43 in chips)
SONCKG: posts small blind $1
Chessnok: posts big blind $3
*** HOLE CARDS ***
SONCKG: folds
Uncalled bet ($2) returned to Chessnok
Chessnok collected $2 from pot
Chessnok: doesn't show hand
*** SUMMARY ***
Total pot $2 | Rake $0
Seat 2: Chessnok (big blind) collected ($2)
Seat 6: SONCKG (button) (small blind) folded before Flop


PokerStars Hand #146159454679:  Hold'em Limit ($3/$6 USD) - 2015/12/30 5:04:54 ET
Table 'Crimea' 6-max Seat #2 is the button
Seat 2: Chessnok ($100.31 in chips)
Seat 6: SONCKG ($85.43 in chips)
Chessnok: posts small blind $1
SONCKG: posts big blind $3
*** HOLE CARDS ***
Chessnok: folds
Uncalled bet ($2) returned to SONCKG
SONCKG collected $2 from pot
*** SUMMARY ***
Total pot $2 | Rake $0
Seat 2: Chessnok (button) (small blind) folded before Flop
Seat 6: SONCKG (big blind) collected ($2)


PokerStars Hand #146159459130:  Hold'em Limit ($3/$6 USD) - 2015/12/30 5:05:03 ET
Table 'Crimea' 6-max Seat #2 is the button
Seat 2: Chessnok ($100.31 in chips)
Seat 6: SONCKG ($85.43 in chips)
Chessnok: posts small blind $1
SONCKG: posts big blind $3
*** HOLE CARDS ***
Chessnok: raises $3 to $6
SONCKG: calls $3
*** FLOP *** [5h 9d 4h]
SONCKG: checks
Chessnok: bets $3
SONCKG: calls $3
*** TURN *** [5h 9d 4h] [As]
SONCKG: checks
Chessnok: bets $6
SONCKG: folds
Uncalled bet ($6) returned to Chessnok
Chessnok collected $17.64 from pot
Chessnok: doesn't show hand
*** SUMMARY ***
Total pot $18 | Rake $0.36
Board [5h 9d 4h As]
Seat 2: Chessnok (button) (small blind) collected ($17.64)
Seat 6: SONCKG (big blind) folded on the Turn


PokerStars Hand #146159438728:  Hold'em Limit ($3/$6 USD) - 2015/12/30 5:04:21 ET
Table 'Crimea' 6-max Seat #2 is the button
Seat 2: Chessnok ($124.31 in chips)
Seat 6: SONCKG ($61.93 in chips)
Chessnok: posts small blind $1
SONCKG: posts big blind $3
*** HOLE CARDS ***
Chessnok: raises $3 to $6
SONCKG: folds
Uncalled bet ($3) returned to Chessnok
Chessnok collected $6 from pot
Chessnok: doesn't show hand
*** SUMMARY ***
Total pot $6 | Rake $0
Seat 2: Chessnok (button) (small blind) collected ($6)
Seat 6: SONCKG (big blind) folded before Flop


PokerStars Hand #146159479109:  Hold'em Limit ($3/$6 USD) - 2015/12/30 5:05:44 ET
Table 'Crimea' 6-max Seat #6 is the button
Seat 2: Chessnok ($90.95 in chips)
Seat 6: SONCKG ($93.93 in chips)
SONCKG: posts small blind $1
Chessnok: posts big blind $3
*** HOLE CARDS ***
SONCKG: calls $2
Chessnok: checks
*** FLOP *** [8s Kc Ac]
Chessnok: checks
SONCKG: checks
*** TURN *** [8s Kc Ac] [3c]
Chessnok: checks
SONCKG: bets $6
Chessnok: calls $6
*** RIVER *** [8s Kc Ac 3c] [Ah]
Chessnok: checks
SONCKG: bets $6
Chessnok: folds
Uncalled bet ($6) returned to SONCKG
SONCKG collected $17.64 from pot
*** SUMMARY ***
Total pot $18 | Rake $0.36
Board [8s Kc Ac 3c Ah]
Seat 2: Chessnok (big blind) folded on the River
Seat 6: SONCKG (button) (small blind) collected ($17.64)


PokerStars Hand #146159487373:  Hold'em Limit ($3/$6 USD) - 2015/12/30 5:06:00 ET
Table 'Crimea' 6-max Seat #2 is the button
Seat 2: Chessnok ($81.95 in chips)
Seat 6: SONCKG ($102.57 in chips)
Chessnok: posts small blind $1
SONCKG: posts big blind $3
*** HOLE CARDS ***
Chessnok: raises $3 to $6
SONCKG: calls $3
*** FLOP *** [9s 3d 6h]
SONCKG: checks
Chessnok: bets $3
SONCKG: calls $3
*** TURN *** [9s 3d 6h] [Kh]
SONCKG: checks
Chessnok: bets $6
SONCKG: folds
Uncalled bet ($6) returned to Chessnok
Chessnok collected $17.64 from pot
Chessnok: doesn't show hand
*** SUMMARY ***
Total pot $18 | Rake $0.36
Board [9s 3d 6h Kh]
Seat 2: Chessnok (button) (small blind) collected ($17.64)
Seat 6: SONCKG (big blind) folded on the Turn


PokerStars Hand #146159497535:  Hold'em Limit ($3/$6 USD) - 2015/12/30 5:06:21 ET
Table 'Crimea' 6-max Seat #2 is the button
Seat 2: Chessnok ($87.59 in chips)
Seat 6: SONCKG ($96.57 in chips)
Chessnok: posts small blind $1
SONCKG: posts big blind $3
*** HOLE CARDS ***
Chessnok: folds
Uncalled bet ($2) returned to SONCKG
SONCKG collected $2 from pot
*** SUMMARY ***
Total pot $2 | Rake $0
Seat 2: Chessnok (button) (small blind) folded before Flop
Seat 6: SONCKG (big blind) collected ($2)


PokerStars Hand #146159494605:  Hold'em Limit ($3/$6 USD) - 2015/12/30 5:06:15 ET
Table 'Crimea' 6-max Seat #6 is the button
Seat 2: Chessnok ($90.59 in chips)
Seat 6: SONCKG ($93.57 in chips)
SONCKG: posts small blind $1
Chessnok: posts big blind $3
*** HOLE CARDS ***
SONCKG: raises $3 to $6
Chessnok: folds
Uncalled bet ($3) returned to SONCKG
SONCKG collected $6 from pot
*** SUMMARY ***
Total pot $6 | Rake $0
Seat 2: Chessnok (big blind) folded before Flop
Seat 6: SONCKG (button) (small blind) collected ($6)


PokerStars Hand #146159475879:  Hold'em Limit ($3/$6 USD) - 2015/12/30 5:05:37 ET
Table 'Crimea' 6-max Seat #2 is the button
Seat 2: Chessnok ($87.95 in chips)
Seat 6: SONCKG ($96.93 in chips)
Chessnok: posts small blind $1
SONCKG: posts big blind $3
*** HOLE CARDS ***
Chessnok: raises $3 to $6
SONCKG: folds
Uncalled bet ($3) returned to Chessnok
Chessnok collected $6 from pot
Chessnok: doesn't show hand
*** SUMMARY ***
Total pot $6 | Rake $0
Seat 2: Chessnok (button) (small blind) collected ($6)
Seat 6: SONCKG (big blind) folded before Flop


PokerStars Hand #146159466253:  Hold'em Limit ($3/$6 USD) - 2015/12/30 5:05:18 ET
Table 'Crimea' 6-max Seat #6 is the button
Seat 2: Chessnok ($108.95 in chips)
Seat 6: SONCKG ($76.43 in chips)
SONCKG: posts small blind $1
Chessnok: posts big blind $3
*** HOLE CARDS ***
SONCKG: raises $3 to $6
Chessnok: calls $3
*** FLOP *** [6s 2d Jd]
Chessnok: checks
SONCKG: bets $3
Chessnok: calls $3
*** TURN *** [6s 2d Jd] [4c]
Chessnok: checks
SONCKG: bets $6
Chessnok: calls $6
*** RIVER *** [6s 2d Jd 4c] [6h]
Chessnok: checks
SONCKG: bets $6
Chessnok: calls $6
*** SHOW DOWN ***
SONCKG: shows [8d 8h] (two pair, Eights and Sixes)
Chessnok: mucks hand
SONCKG collected $41.50 from pot
*** SUMMARY ***
Total pot $42 | Rake $0.50
Board [6s 2d Jd 4c 6h]
Seat 2: Chessnok (big blind) mucked
Seat 6: SONCKG (button) (small blind) showed [8d 8h] and won ($41.50) with two pair, Eights and Sixes


PokerStars Hand #146159499428:  Hold'em Limit ($3/$6 USD) - 2015/12/30 5:06:25 ET
Table 'Crimea' 6-max Seat #6 is the button
Seat 2: Chessnok ($86.59 in chips)
Seat 6: SONCKG ($97.57 in chips)
SONCKG: posts small blind $1
Chessnok: posts big blind $3
*** HOLE CARDS ***
SONCKG: raises $3 to $6
Chessnok: calls $3
*** FLOP *** [Qc Qh Ts]
Chessnok: checks
SONCKG: bets $3
Chessnok: calls $3
*** TURN *** [Qc Qh Ts] [4s]
Chessnok: checks
SONCKG: checks
*** RIVER *** [Qc Qh Ts 4s] [3c]
Chessnok: bets $6
SONCKG: calls $6
*** SHOW DOWN ***
Chessnok: shows [4c Jc] (two pair, Queens and Fours)
SONCKG: mucks hand
Chessnok collected $29.50 from pot
*** SUMMARY ***
Total pot $30 | Rake $0.50
Board [Qc Qh Ts 4s 3c]
Seat 2: Chessnok (big blind) showed [4c Jc] and won ($29.50) with two pair, Queens and Fours
Seat 6: SONCKG (button) (small blind) mucked


PokerStars Hand #146159510020:  Hold'em Limit ($3/$6 USD) - 2015/12/30 5:06:46 ET
Table 'Crimea' 6-max Seat #6 is the button
Seat 2: Chessnok ($104.09 in chips)
Seat 6: SONCKG ($79.57 in chips)
SONCKG: posts small blind $1
Chessnok: posts big blind $3
*** HOLE CARDS ***
SONCKG: folds
Uncalled bet ($2) returned to Chessnok
Chessnok collected $2 from pot
Chessnok: doesn't show hand
*** SUMMARY ***
Total pot $2 | Rake $0
Seat 2: Chessnok (big blind) collected ($2)
Seat 6: SONCKG (button) (small blind) folded before Flop


PokerStars Hand #146159507563:  Hold'em Limit ($3/$6 USD) - 2015/12/30 5:06:41 ET
Table 'Crimea' 6-max Seat #2 is the button
Seat 2: Chessnok ($101.09 in chips)
Seat 6: SONCKG ($82.57 in chips)
Chessnok: posts small blind $1
SONCKG: posts big blind $3
*** HOLE CARDS ***
Chessnok: raises $3 to $6
SONCKG: folds
Uncalled bet ($3) returned to Chessnok
Chessnok collected $6 from pot
Chessnok: doesn't show hand
*** SUMMARY ***
Total pot $6 | Rake $0
Seat 2: Chessnok (button) (small blind) collected ($6)
Seat 6: SONCKG (big blind) folded before Flop


PokerStars Hand #146159512265:  Hold'em Limit ($3/$6 USD) - 2015/12/30 5:06:51 ET
Table 'Crimea' 6-max Seat #2 is the button
Seat 2: Chessnok ($105.09 in chips)
Seat 6: SONCKG ($78.57 in chips)
Chessnok: posts small blind $1
SONCKG: posts big blind $3
*** HOLE CARDS ***
Chessnok: raises $3 to $6
SONCKG: folds
Uncalled bet ($3) returned to Chessnok
Chessnok collected $6 from pot
Chessnok: doesn't show hand
*** SUMMARY ***
Total pot $6 | Rake $0
Seat 2: Chessnok (button) (small blind) collected ($6)
Seat 6: SONCKG (big blind) folded before Flop


PokerStars Hand #146159514753:  Hold'em Limit ($3/$6 USD) - 2015/12/30 5:06:56 ET
Table 'Crimea' 6-max Seat #6 is the button
Seat 2: Chessnok ($108.09 in chips)
Seat 6: SONCKG ($75.57 in chips)
SONCKG: posts small blind $1
Chessnok: posts big blind $3
*** HOLE CARDS ***
SONCKG: calls $2
Chessnok: raises $3 to $6
SONCKG: raises $3 to $9
Chessnok: calls $3
*** FLOP *** [9s 5d 8c]
Chessnok: checks
SONCKG: bets $3
Chessnok: calls $3
*** TURN *** [9s 5d 8c] [4h]
Chessnok: checks
SONCKG: bets $6
Chessnok: calls $6
*** RIVER *** [9s 5d 8c 4h] [8d]
Chessnok: checks
SONCKG: bets $6
Chessnok: folds
Uncalled bet ($6) returned to SONCKG
SONCKG collected $35.50 from pot
*** SUMMARY ***
Total pot $36 | Rake $0.50
Board [9s 5d 8c 4h 8d]
Seat 2: Chessnok (big blind) folded on the River
Seat 6: SONCKG (button) (small blind) collected ($35.50)


PokerStars Hand #146159523911:  Hold'em Limit ($3/$6 USD) - 2015/12/30 5:07:15 ET
Table 'Crimea' 6-max Seat #2 is the button
Seat 2: Chessnok ($90.09 in chips)
Seat 6: SONCKG ($93.07 in chips)
Chessnok: posts small blind $1
SONCKG: posts big blind $3
*** HOLE CARDS ***
Chessnok: raises $3 to $6
SONCKG: calls $3
*** FLOP *** [2d Qh 4d]
SONCKG: checks
Chessnok: bets $3
SONCKG: calls $3
*** TURN *** [2d Qh 4d] [Js]
SONCKG: checks
Chessnok: bets $6
SONCKG: calls $6
*** RIVER *** [2d Qh 4d Js] [7s]
SONCKG: checks
Chessnok: bets $6
SONCKG: calls $6
*** SHOW DOWN ***
Chessnok: shows [Qc Jc] (two pair, Queens and Jacks)
SONCKG: mucks hand
Chessnok collected $41.50 from pot
*** SUMMARY ***
Total pot $42 | Rake $0.50
Board [2d Qh 4d Js 7s]
Seat 2: Chessnok (button) (small blind) showed [Qc Jc] and won ($41.50) with two pair, Queens and Jacks
Seat 6: SONCKG (big blind) mucked


PokerStars Hand #146159534785:  Hold'em Limit ($3/$6 USD) - 2015/12/30 5:07:37 ET
Table 'Crimea' 6-max Seat #6 is the button
Seat 2: Chessnok ($110.59 in chips)
Seat 6: SONCKG ($72.07 in chips)
SONCKG: posts small blind $1
Chessnok: posts big blind $3
*** HOLE CARDS ***
SONCKG: raises $3 to $6
Chessnok: calls $3
*** FLOP *** [Td Jd 7s]
Chessnok: checks
SONCKG: bets $3
Chessnok: raises $3 to $6
SONCKG: calls $3
*** TURN *** [Td Jd 7s] [4h]
Chessnok: bets $6
SONCKG: calls $6
*** RIVER *** [Td Jd 7s 4h] [8d]
Chessnok: bets $6
SONCKG: raises $6 to $12
Chessnok: calls $6
*** SHOW DOWN ***
SONCKG: shows [5d 5h] (a pair of Fives)
Chessnok: shows [Ts 7h] (two pair, Tens and Sevens)
Chessnok collected $59.50 from pot
*** SUMMARY ***
Total pot $60 | Rake $0.50
Board [Td Jd 7s 4h 8d]
Seat 2: Chessnok (big blind) showed [Ts 7h] and won ($59.50) with two pair, Tens and Sevens
Seat 6: SONCKG (button) (small blind) showed [5d 5h] and lost with a pair of Fives


PokerStars Hand #146159543160:  Hold'em Limit ($3/$6 USD) - 2015/12/30 5:07:54 ET
Table 'Crimea' 6-max Seat #2 is the button
Seat 2: Chessnok ($140.09 in chips)
Seat 6: SONCKG ($42.07 in chips)
Chessnok: posts small blind $1
SONCKG: posts big blind $3
*** HOLE CARDS ***
Chessnok: raises $3 to $6
SONCKG: calls $3
*** FLOP *** [Qh 4c 8s]
SONCKG: checks
Chessnok: bets $3
SONCKG: calls $3
*** TURN *** [Qh 4c 8s] [7d]
SONCKG: checks
Chessnok: checks
*** RIVER *** [Qh 4c 8s 7d] [Qc]
SONCKG: bets $6
Chessnok: folds
Uncalled bet ($6) returned to SONCKG
SONCKG collected $17.64 from pot
*** SUMMARY ***
Total pot $18 | Rake $0.36
Board [Qh 4c 8s 7d Qc]
Seat 2: Chessnok (button) (small blind) folded on the River
Seat 6: SONCKG (big blind) collected ($17.64)


PokerStars Hand #146159551095:  Hold'em Limit ($3/$6 USD) - 2015/12/30 5:08:10 ET
Table 'Crimea' 6-max Seat #6 is the button
Seat 2: Chessnok ($131.09 in chips)
Seat 6: SONCKG ($50.71 in chips)
SONCKG: posts small blind $1
Chessnok: posts big blind $3
*** HOLE CARDS ***
SONCKG: calls $2
Chessnok: raises $3 to $6
SONCKG: calls $3
*** FLOP *** [Ac As 8d]
Chessnok: bets $3
SONCKG: calls $3
*** TURN *** [Ac As 8d] [Qd]
Chessnok: bets $6
SONCKG: folds
Uncalled bet ($6) returned to Chessnok
Chessnok collected $17.64 from pot
Chessnok: doesn't show hand
*** SUMMARY ***
Total pot $18 | Rake $0.36
Board [Ac As 8d Qd]
Seat 2: Chessnok (big blind) collected ($17.64)
Seat 6: SONCKG (button) (small blind) folded on the Turn


PokerStars Hand #146159556937:  Hold'em Limit ($3/$6 USD) - 2015/12/30 5:08:22 ET
Table 'Crimea' 6-max Seat #2 is the button
Seat 2: Chessnok ($139.73 in chips)
Seat 6: SONCKG ($41.71 in chips)
Chessnok: posts small blind $1
SONCKG: posts big blind $3
*** HOLE CARDS ***
Chessnok: raises $3 to $6
SONCKG: raises $3 to $9
Chessnok: calls $3
*** FLOP *** [Kd Qc 4s]
SONCKG: bets $3
Chessnok: calls $3
*** TURN *** [Kd Qc 4s] [Tc]
SONCKG: bets $6
Chessnok: calls $6
*** RIVER *** [Kd Qc 4s Tc] [8h]
SONCKG: bets $6
Chessnok: calls $6
*** SHOW DOWN ***
SONCKG: shows [3d Ad] (high card Ace)
Chessnok: shows [9d 9s] (a pair of Nines)
Chessnok collected $47.50 from pot
*** SUMMARY ***
Total pot $48 | Rake $0.50
Board [Kd Qc 4s Tc 8h]
Seat 2: Chessnok (button) (small blind) showed [9d 9s] and won ($47.50) with a pair of Nines
Seat 6: SONCKG (big blind) showed [3d Ad] and lost with high card Ace


PokerStars Hand #146159565915:  Hold'em Limit ($3/$6 USD) - 2015/12/30 5:08:41 ET
Table 'Crimea' 6-max Seat #6 is the button
Seat 2: Chessnok ($163.23 in chips)
Seat 6: SONCKG ($17.71 in chips)
SONCKG: posts small blind $1
Chessnok: posts big blind $3
*** HOLE CARDS ***
SONCKG: calls $2
Chessnok: raises $3 to $6
SONCKG: calls $3
*** FLOP *** [Ad 7s 4c]
Chessnok: bets $3
SONCKG: calls $3
*** TURN *** [Ad 7s 4c] [Jh]
Chessnok: bets $6
SONCKG: raises $2.71 to $8.71 and is all-in
Chessnok: calls $2.71
*** RIVER *** [Ad 7s 4c Jh] [3d]
*** SHOW DOWN ***
Chessnok: shows [Tc Js] (a pair of Jacks)
SONCKG: shows [Jc 8c] (a pair of Jacks - lower kicker)
Chessnok collected $34.92 from pot
*** SUMMARY ***
Total pot $35.42 | Rake $0.50
Board [Ad 7s 4c Jh 3d]
Seat 2: Chessnok (big blind) showed [Tc Js] and won ($34.92) with a pair of Jacks
Seat 6: SONCKG (button) (small blind) showed [Jc 8c] and lost with a pair of Jacks


