PokerStars Hand #146207679106:  Hold'em Limit ($3/$6 USD) - 2015/12/30 21:46:47 ET
Table 'Crimea' 10-max Seat #8 is the button
Seat 5: napol ($108 in chips)
Seat 8: Pandakey ($131.52 in chips)
Pandakey: posts small blind $1
napol: posts big blind $3
*** HOLE CARDS ***
Pandakey: raises $3 to $6
napol: calls $3
*** FLOP *** [As 9h 9d]
napol: checks
Pandakey: bets $3
napol: folds
Uncalled bet ($3) returned to Pandakey
Pandakey collected $11.76 from pot
Pandakey: doesn't show hand
*** SUMMARY ***
Total pot $12 | Rake $0.24
Board [As 9h 9d]
Seat 5: napol (big blind) folded on the Flop
Seat 8: Pandakey (button) (small blind) collected ($11.76)


PokerStars Hand #146207683869:  Hold'em Limit ($3/$6 USD) - 2015/12/30 21:46:57 ET
Table 'Crimea' 10-max Seat #5 is the button
Seat 5: napol ($102 in chips)
Seat 8: Pandakey ($137.28 in chips)
napol: posts small blind $1
Pandakey: posts big blind $3
*** HOLE CARDS ***
napol: raises $3 to $6
Pandakey: calls $3
*** FLOP *** [Qh 6d 7d]
Pandakey: checks
napol: bets $3
Pandakey: folds
Uncalled bet ($3) returned to napol
napol collected $11.76 from pot
napol: doesn't show hand
*** SUMMARY ***
Total pot $12 | Rake $0.24
Board [Qh 6d 7d]
Seat 5: napol (button) (small blind) collected ($11.76)
Seat 8: Pandakey (big blind) folded on the Flop


PokerStars Hand #146207699112:  Hold'em Limit ($3/$6 USD) - 2015/12/30 21:47:16 ET
Table 'Crimea' 10-max Seat #5 is the button
Seat 5: napol ($116.40 in chips)
Seat 8: Pandakey ($122.28 in chips)
napol: posts small blind $1
Pandakey: posts big blind $3
*** HOLE CARDS ***
napol: folds
Uncalled bet ($2) returned to Pandakey
Pandakey collected $2 from pot
Pandakey: doesn't show hand
*** SUMMARY ***
Total pot $2 | Rake $0
Seat 5: napol (button) (small blind) folded before Flop
Seat 8: Pandakey (big blind) collected ($2)


PokerStars Hand #146207691958:  Hold'em Limit ($3/$6 USD) - 2015/12/30 21:47:06 ET
Table 'Crimea' 10-max Seat #8 is the button
Seat 5: napol ($107.76 in chips)
Seat 8: Pandakey ($131.28 in chips)
Pandakey: posts small blind $1
napol: posts big blind $3
*** HOLE CARDS ***
Pandakey: raises $3 to $6
napol: calls $3
*** FLOP *** [Jd Kc 2d]
napol: checks
Pandakey: bets $3
napol: raises $3 to $6
Pandakey: folds
Uncalled bet ($3) returned to napol
napol collected $17.64 from pot
napol: doesn't show hand
*** SUMMARY ***
Total pot $18 | Rake $0.36
Board [Jd Kc 2d]
Seat 5: napol (big blind) collected ($17.64)
Seat 8: Pandakey (button) (small blind) folded on the Flop


PokerStars Hand #146207705362:  Hold'em Limit ($3/$6 USD) - 2015/12/30 21:47:27 ET
Table 'Crimea' 10-max Seat #5 is the button
Seat 5: napol ($112.40 in chips)
Seat 8: Pandakey ($126.28 in chips)
napol: posts small blind $1
Pandakey: posts big blind $3
*** HOLE CARDS ***
napol: raises $3 to $6
Pandakey: folds
Uncalled bet ($3) returned to napol
napol collected $6 from pot
napol: doesn't show hand
*** SUMMARY ***
Total pot $6 | Rake $0
Seat 5: napol (button) (small blind) collected ($6)
Seat 8: Pandakey (big blind) folded before Flop


PokerStars Hand #146207669027:  Hold'em Limit ($3/$6 USD) - 2015/12/30 21:46:28 ET
Table 'Crimea' 10-max Seat #5 is the button
Seat 5: napol ($120 in chips)
Seat 8: Pandakey ($120 in chips)
napol: posts small blind $1
Pandakey: posts big blind $3
*** HOLE CARDS ***
napol: raises $3 to $6
Pandakey: calls $3
*** FLOP *** [8c 9s Js]
Pandakey: checks
napol: bets $3
Pandakey: raises $3 to $6
napol: calls $3
*** TURN *** [8c 9s Js] [Jh]
Pandakey: bets $6
napol: folds
Uncalled bet ($6) returned to Pandakey
Pandakey collected $23.52 from pot
Pandakey: doesn't show hand
*** SUMMARY ***
Total pot $24 | Rake $0.48
Board [8c 9s Js Jh]
Seat 5: napol (button) (small blind) folded on the Turn
Seat 8: Pandakey (big blind) collected ($23.52)


PokerStars Hand #146207718175:  Hold'em Limit ($3/$6 USD) - 2015/12/30 21:47:51 ET
Table 'Crimea' 10-max Seat #8 is the button
Seat 5: napol ($128.90 in chips)
Seat 8: Pandakey ($109.28 in chips)
Pandakey: posts small blind $1
napol: posts big blind $3
*** HOLE CARDS ***
Pandakey: raises $3 to $6
napol: calls $3
*** FLOP *** [4d 4c Td]
napol: checks
Pandakey: bets $3
napol: raises $3 to $6
Pandakey: folds
Uncalled bet ($3) returned to napol
napol collected $17.64 from pot
napol: doesn't show hand
*** SUMMARY ***
Total pot $18 | Rake $0.36
Board [4d 4c Td]
Seat 5: napol (big blind) collected ($17.64)
Seat 8: Pandakey (button) (small blind) folded on the Flop


PokerStars Hand #146207738108:  Hold'em Limit ($3/$6 USD) - 2015/12/30 21:48:30 ET
Table 'Crimea' 10-max Seat #8 is the button
Seat 5: napol ($158.04 in chips)
Seat 8: Pandakey ($79.28 in chips)
Pandakey: posts small blind $1
napol: posts big blind $3
*** HOLE CARDS ***
Pandakey: raises $3 to $6
napol: folds
Uncalled bet ($3) returned to Pandakey
Pandakey collected $6 from pot
Pandakey: doesn't show hand
*** SUMMARY ***
Total pot $6 | Rake $0
Seat 5: napol (big blind) folded before Flop
Seat 8: Pandakey (button) (small blind) collected ($6)


PokerStars Hand #146207715764:  Hold'em Limit ($3/$6 USD) - 2015/12/30 21:47:46 ET
Table 'Crimea' 10-max Seat #5 is the button
Seat 5: napol ($129.90 in chips)
Seat 8: Pandakey ($108.28 in chips)
napol: posts small blind $1
Pandakey: posts big blind $3
*** HOLE CARDS ***
napol: folds
Uncalled bet ($2) returned to Pandakey
Pandakey collected $2 from pot
Pandakey: doesn't show hand
*** SUMMARY ***
Total pot $2 | Rake $0
Seat 5: napol (button) (small blind) folded before Flop
Seat 8: Pandakey (big blind) collected ($2)


PokerStars Hand #146207708066:  Hold'em Limit ($3/$6 USD) - 2015/12/30 21:47:32 ET
Table 'Crimea' 10-max Seat #8 is the button
Seat 5: napol ($115.40 in chips)
Seat 8: Pandakey ($123.28 in chips)
Pandakey: posts small blind $1
napol: posts big blind $3
*** HOLE CARDS ***
Pandakey: raises $3 to $6
napol: calls $3
*** FLOP *** [Ks 6d 3d]
napol: checks
Pandakey: bets $3
napol: calls $3
*** TURN *** [Ks 6d 3d] [5h]
napol: checks
Pandakey: checks
*** RIVER *** [Ks 6d 3d 5h] [Kc]
napol: bets $6
Pandakey: calls $6
*** SHOW DOWN ***
napol: shows [8c 3c] (two pair, Kings and Threes)
Pandakey: mucks hand
napol collected $29.50 from pot
*** SUMMARY ***
Total pot $30 | Rake $0.50
Board [Ks 6d 3d 5h Kc]
Seat 5: napol (big blind) showed [8c 3c] and won ($29.50) with two pair, Kings and Threes
Seat 8: Pandakey (button) (small blind) mucked


PokerStars Hand #146207748341:  Hold'em Limit ($3/$6 USD) - 2015/12/30 21:48:50 ET
Table 'Crimea' 10-max Seat #8 is the button
Seat 5: napol ($143.04 in chips)
Seat 8: Pandakey ($93.80 in chips)
Pandakey: posts small blind $1
napol: posts big blind $3
*** HOLE CARDS ***
Pandakey: raises $3 to $6
napol: raises $3 to $9
Pandakey: calls $3
*** FLOP *** [9h 6s 8d]
napol: bets $3
Pandakey: calls $3
*** TURN *** [9h 6s 8d] [7d]
napol: checks
Pandakey: bets $6
napol: calls $6
*** RIVER *** [9h 6s 8d 7d] [6c]
napol: checks
Pandakey: bets $6
napol: calls $6
*** SHOW DOWN ***
Pandakey: shows [Jd 5s] (a straight, Five to Nine)
napol: mucks hand
Pandakey collected $47.50 from pot
*** SUMMARY ***
Total pot $48 | Rake $0.50
Board [9h 6s 8d 7d 6c]
Seat 5: napol (big blind) mucked
Seat 8: Pandakey (button) (small blind) showed [Jd 5s] and won ($47.50) with a straight, Five to Nine


PokerStars Hand #146207760381:  Hold'em Limit ($3/$6 USD) - 2015/12/30 21:49:14 ET
Table 'Crimea' 10-max Seat #8 is the button
Seat 5: napol ($118.04 in chips)
Seat 8: Pandakey ($118.30 in chips)
Pandakey: posts small blind $1
napol: posts big blind $3
*** HOLE CARDS ***
Pandakey: raises $3 to $6
napol: folds
Uncalled bet ($3) returned to Pandakey
Pandakey collected $6 from pot
Pandakey: doesn't show hand
*** SUMMARY ***
Total pot $6 | Rake $0
Seat 5: napol (big blind) folded before Flop
Seat 8: Pandakey (button) (small blind) collected ($6)


PokerStars Hand #146207758087:  Hold'em Limit ($3/$6 USD) - 2015/12/30 21:49:10 ET
Table 'Crimea' 10-max Seat #5 is the button
Seat 5: napol ($119.04 in chips)
Seat 8: Pandakey ($117.30 in chips)
napol: posts small blind $1
Pandakey: posts big blind $3
*** HOLE CARDS ***
napol: folds
Uncalled bet ($2) returned to Pandakey
Pandakey collected $2 from pot
Pandakey: doesn't show hand
*** SUMMARY ***
Total pot $2 | Rake $0
Seat 5: napol (button) (small blind) folded before Flop
Seat 8: Pandakey (big blind) collected ($2)


PokerStars Hand #146207762756:  Hold'em Limit ($3/$6 USD) - 2015/12/30 21:49:19 ET
Table 'Crimea' 10-max Seat #5 is the button
Seat 5: napol ($115.04 in chips)
Seat 8: Pandakey ($121.30 in chips)
napol: posts small blind $1
Pandakey: posts big blind $3
*** HOLE CARDS ***
napol: raises $3 to $6
Pandakey: calls $3
*** FLOP *** [5d Qh 8h]
Pandakey: checks
napol: bets $3
Pandakey: raises $3 to $6
napol: calls $3
*** TURN *** [5d Qh 8h] [5c]
Pandakey: bets $6
napol: folds
Uncalled bet ($6) returned to Pandakey
Pandakey collected $23.52 from pot
Pandakey: doesn't show hand
*** SUMMARY ***
Total pot $24 | Rake $0.48
Board [5d Qh 8h 5c]
Seat 5: napol (button) (small blind) folded on the Turn
Seat 8: Pandakey (big blind) collected ($23.52)


PokerStars Hand #146207740701:  Hold'em Limit ($3/$6 USD) - 2015/12/30 21:48:35 ET
Table 'Crimea' 10-max Seat #5 is the button
Seat 5: napol ($155.04 in chips)
Seat 8: Pandakey ($82.28 in chips)
napol: posts small blind $1
Pandakey: posts big blind $3
*** HOLE CARDS ***
napol: raises $3 to $6
Pandakey: raises $3 to $9
napol: calls $3
*** FLOP *** [5s 3s Ac]
Pandakey: bets $3
napol: calls $3
*** TURN *** [5s 3s Ac] [9h]
Pandakey: bets $6
napol: folds
Uncalled bet ($6) returned to Pandakey
Pandakey collected $23.52 from pot
Pandakey: doesn't show hand
*** SUMMARY ***
Total pot $24 | Rake $0.48
Board [5s 3s Ac 9h]
Seat 5: napol (button) (small blind) folded on the Turn
Seat 8: Pandakey (big blind) collected ($23.52)


PokerStars Hand #146207777010:  Hold'em Limit ($3/$6 USD) - 2015/12/30 21:49:47 ET
Table 'Crimea' 10-max Seat #5 is the button
Seat 5: napol ($126.54 in chips)
Seat 8: Pandakey ($108.82 in chips)
napol: posts small blind $1
Pandakey: posts big blind $3
*** HOLE CARDS ***
napol: raises $3 to $6
Pandakey: folds
Uncalled bet ($3) returned to napol
napol collected $6 from pot
napol: doesn't show hand
*** SUMMARY ***
Total pot $6 | Rake $0
Seat 5: napol (button) (small blind) collected ($6)
Seat 8: Pandakey (big blind) folded before Flop


PokerStars Hand #146207768947:  Hold'em Limit ($3/$6 USD) - 2015/12/30 21:49:31 ET
Table 'Crimea' 10-max Seat #8 is the button
Seat 5: napol ($103.04 in chips)
Seat 8: Pandakey ($132.82 in chips)
Pandakey: posts small blind $1
napol: posts big blind $3
*** HOLE CARDS ***
Pandakey: raises $3 to $6
napol: calls $3
*** FLOP *** [Ts 3c 7s]
napol: checks
Pandakey: bets $3
napol: raises $3 to $6
Pandakey: calls $3
*** TURN *** [Ts 3c 7s] [2c]
napol: bets $6
Pandakey: calls $6
*** RIVER *** [Ts 3c 7s 2c] [2d]
napol: bets $6
Pandakey: calls $6
*** SHOW DOWN ***
napol: shows [7c Qc] (two pair, Sevens and Deuces)
Pandakey: mucks hand
napol collected $47.50 from pot
*** SUMMARY ***
Total pot $48 | Rake $0.50
Board [Ts 3c 7s 2c 2d]
Seat 5: napol (big blind) showed [7c Qc] and won ($47.50) with two pair, Sevens and Deuces
Seat 8: Pandakey (button) (small blind) mucked


PokerStars Hand #146207779716:  Hold'em Limit ($3/$6 USD) - 2015/12/30 21:49:53 ET
Table 'Crimea' 10-max Seat #8 is the button
Seat 5: napol ($129.54 in chips)
Seat 8: Pandakey ($105.82 in chips)
Pandakey: posts small blind $1
napol: posts big blind $3
*** HOLE CARDS ***
Pandakey: raises $3 to $6
napol: folds
Uncalled bet ($3) returned to Pandakey
Pandakey collected $6 from pot
Pandakey: doesn't show hand
*** SUMMARY ***
Total pot $6 | Rake $0
Seat 5: napol (big blind) folded before Flop
Seat 8: Pandakey (button) (small blind) collected ($6)


PokerStars Hand #146207790437:  Hold'em Limit ($3/$6 USD) - 2015/12/30 21:50:14 ET
Table 'Crimea' 10-max Seat #8 is the button
Seat 5: napol ($141.04 in chips)
Seat 8: Pandakey ($93.82 in chips)
Pandakey: posts small blind $1
napol: posts big blind $3
*** HOLE CARDS ***
Pandakey: folds
Uncalled bet ($2) returned to napol
napol collected $2 from pot
napol: doesn't show hand
*** SUMMARY ***
Total pot $2 | Rake $0
Seat 5: napol (big blind) collected ($2)
Seat 8: Pandakey (button) (small blind) folded before Flop


PokerStars Hand #146207782260:  Hold'em Limit ($3/$6 USD) - 2015/12/30 21:49:58 ET
Table 'Crimea' 10-max Seat #5 is the button
Seat 5: napol ($126.54 in chips)
Seat 8: Pandakey ($108.82 in chips)
napol: posts small blind $1
Pandakey: posts big blind $3
*** HOLE CARDS ***
napol: raises $3 to $6
Pandakey: calls $3
*** FLOP *** [Jh 9c 4h]
Pandakey: checks
napol: bets $3
Pandakey: calls $3
*** TURN *** [Jh 9c 4h] [Js]
Pandakey: checks
napol: checks
*** RIVER *** [Jh 9c 4h Js] [4s]
Pandakey: bets $6
napol: calls $6
*** SHOW DOWN ***
Pandakey: shows [2h 2s] (two pair, Jacks and Fours)
napol: shows [Qh Kh] (two pair, Jacks and Fours - King kicker)
napol collected $29.50 from pot
*** SUMMARY ***
Total pot $30 | Rake $0.50
Board [Jh 9c 4h Js 4s]
Seat 5: napol (button) (small blind) showed [Qh Kh] and won ($29.50) with two pair, Jacks and Fours
Seat 8: Pandakey (big blind) showed [2h 2s] and lost with two pair, Jacks and Fours


PokerStars Hand #146207792762:  Hold'em Limit ($3/$6 USD) - 2015/12/30 21:50:18 ET
Table 'Crimea' 10-max Seat #5 is the button
Seat 5: napol ($142.04 in chips)
Seat 8: Pandakey ($92.82 in chips)
napol: posts small blind $1
Pandakey: posts big blind $3
*** HOLE CARDS ***
napol: raises $3 to $6
Pandakey: calls $3
*** FLOP *** [2c 8s 9c]
Pandakey: checks
napol: bets $3
Pandakey: calls $3
*** TURN *** [2c 8s 9c] [Jh]
Pandakey: checks
napol: bets $6
Pandakey: folds
Uncalled bet ($6) returned to napol
napol collected $17.64 from pot
napol: doesn't show hand
*** SUMMARY ***
Total pot $18 | Rake $0.36
Board [2c 8s 9c Jh]
Seat 5: napol (button) (small blind) collected ($17.64)
Seat 8: Pandakey (big blind) folded on the Turn


PokerStars Hand #146207800948:  Hold'em Limit ($3/$6 USD) - 2015/12/30 21:50:35 ET
Table 'Crimea' 10-max Seat #5 is the button
Seat 5: napol ($147.68 in chips)
Seat 8: Pandakey ($86.82 in chips)
napol: posts small blind $1
Pandakey: posts big blind $3
*** HOLE CARDS ***
napol: raises $3 to $6
Pandakey: folds
Uncalled bet ($3) returned to napol
napol collected $6 from pot
napol: doesn't show hand
*** SUMMARY ***
Total pot $6 | Rake $0
Seat 5: napol (button) (small blind) collected ($6)
Seat 8: Pandakey (big blind) folded before Flop


PokerStars Hand #146207798570:  Hold'em Limit ($3/$6 USD) - 2015/12/30 21:50:30 ET
Table 'Crimea' 10-max Seat #8 is the button
Seat 5: napol ($150.68 in chips)
Seat 8: Pandakey ($83.82 in chips)
Pandakey: posts small blind $1
napol: posts big blind $3
*** HOLE CARDS ***
Pandakey: raises $3 to $6
napol: folds
Uncalled bet ($3) returned to Pandakey
Pandakey collected $6 from pot
Pandakey: doesn't show hand
*** SUMMARY ***
Total pot $6 | Rake $0
Seat 5: napol (big blind) folded before Flop
Seat 8: Pandakey (button) (small blind) collected ($6)


PokerStars Hand #146207803501:  Hold'em Limit ($3/$6 USD) - 2015/12/30 21:50:40 ET
Table 'Crimea' 10-max Seat #8 is the button
Seat 5: napol ($150.68 in chips)
Seat 8: Pandakey ($83.82 in chips)
Pandakey: posts small blind $1
napol: posts big blind $3
*** HOLE CARDS ***
Pandakey: raises $3 to $6
napol: calls $3
*** FLOP *** [Td 2d Tc]
napol: checks
Pandakey: bets $3
napol: calls $3
*** TURN *** [Td 2d Tc] [Qd]
napol: checks
Pandakey: bets $6
napol: raises $6 to $12
Pandakey: calls $6
*** RIVER *** [Td 2d Tc Qd] [2s]
napol: bets $6
Pandakey: folds
Uncalled bet ($6) returned to napol
napol collected $41.50 from pot
napol: doesn't show hand
*** SUMMARY ***
Total pot $42 | Rake $0.50
Board [Td 2d Tc Qd 2s]
Seat 5: napol (big blind) collected ($41.50)
Seat 8: Pandakey (button) (small blind) folded on the River


PokerStars Hand #146207817867:  Hold'em Limit ($3/$6 USD) - 2015/12/30 21:51:09 ET
Table 'Crimea' 10-max Seat #5 is the button
Seat 5: napol ($175.18 in chips)
Seat 8: Pandakey ($58.82 in chips)
napol: posts small blind $1
Pandakey: posts big blind $3
*** HOLE CARDS ***
napol: folds
Uncalled bet ($2) returned to Pandakey
Pandakey collected $2 from pot
Pandakey: doesn't show hand
*** SUMMARY ***
Total pot $2 | Rake $0
Seat 5: napol (button) (small blind) folded before Flop
Seat 8: Pandakey (big blind) collected ($2)


PokerStars Hand #146207815570:  Hold'em Limit ($3/$6 USD) - 2015/12/30 21:51:04 ET
Table 'Crimea' 10-max Seat #8 is the button
Seat 5: napol ($174.18 in chips)
Seat 8: Pandakey ($59.82 in chips)
Pandakey: posts small blind $1
napol: posts big blind $3
*** HOLE CARDS ***
Pandakey: folds
Uncalled bet ($2) returned to napol
napol collected $2 from pot
napol: doesn't show hand
*** SUMMARY ***
Total pot $2 | Rake $0
Seat 5: napol (big blind) collected ($2)
Seat 8: Pandakey (button) (small blind) folded before Flop


PokerStars Hand #146207813023:  Hold'em Limit ($3/$6 USD) - 2015/12/30 21:50:59 ET
Table 'Crimea' 10-max Seat #5 is the button
Seat 5: napol ($171.18 in chips)
Seat 8: Pandakey ($62.82 in chips)
napol: posts small blind $1
Pandakey: posts big blind $3
*** HOLE CARDS ***
napol: raises $3 to $6
Pandakey: folds
Uncalled bet ($3) returned to napol
napol collected $6 from pot
napol: doesn't show hand
*** SUMMARY ***
Total pot $6 | Rake $0
Seat 5: napol (button) (small blind) collected ($6)
Seat 8: Pandakey (big blind) folded before Flop


PokerStars Hand #146207820070:  Hold'em Limit ($3/$6 USD) - 2015/12/30 21:51:13 ET
Table 'Crimea' 10-max Seat #8 is the button
Seat 5: napol ($174.18 in chips)
Seat 8: Pandakey ($59.82 in chips)
Pandakey: posts small blind $1
napol: posts big blind $3
*** HOLE CARDS ***
Pandakey: raises $3 to $6
napol: folds
Uncalled bet ($3) returned to Pandakey
Pandakey collected $6 from pot
Pandakey: doesn't show hand
*** SUMMARY ***
Total pot $6 | Rake $0
Seat 5: napol (big blind) folded before Flop
Seat 8: Pandakey (button) (small blind) collected ($6)


PokerStars Hand #146207822417:  Hold'em Limit ($3/$6 USD) - 2015/12/30 21:51:18 ET
Table 'Crimea' 10-max Seat #5 is the button
Seat 5: napol ($171.18 in chips)
Seat 8: Pandakey ($62.82 in chips)
napol: posts small blind $1
Pandakey: posts big blind $3
*** HOLE CARDS ***
napol: raises $3 to $6
Pandakey: raises $3 to $9
napol: calls $3
*** FLOP *** [4s 5s Th]
Pandakey: bets $3
napol: calls $3
*** TURN *** [4s 5s Th] [9s]
Pandakey: bets $6
napol: folds
Uncalled bet ($6) returned to Pandakey
Pandakey collected $23.52 from pot
Pandakey: doesn't show hand
*** SUMMARY ***
Total pot $24 | Rake $0.48
Board [4s 5s Th 9s]
Seat 5: napol (button) (small blind) folded on the Turn
Seat 8: Pandakey (big blind) collected ($23.52)


PokerStars Hand #146207845646:  Hold'em Limit ($3/$6 USD) - 2015/12/30 21:52:05 ET
Table 'Crimea' 10-max Seat #8 is the button
Seat 5: napol ($149.68 in chips)
Seat 8: Pandakey ($82.84 in chips)
Pandakey: posts small blind $1
napol: posts big blind $3
*** HOLE CARDS ***
Pandakey: raises $3 to $6
napol: raises $3 to $9
Pandakey: calls $3
*** FLOP *** [Ad 8d Td]
napol: bets $3
Pandakey: folds
Uncalled bet ($3) returned to napol
napol collected $17.64 from pot
napol: doesn't show hand
*** SUMMARY ***
Total pot $18 | Rake $0.36
Board [Ad 8d Td]
Seat 5: napol (big blind) collected ($17.64)
Seat 8: Pandakey (button) (small blind) folded on the Flop


PokerStars Hand #146207839176:  Hold'em Limit ($3/$6 USD) - 2015/12/30 21:51:51 ET
Table 'Crimea' 10-max Seat #5 is the button
Seat 5: napol ($132.18 in chips)
Seat 8: Pandakey ($100.84 in chips)
napol: posts small blind $1
Pandakey: posts big blind $3
*** HOLE CARDS ***
napol: raises $3 to $6
Pandakey: raises $3 to $9
napol: calls $3
*** FLOP *** [5s Qc 4h]
Pandakey: bets $3
napol: calls $3
*** TURN *** [5s Qc 4h] [9d]
Pandakey: bets $6
napol: raises $6 to $12
Pandakey: folds
Uncalled bet ($6) returned to napol
napol collected $35.50 from pot
napol: doesn't show hand
*** SUMMARY ***
Total pot $36 | Rake $0.50
Board [5s Qc 4h 9d]
Seat 5: napol (button) (small blind) collected ($35.50)
Seat 8: Pandakey (big blind) folded on the Turn


PokerStars Hand #146207856597:  Hold'em Limit ($3/$6 USD) - 2015/12/30 21:52:26 ET
Table 'Crimea' 10-max Seat #8 is the button
Seat 5: napol ($175.82 in chips)
Seat 8: Pandakey ($55.84 in chips)
Pandakey: posts small blind $1
napol: posts big blind $3
*** HOLE CARDS ***
Pandakey: raises $3 to $6
napol: folds
Uncalled bet ($3) returned to Pandakey
Pandakey collected $6 from pot
Pandakey: doesn't show hand
*** SUMMARY ***
Total pot $6 | Rake $0
Seat 5: napol (big blind) folded before Flop
Seat 8: Pandakey (button) (small blind) collected ($6)


PokerStars Hand #146207849757:  Hold'em Limit ($3/$6 USD) - 2015/12/30 21:52:13 ET
Table 'Crimea' 10-max Seat #5 is the button
Seat 5: napol ($158.32 in chips)
Seat 8: Pandakey ($73.84 in chips)
napol: posts small blind $1
Pandakey: posts big blind $3
*** HOLE CARDS ***
napol: raises $3 to $6
Pandakey: calls $3
*** FLOP *** [2c 4s 2d]
Pandakey: checks
napol: checks
*** TURN *** [2c 4s 2d] [7c]
Pandakey: bets $6
napol: raises $6 to $12
Pandakey: calls $6
*** RIVER *** [2c 4s 2d 7c] [Ac]
Pandakey: checks
napol: checks
*** SHOW DOWN ***
Pandakey: shows [6c 5d] (a pair of Deuces)
napol: shows [6s 7s] (two pair, Sevens and Deuces)
napol collected $35.50 from pot
*** SUMMARY ***
Total pot $36 | Rake $0.50
Board [2c 4s 2d 7c Ac]
Seat 5: napol (button) (small blind) showed [6s 7s] and won ($35.50) with two pair, Sevens and Deuces
Seat 8: Pandakey (big blind) showed [6c 5d] and lost with a pair of Deuces


PokerStars Hand #146207830051:  Hold'em Limit ($3/$6 USD) - 2015/12/30 21:51:33 ET
Table 'Crimea' 10-max Seat #8 is the button
Seat 5: napol ($159.18 in chips)
Seat 8: Pandakey ($74.34 in chips)
Pandakey: posts small blind $1
napol: posts big blind $3
*** HOLE CARDS ***
Pandakey: raises $3 to $6
napol: calls $3
*** FLOP *** [Th 8c Jc]
napol: checks
Pandakey: bets $3
napol: calls $3
*** TURN *** [Th 8c Jc] [Js]
napol: checks
Pandakey: bets $6
napol: raises $6 to $12
Pandakey: calls $6
*** RIVER *** [Th 8c Jc Js] [7s]
napol: checks
Pandakey: bets $6
napol: calls $6
*** SHOW DOWN ***
Pandakey: shows [6d 9c] (a straight, Seven to Jack)
napol: mucks hand
Pandakey collected $53.50 from pot
*** SUMMARY ***
Total pot $54 | Rake $0.50
Board [Th 8c Jc Js 7s]
Seat 5: napol (big blind) mucked
Seat 8: Pandakey (button) (small blind) showed [6d 9c] and won ($53.50) with a straight, Seven to Jack


PokerStars Hand #146207876889:  Hold'em Limit ($3/$6 USD) - 2015/12/30 21:53:07 ET
Table 'Crimea' 10-max Seat #8 is the button
Seat 5: napol ($163.34 in chips)
Seat 8: Pandakey ($67 in chips)
Pandakey: posts small blind $1
napol: posts big blind $3
*** HOLE CARDS ***
Pandakey: folds
Uncalled bet ($2) returned to napol
napol collected $2 from pot
napol: doesn't show hand
*** SUMMARY ***
Total pot $2 | Rake $0
Seat 5: napol (big blind) collected ($2)
Seat 8: Pandakey (button) (small blind) folded before Flop


PokerStars Hand #146207872479:  Hold'em Limit ($3/$6 USD) - 2015/12/30 21:52:58 ET
Table 'Crimea' 10-max Seat #5 is the button
Seat 5: napol ($172.34 in chips)
Seat 8: Pandakey ($58.36 in chips)
napol: posts small blind $1
Pandakey: posts big blind $3
*** HOLE CARDS ***
napol: raises $3 to $6
Pandakey: raises $3 to $9
napol: calls $3
*** FLOP *** [Tc 4s Kc]
Pandakey: bets $3
napol: folds
Uncalled bet ($3) returned to Pandakey
Pandakey collected $17.64 from pot
Pandakey: doesn't show hand
*** SUMMARY ***
Total pot $18 | Rake $0.36
Board [Tc 4s Kc]
Seat 5: napol (button) (small blind) folded on the Flop
Seat 8: Pandakey (big blind) collected ($17.64)


PokerStars Hand #146207879101:  Hold'em Limit ($3/$6 USD) - 2015/12/30 21:53:12 ET
Table 'Crimea' 10-max Seat #5 is the button
Seat 5: napol ($164.34 in chips)
Seat 8: Pandakey ($66 in chips)
napol: posts small blind $1
Pandakey: posts big blind $3
*** HOLE CARDS ***
napol: raises $3 to $6
Pandakey: raises $3 to $9
napol: calls $3
*** FLOP *** [8c Tc 5h]
Pandakey: bets $3
napol: calls $3
*** TURN *** [8c Tc 5h] [7c]
Pandakey: bets $6
napol: calls $6
*** RIVER *** [8c Tc 5h 7c] [Ts]
Pandakey: checks
napol: checks
*** SHOW DOWN ***
Pandakey: shows [Jd As] (a pair of Tens)
napol: shows [7h 4h] (two pair, Tens and Sevens)
napol collected $35.50 from pot
*** SUMMARY ***
Total pot $36 | Rake $0.50
Board [8c Tc 5h 7c Ts]
Seat 5: napol (button) (small blind) showed [7h 4h] and won ($35.50) with two pair, Tens and Sevens
Seat 8: Pandakey (big blind) showed [Jd As] and lost with a pair of Tens


PokerStars Hand #146207886826:  Hold'em Limit ($3/$6 USD) - 2015/12/30 21:53:27 ET
Table 'Crimea' 10-max Seat #8 is the button
Seat 5: napol ($181.84 in chips)
Seat 8: Pandakey ($48 in chips)
Pandakey: posts small blind $1
napol: posts big blind $3
*** HOLE CARDS ***
Pandakey: raises $3 to $6
napol: raises $3 to $9
Pandakey: calls $3
*** FLOP *** [4c 9c Js]
napol: bets $3
Pandakey: folds
Uncalled bet ($3) returned to napol
napol collected $17.64 from pot
napol: doesn't show hand
*** SUMMARY ***
Total pot $18 | Rake $0.36
Board [4c 9c Js]
Seat 5: napol (big blind) collected ($17.64)
Seat 8: Pandakey (button) (small blind) folded on the Flop


PokerStars Hand #146207859155:  Hold'em Limit ($3/$6 USD) - 2015/12/30 21:52:32 ET
Table 'Crimea' 10-max Seat #5 is the button
Seat 5: napol ($172.82 in chips)
Seat 8: Pandakey ($58.84 in chips)
napol: posts small blind $1
Pandakey: posts big blind $3
*** HOLE CARDS ***
napol: raises $3 to $6
Pandakey: raises $3 to $9
napol: calls $3
*** FLOP *** [5h Ac 8s]
Pandakey: bets $3
napol: calls $3
*** TURN *** [5h Ac 8s] [3s]
Pandakey: bets $6
napol: folds
Uncalled bet ($6) returned to Pandakey
Pandakey collected $23.52 from pot
Pandakey: doesn't show hand
*** SUMMARY ***
Total pot $24 | Rake $0.48
Board [5h Ac 8s 3s]
Seat 5: napol (button) (small blind) folded on the Turn
Seat 8: Pandakey (big blind) collected ($23.52)


PokerStars Hand #146207865295:  Hold'em Limit ($3/$6 USD) - 2015/12/30 21:52:44 ET
Table 'Crimea' 10-max Seat #8 is the button
Seat 5: napol ($160.82 in chips)
Seat 8: Pandakey ($70.36 in chips)
Pandakey: posts small blind $1
napol: posts big blind $3
*** HOLE CARDS ***
Pandakey: raises $3 to $6
napol: calls $3
*** FLOP *** [3s 9d 4s]
napol: checks
Pandakey: checks
*** TURN *** [3s 9d 4s] [Qh]
napol: checks
Pandakey: bets $6
napol: raises $6 to $12
Pandakey: folds
Uncalled bet ($6) returned to napol
napol collected $23.52 from pot
napol: doesn't show hand
*** SUMMARY ***
Total pot $24 | Rake $0.48
Board [3s 9d 4s Qh]
Seat 5: napol (big blind) collected ($23.52)
Seat 8: Pandakey (button) (small blind) folded on the Turn


PokerStars Hand #146207896043:  Hold'em Limit ($3/$6 USD) - 2015/12/30 21:53:46 ET
Table 'Crimea' 10-max Seat #8 is the button
Seat 5: napol ($184.48 in chips)
Seat 8: Pandakey ($44.76 in chips)
Pandakey: posts small blind $1
napol: posts big blind $3
*** HOLE CARDS ***
Pandakey: raises $3 to $6
napol: calls $3
*** FLOP *** [Qs Kd Ks]
napol: checks
Pandakey: bets $3
napol: folds
Uncalled bet ($3) returned to Pandakey
Pandakey collected $11.76 from pot
Pandakey: doesn't show hand
*** SUMMARY ***
Total pot $12 | Rake $0.24
Board [Qs Kd Ks]
Seat 5: napol (big blind) folded on the Flop
Seat 8: Pandakey (button) (small blind) collected ($11.76)


PokerStars Hand #146207915020:  Hold'em Limit ($3/$6 USD) - 2015/12/30 21:54:24 ET
Table 'Crimea' 10-max Seat #5 is the button
Seat 5: napol ($189.98 in chips)
Seat 8: Pandakey ($38.52 in chips)
napol: posts small blind $1
Pandakey: posts big blind $3
*** HOLE CARDS ***
napol: folds
Uncalled bet ($2) returned to Pandakey
Pandakey collected $2 from pot
Pandakey: doesn't show hand
*** SUMMARY ***
Total pot $2 | Rake $0
Seat 5: napol (button) (small blind) folded before Flop
Seat 8: Pandakey (big blind) collected ($2)


PokerStars Hand #146207912477:  Hold'em Limit ($3/$6 USD) - 2015/12/30 21:54:19 ET
Table 'Crimea' 10-max Seat #8 is the button
Seat 5: napol ($192.98 in chips)
Seat 8: Pandakey ($35.52 in chips)
Pandakey: posts small blind $1
napol: posts big blind $3
*** HOLE CARDS ***
Pandakey: raises $3 to $6
napol: folds
Uncalled bet ($3) returned to Pandakey
Pandakey collected $6 from pot
Pandakey: doesn't show hand
*** SUMMARY ***
Total pot $6 | Rake $0
Seat 5: napol (big blind) folded before Flop
Seat 8: Pandakey (button) (small blind) collected ($6)


PokerStars Hand #146207900200:  Hold'em Limit ($3/$6 USD) - 2015/12/30 21:53:54 ET
Table 'Crimea' 10-max Seat #5 is the button
Seat 5: napol ($178.48 in chips)
Seat 8: Pandakey ($50.52 in chips)
napol: posts small blind $1
Pandakey: posts big blind $3
*** HOLE CARDS ***
napol: raises $3 to $6
Pandakey: raises $3 to $9
napol: calls $3
*** FLOP *** [7h Td 6c]
Pandakey: bets $3
napol: raises $3 to $6
Pandakey: calls $3
*** TURN *** [7h Td 6c] [5s]
Pandakey: checks
napol: bets $6
Pandakey: folds
Uncalled bet ($6) returned to napol
napol collected $29.50 from pot
napol: doesn't show hand
*** SUMMARY ***
Total pot $30 | Rake $0.50
Board [7h Td 6c 5s]
Seat 5: napol (button) (small blind) collected ($29.50)
Seat 8: Pandakey (big blind) folded on the Turn


PokerStars Hand #146207891158:  Hold'em Limit ($3/$6 USD) - 2015/12/30 21:53:36 ET
Table 'Crimea' 10-max Seat #5 is the button
Seat 5: napol ($190.48 in chips)
Seat 8: Pandakey ($39 in chips)
napol: posts small blind $1
Pandakey: posts big blind $3
*** HOLE CARDS ***
napol: raises $3 to $6
Pandakey: calls $3
*** FLOP *** [8h 2h Td]
Pandakey: checks
napol: checks
*** TURN *** [8h 2h Td] [3d]
Pandakey: bets $6
napol: folds
Uncalled bet ($6) returned to Pandakey
Pandakey collected $11.76 from pot
Pandakey: doesn't show hand
*** SUMMARY ***
Total pot $12 | Rake $0.24
Board [8h 2h Td 3d]
Seat 5: napol (button) (small blind) folded on the Turn
Seat 8: Pandakey (big blind) collected ($11.76)


PokerStars Hand #146207925153:  Hold'em Limit ($3/$6 USD) - 2015/12/30 21:54:45 ET
Table 'Crimea' 10-max Seat #5 is the button
Seat 5: napol ($173.98 in chips)
Seat 8: Pandakey ($54.02 in chips)
napol: posts small blind $1
Pandakey: posts big blind $3
*** HOLE CARDS ***
napol: folds
Uncalled bet ($2) returned to Pandakey
Pandakey collected $2 from pot
Pandakey: doesn't show hand
*** SUMMARY ***
Total pot $2 | Rake $0
Seat 5: napol (button) (small blind) folded before Flop
Seat 8: Pandakey (big blind) collected ($2)


PokerStars Hand #146207917029:  Hold'em Limit ($3/$6 USD) - 2015/12/30 21:54:28 ET
Table 'Crimea' 10-max Seat #8 is the button
Seat 5: napol ($188.98 in chips)
Seat 8: Pandakey ($39.52 in chips)
Pandakey: posts small blind $1
napol: posts big blind $3
*** HOLE CARDS ***
Pandakey: raises $3 to $6
napol: calls $3
*** FLOP *** [8c 3c 2h]
napol: checks
Pandakey: bets $3
napol: calls $3
*** TURN *** [8c 3c 2h] [9d]
napol: checks
Pandakey: bets $6
napol: calls $6
*** RIVER *** [8c 3c 2h 9d] [Qs]
napol: checks
Pandakey: bets $6
napol: folds
Uncalled bet ($6) returned to Pandakey
Pandakey collected $29.50 from pot
Pandakey: doesn't show hand
*** SUMMARY ***
Total pot $30 | Rake $0.50
Board [8c 3c 2h 9d Qs]
Seat 5: napol (big blind) folded on the River
Seat 8: Pandakey (button) (small blind) collected ($29.50)


PokerStars Hand #146207931754:  Hold'em Limit ($3/$6 USD) - 2015/12/30 21:54:58 ET
Table 'Crimea' 10-max Seat #5 is the button
Seat 5: napol ($166.98 in chips)
Seat 8: Pandakey ($60.78 in chips)
napol: posts small blind $1
Pandakey: posts big blind $3
*** HOLE CARDS ***
napol: raises $3 to $6
Pandakey: calls $3
*** FLOP *** [6s 4h Ac]
Pandakey: checks
napol: bets $3
Pandakey: raises $3 to $6
napol: calls $3
*** TURN *** [6s 4h Ac] [4s]
Pandakey: bets $6
napol: folds
Uncalled bet ($6) returned to Pandakey
Pandakey collected $23.52 from pot
Pandakey: doesn't show hand
*** SUMMARY ***
Total pot $24 | Rake $0.48
Board [6s 4h Ac 4s]
Seat 5: napol (button) (small blind) folded on the Turn
Seat 8: Pandakey (big blind) collected ($23.52)


PokerStars Hand #146207927359:  Hold'em Limit ($3/$6 USD) - 2015/12/30 21:54:49 ET
Table 'Crimea' 10-max Seat #8 is the button
Seat 5: napol ($172.98 in chips)
Seat 8: Pandakey ($55.02 in chips)
Pandakey: posts small blind $1
napol: posts big blind $3
*** HOLE CARDS ***
Pandakey: raises $3 to $6
napol: calls $3
*** FLOP *** [3c Ah 7h]
Bonsey_1 joins the table at seat #1
napol: checks
Pandakey: bets $3
napol: folds
Uncalled bet ($3) returned to Pandakey
Pandakey collected $11.76 from pot
Pandakey: doesn't show hand
*** SUMMARY ***
Total pot $12 | Rake $0.24
Board [3c Ah 7h]
Seat 5: napol (big blind) folded on the Flop
Seat 8: Pandakey (button) (small blind) collected ($11.76)


PokerStars Hand #146208140731:  Hold'em Limit ($3/$6 USD) - 2015/12/30 22:03:07 ET
Table 'Crimea' 10-max Seat #1 is the button
Seat 1: Bonsey_1 ($91.44 in chips)
Seat 6: Chessnok ($142.73 in chips)
Bonsey_1: posts small blind $1
Chessnok: posts big blind $3
*** HOLE CARDS ***
Bonsey_1: raises $3 to $6
Chessnok: calls $3
*** FLOP *** [4h 2c Ac]
Chessnok: checks
Bonsey_1: bets $3
Chessnok: calls $3
*** TURN *** [4h 2c Ac] [Ts]
Chessnok: checks
Bonsey_1: checks
*** RIVER *** [4h 2c Ac Ts] [3d]
Chessnok: bets $6
Bonsey_1: folds
Uncalled bet ($6) returned to Chessnok
Chessnok collected $17.64 from pot
Chessnok: doesn't show hand
*** SUMMARY ***
Total pot $18 | Rake $0.36
Board [4h 2c Ac Ts 3d]
Seat 1: Bonsey_1 (button) (small blind) folded on the River
Seat 6: Chessnok (big blind) collected ($17.64)


