PokerStars Hand #156963888959:  Hold'em Limit ($3/$6 USD) - 2016/08/07 1:30:09 ET
Table 'Crocus' 6-max Seat #2 is the button
Seat 2: LifeisagameX ($91.76 in chips)
Seat 3: degal76 ($116.18 in chips)
LifeisagameX: posts small blind $1
degal76: posts big blind $3
*** HOLE CARDS ***
LifeisagameX: raises $3 to $6
degal76: calls $3
*** FLOP *** [Kd 9h 9d]
degal76: checks
LifeisagameX: bets $3
degal76: calls $3
*** TURN *** [Kd 9h 9d] [9c]
degal76: checks
LifeisagameX: bets $6
degal76: calls $6
*** RIVER *** [Kd 9h 9d 9c] [Ah]
degal76: bets $6
LifeisagameX: folds
Uncalled bet ($6) returned to degal76
degal76 collected $29.50 from pot
degal76: doesn't show hand
*** SUMMARY ***
Total pot $30 | Rake $0.50
Board [Kd 9h 9d 9c Ah]
Seat 2: LifeisagameX (button) (small blind) folded on the River
Seat 3: degal76 (big blind) collected ($29.50)


PokerStars Hand #156963887707:  Hold'em Limit ($3/$6 USD) - 2016/08/07 1:30:03 ET
Table 'Crocus' 6-max Seat #3 is the button
Seat 2: LifeisagameX ($90.76 in chips)
Seat 3: degal76 ($117.18 in chips)
degal76: posts small blind $1
LifeisagameX: posts big blind $3
*** HOLE CARDS ***
degal76: folds
Uncalled bet ($2) returned to LifeisagameX
LifeisagameX collected $2 from pot
LifeisagameX: doesn't show hand
*** SUMMARY ***
Total pot $2 | Rake $0
Seat 2: LifeisagameX (big blind) collected ($2)
Seat 3: degal76 (button) (small blind) folded before Flop


PokerStars Hand #156963883387:  Hold'em Limit ($3/$6 USD) - 2016/08/07 1:29:45 ET
Table 'Crocus' 6-max Seat #2 is the button
Seat 2: LifeisagameX ($85 in chips)
Seat 3: degal76 ($123.18 in chips)
Agrotait leaves the table
LifeisagameX: posts small blind $1
degal76: posts big blind $3
*** HOLE CARDS ***
LifeisagameX: raises $3 to $6
degal76: calls $3
*** FLOP *** [Kd 3d Qs]
degal76: checks
LifeisagameX: checks
*** TURN *** [Kd 3d Qs] [3h]
degal76: checks
LifeisagameX: bets $6
degal76: folds
Uncalled bet ($6) returned to LifeisagameX
LifeisagameX collected $11.76 from pot
LifeisagameX: doesn't show hand
*** SUMMARY ***
Total pot $12 | Rake $0.24
Board [Kd 3d Qs 3h]
Seat 2: LifeisagameX (button) (small blind) collected ($11.76)
Seat 3: degal76 (big blind) folded on the Turn


PokerStars Hand #156963894964:  Hold'em Limit ($3/$6 USD) - 2016/08/07 1:30:34 ET
Table 'Crocus' 6-max Seat #3 is the button
Seat 2: LifeisagameX ($84 in chips)
Seat 3: degal76 ($130.68 in chips)
degal76: posts small blind $1
LifeisagameX: posts big blind $3
*** HOLE CARDS ***
degal76: folds
Uncalled bet ($2) returned to LifeisagameX
LifeisagameX collected $2 from pot
LifeisagameX: doesn't show hand
*** SUMMARY ***
Total pot $2 | Rake $0
Seat 2: LifeisagameX (big blind) collected ($2)
Seat 3: degal76 (button) (small blind) folded before Flop


PokerStars Hand #156963896222:  Hold'em Limit ($3/$6 USD) - 2016/08/07 1:30:40 ET
Table 'Crocus' 6-max Seat #2 is the button
Seat 2: LifeisagameX ($85 in chips)
Seat 3: degal76 ($129.68 in chips)
LifeisagameX: posts small blind $1
degal76: posts big blind $3
*** HOLE CARDS ***
LifeisagameX: raises $3 to $6
degal76: calls $3
*** FLOP *** [Ad 5h Ah]
degal76: checks
LifeisagameX: bets $3
degal76: calls $3
*** TURN *** [Ad 5h Ah] [5s]
degal76: checks
LifeisagameX: checks
*** RIVER *** [Ad 5h Ah 5s] [2h]
degal76: checks
LifeisagameX: checks
*** SHOW DOWN ***
degal76: shows [6h 9d] (two pair, Aces and Fives)
LifeisagameX: shows [4s Jd] (two pair, Aces and Fives - Jack kicker)
LifeisagameX collected $17.64 from pot
*** SUMMARY ***
Total pot $18 | Rake $0.36
Board [Ad 5h Ah 5s 2h]
Seat 2: LifeisagameX (button) (small blind) showed [4s Jd] and won ($17.64) with two pair, Aces and Fives
Seat 3: degal76 (big blind) showed [6h 9d] and lost with two pair, Aces and Fives


PokerStars Hand #156963912516:  Hold'em Limit ($3/$6 USD) - 2016/08/07 1:31:49 ET
Table 'Crocus' 6-max Seat #3 is the button
Seat 2: LifeisagameX ($92.64 in chips)
Seat 3: degal76 ($132.18 in chips)
degal76: posts small blind $1
LifeisagameX: posts big blind $3
*** HOLE CARDS ***
degal76: folds
Uncalled bet ($2) returned to LifeisagameX
LifeisagameX collected $2 from pot
LifeisagameX: doesn't show hand
*** SUMMARY ***
Total pot $2 | Rake $0
Seat 2: LifeisagameX (big blind) collected ($2)
Seat 3: degal76 (button) (small blind) folded before Flop


PokerStars Hand #156963908990:  Hold'em Limit ($3/$6 USD) - 2016/08/07 1:31:34 ET
Table 'Crocus' 6-max Seat #2 is the button
Seat 2: LifeisagameX ($84 in chips)
Seat 3: degal76 ($141.18 in chips)
LifeisagameX: posts small blind $1
degal76: posts big blind $3
*** HOLE CARDS ***
LifeisagameX: raises $3 to $6
degal76: calls $3
*** FLOP *** [Ac 2s Qs]
degal76: checks
LifeisagameX: bets $3
degal76: calls $3
*** TURN *** [Ac 2s Qs] [Qh]
degal76: checks
LifeisagameX: bets $6
degal76: folds
Uncalled bet ($6) returned to LifeisagameX
LifeisagameX collected $17.64 from pot
LifeisagameX: doesn't show hand
*** SUMMARY ***
Total pot $18 | Rake $0.36
Board [Ac 2s Qs Qh]
Seat 2: LifeisagameX (button) (small blind) collected ($17.64)
Seat 3: degal76 (big blind) folded on the Turn


PokerStars Hand #156963901884:  Hold'em Limit ($3/$6 USD) - 2016/08/07 1:31:04 ET
Table 'Crocus' 6-max Seat #3 is the button
Seat 2: LifeisagameX ($93.64 in chips)
Seat 3: degal76 ($120.68 in chips)
degal76: posts small blind $1
LifeisagameX: posts big blind $3
*** HOLE CARDS ***
degal76: calls $2
LifeisagameX: checks
*** FLOP *** [2c Ts 9c]
LifeisagameX: bets $3
degal76: raises $3 to $6
LifeisagameX: calls $3
*** TURN *** [2c Ts 9c] [7d]
LifeisagameX: checks
degal76: checks
*** RIVER *** [2c Ts 9c 7d] [Kd]
LifeisagameX: bets $6
degal76: raises $6 to $12
LifeisagameX: calls $6
*** SHOW DOWN ***
degal76: shows [Js Ks] (a pair of Kings)
LifeisagameX: mucks hand
degal76 collected $41.50 from pot
*** SUMMARY ***
Total pot $42 | Rake $0.50
Board [2c Ts 9c 7d Kd]
Seat 2: LifeisagameX (big blind) mucked
Seat 3: degal76 (button) (small blind) showed [Js Ks] and won ($41.50) with a pair of Kings


PokerStars Hand #156963913707:  Hold'em Limit ($3/$6 USD) - 2016/08/07 1:31:54 ET
Table 'Crocus' 6-max Seat #2 is the button
Seat 2: LifeisagameX ($93.64 in chips)
Seat 3: degal76 ($131.18 in chips)
LifeisagameX: posts small blind $1
degal76: posts big blind $3
*** HOLE CARDS ***
LifeisagameX: raises $3 to $6
degal76: folds
Uncalled bet ($3) returned to LifeisagameX
LifeisagameX collected $6 from pot
LifeisagameX: doesn't show hand
*** SUMMARY ***
Total pot $6 | Rake $0
Seat 2: LifeisagameX (button) (small blind) collected ($6)
Seat 3: degal76 (big blind) folded before Flop


PokerStars Hand #156963923263:  Hold'em Limit ($3/$6 USD) - 2016/08/07 1:32:35 ET
Table 'Crocus' 6-max Seat #3 is the button
Seat 2: LifeisagameX ($87 in chips)
Seat 3: degal76 ($148.68 in chips)
degal76: posts small blind $1
LifeisagameX: posts big blind $3
*** HOLE CARDS ***
degal76: folds
Uncalled bet ($2) returned to LifeisagameX
LifeisagameX collected $2 from pot
LifeisagameX: doesn't show hand
*** SUMMARY ***
Total pot $2 | Rake $0
Seat 2: LifeisagameX (big blind) collected ($2)
Seat 3: degal76 (button) (small blind) folded before Flop


PokerStars Hand #156963921753:  Hold'em Limit ($3/$6 USD) - 2016/08/07 1:32:29 ET
Table 'Crocus' 6-max Seat #2 is the button
Seat 2: LifeisagameX ($84 in chips)
Seat 3: degal76 ($151.68 in chips)
LifeisagameX: posts small blind $1
degal76: posts big blind $3
*** HOLE CARDS ***
LifeisagameX: raises $3 to $6
degal76: folds
Uncalled bet ($3) returned to LifeisagameX
LifeisagameX collected $6 from pot
LifeisagameX: doesn't show hand
*** SUMMARY ***
Total pot $6 | Rake $0
Seat 2: LifeisagameX (button) (small blind) collected ($6)
Seat 3: degal76 (big blind) folded before Flop


PokerStars Hand #156963915570:  Hold'em Limit ($3/$6 USD) - 2016/08/07 1:32:02 ET
Table 'Crocus' 6-max Seat #3 is the button
Seat 2: LifeisagameX ($96.64 in chips)
Seat 3: degal76 ($128.18 in chips)
degal76: posts small blind $1
LifeisagameX: posts big blind $3
*** HOLE CARDS ***
degal76: calls $2
LifeisagameX: raises $3 to $6
degal76: calls $3
*** FLOP *** [5h 4s Ad]
LifeisagameX: bets $3
degal76: raises $3 to $6
LifeisagameX: calls $3
*** TURN *** [5h 4s Ad] [Qs]
LifeisagameX: checks
degal76: bets $6
LifeisagameX: calls $6
*** RIVER *** [5h 4s Ad Qs] [Ks]
LifeisagameX: checks
degal76: bets $6
LifeisagameX: calls $6
*** SHOW DOWN ***
degal76: shows [6s 5s] (a flush, King high)
LifeisagameX: mucks hand
degal76 collected $47.50 from pot
*** SUMMARY ***
Total pot $48 | Rake $0.50
Board [5h 4s Ad Qs Ks]
Seat 2: LifeisagameX (big blind) mucked
Seat 3: degal76 (button) (small blind) showed [6s 5s] and won ($47.50) with a flush, King high


PokerStars Hand #156963936077:  Hold'em Limit ($3/$6 USD) - 2016/08/07 1:33:29 ET
Table 'Crocus' 6-max Seat #2 is the button
Seat 2: LifeisagameX ($84 in chips)
Seat 3: degal76 ($153.18 in chips)
LifeisagameX: posts small blind $1
degal76: posts big blind $3
*** HOLE CARDS ***
LifeisagameX: raises $3 to $6
degal76: folds
Uncalled bet ($3) returned to LifeisagameX
LifeisagameX collected $6 from pot
LifeisagameX: doesn't show hand
*** SUMMARY ***
Total pot $6 | Rake $0
Seat 2: LifeisagameX (button) (small blind) collected ($6)
Seat 3: degal76 (big blind) folded before Flop


PokerStars Hand #156963929711:  Hold'em Limit ($3/$6 USD) - 2016/08/07 1:33:02 ET
Table 'Crocus' 6-max Seat #3 is the button
Seat 2: LifeisagameX ($99.52 in chips)
Seat 3: degal76 ($135.68 in chips)
degal76: posts small blind $1
LifeisagameX: posts big blind $3
*** HOLE CARDS ***
degal76: calls $2
LifeisagameX: raises $3 to $6
degal76: calls $3
*** FLOP *** [Ts 3h 7h]
LifeisagameX: bets $3
degal76: raises $3 to $6
LifeisagameX: calls $3
*** TURN *** [Ts 3h 7h] [7d]
LifeisagameX: checks
degal76: bets $6
LifeisagameX: calls $6
*** RIVER *** [Ts 3h 7h 7d] [Ad]
LifeisagameX: checks
degal76: checks
*** SHOW DOWN ***
LifeisagameX: shows [5s 5c] (two pair, Sevens and Fives)
degal76: shows [Tc 8s] (two pair, Tens and Sevens)
degal76 collected $35.50 from pot
*** SUMMARY ***
Total pot $36 | Rake $0.50
Board [Ts 3h 7h 7d Ad]
Seat 2: LifeisagameX (big blind) showed [5s 5c] and lost with two pair, Sevens and Fives
Seat 3: degal76 (button) (small blind) showed [Tc 8s] and won ($35.50) with two pair, Tens and Sevens


PokerStars Hand #156963924463:  Hold'em Limit ($3/$6 USD) - 2016/08/07 1:32:40 ET
Table 'Crocus' 6-max Seat #2 is the button
Seat 2: LifeisagameX ($88 in chips)
Seat 3: degal76 ($147.68 in chips)
LifeisagameX: posts small blind $1
degal76: posts big blind $3
*** HOLE CARDS ***
LifeisagameX: raises $3 to $6
degal76: calls $3
*** FLOP *** [Qc 4c Th]
degal76: checks
LifeisagameX: checks
*** TURN *** [Qc 4c Th] [Kd]
degal76: bets $6
LifeisagameX: raises $6 to $12
degal76: folds
Uncalled bet ($6) returned to LifeisagameX
LifeisagameX collected $23.52 from pot
LifeisagameX: doesn't show hand
*** SUMMARY ***
Total pot $24 | Rake $0.48
Board [Qc 4c Th Kd]
Seat 2: LifeisagameX (button) (small blind) collected ($23.52)
Seat 3: degal76 (big blind) folded on the Turn


PokerStars Hand #156963946019:  Hold'em Limit ($3/$6 USD) - 2016/08/07 1:34:12 ET
Table 'Crocus' 6-max Seat #2 is the button
Seat 2: LifeisagameX ($84 in chips)
Seat 3: degal76 ($170.68 in chips)
LifeisagameX: posts small blind $1
degal76: posts big blind $3
*** HOLE CARDS ***
LifeisagameX: raises $3 to $6
degal76: calls $3
*** FLOP *** [6s 5s 8s]
degal76: checks
LifeisagameX: checks
*** TURN *** [6s 5s 8s] [6h]
degal76: checks
LifeisagameX: checks
*** RIVER *** [6s 5s 8s 6h] [9c]
degal76: bets $6
LifeisagameX: folds
Uncalled bet ($6) returned to degal76
degal76 collected $11.76 from pot
degal76: doesn't show hand
*** SUMMARY ***
Total pot $12 | Rake $0.24
Board [6s 5s 8s 6h 9c]
Seat 2: LifeisagameX (button) (small blind) folded on the River
Seat 3: degal76 (big blind) collected ($11.76)


PokerStars Hand #156963937752:  Hold'em Limit ($3/$6 USD) - 2016/08/07 1:33:37 ET
Table 'Crocus' 6-max Seat #3 is the button
Seat 2: LifeisagameX ($87 in chips)
Seat 3: degal76 ($150.18 in chips)
degal76: posts small blind $1
LifeisagameX: posts big blind $3
*** HOLE CARDS ***
degal76: calls $2
LifeisagameX: raises $3 to $6
degal76: calls $3
*** FLOP *** [4c Tc Qs]
LifeisagameX: bets $3
degal76: calls $3
*** TURN *** [4c Tc Qs] [Qh]
LifeisagameX: checks
degal76: bets $6
LifeisagameX: calls $6
*** RIVER *** [4c Tc Qs Qh] [4d]
LifeisagameX: checks
degal76: bets $6
LifeisagameX: calls $6
*** SHOW DOWN ***
degal76: shows [Qc 9d] (a full house, Queens full of Fours)
LifeisagameX: mucks hand
degal76 collected $41.50 from pot
*** SUMMARY ***
Total pot $42 | Rake $0.50
Board [4c Tc Qs Qh 4d]
Seat 2: LifeisagameX (big blind) mucked
Seat 3: degal76 (button) (small blind) showed [Qc 9d] and won ($41.50) with a full house, Queens full of Fours


PokerStars Hand #156963952433:  Hold'em Limit ($3/$6 USD) - 2016/08/07 1:34:39 ET
Table 'Crocus' 6-max Seat #3 is the button
Seat 2: LifeisagameX ($84 in chips)
Seat 3: degal76 ($176.44 in chips)
degal76: posts small blind $1
LifeisagameX: posts big blind $3
*** HOLE CARDS ***
degal76: calls $2
LifeisagameX: raises $3 to $6
degal76: calls $3
*** FLOP *** [4d Jh As]
LifeisagameX: bets $3
degal76: raises $3 to $6
LifeisagameX: calls $3
*** TURN *** [4d Jh As] [5h]
LifeisagameX: checks
degal76: checks
*** RIVER *** [4d Jh As 5h] [3h]
LifeisagameX: checks
degal76: bets $6
LifeisagameX: calls $6
*** SHOW DOWN ***
degal76: shows [2h 2d] (a straight, Ace to Five)
LifeisagameX: mucks hand
degal76 collected $35.50 from pot
*** SUMMARY ***
Total pot $36 | Rake $0.50
Board [4d Jh As 5h 3h]
Seat 2: LifeisagameX (big blind) mucked
Seat 3: degal76 (button) (small blind) showed [2h 2d] and won ($35.50) with a straight, Ace to Five


PokerStars Hand #156963984526:  Hold'em Limit ($3/$6 USD) - 2016/08/07 1:36:21 ET
Table 'Crocus' 6-max Seat #2 is the button
Seat 2: LifeisagameX ($84 in chips)
Seat 3: degal76 ($214.32 in chips)
LifeisagameX: posts small blind $1
degal76: posts big blind $3
*** HOLE CARDS ***
LifeisagameX: raises $3 to $6
degal76: calls $3
*** FLOP *** [9d 8d Tc]
degal76: checks
LifeisagameX: checks
*** TURN *** [9d 8d Tc] [8c]
degal76: checks
LifeisagameX: bets $6
degal76: raises $6 to $12
LifeisagameX: folds
Uncalled bet ($6) returned to degal76
degal76 collected $23.52 from pot
degal76: doesn't show hand
*** SUMMARY ***
Total pot $24 | Rake $0.48
Board [9d 8d Tc 8c]
Seat 2: LifeisagameX (button) (small blind) folded on the Turn
Seat 3: degal76 (big blind) collected ($23.52)


PokerStars Hand #156963971466:  Hold'em Limit ($3/$6 USD) - 2016/08/07 1:35:59 ET
Table 'Crocus' 6-max Seat #3 is the button
Seat 2: LifeisagameX ($84 in chips)
Seat 3: degal76 ($211.44 in chips)
degal76: posts small blind $1
LifeisagameX: posts big blind $3
*** HOLE CARDS ***
degal76: calls $2
LifeisagameX: checks
*** FLOP *** [8d As 3h]
LifeisagameX: checks
degal76: bets $3
LifeisagameX: folds
Uncalled bet ($3) returned to degal76
degal76 collected $5.88 from pot
degal76: doesn't show hand
*** SUMMARY ***
Total pot $6 | Rake $0.12
Board [8d As 3h]
Seat 2: LifeisagameX (big blind) folded on the Flop
Seat 3: degal76 (button) (small blind) collected ($5.88)


PokerStars Hand #156963998063:  Hold'em Limit ($3/$6 USD) - 2016/08/07 1:37:18 ET
Table 'Crocus' 6-max Seat #2 is the button
Seat 2: LifeisagameX ($92.64 in chips)
Seat 3: degal76 ($216.84 in chips)
LifeisagameX: posts small blind $1
degal76: posts big blind $3
*** HOLE CARDS ***
LifeisagameX: raises $3 to $6
degal76: raises $3 to $9
LifeisagameX: calls $3
*** FLOP *** [Jd 8s 3c]
degal76: bets $3
LifeisagameX: calls $3
*** TURN *** [Jd 8s 3c] [5c]
degal76: bets $6
LifeisagameX: folds
Uncalled bet ($6) returned to degal76
degal76 collected $23.52 from pot
degal76: doesn't show hand
*** SUMMARY ***
Total pot $24 | Rake $0.48
Board [Jd 8s 3c 5c]
Seat 2: LifeisagameX (button) (small blind) folded on the Turn
Seat 3: degal76 (big blind) collected ($23.52)


PokerStars Hand #156963990224:  Hold'em Limit ($3/$6 USD) - 2016/08/07 1:36:45 ET
Table 'Crocus' 6-max Seat #3 is the button
Seat 2: LifeisagameX ($84 in chips)
Seat 3: degal76 ($225.84 in chips)
degal76: posts small blind $1
LifeisagameX: posts big blind $3
*** HOLE CARDS ***
ash+cash600 joins the table at seat #6
degal76: calls $2
LifeisagameX: raises $3 to $6
degal76: calls $3
*** FLOP *** [Td Qd Ad]
LifeisagameX: checks
degal76: bets $3
LifeisagameX: raises $3 to $6
degal76: folds
Uncalled bet ($3) returned to LifeisagameX
LifeisagameX collected $17.64 from pot
LifeisagameX: doesn't show hand
*** SUMMARY ***
Total pot $18 | Rake $0.36
Board [Td Qd Ad]
Seat 2: LifeisagameX (big blind) collected ($17.64)
Seat 3: degal76 (button) (small blind) folded on the Flop


PokerStars Hand #156964019727:  Hold'em Limit ($3/$6 USD) - 2016/08/07 1:38:50 ET
Table 'Crocus' 6-max Seat #3 is the button
Seat 3: degal76 ($250.10 in chips)
Seat 6: ash+cash600 ($57 in chips)
LifeisagameX leaves the table
degal76: posts small blind $1
ash+cash600: posts big blind $3
*** HOLE CARDS ***
degal76: folds
Uncalled bet ($2) returned to ash+cash600
degal76 leaves the table
ash+cash600 collected $2 from pot
ash+cash600: doesn't show hand
*** SUMMARY ***
Total pot $2 | Rake $0
Seat 3: degal76 (button) (small blind) folded before Flop
Seat 6: ash+cash600 (big blind) collected ($2)


