PokerStars Hand #163149729315:  Hold'em Limit ($3/$6 USD) - 2016/12/18 14:06:18 ET
Table 'Crocus' 6-max Seat #5 is the button
Seat 2: ZinZar ($90.28 in chips)
Seat 5: Krazy90 ($128.05 in chips)
Krazy90: posts small blind $1
ZinZar: posts big blind $3
*** HOLE CARDS ***
avalonia777 leaves the table
Krazy90: raises $3 to $6
ZinZar: calls $3
*** FLOP *** [7h Qc Qs]
ZinZar: checks
Krazy90: bets $3
ZinZar: folds
Uncalled bet ($3) returned to Krazy90
Krazy90 collected $11.76 from pot
Krazy90: doesn't show hand
*** SUMMARY ***
Total pot $12 | Rake $0.24
Board [7h Qc Qs]
Seat 2: ZinZar (big blind) folded on the Flop
Seat 5: Krazy90 (button) (small blind) collected ($11.76)


PokerStars Hand #163151424299:  Hold'em Limit ($3/$6 USD) - 2016/12/18 14:32:09 ET
Table 'Crocus' 6-max Seat #3 is the button
Seat 2: ZinZar ($99.78 in chips)
Seat 3: laubes04 ($96 in chips)
laubes04: posts small blind $1
ZinZar: posts big blind $3
*** HOLE CARDS ***
laubes04: raises $3 to $6
ZinZar: folds
Uncalled bet ($3) returned to laubes04
laubes04 collected $6 from pot
laubes04: doesn't show hand
*** SUMMARY ***
Total pot $6 | Rake $0
Seat 2: ZinZar (big blind) folded before Flop
Seat 3: laubes04 (button) (small blind) collected ($6)


PokerStars Hand #163151394855:  Hold'em Limit ($3/$6 USD) - 2016/12/18 14:31:41 ET
Table 'Crocus' 6-max Seat #2 is the button
Seat 2: ZinZar ($76.28 in chips)
Seat 3: laubes04 ($120 in chips)
ZinZar: posts small blind $1
laubes04: posts big blind $3
*** HOLE CARDS ***
ZinZar: raises $3 to $6
laubes04: calls $3
*** FLOP *** [5c 7c 2d]
laubes04: checks
ZinZar: bets $3
laubes04: raises $3 to $6
ZinZar: calls $3
*** TURN *** [5c 7c 2d] [Ad]
laubes04: bets $6
ZinZar: raises $6 to $12
laubes04: calls $6
*** RIVER *** [5c 7c 2d Ad] [Ac]
laubes04: checks
ZinZar: bets $6
laubes04: folds
Uncalled bet ($6) returned to ZinZar
ZinZar collected $47.50 from pot
ZinZar: doesn't show hand
*** SUMMARY ***
Total pot $48 | Rake $0.50
Board [5c 7c 2d Ad Ac]
Seat 2: ZinZar (button) (small blind) collected ($47.50)
Seat 3: laubes04 (big blind) folded on the River


PokerStars Hand #163151470349:  Hold'em Limit ($3/$6 USD) - 2016/12/18 14:32:51 ET
Table 'Crocus' 6-max Seat #3 is the button
Seat 2: ZinZar ($105.42 in chips)
Seat 3: laubes04 ($90 in chips)
laubes04: posts small blind $1
ZinZar: posts big blind $3
*** HOLE CARDS ***
laubes04: raises $3 to $6
ZinZar: raises $3 to $9
laubes04: calls $3
*** FLOP *** [Ac 7s Qd]
ZinZar: bets $3
laubes04: folds
Uncalled bet ($3) returned to ZinZar
ZinZar collected $17.64 from pot
ZinZar: doesn't show hand
*** SUMMARY ***
Total pot $18 | Rake $0.36
Board [Ac 7s Qd]
Seat 2: ZinZar (big blind) collected ($17.64)
Seat 3: laubes04 (button) (small blind) folded on the Flop


PokerStars Hand #163151431291:  Hold'em Limit ($3/$6 USD) - 2016/12/18 14:32:15 ET
Table 'Crocus' 6-max Seat #2 is the button
Seat 2: ZinZar ($96.78 in chips)
Seat 3: laubes04 ($99 in chips)
ZinZar: posts small blind $1
laubes04: posts big blind $3
*** HOLE CARDS ***
ZinZar: raises $3 to $6
laubes04: calls $3
*** FLOP *** [3s 7d 6c]
laubes04: checks
ZinZar: bets $3
laubes04: calls $3
*** TURN *** [3s 7d 6c] [2d]
laubes04: checks
ZinZar: checks
*** RIVER *** [3s 7d 6c 2d] [6d]
laubes04: checks
ZinZar: checks
*** SHOW DOWN ***
laubes04: shows [8d Ts] (a pair of Sixes)
ZinZar: shows [Ks Js] (a pair of Sixes - King kicker)
ZinZar collected $17.64 from pot
*** SUMMARY ***
Total pot $18 | Rake $0.36
Board [3s 7d 6c 2d 6d]
Seat 2: ZinZar (button) (small blind) showed [Ks Js] and won ($17.64) with a pair of Sixes
Seat 3: laubes04 (big blind) showed [8d Ts] and lost with a pair of Sixes


PokerStars Hand #163151513528:  Hold'em Limit ($3/$6 USD) - 2016/12/18 14:33:30 ET
Table 'Crocus' 6-max Seat #2 is the button
Seat 2: ZinZar ($110.06 in chips)
Seat 3: laubes04 ($85 in chips)
ZinZar: posts small blind $1
laubes04: posts big blind $3
*** HOLE CARDS ***
ZinZar: raises $3 to $6
laubes04: calls $3
*** FLOP *** [4c 3c 5s]
laubes04: checks
ZinZar: bets $3
laubes04: calls $3
*** TURN *** [4c 3c 5s] [Ks]
Hannibal2211 joins the table at seat #4
laubes04: checks
ZinZar: checks
*** RIVER *** [4c 3c 5s Ks] [6c]
laubes04: bets $6
ZinZar: folds
Uncalled bet ($6) returned to laubes04
laubes04 collected $17.64 from pot
laubes04: doesn't show hand
*** SUMMARY ***
Total pot $18 | Rake $0.36
Board [4c 3c 5s Ks 6c]
Seat 2: ZinZar (button) (small blind) folded on the River
Seat 3: laubes04 (big blind) collected ($17.64)


PokerStars Hand #163151502358:  Hold'em Limit ($3/$6 USD) - 2016/12/18 14:33:20 ET
Table 'Crocus' 6-max Seat #3 is the button
Seat 2: ZinZar ($113.06 in chips)
Seat 3: laubes04 ($82 in chips)
laubes04: posts small blind $1
ZinZar: posts big blind $3
*** HOLE CARDS ***
laubes04: raises $3 to $6
ZinZar: folds
Uncalled bet ($3) returned to laubes04
laubes04 collected $6 from pot
laubes04: doesn't show hand
*** SUMMARY ***
Total pot $6 | Rake $0
Seat 2: ZinZar (big blind) folded before Flop
Seat 3: laubes04 (button) (small blind) collected ($6)


PokerStars Hand #163151486381:  Hold'em Limit ($3/$6 USD) - 2016/12/18 14:33:05 ET
Table 'Crocus' 6-max Seat #2 is the button
Seat 2: ZinZar ($114.06 in chips)
Seat 3: laubes04 ($81 in chips)
ZinZar: posts small blind $1
laubes04: posts big blind $3
*** HOLE CARDS ***
ZinZar: folds
Uncalled bet ($2) returned to laubes04
laubes04 collected $2 from pot
laubes04: doesn't show hand
*** SUMMARY ***
Total pot $2 | Rake $0
Seat 2: ZinZar (button) (small blind) folded before Flop
Seat 3: laubes04 (big blind) collected ($2)


PokerStars Hand #163153598801:  Hold'em Limit ($3/$6 USD) - 2016/12/18 15:07:04 ET
Table 'Crocus' 6-max Seat #4 is the button
Seat 3: laubes04 ($73.29 in chips)
Seat 4: Hannibal2211 ($400.11 in chips)
Hannibal2211: posts small blind $1
Drik89: is sitting out
laubes04: posts big blind $3
*** HOLE CARDS ***
Hannibal2211: folds
Uncalled bet ($2) returned to laubes04
laubes04 collected $2 from pot
laubes04: doesn't show hand
*** SUMMARY ***
Total pot $2 | Rake $0
Seat 3: laubes04 (big blind) collected ($2)
Seat 4: Hannibal2211 (button) (small blind) folded before Flop


PokerStars Hand #163153605291:  Hold'em Limit ($3/$6 USD) - 2016/12/18 15:07:09 ET
Table 'Crocus' 6-max Seat #3 is the button
Seat 3: laubes04 ($74.29 in chips)
Seat 4: Hannibal2211 ($399.11 in chips)
laubes04: posts small blind $1
Hannibal2211: posts big blind $3
*** HOLE CARDS ***
laubes04: raises $3 to $6
Drik89 leaves the table
Hannibal2211: calls $3
*** FLOP *** [7c Kd 8h]
Hannibal2211: checks
laubes04: bets $3
Hannibal2211: calls $3
*** TURN *** [7c Kd 8h] [Td]
Hannibal2211: checks
laubes04: bets $6
Hannibal2211: calls $6
*** RIVER *** [7c Kd 8h Td] [7d]
Hannibal2211: checks
laubes04: bets $6
Hannibal2211: raises $6 to $12
laubes04: raises $6 to $18
Hannibal2211: calls $6
*** SHOW DOWN ***
laubes04: shows [7h Th] (a full house, Sevens full of Tens)
Hannibal2211: mucks hand
laubes04 collected $65.50 from pot
*** SUMMARY ***
Total pot $66 | Rake $0.50
Board [7c Kd 8h Td 7d]
Seat 3: laubes04 (button) (small blind) showed [7h Th] and won ($65.50) with a full house, Sevens full of Tens
Seat 4: Hannibal2211 (big blind) mucked


PokerStars Hand #163153685689:  Hold'em Limit ($3/$6 USD) - 2016/12/18 15:08:20 ET
Table 'Crocus' 6-max Seat #3 is the button
Seat 3: laubes04 ($97.79 in chips)
Seat 4: Hannibal2211 ($374.75 in chips)
laubes04: posts small blind $1
Hannibal2211: posts big blind $3
*** HOLE CARDS ***
laubes04: folds
Uncalled bet ($2) returned to Hannibal2211
Hannibal2211 collected $2 from pot
*** SUMMARY ***
Total pot $2 | Rake $0
Seat 3: laubes04 (button) (small blind) folded before Flop
Seat 4: Hannibal2211 (big blind) collected ($2)


PokerStars Hand #163153643423:  Hold'em Limit ($3/$6 USD) - 2016/12/18 15:07:43 ET
Table 'Crocus' 6-max Seat #4 is the button
Seat 3: laubes04 ($106.79 in chips)
Seat 4: Hannibal2211 ($366.11 in chips)
Hannibal2211: posts small blind $1
laubes04: posts big blind $3
*** HOLE CARDS ***
Hannibal2211: raises $3 to $6
laubes04: calls $3
*** FLOP *** [Kh 9h 9s]
laubes04: checks
Hannibal2211: bets $3
laubes04: calls $3
*** TURN *** [Kh 9h 9s] [Qh]
laubes04: checks
Hannibal2211: bets $6
laubes04: folds
Uncalled bet ($6) returned to Hannibal2211
Hannibal2211 collected $17.64 from pot
*** SUMMARY ***
Total pot $18 | Rake $0.36
Board [Kh 9h 9s Qh]
Seat 3: laubes04 (big blind) folded on the Turn
Seat 4: Hannibal2211 (button) (small blind) collected ($17.64)


PokerStars Hand #163153691197:  Hold'em Limit ($3/$6 USD) - 2016/12/18 15:08:25 ET
Table 'Crocus' 6-max Seat #4 is the button
Seat 3: laubes04 ($96.79 in chips)
Seat 4: Hannibal2211 ($375.75 in chips)
Hannibal2211: posts small blind $1
laubes04: posts big blind $3
*** HOLE CARDS ***
Hannibal2211: raises $3 to $6
laubes04: folds
Uncalled bet ($3) returned to Hannibal2211
Hannibal2211 collected $6 from pot
*** SUMMARY ***
Total pot $6 | Rake $0
Seat 3: laubes04 (big blind) folded before Flop
Seat 4: Hannibal2211 (button) (small blind) collected ($6)


PokerStars Hand #163153701648:  Hold'em Limit ($3/$6 USD) - 2016/12/18 15:08:34 ET
Table 'Crocus' 6-max Seat #3 is the button
Seat 3: laubes04 ($93.79 in chips)
Seat 4: Hannibal2211 ($378.75 in chips)
laubes04: posts small blind $1
Hannibal2211: posts big blind $3
*** HOLE CARDS ***
laubes04: raises $3 to $6
Hannibal2211: calls $3
*** FLOP *** [2h 6h 3c]
fabricio004 joins the table at seat #5
Hannibal2211: checks
laubes04: bets $3
Hannibal2211: raises $3 to $6
laubes04: calls $3
*** TURN *** [2h 6h 3c] [4h]
Hannibal2211: bets $6
laubes04: folds
Uncalled bet ($6) returned to Hannibal2211
Hannibal2211 collected $23.52 from pot
*** SUMMARY ***
Total pot $24 | Rake $0.48
Board [2h 6h 3c 4h]
Seat 3: laubes04 (button) (small blind) folded on the Turn
Seat 4: Hannibal2211 (big blind) collected ($23.52)


