PokerStars Hand #146023417210:  Hold'em Limit ($3/$6 USD) - 2015/12/27 16:12:06 ET
Table 'Crocus' 2-max Seat #1 is the button
Seat 1: BigYelloFish ($151 in chips)
Seat 2: Swe_OlssoN ($87.50 in chips)
BigYelloFish: posts small blind $1
Swe_OlssoN: posts big blind $3
*** HOLE CARDS ***
BigYelloFish: raises $3 to $6
Swe_OlssoN: raises $3 to $9
BigYelloFish: calls $3
*** FLOP *** [3d Ks 4h]
Swe_OlssoN: bets $3
BigYelloFish: calls $3
*** TURN *** [3d Ks 4h] [Td]
Swe_OlssoN: bets $6
BigYelloFish: calls $6
*** RIVER *** [3d Ks 4h Td] [2h]
Swe_OlssoN: bets $6
BigYelloFish: folds
Uncalled bet ($6) returned to Swe_OlssoN
Swe_OlssoN collected $35.50 from pot
Swe_OlssoN: doesn't show hand
*** SUMMARY ***
Total pot $36 | Rake $0.50
Board [3d Ks 4h Td 2h]
Seat 1: BigYelloFish (button) (small blind) folded on the River
Seat 2: Swe_OlssoN (big blind) collected ($35.50)


PokerStars Hand #146023434767:  Hold'em Limit ($3/$6 USD) - 2015/12/27 16:12:21 ET
Table 'Crocus' 2-max Seat #2 is the button
Seat 1: BigYelloFish ($133 in chips)
Seat 2: Swe_OlssoN ($105 in chips)
Swe_OlssoN: posts small blind $1
BigYelloFish: posts big blind $3
*** HOLE CARDS ***
Swe_OlssoN: raises $3 to $6
BigYelloFish: raises $3 to $9
Swe_OlssoN: calls $3
*** FLOP *** [6h 3s Ks]
BigYelloFish: bets $3
Swe_OlssoN: calls $3
*** TURN *** [6h 3s Ks] [4d]
BigYelloFish: checks
Swe_OlssoN: bets $6
BigYelloFish: folds
Uncalled bet ($6) returned to Swe_OlssoN
Swe_OlssoN collected $23.52 from pot
*** SUMMARY ***
Total pot $24 | Rake $0.48
Board [6h 3s Ks 4d]
Seat 1: BigYelloFish (big blind) folded on the Turn
Seat 2: Swe_OlssoN (button) (small blind) collected ($23.52)


PokerStars Hand #146023448183:  Hold'em Limit ($3/$6 USD) - 2015/12/27 16:12:33 ET
Table 'Crocus' 2-max Seat #1 is the button
Seat 1: BigYelloFish ($121 in chips)
Seat 2: Swe_OlssoN ($116.52 in chips)
BigYelloFish: posts small blind $1
Swe_OlssoN: posts big blind $3
*** HOLE CARDS ***
BigYelloFish: raises $3 to $6
Swe_OlssoN: raises $3 to $9
BigYelloFish: calls $3
*** FLOP *** [Td 7d 8h]
Swe_OlssoN: bets $3
BigYelloFish: calls $3
*** TURN *** [Td 7d 8h] [Tc]
Swe_OlssoN: bets $6
BigYelloFish: calls $6
*** RIVER *** [Td 7d 8h Tc] [2s]
Swe_OlssoN: bets $6
BigYelloFish: folds
Uncalled bet ($6) returned to Swe_OlssoN
Swe_OlssoN collected $35.50 from pot
Swe_OlssoN: doesn't show hand
*** SUMMARY ***
Total pot $36 | Rake $0.50
Board [Td 7d 8h Tc 2s]
Seat 1: BigYelloFish (button) (small blind) folded on the River
Seat 2: Swe_OlssoN (big blind) collected ($35.50)


PokerStars Hand #146023481129:  Hold'em Limit ($3/$6 USD) - 2015/12/27 16:13:03 ET
Table 'Crocus' 2-max Seat #2 is the button
Seat 1: BigYelloFish ($113.52 in chips)
Seat 2: Swe_OlssoN ($123.02 in chips)
Swe_OlssoN: posts small blind $1
BigYelloFish: posts big blind $3
*** HOLE CARDS ***
Swe_OlssoN: raises $3 to $6
BigYelloFish: calls $3
*** FLOP *** [Td 7d As]
BigYelloFish: checks
Swe_OlssoN: bets $3
BigYelloFish: raises $3 to $6
Swe_OlssoN: calls $3
*** TURN *** [Td 7d As] [Ac]
BigYelloFish: bets $6
Swe_OlssoN: calls $6
*** RIVER *** [Td 7d As Ac] [2d]
BigYelloFish: bets $6
Swe_OlssoN: calls $6
*** SHOW DOWN ***
BigYelloFish: shows [Tc 5d] (two pair, Aces and Tens)
Swe_OlssoN: mucks hand
BigYelloFish collected $47.50 from pot
*** SUMMARY ***
Total pot $48 | Rake $0.50
Board [Td 7d As Ac 2d]
Seat 1: BigYelloFish (big blind) showed [Tc 5d] and won ($47.50) with two pair, Aces and Tens
Seat 2: Swe_OlssoN (button) (small blind) mucked


PokerStars Hand #146023514441:  Hold'em Limit ($3/$6 USD) - 2015/12/27 16:13:33 ET
Table 'Crocus' 2-max Seat #2 is the button
Seat 1: BigYelloFish ($166.52 in chips)
Seat 2: Swe_OlssoN ($69.02 in chips)
Swe_OlssoN: posts small blind $1
BigYelloFish: posts big blind $3
*** HOLE CARDS ***
Swe_OlssoN: raises $3 to $6
BigYelloFish: calls $3
*** FLOP *** [Jc 8h Ac]
BigYelloFish: checks
Swe_OlssoN: bets $3
BigYelloFish: calls $3
*** TURN *** [Jc 8h Ac] [9h]
BigYelloFish: checks
Swe_OlssoN: bets $6
BigYelloFish: calls $6
*** RIVER *** [Jc 8h Ac 9h] [4c]
BigYelloFish: checks
Swe_OlssoN: checks
*** SHOW DOWN ***
BigYelloFish: shows [8c 5d] (a pair of Eights)
Swe_OlssoN: mucks hand
BigYelloFish collected $29.50 from pot
*** SUMMARY ***
Total pot $30 | Rake $0.50
Board [Jc 8h Ac 9h 4c]
Seat 1: BigYelloFish (big blind) showed [8c 5d] and won ($29.50) with a pair of Eights
Seat 2: Swe_OlssoN (button) (small blind) mucked


PokerStars Hand #146023495502:  Hold'em Limit ($3/$6 USD) - 2015/12/27 16:13:16 ET
Table 'Crocus' 2-max Seat #1 is the button
Seat 1: BigYelloFish ($137.02 in chips)
Seat 2: Swe_OlssoN ($99.02 in chips)
BigYelloFish: posts small blind $1
Swe_OlssoN: posts big blind $3
*** HOLE CARDS ***
BigYelloFish: raises $3 to $6
Swe_OlssoN: raises $3 to $9
BigYelloFish: calls $3
*** FLOP *** [Jc Qd 5d]
Swe_OlssoN: bets $3
BigYelloFish: calls $3
*** TURN *** [Jc Qd 5d] [6d]
Swe_OlssoN: bets $6
BigYelloFish: raises $6 to $12
Swe_OlssoN: calls $6
*** RIVER *** [Jc Qd 5d 6d] [Td]
Swe_OlssoN: checks
BigYelloFish: bets $6
Swe_OlssoN: calls $6
*** SHOW DOWN ***
BigYelloFish: shows [Qc Jh] (two pair, Queens and Jacks)
Swe_OlssoN: mucks hand
BigYelloFish collected $59.50 from pot
*** SUMMARY ***
Total pot $60 | Rake $0.50
Board [Jc Qd 5d 6d Td]
Seat 1: BigYelloFish (button) (small blind) showed [Qc Jh] and won ($59.50) with two pair, Queens and Jacks
Seat 2: Swe_OlssoN (big blind) mucked


PokerStars Hand #146023475381:  Hold'em Limit ($3/$6 USD) - 2015/12/27 16:12:58 ET
Table 'Crocus' 2-max Seat #1 is the button
Seat 1: BigYelloFish ($114.52 in chips)
Seat 2: Swe_OlssoN ($122.02 in chips)
BigYelloFish: posts small blind $1
Swe_OlssoN: posts big blind $3
*** HOLE CARDS ***
BigYelloFish: folds
Uncalled bet ($2) returned to Swe_OlssoN
Swe_OlssoN collected $2 from pot
Swe_OlssoN: doesn't show hand
*** SUMMARY ***
Total pot $2 | Rake $0
Seat 1: BigYelloFish (button) (small blind) folded before Flop
Seat 2: Swe_OlssoN (big blind) collected ($2)


PokerStars Hand #146023463627:  Hold'em Limit ($3/$6 USD) - 2015/12/27 16:12:48 ET
Table 'Crocus' 2-max Seat #2 is the button
Seat 1: BigYelloFish ($103 in chips)
Seat 2: Swe_OlssoN ($134.02 in chips)
Swe_OlssoN: posts small blind $1
BigYelloFish: posts big blind $3
*** HOLE CARDS ***
Swe_OlssoN: raises $3 to $6
BigYelloFish: raises $3 to $9
Swe_OlssoN: calls $3
*** FLOP *** [Ks 4d 4s]
BigYelloFish: bets $3
Swe_OlssoN: calls $3
*** TURN *** [Ks 4d 4s] [Qh]
BigYelloFish: bets $6
Swe_OlssoN: folds
Uncalled bet ($6) returned to BigYelloFish
BigYelloFish collected $23.52 from pot
BigYelloFish: doesn't show hand
*** SUMMARY ***
Total pot $24 | Rake $0.48
Board [Ks 4d 4s Qh]
Seat 1: BigYelloFish (big blind) collected ($23.52)
Seat 2: Swe_OlssoN (button) (small blind) folded on the Turn


PokerStars Hand #146023529289:  Hold'em Limit ($3/$6 USD) - 2015/12/27 16:13:46 ET
Table 'Crocus' 2-max Seat #1 is the button
Seat 1: BigYelloFish ($181.02 in chips)
Seat 2: Swe_OlssoN ($54.02 in chips)
BigYelloFish: posts small blind $1
Swe_OlssoN: posts big blind $3
*** HOLE CARDS ***
BigYelloFish: calls $2
Swe_OlssoN: checks
*** FLOP *** [2s 3s Ks]
Swe_OlssoN: checks
BigYelloFish: checks
*** TURN *** [2s 3s Ks] [5c]
Swe_OlssoN: bets $6
BigYelloFish: calls $6
*** RIVER *** [2s 3s Ks 5c] [6h]
Swe_OlssoN: bets $6
BigYelloFish: raises $6 to $12
Swe_OlssoN: calls $6
*** SHOW DOWN ***
BigYelloFish: shows [7h 4c] (a straight, Three to Seven)
Swe_OlssoN: mucks hand
BigYelloFish collected $41.50 from pot
*** SUMMARY ***
Total pot $42 | Rake $0.50
Board [2s 3s Ks 5c 6h]
Seat 1: BigYelloFish (button) (small blind) showed [7h 4c] and won ($41.50) with a straight, Three to Seven
Seat 2: Swe_OlssoN (big blind) mucked


PokerStars Hand #146023547256:  Hold'em Limit ($3/$6 USD) - 2015/12/27 16:14:01 ET
Table 'Crocus' 2-max Seat #2 is the button
Seat 1: BigYelloFish ($201.52 in chips)
Seat 2: Swe_OlssoN ($33.02 in chips)
Swe_OlssoN: posts small blind $1
BigYelloFish: posts big blind $3
*** HOLE CARDS ***
Swe_OlssoN: raises $3 to $6
BigYelloFish: calls $3
*** FLOP *** [5c As 4d]
BigYelloFish: checks
Swe_OlssoN: checks
*** TURN *** [5c As 4d] [2h]
BigYelloFish: checks
Swe_OlssoN: checks
*** RIVER *** [5c As 4d 2h] [7s]
BigYelloFish: checks
Swe_OlssoN: checks
*** SHOW DOWN ***
BigYelloFish: shows [Qc 9c] (high card Ace)
Swe_OlssoN: mucks hand
BigYelloFish collected $11.76 from pot
*** SUMMARY ***
Total pot $12 | Rake $0.24
Board [5c As 4d 2h 7s]
Seat 1: BigYelloFish (big blind) showed [Qc 9c] and won ($11.76) with high card Ace
Seat 2: Swe_OlssoN (button) (small blind) mucked


PokerStars Hand #146023565520:  Hold'em Limit ($3/$6 USD) - 2015/12/27 16:14:18 ET
Table 'Crocus' 2-max Seat #2 is the button
Seat 1: BigYelloFish ($206.28 in chips)
Seat 2: Swe_OlssoN ($28.02 in chips)
Swe_OlssoN: posts small blind $1
BigYelloFish: posts big blind $3
*** HOLE CARDS ***
Swe_OlssoN: raises $3 to $6
BigYelloFish: calls $3
*** FLOP *** [2s Qs Kc]
BigYelloFish: checks
Swe_OlssoN: bets $3
BigYelloFish: folds
Uncalled bet ($3) returned to Swe_OlssoN
Swe_OlssoN collected $11.76 from pot
Swe_OlssoN: doesn't show hand
*** SUMMARY ***
Total pot $12 | Rake $0.24
Board [2s Qs Kc]
Seat 1: BigYelloFish (big blind) folded on the Flop
Seat 2: Swe_OlssoN (button) (small blind) collected ($11.76)


PokerStars Hand #146023560466:  Hold'em Limit ($3/$6 USD) - 2015/12/27 16:14:13 ET
Table 'Crocus' 2-max Seat #1 is the button
Seat 1: BigYelloFish ($207.28 in chips)
Seat 2: Swe_OlssoN ($27.02 in chips)
BigYelloFish: posts small blind $1
Swe_OlssoN: posts big blind $3
*** HOLE CARDS ***
BigYelloFish: folds
Uncalled bet ($2) returned to Swe_OlssoN
Swe_OlssoN collected $2 from pot
Swe_OlssoN: doesn't show hand
*** SUMMARY ***
Total pot $2 | Rake $0
Seat 1: BigYelloFish (button) (small blind) folded before Flop
Seat 2: Swe_OlssoN (big blind) collected ($2)


PokerStars Hand #146023574897:  Hold'em Limit ($3/$6 USD) - 2015/12/27 16:14:26 ET
Table 'Crocus' 2-max Seat #1 is the button
Seat 1: BigYelloFish ($200.28 in chips)
Seat 2: Swe_OlssoN ($33.78 in chips)
BigYelloFish: posts small blind $1
Swe_OlssoN: posts big blind $3
*** HOLE CARDS ***
BigYelloFish: raises $3 to $6
Swe_OlssoN: calls $3
*** FLOP *** [7c 7d As]
Swe_OlssoN: checks
BigYelloFish: bets $3
Swe_OlssoN: folds
Uncalled bet ($3) returned to BigYelloFish
BigYelloFish collected $11.76 from pot
BigYelloFish: doesn't show hand
*** SUMMARY ***
Total pot $12 | Rake $0.24
Board [7c 7d As]
Seat 1: BigYelloFish (button) (small blind) collected ($11.76)
Seat 2: Swe_OlssoN (big blind) folded on the Flop


PokerStars Hand #146023585291:  Hold'em Limit ($3/$6 USD) - 2015/12/27 16:14:35 ET
Table 'Crocus' 2-max Seat #2 is the button
Seat 1: BigYelloFish ($206.04 in chips)
Seat 2: Swe_OlssoN ($27.78 in chips)
Swe_OlssoN: posts small blind $1
BigYelloFish: posts big blind $3
*** HOLE CARDS ***
Swe_OlssoN: raises $3 to $6
BigYelloFish: calls $3
*** FLOP *** [9c Tc 9s]
BigYelloFish: checks
Swe_OlssoN: bets $3
BigYelloFish: calls $3
*** TURN *** [9c Tc 9s] [3d]
BigYelloFish: checks
Swe_OlssoN: bets $6
BigYelloFish: raises $6 to $12
Swe_OlssoN: folds
Uncalled bet ($6) returned to BigYelloFish
BigYelloFish collected $29.50 from pot
BigYelloFish: doesn't show hand
*** SUMMARY ***
Total pot $30 | Rake $0.50
Board [9c Tc 9s 3d]
Seat 1: BigYelloFish (big blind) collected ($29.50)
Seat 2: Swe_OlssoN (button) (small blind) folded on the Turn


PokerStars Hand #146023598543:  Hold'em Limit ($3/$6 USD) - 2015/12/27 16:14:47 ET
Table 'Crocus' 2-max Seat #1 is the button
Seat 1: BigYelloFish ($220.54 in chips)
Seat 2: Swe_OlssoN ($12.78 in chips)
BigYelloFish: posts small blind $1
Swe_OlssoN: posts big blind $3
*** HOLE CARDS ***
BigYelloFish: raises $3 to $6
Swe_OlssoN: raises $3 to $9
BigYelloFish: calls $3
*** FLOP *** [8h Kc Ks]
Swe_OlssoN: bets $3
BigYelloFish: raises $3 to $6
Swe_OlssoN: calls $0.78 and is all-in
Uncalled bet ($2.22) returned to BigYelloFish
*** TURN *** [8h Kc Ks] [Kh]
*** RIVER *** [8h Kc Ks Kh] [Jh]
*** SHOW DOWN ***
Swe_OlssoN: shows [Ad 6d] (three of a kind, Kings)
BigYelloFish: shows [8d Js] (a full house, Kings full of Jacks)
BigYelloFish collected $25.06 from pot
*** SUMMARY ***
Total pot $25.56 | Rake $0.50
Board [8h Kc Ks Kh Jh]
Seat 1: BigYelloFish (button) (small blind) showed [8d Js] and won ($25.06) with a full house, Kings full of Jacks
Seat 2: Swe_OlssoN (big blind) showed [Ad 6d] and lost with three of a kind, Kings


PokerStars Hand #146023624427:  Hold'em Limit ($3/$6 USD) - 2015/12/27 16:15:10 ET
Table 'Crocus' 2-max Seat #2 is the button
Seat 1: BigYelloFish ($232.82 in chips)
Seat 2: Swe_OlssoN ($60 in chips)
Swe_OlssoN: posts small blind $1
BigYelloFish: posts big blind $3
*** HOLE CARDS ***
Swe_OlssoN: raises $3 to $6
BigYelloFish: calls $3
*** FLOP *** [Ad Ks 6h]
BigYelloFish: checks
Swe_OlssoN: bets $3
BigYelloFish: calls $3
*** TURN *** [Ad Ks 6h] [4c]
BigYelloFish: checks
Swe_OlssoN: bets $6
BigYelloFish: calls $6
*** RIVER *** [Ad Ks 6h 4c] [6d]
BigYelloFish: checks
Swe_OlssoN: checks
*** SHOW DOWN ***
BigYelloFish: shows [9c 6c] (three of a kind, Sixes)
Swe_OlssoN: mucks hand
BigYelloFish collected $29.50 from pot
*** SUMMARY ***
Total pot $30 | Rake $0.50
Board [Ad Ks 6h 4c 6d]
Seat 1: BigYelloFish (big blind) showed [9c 6c] and won ($29.50) with three of a kind, Sixes
Seat 2: Swe_OlssoN (button) (small blind) mucked


PokerStars Hand #146023638685:  Hold'em Limit ($3/$6 USD) - 2015/12/27 16:15:23 ET
Table 'Crocus' 2-max Seat #1 is the button
Seat 1: BigYelloFish ($247.32 in chips)
Seat 2: Swe_OlssoN ($45 in chips)
BigYelloFish: posts small blind $1
Swe_OlssoN: posts big blind $3
*** HOLE CARDS ***
BigYelloFish: raises $3 to $6
Swe_OlssoN: folds
Uncalled bet ($3) returned to BigYelloFish
BigYelloFish collected $6 from pot
BigYelloFish: doesn't show hand
*** SUMMARY ***
Total pot $6 | Rake $0
Seat 1: BigYelloFish (button) (small blind) collected ($6)
Seat 2: Swe_OlssoN (big blind) folded before Flop


PokerStars Hand #146023656578:  Hold'em Limit ($3/$6 USD) - 2015/12/27 16:15:41 ET
Table 'Crocus' 2-max Seat #1 is the button
Seat 1: BigYelloFish ($258.96 in chips)
Seat 2: Swe_OlssoN ($33 in chips)
BigYelloFish: posts small blind $1
Swe_OlssoN: posts big blind $3
*** HOLE CARDS ***
BigYelloFish: folds
Uncalled bet ($2) returned to Swe_OlssoN
Swe_OlssoN collected $2 from pot
Swe_OlssoN: doesn't show hand
*** SUMMARY ***
Total pot $2 | Rake $0
Seat 1: BigYelloFish (button) (small blind) folded before Flop
Seat 2: Swe_OlssoN (big blind) collected ($2)


PokerStars Hand #146023642987:  Hold'em Limit ($3/$6 USD) - 2015/12/27 16:15:28 ET
Table 'Crocus' 2-max Seat #2 is the button
Seat 1: BigYelloFish ($250.32 in chips)
Seat 2: Swe_OlssoN ($42 in chips)
Swe_OlssoN: posts small blind $1
BigYelloFish: posts big blind $3
*** HOLE CARDS ***
Swe_OlssoN: raises $3 to $6
BigYelloFish: calls $3
*** FLOP *** [Jd 6d 3s]
BigYelloFish: checks
Swe_OlssoN: bets $3
BigYelloFish: calls $3
*** TURN *** [Jd 6d 3s] [2s]
BigYelloFish: checks
Swe_OlssoN: checks
*** RIVER *** [Jd 6d 3s 2s] [Ah]
BigYelloFish: checks
Swe_OlssoN: checks
*** SHOW DOWN ***
BigYelloFish: shows [3c Ts] (a pair of Threes)
Swe_OlssoN: mucks hand
BigYelloFish collected $17.64 from pot
*** SUMMARY ***
Total pot $18 | Rake $0.36
Board [Jd 6d 3s 2s Ah]
Seat 1: BigYelloFish (big blind) showed [3c Ts] and won ($17.64) with a pair of Threes
Seat 2: Swe_OlssoN (button) (small blind) mucked


PokerStars Hand #146023679285:  Hold'em Limit ($3/$6 USD) - 2015/12/27 16:16:02 ET
Table 'Crocus' 2-max Seat #1 is the button
Seat 1: BigYelloFish ($236.96 in chips)
Seat 2: Swe_OlssoN ($54.50 in chips)
BigYelloFish: posts small blind $1
Swe_OlssoN: posts big blind $3
*** HOLE CARDS ***
BigYelloFish: raises $3 to $6
Swe_OlssoN: folds
Uncalled bet ($3) returned to BigYelloFish
BigYelloFish collected $6 from pot
BigYelloFish: doesn't show hand
*** SUMMARY ***
Total pot $6 | Rake $0
Seat 1: BigYelloFish (button) (small blind) collected ($6)
Seat 2: Swe_OlssoN (big blind) folded before Flop


PokerStars Hand #146023661384:  Hold'em Limit ($3/$6 USD) - 2015/12/27 16:15:46 ET
Table 'Crocus' 2-max Seat #2 is the button
Seat 1: BigYelloFish ($257.96 in chips)
Seat 2: Swe_OlssoN ($34 in chips)
Swe_OlssoN: posts small blind $1
BigYelloFish: posts big blind $3
*** HOLE CARDS ***
Swe_OlssoN: raises $3 to $6
BigYelloFish: calls $3
*** FLOP *** [7d 6h 7h]
BigYelloFish: checks
Swe_OlssoN: bets $3
BigYelloFish: raises $3 to $6
Swe_OlssoN: raises $3 to $9
BigYelloFish: calls $3
*** TURN *** [7d 6h 7h] [3d]
BigYelloFish: checks
Swe_OlssoN: bets $6
BigYelloFish: calls $6
*** RIVER *** [7d 6h 7h 3d] [Ac]
BigYelloFish: checks
Swe_OlssoN: bets $6
BigYelloFish: folds
Uncalled bet ($6) returned to Swe_OlssoN
Swe_OlssoN collected $41.50 from pot
Swe_OlssoN: doesn't show hand
*** SUMMARY ***
Total pot $42 | Rake $0.50
Board [7d 6h 7h 3d Ac]
Seat 1: BigYelloFish (big blind) folded on the River
Seat 2: Swe_OlssoN (button) (small blind) collected ($41.50)


PokerStars Hand #146023685540:  Hold'em Limit ($3/$6 USD) - 2015/12/27 16:16:08 ET
Table 'Crocus' 2-max Seat #2 is the button
Seat 1: BigYelloFish ($239.96 in chips)
Seat 2: Swe_OlssoN ($51.50 in chips)
Swe_OlssoN: posts small blind $1
BigYelloFish: posts big blind $3
*** HOLE CARDS ***
Swe_OlssoN: raises $3 to $6
BigYelloFish: calls $3
*** FLOP *** [6d 9c 9s]
BigYelloFish: checks
Swe_OlssoN: bets $3
BigYelloFish: calls $3
*** TURN *** [6d 9c 9s] [Ts]
BigYelloFish: checks
Swe_OlssoN: bets $6
BigYelloFish: raises $6 to $12
Swe_OlssoN: calls $6
*** RIVER *** [6d 9c 9s Ts] [9h]
BigYelloFish: bets $6
Swe_OlssoN: calls $6
*** SHOW DOWN ***
BigYelloFish: shows [Tc Kh] (a full house, Nines full of Tens)
Swe_OlssoN: mucks hand
BigYelloFish collected $53.50 from pot
*** SUMMARY ***
Total pot $54 | Rake $0.50
Board [6d 9c 9s Ts 9h]
Seat 1: BigYelloFish (big blind) showed [Tc Kh] and won ($53.50) with a full house, Nines full of Tens
Seat 2: Swe_OlssoN (button) (small blind) mucked


PokerStars Hand #146023715531:  Hold'em Limit ($3/$6 USD) - 2015/12/27 16:16:34 ET
Table 'Crocus' 2-max Seat #2 is the button
Seat 1: BigYelloFish ($260.46 in chips)
Seat 2: Swe_OlssoN ($30.26 in chips)
Swe_OlssoN: posts small blind $1
BigYelloFish: posts big blind $3
*** HOLE CARDS ***
Swe_OlssoN: folds
Uncalled bet ($2) returned to BigYelloFish
BigYelloFish collected $2 from pot
BigYelloFish: doesn't show hand
*** SUMMARY ***
Total pot $2 | Rake $0
Seat 1: BigYelloFish (big blind) collected ($2)
Seat 2: Swe_OlssoN (button) (small blind) folded before Flop


PokerStars Hand #146023700923:  Hold'em Limit ($3/$6 USD) - 2015/12/27 16:16:21 ET
Table 'Crocus' 2-max Seat #1 is the button
Seat 1: BigYelloFish ($266.46 in chips)
Seat 2: Swe_OlssoN ($24.50 in chips)
BigYelloFish: posts small blind $1
Swe_OlssoN: posts big blind $3
*** HOLE CARDS ***
BigYelloFish: calls $2
Swe_OlssoN: raises $3 to $6
BigYelloFish: calls $3
*** FLOP *** [8d 2c Kd]
Swe_OlssoN: bets $3
BigYelloFish: folds
Uncalled bet ($3) returned to Swe_OlssoN
Swe_OlssoN collected $11.76 from pot
Swe_OlssoN: doesn't show hand
*** SUMMARY ***
Total pot $12 | Rake $0.24
Board [8d 2c Kd]
Seat 1: BigYelloFish (button) (small blind) folded on the Flop
Seat 2: Swe_OlssoN (big blind) collected ($11.76)


PokerStars Hand #146023720290:  Hold'em Limit ($3/$6 USD) - 2015/12/27 16:16:38 ET
Table 'Crocus' 2-max Seat #1 is the button
Seat 1: BigYelloFish ($261.46 in chips)
Seat 2: Swe_OlssoN ($29.26 in chips)
BigYelloFish: posts small blind $1
Swe_OlssoN: posts big blind $3
*** HOLE CARDS ***
BigYelloFish: raises $3 to $6
Swe_OlssoN: raises $3 to $9
BigYelloFish: calls $3
*** FLOP *** [4s Tc 5h]
Swe_OlssoN: bets $3
BigYelloFish: calls $3
*** TURN *** [4s Tc 5h] [7d]
Swe_OlssoN: bets $6
BigYelloFish: calls $6
*** RIVER *** [4s Tc 5h 7d] [6h]
Swe_OlssoN: bets $6
BigYelloFish: folds
Uncalled bet ($6) returned to Swe_OlssoN
Swe_OlssoN collected $35.50 from pot
Swe_OlssoN: doesn't show hand
*** SUMMARY ***
Total pot $36 | Rake $0.50
Board [4s Tc 5h 7d 6h]
Seat 1: BigYelloFish (button) (small blind) folded on the River
Seat 2: Swe_OlssoN (big blind) collected ($35.50)


PokerStars Hand #146023738148:  Hold'em Limit ($3/$6 USD) - 2015/12/27 16:16:54 ET
Table 'Crocus' 2-max Seat #2 is the button
Seat 1: BigYelloFish ($243.46 in chips)
Seat 2: Swe_OlssoN ($46.76 in chips)
Swe_OlssoN: posts small blind $1
BigYelloFish: posts big blind $3
*** HOLE CARDS ***
Swe_OlssoN: raises $3 to $6
BigYelloFish: raises $3 to $9
Swe_OlssoN: raises $3 to $12
Betting is capped
BigYelloFish: calls $3
*** FLOP *** [5d 4h 9c]
BigYelloFish: checks
Swe_OlssoN: bets $3
BigYelloFish: raises $3 to $6
Swe_OlssoN: raises $3 to $9
BigYelloFish: calls $3
*** TURN *** [5d 4h 9c] [3s]
BigYelloFish: checks
Swe_OlssoN: bets $6
BigYelloFish: calls $6
*** RIVER *** [5d 4h 9c 3s] [Ad]
BigYelloFish: checks
Swe_OlssoN: bets $6
BigYelloFish: calls $6
*** SHOW DOWN ***
Swe_OlssoN: shows [Ac Qd] (a pair of Aces)
BigYelloFish: mucks hand
Swe_OlssoN collected $65.50 from pot
*** SUMMARY ***
Total pot $66 | Rake $0.50
Board [5d 4h 9c 3s Ad]
Seat 1: BigYelloFish (big blind) mucked
Seat 2: Swe_OlssoN (button) (small blind) showed [Ac Qd] and won ($65.50) with a pair of Aces


PokerStars Hand #146023757014:  Hold'em Limit ($3/$6 USD) - 2015/12/27 16:17:10 ET
Table 'Crocus' 2-max Seat #1 is the button
Seat 1: BigYelloFish ($210.46 in chips)
Seat 2: Swe_OlssoN ($79.26 in chips)
BigYelloFish: posts small blind $1
Swe_OlssoN: posts big blind $3
*** HOLE CARDS ***
BigYelloFish: raises $3 to $6
Swe_OlssoN: raises $3 to $9
BigYelloFish: calls $3
*** FLOP *** [7d Kd 9c]
Swe_OlssoN: bets $3
BigYelloFish: calls $3
*** TURN *** [7d Kd 9c] [5c]
Swe_OlssoN: bets $6
BigYelloFish: raises $6 to $12
Swe_OlssoN: calls $6
*** RIVER *** [7d Kd 9c 5c] [9d]
Swe_OlssoN: checks
BigYelloFish: bets $6
Swe_OlssoN: folds
Uncalled bet ($6) returned to BigYelloFish
BigYelloFish collected $47.50 from pot
BigYelloFish: doesn't show hand
*** SUMMARY ***
Total pot $48 | Rake $0.50
Board [7d Kd 9c 5c 9d]
Seat 1: BigYelloFish (button) (small blind) collected ($47.50)
Seat 2: Swe_OlssoN (big blind) folded on the River


PokerStars Hand #146023776129:  Hold'em Limit ($3/$6 USD) - 2015/12/27 16:17:27 ET
Table 'Crocus' 2-max Seat #2 is the button
Seat 1: BigYelloFish ($233.96 in chips)
Seat 2: Swe_OlssoN ($55.26 in chips)
Swe_OlssoN: posts small blind $1
BigYelloFish: posts big blind $3
*** HOLE CARDS ***
Swe_OlssoN: folds
Uncalled bet ($2) returned to BigYelloFish
BigYelloFish collected $2 from pot
BigYelloFish: doesn't show hand
*** SUMMARY ***
Total pot $2 | Rake $0
Seat 1: BigYelloFish (big blind) collected ($2)
Seat 2: Swe_OlssoN (button) (small blind) folded before Flop


PokerStars Hand #146023791492:  Hold'em Limit ($3/$6 USD) - 2015/12/27 16:17:40 ET
Table 'Crocus' 2-max Seat #2 is the button
Seat 1: BigYelloFish ($240.72 in chips)
Seat 2: Swe_OlssoN ($48.26 in chips)
Swe_OlssoN: posts small blind $1
BigYelloFish: posts big blind $3
*** HOLE CARDS ***
Swe_OlssoN: raises $3 to $6
BigYelloFish: raises $3 to $9
Swe_OlssoN: calls $3
*** FLOP *** [Qc 4d Jd]
BigYelloFish: bets $3
Swe_OlssoN: folds
Uncalled bet ($3) returned to BigYelloFish
BigYelloFish collected $17.64 from pot
BigYelloFish: doesn't show hand
*** SUMMARY ***
Total pot $18 | Rake $0.36
Board [Qc 4d Jd]
Seat 1: BigYelloFish (big blind) collected ($17.64)
Seat 2: Swe_OlssoN (button) (small blind) folded on the Flop


PokerStars Hand #146023781004:  Hold'em Limit ($3/$6 USD) - 2015/12/27 16:17:31 ET
Table 'Crocus' 2-max Seat #1 is the button
Seat 1: BigYelloFish ($234.96 in chips)
Seat 2: Swe_OlssoN ($54.26 in chips)
BigYelloFish: posts small blind $1
Swe_OlssoN: posts big blind $3
*** HOLE CARDS ***
BigYelloFish: raises $3 to $6
Swe_OlssoN: calls $3
*** FLOP *** [7d Ac Jd]
Swe_OlssoN: checks
BigYelloFish: bets $3
Swe_OlssoN: folds
Uncalled bet ($3) returned to BigYelloFish
BigYelloFish collected $11.76 from pot
BigYelloFish: doesn't show hand
*** SUMMARY ***
Total pot $12 | Rake $0.24
Board [7d Ac Jd]
Seat 1: BigYelloFish (button) (small blind) collected ($11.76)
Seat 2: Swe_OlssoN (big blind) folded on the Flop


PokerStars Hand #146023817330:  Hold'em Limit ($3/$6 USD) - 2015/12/27 16:18:03 ET
Table 'Crocus' 2-max Seat #2 is the button
Seat 1: BigYelloFish ($234.36 in chips)
Seat 2: Swe_OlssoN ($53.76 in chips)
Swe_OlssoN: posts small blind $1
BigYelloFish: posts big blind $3
*** HOLE CARDS ***
Swe_OlssoN: raises $3 to $6
BigYelloFish: folds
Uncalled bet ($3) returned to Swe_OlssoN
Swe_OlssoN collected $6 from pot
Swe_OlssoN: doesn't show hand
*** SUMMARY ***
Total pot $6 | Rake $0
Seat 1: BigYelloFish (big blind) folded before Flop
Seat 2: Swe_OlssoN (button) (small blind) collected ($6)


PokerStars Hand #146023801957:  Hold'em Limit ($3/$6 USD) - 2015/12/27 16:17:49 ET
Table 'Crocus' 2-max Seat #1 is the button
Seat 1: BigYelloFish ($249.36 in chips)
Seat 2: Swe_OlssoN ($39.26 in chips)
BigYelloFish: posts small blind $1
Swe_OlssoN: posts big blind $3
*** HOLE CARDS ***
BigYelloFish: calls $2
Swe_OlssoN: raises $3 to $6
BigYelloFish: calls $3
*** FLOP *** [6c Qd 3s]
Swe_OlssoN: bets $3
BigYelloFish: calls $3
*** TURN *** [6c Qd 3s] [Td]
Swe_OlssoN: bets $6
BigYelloFish: calls $6
*** RIVER *** [6c Qd 3s Td] [9c]
Swe_OlssoN: checks
BigYelloFish: checks
*** SHOW DOWN ***
Swe_OlssoN: shows [Kd 6s] (a pair of Sixes)
BigYelloFish: mucks hand
Swe_OlssoN collected $29.50 from pot
*** SUMMARY ***
Total pot $30 | Rake $0.50
Board [6c Qd 3s Td 9c]
Seat 1: BigYelloFish (button) (small blind) mucked
Seat 2: Swe_OlssoN (big blind) showed [Kd 6s] and won ($29.50) with a pair of Sixes


PokerStars Hand #146023838956:  Hold'em Limit ($3/$6 USD) - 2015/12/27 16:18:22 ET
Table 'Crocus' 2-max Seat #2 is the button
Seat 1: BigYelloFish ($213.36 in chips)
Seat 2: Swe_OlssoN ($74.26 in chips)
Swe_OlssoN: posts small blind $1
BigYelloFish: posts big blind $3
*** HOLE CARDS ***
Swe_OlssoN: folds
Uncalled bet ($2) returned to BigYelloFish
BigYelloFish collected $2 from pot
BigYelloFish: doesn't show hand
*** SUMMARY ***
Total pot $2 | Rake $0
Seat 1: BigYelloFish (big blind) collected ($2)
Seat 2: Swe_OlssoN (button) (small blind) folded before Flop


PokerStars Hand #146023822814:  Hold'em Limit ($3/$6 USD) - 2015/12/27 16:18:08 ET
Table 'Crocus' 2-max Seat #1 is the button
Seat 1: BigYelloFish ($231.36 in chips)
Seat 2: Swe_OlssoN ($56.76 in chips)
BigYelloFish: posts small blind $1
Swe_OlssoN: posts big blind $3
*** HOLE CARDS ***
BigYelloFish: raises $3 to $6
Swe_OlssoN: raises $3 to $9
BigYelloFish: calls $3
*** FLOP *** [Jc 2h 4s]
Swe_OlssoN: bets $3
BigYelloFish: calls $3
*** TURN *** [Jc 2h 4s] [3s]
Swe_OlssoN: bets $6
BigYelloFish: calls $6
*** RIVER *** [Jc 2h 4s 3s] [Th]
Swe_OlssoN: bets $6
BigYelloFish: folds
Uncalled bet ($6) returned to Swe_OlssoN
Swe_OlssoN collected $35.50 from pot
Swe_OlssoN: doesn't show hand
*** SUMMARY ***
Total pot $36 | Rake $0.50
Board [Jc 2h 4s 3s Th]
Seat 1: BigYelloFish (button) (small blind) folded on the River
Seat 2: Swe_OlssoN (big blind) collected ($35.50)


PokerStars Hand #146023844059:  Hold'em Limit ($3/$6 USD) - 2015/12/27 16:18:26 ET
Table 'Crocus' 2-max Seat #1 is the button
Seat 1: BigYelloFish ($214.36 in chips)
Seat 2: Swe_OlssoN ($73.26 in chips)
BigYelloFish: posts small blind $1
Swe_OlssoN: posts big blind $3
*** HOLE CARDS ***
BigYelloFish: raises $3 to $6
Swe_OlssoN: calls $3
*** FLOP *** [Kh Ks 2d]
Swe_OlssoN: checks
BigYelloFish: bets $3
Swe_OlssoN: calls $3
*** TURN *** [Kh Ks 2d] [4c]
Swe_OlssoN: checks
BigYelloFish: checks
*** RIVER *** [Kh Ks 2d 4c] [2s]
Swe_OlssoN: checks
BigYelloFish: checks
*** SHOW DOWN ***
Swe_OlssoN: shows [Jh 3d] (two pair, Kings and Deuces)
BigYelloFish: mucks hand
Swe_OlssoN collected $17.64 from pot
*** SUMMARY ***
Total pot $18 | Rake $0.36
Board [Kh Ks 2d 4c 2s]
Seat 1: BigYelloFish (button) (small blind) mucked
Seat 2: Swe_OlssoN (big blind) showed [Jh 3d] and won ($17.64) with two pair, Kings and Deuces


PokerStars Hand #146023860139:  Hold'em Limit ($3/$6 USD) - 2015/12/27 16:18:41 ET
Table 'Crocus' 2-max Seat #2 is the button
Seat 1: BigYelloFish ($205.36 in chips)
Seat 2: Swe_OlssoN ($81.90 in chips)
Swe_OlssoN: posts small blind $1
BigYelloFish: posts big blind $3
*** HOLE CARDS ***
Swe_OlssoN: raises $3 to $6
BigYelloFish: raises $3 to $9
Swe_OlssoN: calls $3
*** FLOP *** [8h Jd 4d]
BigYelloFish: bets $3
Swe_OlssoN: calls $3
*** TURN *** [8h Jd 4d] [5c]
BigYelloFish: bets $6
Swe_OlssoN: raises $6 to $12
BigYelloFish: calls $6
*** RIVER *** [8h Jd 4d 5c] [5s]
BigYelloFish: checks
Swe_OlssoN: bets $6
BigYelloFish: calls $6
*** SHOW DOWN ***
Swe_OlssoN: shows [8c 7d] (two pair, Eights and Fives)
BigYelloFish: shows [Td Th] (two pair, Tens and Fives)
BigYelloFish collected $59.50 from pot
*** SUMMARY ***
Total pot $60 | Rake $0.50
Board [8h Jd 4d 5c 5s]
Seat 1: BigYelloFish (big blind) showed [Td Th] and won ($59.50) with two pair, Tens and Fives
Seat 2: Swe_OlssoN (button) (small blind) showed [8c 7d] and lost with two pair, Eights and Fives


PokerStars Hand #146023876093:  Hold'em Limit ($3/$6 USD) - 2015/12/27 16:18:54 ET
Table 'Crocus' 2-max Seat #1 is the button
Seat 1: BigYelloFish ($234.86 in chips)
Seat 2: Swe_OlssoN ($51.90 in chips)
BigYelloFish: posts small blind $1
Swe_OlssoN: posts big blind $3
*** HOLE CARDS ***
BigYelloFish: raises $3 to $6
Swe_OlssoN: calls $3
*** FLOP *** [7s Kd 3d]
Swe_OlssoN: bets $3
BigYelloFish: calls $3
*** TURN *** [7s Kd 3d] [6s]
Swe_OlssoN: bets $6
BigYelloFish: calls $6
*** RIVER *** [7s Kd 3d 6s] [7c]
Swe_OlssoN: bets $6
BigYelloFish: folds
Uncalled bet ($6) returned to Swe_OlssoN
Swe_OlssoN collected $29.50 from pot
Swe_OlssoN: doesn't show hand
*** SUMMARY ***
Total pot $30 | Rake $0.50
Board [7s Kd 3d 6s 7c]
Seat 1: BigYelloFish (button) (small blind) folded on the River
Seat 2: Swe_OlssoN (big blind) collected ($29.50)


PokerStars Hand #146023892311:  Hold'em Limit ($3/$6 USD) - 2015/12/27 16:19:09 ET
Table 'Crocus' 2-max Seat #2 is the button
Seat 1: BigYelloFish ($219.86 in chips)
Seat 2: Swe_OlssoN ($66.40 in chips)
Swe_OlssoN: posts small blind $1
BigYelloFish: posts big blind $3
*** HOLE CARDS ***
Swe_OlssoN: folds
Uncalled bet ($2) returned to BigYelloFish
BigYelloFish collected $2 from pot
BigYelloFish: doesn't show hand
*** SUMMARY ***
Total pot $2 | Rake $0
Seat 1: BigYelloFish (big blind) collected ($2)
Seat 2: Swe_OlssoN (button) (small blind) folded before Flop


PokerStars Hand #146023897341:  Hold'em Limit ($3/$6 USD) - 2015/12/27 16:19:13 ET
Table 'Crocus' 2-max Seat #1 is the button
Seat 1: BigYelloFish ($220.86 in chips)
Seat 2: Swe_OlssoN ($65.40 in chips)
BigYelloFish: posts small blind $1
Swe_OlssoN: posts big blind $3
*** HOLE CARDS ***
BigYelloFish: raises $3 to $6
Swe_OlssoN: calls $3
*** FLOP *** [Ts 2h Qh]
Swe_OlssoN: bets $3
BigYelloFish: calls $3
*** TURN *** [Ts 2h Qh] [6d]
Swe_OlssoN: bets $6
BigYelloFish: calls $6
*** RIVER *** [Ts 2h Qh 6d] [Js]
Swe_OlssoN: checks
BigYelloFish: bets $6
Swe_OlssoN: folds
Uncalled bet ($6) returned to BigYelloFish
BigYelloFish collected $29.50 from pot
BigYelloFish: doesn't show hand
*** SUMMARY ***
Total pot $30 | Rake $0.50
Board [Ts 2h Qh 6d Js]
Seat 1: BigYelloFish (button) (small blind) collected ($29.50)
Seat 2: Swe_OlssoN (big blind) folded on the River


PokerStars Hand #146023917551:  Hold'em Limit ($3/$6 USD) - 2015/12/27 16:19:31 ET
Table 'Crocus' 2-max Seat #2 is the button
Seat 1: BigYelloFish ($235.36 in chips)
Seat 2: Swe_OlssoN ($50.40 in chips)
Swe_OlssoN: posts small blind $1
BigYelloFish: posts big blind $3
*** HOLE CARDS ***
Swe_OlssoN: raises $3 to $6
BigYelloFish: calls $3
*** FLOP *** [6h Qs 8s]
BigYelloFish: checks
Swe_OlssoN: bets $3
BigYelloFish: folds
Uncalled bet ($3) returned to Swe_OlssoN
Swe_OlssoN collected $11.76 from pot
Swe_OlssoN: doesn't show hand
*** SUMMARY ***
Total pot $12 | Rake $0.24
Board [6h Qs 8s]
Seat 1: BigYelloFish (big blind) folded on the Flop
Seat 2: Swe_OlssoN (button) (small blind) collected ($11.76)


PokerStars Hand #146023926563:  Hold'em Limit ($3/$6 USD) - 2015/12/27 16:19:39 ET
Table 'Crocus' 2-max Seat #1 is the button
Seat 1: BigYelloFish ($229.36 in chips)
Seat 2: Swe_OlssoN ($56.16 in chips)
BigYelloFish: posts small blind $1
Swe_OlssoN: posts big blind $3
*** HOLE CARDS ***
BigYelloFish: raises $3 to $6
Swe_OlssoN: folds
Uncalled bet ($3) returned to BigYelloFish
BigYelloFish collected $6 from pot
BigYelloFish: doesn't show hand
*** SUMMARY ***
Total pot $6 | Rake $0
Seat 1: BigYelloFish (button) (small blind) collected ($6)
Seat 2: Swe_OlssoN (big blind) folded before Flop


PokerStars Hand #146023932761:  Hold'em Limit ($3/$6 USD) - 2015/12/27 16:19:44 ET
Table 'Crocus' 2-max Seat #2 is the button
Seat 1: BigYelloFish ($232.36 in chips)
Seat 2: Swe_OlssoN ($53.16 in chips)
Swe_OlssoN: posts small blind $1
BigYelloFish: posts big blind $3
*** HOLE CARDS ***
Swe_OlssoN: raises $3 to $6
BigYelloFish: raises $3 to $9
Swe_OlssoN: calls $3
*** FLOP *** [3d Ah As]
BigYelloFish: bets $3
Swe_OlssoN: folds
Uncalled bet ($3) returned to BigYelloFish
BigYelloFish collected $17.64 from pot
BigYelloFish: doesn't show hand
*** SUMMARY ***
Total pot $18 | Rake $0.36
Board [3d Ah As]
Seat 1: BigYelloFish (big blind) collected ($17.64)
Seat 2: Swe_OlssoN (button) (small blind) folded on the Flop


PokerStars Hand #146023942932:  Hold'em Limit ($3/$6 USD) - 2015/12/27 16:19:53 ET
Table 'Crocus' 2-max Seat #1 is the button
Seat 1: BigYelloFish ($241 in chips)
Seat 2: Swe_OlssoN ($44.16 in chips)
BigYelloFish: posts small blind $1
Swe_OlssoN: posts big blind $3
*** HOLE CARDS ***
BigYelloFish: raises $3 to $6
Swe_OlssoN: raises $3 to $9
BigYelloFish: raises $3 to $12
Betting is capped
Swe_OlssoN: calls $3
*** FLOP *** [8c 3h 5c]
Swe_OlssoN: bets $3
BigYelloFish: calls $3
*** TURN *** [8c 3h 5c] [Ks]
Swe_OlssoN: bets $6
BigYelloFish: calls $6
*** RIVER *** [8c 3h 5c Ks] [Ad]
Swe_OlssoN: checks
BigYelloFish: bets $6
Swe_OlssoN: calls $6
*** SHOW DOWN ***
BigYelloFish: shows [Qh Ah] (a pair of Aces)
Swe_OlssoN: mucks hand
BigYelloFish collected $53.50 from pot
*** SUMMARY ***
Total pot $54 | Rake $0.50
Board [8c 3h 5c Ks Ad]
Seat 1: BigYelloFish (button) (small blind) showed [Qh Ah] and won ($53.50) with a pair of Aces
Seat 2: Swe_OlssoN (big blind) mucked


PokerStars Hand #146023962649:  Hold'em Limit ($3/$6 USD) - 2015/12/27 16:20:11 ET
Table 'Crocus' 2-max Seat #2 is the button
Seat 1: BigYelloFish ($267.50 in chips)
Seat 2: Swe_OlssoN ($17.16 in chips)
Swe_OlssoN: posts small blind $1
BigYelloFish: posts big blind $3
*** HOLE CARDS ***
Swe_OlssoN: raises $3 to $6
BigYelloFish: raises $3 to $9
Swe_OlssoN: raises $3 to $12
Betting is capped
BigYelloFish: calls $3
*** FLOP *** [9d 9c 3s]
BigYelloFish: checks
Swe_OlssoN: bets $3
BigYelloFish: calls $3
*** TURN *** [9d 9c 3s] [6d]
BigYelloFish: checks
Swe_OlssoN: bets $2.16 and is all-in
BigYelloFish: calls $2.16
*** RIVER *** [9d 9c 3s 6d] [8h]
*** SHOW DOWN ***
BigYelloFish: shows [8d Ad] (two pair, Nines and Eights)
Swe_OlssoN: shows [8c 7h] (two pair, Nines and Eights - lower kicker)
BigYelloFish collected $33.82 from pot
*** SUMMARY ***
Total pot $34.32 | Rake $0.50
Board [9d 9c 3s 6d 8h]
Seat 1: BigYelloFish (big blind) showed [8d Ad] and won ($33.82) with two pair, Nines and Eights
Seat 2: Swe_OlssoN (button) (small blind) showed [8c 7h] and lost with two pair, Nines and Eights


PokerStars Hand #146024032282:  Hold'em Limit ($3/$6 USD) - 2015/12/27 16:21:14 ET
Table 'Crocus' 2-max Seat #2 is the button
Seat 1: BigYelloFish ($310.66 in chips)
Seat 2: Swe_OlssoN ($93 in chips)
Swe_OlssoN: posts small blind $1
BigYelloFish: posts big blind $3
*** HOLE CARDS ***
Swe_OlssoN: raises $3 to $6
BigYelloFish: raises $3 to $9
Swe_OlssoN: calls $3
*** FLOP *** [4s 8s 5d]
BigYelloFish: checks
Swe_OlssoN: bets $3
BigYelloFish: calls $3
*** TURN *** [4s 8s 5d] [3c]
BigYelloFish: checks
Swe_OlssoN: bets $6
BigYelloFish: folds
Uncalled bet ($6) returned to Swe_OlssoN
Swe_OlssoN collected $23.52 from pot
Swe_OlssoN: doesn't show hand
*** SUMMARY ***
Total pot $24 | Rake $0.48
Board [4s 8s 5d 3c]
Seat 1: BigYelloFish (big blind) folded on the Turn
Seat 2: Swe_OlssoN (button) (small blind) collected ($23.52)


PokerStars Hand #146023993137:  Hold'em Limit ($3/$6 USD) - 2015/12/27 16:20:40 ET
Table 'Crocus' 2-max Seat #1 is the button
Seat 1: BigYelloFish ($284.16 in chips)
Seat 2: Swe_OlssoN ($120 in chips)
BigYelloFish: posts small blind $1
Swe_OlssoN: posts big blind $3
*** HOLE CARDS ***
BigYelloFish: raises $3 to $6
Swe_OlssoN: calls $3
*** FLOP *** [Kd Tc Js]
Swe_OlssoN: checks
BigYelloFish: bets $3
Swe_OlssoN: calls $3
*** TURN *** [Kd Tc Js] [7s]
Swe_OlssoN: checks
BigYelloFish: bets $6
Swe_OlssoN: raises $6 to $12
BigYelloFish: calls $6
*** RIVER *** [Kd Tc Js 7s] [4d]
Swe_OlssoN: bets $6
BigYelloFish: calls $6
*** SHOW DOWN ***
Swe_OlssoN: shows [6c Jc] (a pair of Jacks)
BigYelloFish: shows [3d Ks] (a pair of Kings)
BigYelloFish collected $53.50 from pot
*** SUMMARY ***
Total pot $54 | Rake $0.50
Board [Kd Tc Js 7s 4d]
Seat 1: BigYelloFish (button) (small blind) showed [3d Ks] and won ($53.50) with a pair of Kings
Seat 2: Swe_OlssoN (big blind) showed [6c Jc] and lost with a pair of Jacks


PokerStars Hand #146024144084:  Hold'em Limit ($3/$6 USD) - 2015/12/27 16:22:54 ET
Table 'Crocus' 2-max Seat #2 is the button
Seat 1: BigYelloFish ($316.16 in chips)
Seat 2: Swe_OlssoN ($86.28 in chips)
Swe_OlssoN: posts small blind $1
BigYelloFish: posts big blind $3
*** HOLE CARDS ***
Swe_OlssoN: raises $3 to $6
BigYelloFish: calls $3
*** FLOP *** [6s Ah 3d]
BigYelloFish: checks
Swe_OlssoN: bets $3
BigYelloFish: calls $3
*** TURN *** [6s Ah 3d] [3c]
BigYelloFish: checks
Swe_OlssoN: bets $6
BigYelloFish: calls $6
*** RIVER *** [6s Ah 3d 3c] [Js]
BigYelloFish: checks
Swe_OlssoN: checks
*** SHOW DOWN ***
BigYelloFish: shows [6d Qd] (two pair, Sixes and Threes)
Swe_OlssoN: mucks hand
BigYelloFish collected $29.50 from pot
*** SUMMARY ***
Total pot $30 | Rake $0.50
Board [6s Ah 3d 3c Js]
Seat 1: BigYelloFish (big blind) showed [6d Qd] and won ($29.50) with two pair, Sixes and Threes
Seat 2: Swe_OlssoN (button) (small blind) mucked


PokerStars Hand #146024136405:  Hold'em Limit ($3/$6 USD) - 2015/12/27 16:22:47 ET
Table 'Crocus' 2-max Seat #1 is the button
Seat 1: BigYelloFish ($313.16 in chips)
Seat 2: Swe_OlssoN ($89.28 in chips)
BigYelloFish: posts small blind $1
Swe_OlssoN: posts big blind $3
*** HOLE CARDS ***
BigYelloFish: raises $3 to $6
Swe_OlssoN: folds
Uncalled bet ($3) returned to BigYelloFish
BigYelloFish collected $6 from pot
BigYelloFish: doesn't show hand
*** SUMMARY ***
Total pot $6 | Rake $0
Seat 1: BigYelloFish (button) (small blind) collected ($6)
Seat 2: Swe_OlssoN (big blind) folded before Flop


PokerStars Hand #146024127134:  Hold'em Limit ($3/$6 USD) - 2015/12/27 16:22:39 ET
Table 'Crocus' 2-max Seat #2 is the button
Seat 1: BigYelloFish ($319.16 in chips)
Seat 2: Swe_OlssoN ($83.52 in chips)
Swe_OlssoN: posts small blind $1
BigYelloFish: posts big blind $3
*** HOLE CARDS ***
Swe_OlssoN: raises $3 to $6
BigYelloFish: calls $3
*** FLOP *** [Ks 9h Qc]
BigYelloFish: checks
Swe_OlssoN: bets $3
BigYelloFish: folds
Uncalled bet ($3) returned to Swe_OlssoN
Swe_OlssoN collected $11.76 from pot
Swe_OlssoN: doesn't show hand
*** SUMMARY ***
Total pot $12 | Rake $0.24
Board [Ks 9h Qc]
Seat 1: BigYelloFish (big blind) folded on the Flop
Seat 2: Swe_OlssoN (button) (small blind) collected ($11.76)


PokerStars Hand #146024059770:  Hold'em Limit ($3/$6 USD) - 2015/12/27 16:21:39 ET
Table 'Crocus' 2-max Seat #1 is the button
Seat 1: BigYelloFish ($298.66 in chips)
Seat 2: Swe_OlssoN ($104.52 in chips)
BigYelloFish: posts small blind $1
Swe_OlssoN: posts big blind $3
*** HOLE CARDS ***
BigYelloFish: raises $3 to $6
Swe_OlssoN: calls $3
*** FLOP *** [2s Td Ac]
Swe_OlssoN: checks
BigYelloFish: bets $3
Swe_OlssoN: calls $3
*** TURN *** [2s Td Ac] [4h]
Swe_OlssoN: checks
BigYelloFish: bets $6
Swe_OlssoN: calls $6
*** RIVER *** [2s Td Ac 4h] [Qh]
Swe_OlssoN: checks
BigYelloFish: bets $6
Swe_OlssoN: calls $6
*** SHOW DOWN ***
BigYelloFish: shows [Tc Kh] (a pair of Tens)
Swe_OlssoN: mucks hand
BigYelloFish collected $41.50 from pot
*** SUMMARY ***
Total pot $42 | Rake $0.50
Board [2s Td Ac 4h Qh]
Seat 1: BigYelloFish (button) (small blind) showed [Tc Kh] and won ($41.50) with a pair of Tens
Seat 2: Swe_OlssoN (big blind) mucked


PokerStars Hand #146024221271:  Hold'em Limit ($3/$6 USD) - 2015/12/27 16:24:03 ET
Table 'Crocus' 2-max Seat #1 is the button
Seat 1: BigYelloFish ($325.18 in chips)
Seat 2: Swe_OlssoN ($75.66 in chips)
BigYelloFish: posts small blind $1
Swe_OlssoN: posts big blind $3
*** HOLE CARDS ***
BigYelloFish: raises $3 to $6
Swe_OlssoN: calls $3
*** FLOP *** [3h Tc 2s]
Swe_OlssoN: bets $3
BigYelloFish: calls $3
*** TURN *** [3h Tc 2s] [Js]
Swe_OlssoN: bets $6
BigYelloFish: folds
Uncalled bet ($6) returned to Swe_OlssoN
Swe_OlssoN collected $17.64 from pot
Swe_OlssoN: doesn't show hand
*** SUMMARY ***
Total pot $18 | Rake $0.36
Board [3h Tc 2s Js]
Seat 1: BigYelloFish (button) (small blind) folded on the Turn
Seat 2: Swe_OlssoN (big blind) collected ($17.64)


PokerStars Hand #146024216193:  Hold'em Limit ($3/$6 USD) - 2015/12/27 16:23:58 ET
Table 'Crocus' 2-max Seat #2 is the button
Seat 1: BigYelloFish ($324.18 in chips)
Seat 2: Swe_OlssoN ($76.66 in chips)
Swe_OlssoN: posts small blind $1
BigYelloFish: posts big blind $3
*** HOLE CARDS ***
Swe_OlssoN: folds
Uncalled bet ($2) returned to BigYelloFish
BigYelloFish collected $2 from pot
BigYelloFish: doesn't show hand
*** SUMMARY ***
Total pot $2 | Rake $0
Seat 1: BigYelloFish (big blind) collected ($2)
Seat 2: Swe_OlssoN (button) (small blind) folded before Flop


PokerStars Hand #146024211139:  Hold'em Limit ($3/$6 USD) - 2015/12/27 16:23:54 ET
Table 'Crocus' 2-max Seat #1 is the button
Seat 1: BigYelloFish ($325.18 in chips)
Seat 2: Swe_OlssoN ($75.66 in chips)
BigYelloFish: posts small blind $1
Swe_OlssoN: posts big blind $3
*** HOLE CARDS ***
BigYelloFish: folds
Uncalled bet ($2) returned to Swe_OlssoN
Swe_OlssoN collected $2 from pot
Swe_OlssoN: doesn't show hand
*** SUMMARY ***
Total pot $2 | Rake $0
Seat 1: BigYelloFish (button) (small blind) folded before Flop
Seat 2: Swe_OlssoN (big blind) collected ($2)


PokerStars Hand #146024196114:  Hold'em Limit ($3/$6 USD) - 2015/12/27 16:23:41 ET
Table 'Crocus' 2-max Seat #2 is the button
Seat 1: BigYelloFish ($340.18 in chips)
Seat 2: Swe_OlssoN ($61.16 in chips)
Swe_OlssoN: posts small blind $1
BigYelloFish: posts big blind $3
*** HOLE CARDS ***
Swe_OlssoN: raises $3 to $6
BigYelloFish: calls $3
*** FLOP *** [6s As 2h]
BigYelloFish: checks
Swe_OlssoN: bets $3
BigYelloFish: calls $3
*** TURN *** [6s As 2h] [9d]
BigYelloFish: checks
Swe_OlssoN: bets $6
BigYelloFish: calls $6
*** RIVER *** [6s As 2h 9d] [Kc]
BigYelloFish: checks
Swe_OlssoN: bets $6
BigYelloFish: folds
Uncalled bet ($6) returned to Swe_OlssoN
Swe_OlssoN collected $29.50 from pot
Swe_OlssoN: doesn't show hand
*** SUMMARY ***
Total pot $30 | Rake $0.50
Board [6s As 2h 9d Kc]
Seat 1: BigYelloFish (big blind) folded on the River
Seat 2: Swe_OlssoN (button) (small blind) collected ($29.50)


PokerStars Hand #146024181031:  Hold'em Limit ($3/$6 USD) - 2015/12/27 16:23:27 ET
Table 'Crocus' 2-max Seat #1 is the button
Seat 1: BigYelloFish ($328.66 in chips)
Seat 2: Swe_OlssoN ($73.16 in chips)
BigYelloFish: posts small blind $1
Swe_OlssoN: posts big blind $3
*** HOLE CARDS ***
BigYelloFish: raises $3 to $6
Swe_OlssoN: raises $3 to $9
BigYelloFish: calls $3
*** FLOP *** [8s 5c 6h]
Swe_OlssoN: bets $3
BigYelloFish: calls $3
*** TURN *** [8s 5c 6h] [7c]
Swe_OlssoN: checks
BigYelloFish: bets $6
Swe_OlssoN: folds
Uncalled bet ($6) returned to BigYelloFish
BigYelloFish collected $23.52 from pot
BigYelloFish: doesn't show hand
*** SUMMARY ***
Total pot $24 | Rake $0.48
Board [8s 5c 6h 7c]
Seat 1: BigYelloFish (button) (small blind) collected ($23.52)
Seat 2: Swe_OlssoN (big blind) folded on the Turn


PokerStars Hand #146024175814:  Hold'em Limit ($3/$6 USD) - 2015/12/27 16:23:22 ET
Table 'Crocus' 2-max Seat #2 is the button
Seat 1: BigYelloFish ($327.66 in chips)
Seat 2: Swe_OlssoN ($74.16 in chips)
Swe_OlssoN: posts small blind $1
BigYelloFish: posts big blind $3
*** HOLE CARDS ***
Swe_OlssoN: folds
Uncalled bet ($2) returned to BigYelloFish
BigYelloFish collected $2 from pot
BigYelloFish: doesn't show hand
*** SUMMARY ***
Total pot $2 | Rake $0
Seat 1: BigYelloFish (big blind) collected ($2)
Seat 2: Swe_OlssoN (button) (small blind) folded before Flop


PokerStars Hand #146024160599:  Hold'em Limit ($3/$6 USD) - 2015/12/27 16:23:08 ET
Table 'Crocus' 2-max Seat #1 is the button
Seat 1: BigYelloFish ($330.66 in chips)
Seat 2: Swe_OlssoN ($71.28 in chips)
BigYelloFish: posts small blind $1
Swe_OlssoN: posts big blind $3
*** HOLE CARDS ***
BigYelloFish: calls $2
Swe_OlssoN: checks
*** FLOP *** [Jh Ks 9d]
Swe_OlssoN: checks
BigYelloFish: checks
*** TURN *** [Jh Ks 9d] [2h]
Swe_OlssoN: checks
BigYelloFish: checks
*** RIVER *** [Jh Ks 9d 2h] [3c]
Swe_OlssoN: checks
BigYelloFish: checks
*** SHOW DOWN ***
Swe_OlssoN: shows [2c 4s] (a pair of Deuces)
BigYelloFish: mucks hand
Swe_OlssoN collected $5.88 from pot
*** SUMMARY ***
Total pot $6 | Rake $0.12
Board [Jh Ks 9d 2h 3c]
Seat 1: BigYelloFish (button) (small blind) mucked
Seat 2: Swe_OlssoN (big blind) showed [2c 4s] and won ($5.88) with a pair of Deuces


PokerStars Hand #146024268268:  Hold'em Limit ($3/$6 USD) - 2015/12/27 16:24:45 ET
Table 'Crocus' 2-max Seat #2 is the button
Seat 1: BigYelloFish ($312.94 in chips)
Seat 2: Swe_OlssoN ($86.94 in chips)
Swe_OlssoN: posts small blind $1
BigYelloFish: posts big blind $3
*** HOLE CARDS ***
Swe_OlssoN: raises $3 to $6
BigYelloFish: calls $3
*** FLOP *** [Ad 8c 2h]
BigYelloFish: checks
Swe_OlssoN: bets $3
BigYelloFish: calls $3
*** TURN *** [Ad 8c 2h] [7c]
BigYelloFish: checks
Swe_OlssoN: checks
*** RIVER *** [Ad 8c 2h 7c] [4h]
BigYelloFish: bets $6
Swe_OlssoN: folds
Uncalled bet ($6) returned to BigYelloFish
BigYelloFish collected $17.64 from pot
BigYelloFish: doesn't show hand
*** SUMMARY ***
Total pot $18 | Rake $0.36
Board [Ad 8c 2h 7c 4h]
Seat 1: BigYelloFish (big blind) collected ($17.64)
Seat 2: Swe_OlssoN (button) (small blind) folded on the River


PokerStars Hand #146024263124:  Hold'em Limit ($3/$6 USD) - 2015/12/27 16:24:41 ET
Table 'Crocus' 2-max Seat #1 is the button
Seat 1: BigYelloFish ($313.94 in chips)
Seat 2: Swe_OlssoN ($85.94 in chips)
BigYelloFish: posts small blind $1
Swe_OlssoN: posts big blind $3
*** HOLE CARDS ***
BigYelloFish: folds
Uncalled bet ($2) returned to Swe_OlssoN
Swe_OlssoN collected $2 from pot
Swe_OlssoN: doesn't show hand
*** SUMMARY ***
Total pot $2 | Rake $0
Seat 1: BigYelloFish (button) (small blind) folded before Flop
Seat 2: Swe_OlssoN (big blind) collected ($2)


PokerStars Hand #146024257800:  Hold'em Limit ($3/$6 USD) - 2015/12/27 16:24:36 ET
Table 'Crocus' 2-max Seat #2 is the button
Seat 1: BigYelloFish ($312.94 in chips)
Seat 2: Swe_OlssoN ($86.94 in chips)
Swe_OlssoN: posts small blind $1
BigYelloFish: posts big blind $3
*** HOLE CARDS ***
Swe_OlssoN: folds
Uncalled bet ($2) returned to BigYelloFish
BigYelloFish collected $2 from pot
BigYelloFish: doesn't show hand
*** SUMMARY ***
Total pot $2 | Rake $0
Seat 1: BigYelloFish (big blind) collected ($2)
Seat 2: Swe_OlssoN (button) (small blind) folded before Flop


PokerStars Hand #146024247414:  Hold'em Limit ($3/$6 USD) - 2015/12/27 16:24:27 ET
Table 'Crocus' 2-max Seat #1 is the button
Seat 1: BigYelloFish ($307.18 in chips)
Seat 2: Swe_OlssoN ($92.94 in chips)
BigYelloFish: posts small blind $1
Swe_OlssoN: posts big blind $3
*** HOLE CARDS ***
BigYelloFish: raises $3 to $6
Swe_OlssoN: calls $3
*** FLOP *** [7c Kd 9c]
Swe_OlssoN: checks
BigYelloFish: bets $3
Swe_OlssoN: folds
Uncalled bet ($3) returned to BigYelloFish
BigYelloFish collected $11.76 from pot
BigYelloFish: doesn't show hand
*** SUMMARY ***
Total pot $12 | Rake $0.24
Board [7c Kd 9c]
Seat 1: BigYelloFish (button) (small blind) collected ($11.76)
Seat 2: Swe_OlssoN (big blind) folded on the Flop


PokerStars Hand #146024234355:  Hold'em Limit ($3/$6 USD) - 2015/12/27 16:24:15 ET
Table 'Crocus' 2-max Seat #2 is the button
Seat 1: BigYelloFish ($316.18 in chips)
Seat 2: Swe_OlssoN ($84.30 in chips)
Swe_OlssoN: posts small blind $1
BigYelloFish: posts big blind $3
*** HOLE CARDS ***
Swe_OlssoN: raises $3 to $6
BigYelloFish: calls $3
*** FLOP *** [Ad 3c Ah]
BigYelloFish: checks
Swe_OlssoN: bets $3
BigYelloFish: calls $3
*** TURN *** [Ad 3c Ah] [3d]
BigYelloFish: checks
Swe_OlssoN: bets $6
BigYelloFish: folds
Uncalled bet ($6) returned to Swe_OlssoN
Swe_OlssoN collected $17.64 from pot
Swe_OlssoN: doesn't show hand
*** SUMMARY ***
Total pot $18 | Rake $0.36
Board [Ad 3c Ah 3d]
Seat 1: BigYelloFish (big blind) folded on the Turn
Seat 2: Swe_OlssoN (button) (small blind) collected ($17.64)


PokerStars Hand #146024344586:  Hold'em Limit ($3/$6 USD) - 2015/12/27 16:25:55 ET
Table 'Crocus' 2-max Seat #2 is the button
Seat 1: BigYelloFish ($350.58 in chips)
Seat 2: Swe_OlssoN ($47.44 in chips)
Swe_OlssoN: posts small blind $1
BigYelloFish: posts big blind $3
*** HOLE CARDS ***
Swe_OlssoN: raises $3 to $6
BigYelloFish: calls $3
*** FLOP *** [Ts Ac 3c]
BigYelloFish: checks
Swe_OlssoN: bets $3
BigYelloFish: calls $3
*** TURN *** [Ts Ac 3c] [Qd]
BigYelloFish: checks
Swe_OlssoN: bets $6
BigYelloFish: calls $6
*** RIVER *** [Ts Ac 3c Qd] [4h]
BigYelloFish: checks
Swe_OlssoN: checks
*** SHOW DOWN ***
BigYelloFish: shows [4d 3s] (two pair, Fours and Threes)
Swe_OlssoN: mucks hand
BigYelloFish collected $29.50 from pot
*** SUMMARY ***
Total pot $30 | Rake $0.50
Board [Ts Ac 3c Qd 4h]
Seat 1: BigYelloFish (big blind) showed [4d 3s] and won ($29.50) with two pair, Fours and Threes
Seat 2: Swe_OlssoN (button) (small blind) mucked


PokerStars Hand #146024339448:  Hold'em Limit ($3/$6 USD) - 2015/12/27 16:25:51 ET
Table 'Crocus' 2-max Seat #1 is the button
Seat 1: BigYelloFish ($351.58 in chips)
Seat 2: Swe_OlssoN ($46.44 in chips)
BigYelloFish: posts small blind $1
Swe_OlssoN: posts big blind $3
*** HOLE CARDS ***
BigYelloFish: folds
Uncalled bet ($2) returned to Swe_OlssoN
Swe_OlssoN collected $2 from pot
Swe_OlssoN: doesn't show hand
*** SUMMARY ***
Total pot $2 | Rake $0
Seat 1: BigYelloFish (button) (small blind) folded before Flop
Seat 2: Swe_OlssoN (big blind) collected ($2)


PokerStars Hand #146024321668:  Hold'em Limit ($3/$6 USD) - 2015/12/27 16:25:34 ET
Table 'Crocus' 2-max Seat #2 is the button
Seat 1: BigYelloFish ($325.08 in chips)
Seat 2: Swe_OlssoN ($73.44 in chips)
Swe_OlssoN: posts small blind $1
BigYelloFish: posts big blind $3
*** HOLE CARDS ***
Swe_OlssoN: raises $3 to $6
BigYelloFish: calls $3
*** FLOP *** [Th Kc Ks]
BigYelloFish: checks
Swe_OlssoN: bets $3
BigYelloFish: calls $3
*** TURN *** [Th Kc Ks] [2h]
BigYelloFish: checks
Swe_OlssoN: bets $6
BigYelloFish: raises $6 to $12
Swe_OlssoN: calls $6
*** RIVER *** [Th Kc Ks 2h] [7c]
BigYelloFish: bets $6
Swe_OlssoN: calls $6
*** SHOW DOWN ***
BigYelloFish: shows [5d Tc] (two pair, Kings and Tens)
Swe_OlssoN: mucks hand
BigYelloFish collected $53.50 from pot
*** SUMMARY ***
Total pot $54 | Rake $0.50
Board [Th Kc Ks 2h 7c]
Seat 1: BigYelloFish (big blind) showed [5d Tc] and won ($53.50) with two pair, Kings and Tens
Seat 2: Swe_OlssoN (button) (small blind) mucked


PokerStars Hand #146024304073:  Hold'em Limit ($3/$6 USD) - 2015/12/27 16:25:18 ET
Table 'Crocus' 2-max Seat #1 is the button
Seat 1: BigYelloFish ($352.08 in chips)
Seat 2: Swe_OlssoN ($46.94 in chips)
BigYelloFish: posts small blind $1
Swe_OlssoN: posts big blind $3
*** HOLE CARDS ***
BigYelloFish: raises $3 to $6
Swe_OlssoN: raises $3 to $9
BigYelloFish: raises $3 to $12
Betting is capped
Swe_OlssoN: calls $3
*** FLOP *** [5s 5c Ts]
Swe_OlssoN: bets $3
BigYelloFish: calls $3
*** TURN *** [5s 5c Ts] [8c]
Swe_OlssoN: bets $6
BigYelloFish: calls $6
*** RIVER *** [5s 5c Ts 8c] [2h]
Swe_OlssoN: bets $6
BigYelloFish: calls $6
*** SHOW DOWN ***
Swe_OlssoN: shows [2d Ks] (two pair, Fives and Deuces)
BigYelloFish: mucks hand
Swe_OlssoN collected $53.50 from pot
*** SUMMARY ***
Total pot $54 | Rake $0.50
Board [5s 5c Ts 8c 2h]
Seat 1: BigYelloFish (button) (small blind) mucked
Seat 2: Swe_OlssoN (big blind) showed [2d Ks] and won ($53.50) with two pair, Fives and Deuces


PokerStars Hand #146024299114:  Hold'em Limit ($3/$6 USD) - 2015/12/27 16:25:14 ET
Table 'Crocus' 2-max Seat #2 is the button
Seat 1: BigYelloFish ($351.08 in chips)
Seat 2: Swe_OlssoN ($47.94 in chips)
Swe_OlssoN: posts small blind $1
BigYelloFish: posts big blind $3
*** HOLE CARDS ***
Swe_OlssoN: folds
Uncalled bet ($2) returned to BigYelloFish
BigYelloFish collected $2 from pot
BigYelloFish: doesn't show hand
*** SUMMARY ***
Total pot $2 | Rake $0
Seat 1: BigYelloFish (big blind) collected ($2)
Seat 2: Swe_OlssoN (button) (small blind) folded before Flop


PokerStars Hand #146024281791:  Hold'em Limit ($3/$6 USD) - 2015/12/27 16:24:58 ET
Table 'Crocus' 2-max Seat #1 is the button
Seat 1: BigYelloFish ($321.58 in chips)
Seat 2: Swe_OlssoN ($77.94 in chips)
BigYelloFish: posts small blind $1
Swe_OlssoN: posts big blind $3
*** HOLE CARDS ***
BigYelloFish: raises $3 to $6
Swe_OlssoN: raises $3 to $9
BigYelloFish: calls $3
*** FLOP *** [4s 5s Kd]
Swe_OlssoN: bets $3
BigYelloFish: calls $3
*** TURN *** [4s 5s Kd] [Qs]
Swe_OlssoN: bets $6
BigYelloFish: raises $6 to $12
Swe_OlssoN: calls $6
*** RIVER *** [4s 5s Kd Qs] [8d]
Swe_OlssoN: checks
BigYelloFish: bets $6
Swe_OlssoN: calls $6
*** SHOW DOWN ***
BigYelloFish: shows [8s 9s] (a flush, Queen high)
Swe_OlssoN: mucks hand
BigYelloFish collected $59.50 from pot
*** SUMMARY ***
Total pot $60 | Rake $0.50
Board [4s 5s Kd Qs 8d]
Seat 1: BigYelloFish (button) (small blind) showed [8s 9s] and won ($59.50) with a flush, Queen high
Seat 2: Swe_OlssoN (big blind) mucked


PokerStars Hand #146024358061:  Hold'em Limit ($3/$6 USD) - 2015/12/27 16:26:07 ET
Table 'Crocus' 2-max Seat #1 is the button
Seat 1: BigYelloFish ($365.08 in chips)
Seat 2: Swe_OlssoN ($32.44 in chips)
BigYelloFish: posts small blind $1
Swe_OlssoN: posts big blind $3
*** HOLE CARDS ***
BigYelloFish: raises $3 to $6
Swe_OlssoN: folds
Uncalled bet ($3) returned to BigYelloFish
BigYelloFish collected $6 from pot
BigYelloFish: doesn't show hand
*** SUMMARY ***
Total pot $6 | Rake $0
Seat 1: BigYelloFish (button) (small blind) collected ($6)
Seat 2: Swe_OlssoN (big blind) folded before Flop


PokerStars Hand #146024363990:  Hold'em Limit ($3/$6 USD) - 2015/12/27 16:26:13 ET
Table 'Crocus' 2-max Seat #2 is the button
Seat 1: BigYelloFish ($368.08 in chips)
Seat 2: Swe_OlssoN ($29.44 in chips)
Swe_OlssoN: posts small blind $1
BigYelloFish: posts big blind $3
*** HOLE CARDS ***
Swe_OlssoN: raises $3 to $6
BigYelloFish: raises $3 to $9
Swe_OlssoN: calls $3
*** FLOP *** [2c Kc 3s]
BigYelloFish: bets $3
Swe_OlssoN: raises $3 to $6
BigYelloFish: calls $3
*** TURN *** [2c Kc 3s] [Qs]
BigYelloFish: checks
Swe_OlssoN: bets $6
BigYelloFish: calls $6
*** RIVER *** [2c Kc 3s Qs] [4h]
BigYelloFish: checks
Swe_OlssoN: bets $6
BigYelloFish: calls $6
*** SHOW DOWN ***
Swe_OlssoN: shows [8s 3c] (a pair of Threes)
BigYelloFish: shows [Ts Tc] (a pair of Tens)
BigYelloFish collected $53.50 from pot
*** SUMMARY ***
Total pot $54 | Rake $0.50
Board [2c Kc 3s Qs 4h]
Seat 1: BigYelloFish (big blind) showed [Ts Tc] and won ($53.50) with a pair of Tens
Seat 2: Swe_OlssoN (button) (small blind) showed [8s 3c] and lost with a pair of Threes


PokerStars Hand #146031390223:  Hold'em Limit ($3/$6 USD) - 2015/12/27 18:16:19 ET
Table 'Crocus' 2-max Seat #1 is the button
Seat 1: BigYelloFish ($396.58 in chips)
Seat 2: ggwp-777 ($117.88 in chips)
BigYelloFish: posts small blind $1
ggwp-777: posts big blind $3
*** HOLE CARDS ***
BigYelloFish: raises $3 to $6
ggwp-777: raises $3 to $9
BigYelloFish: calls $3
*** FLOP *** [Ad 7d 3s]
ggwp-777: bets $3
BigYelloFish: folds
Uncalled bet ($3) returned to ggwp-777
ggwp-777 collected $17.64 from pot
*** SUMMARY ***
Total pot $18 | Rake $0.36
Board [Ad 7d 3s]
Seat 1: BigYelloFish (button) (small blind) folded on the Flop
Seat 2: ggwp-777 (big blind) collected ($17.64)


PokerStars Hand #146031440228:  Hold'em Limit ($3/$6 USD) - 2015/12/27 18:17:12 ET
Table 'Crocus' 2-max Seat #2 is the button
Seat 1: BigYelloFish ($432.58 in chips)
Seat 2: ggwp-777 ($80.40 in chips)
ggwp-777: posts small blind $1
BigYelloFish: posts big blind $3
*** HOLE CARDS ***
ggwp-777: raises $3 to $6
BigYelloFish: folds
Uncalled bet ($3) returned to ggwp-777
ggwp-777 collected $6 from pot
ggwp-777: doesn't show hand
*** SUMMARY ***
Total pot $6 | Rake $0
Seat 1: BigYelloFish (big blind) folded before Flop
Seat 2: ggwp-777 (button) (small blind) collected ($6)


PokerStars Hand #146031422665:  Hold'em Limit ($3/$6 USD) - 2015/12/27 18:16:53 ET
Table 'Crocus' 2-max Seat #1 is the button
Seat 1: BigYelloFish ($412.08 in chips)
Seat 2: ggwp-777 ($101.40 in chips)
BigYelloFish: posts small blind $1
ggwp-777: posts big blind $3
*** HOLE CARDS ***
BigYelloFish: raises $3 to $6
ggwp-777: calls $3
*** FLOP *** [7c 4h 4c]
ggwp-777: bets $3
BigYelloFish: calls $3
*** TURN *** [7c 4h 4c] [Ac]
ggwp-777: bets $6
BigYelloFish: calls $6
*** RIVER *** [7c 4h 4c Ac] [Qh]
ggwp-777: bets $6
BigYelloFish: raises $6 to $12
ggwp-777: folds
Uncalled bet ($6) returned to BigYelloFish
BigYelloFish collected $41.50 from pot
BigYelloFish: doesn't show hand
*** SUMMARY ***
Total pot $42 | Rake $0.50
Board [7c 4h 4c Ac Qh]
Seat 1: BigYelloFish (button) (small blind) collected ($41.50)
Seat 2: ggwp-777 (big blind) folded on the River


PokerStars Hand #146031444959:  Hold'em Limit ($3/$6 USD) - 2015/12/27 18:17:17 ET
Table 'Crocus' 2-max Seat #1 is the button
Seat 1: BigYelloFish ($429.58 in chips)
Seat 2: ggwp-777 ($83.40 in chips)
BigYelloFish: posts small blind $1
ggwp-777: posts big blind $3
*** HOLE CARDS ***
BigYelloFish: calls $2
ggwp-777: checks
*** FLOP *** [Jc As 8h]
ggwp-777: bets $3
BigYelloFish: folds
Uncalled bet ($3) returned to ggwp-777
ggwp-777 collected $5.88 from pot
ggwp-777: doesn't show hand
*** SUMMARY ***
Total pot $6 | Rake $0.12
Board [Jc As 8h]
Seat 1: BigYelloFish (button) (small blind) folded on the Flop
Seat 2: ggwp-777 (big blind) collected ($5.88)


PokerStars Hand #146031454955:  Hold'em Limit ($3/$6 USD) - 2015/12/27 18:17:27 ET
Table 'Crocus' 2-max Seat #2 is the button
Seat 1: BigYelloFish ($426.58 in chips)
Seat 2: ggwp-777 ($86.28 in chips)
ggwp-777: posts small blind $1
BigYelloFish: posts big blind $3
*** HOLE CARDS ***
ggwp-777: raises $3 to $6
BigYelloFish: calls $3
*** FLOP *** [7d Kc Ts]
BigYelloFish: checks
ggwp-777: bets $3
BigYelloFish: calls $3
*** TURN *** [7d Kc Ts] [Qs]
BigYelloFish: checks
ggwp-777: bets $6
BigYelloFish: calls $6
*** RIVER *** [7d Kc Ts Qs] [5s]
BigYelloFish: checks
ggwp-777: bets $6
BigYelloFish: folds
Uncalled bet ($6) returned to ggwp-777
ggwp-777 collected $29.50 from pot
ggwp-777: doesn't show hand
*** SUMMARY ***
Total pot $30 | Rake $0.50
Board [7d Kc Ts Qs 5s]
Seat 1: BigYelloFish (big blind) folded on the River
Seat 2: ggwp-777 (button) (small blind) collected ($29.50)


PokerStars Hand #146031469044:  Hold'em Limit ($3/$6 USD) - 2015/12/27 18:17:42 ET
Table 'Crocus' 2-max Seat #1 is the button
Seat 1: BigYelloFish ($411.58 in chips)
Seat 2: ggwp-777 ($100.78 in chips)
BigYelloFish: posts small blind $1
ggwp-777: posts big blind $3
*** HOLE CARDS ***
BigYelloFish: calls $2
ggwp-777: checks
*** FLOP *** [Jh 8c 9h]
ggwp-777: bets $3
BigYelloFish: calls $3
*** TURN *** [Jh 8c 9h] [Qc]
ggwp-777: bets $6
BigYelloFish: calls $6
*** RIVER *** [Jh 8c 9h Qc] [9d]
ggwp-777: bets $6
BigYelloFish: raises $6 to $12
ggwp-777: folds
Uncalled bet ($6) returned to BigYelloFish
BigYelloFish collected $35.50 from pot
BigYelloFish: doesn't show hand
*** SUMMARY ***
Total pot $36 | Rake $0.50
Board [Jh 8c 9h Qc 9d]
Seat 1: BigYelloFish (button) (small blind) collected ($35.50)
Seat 2: ggwp-777 (big blind) folded on the River


PokerStars Hand #146031483329:  Hold'em Limit ($3/$6 USD) - 2015/12/27 18:17:57 ET
Table 'Crocus' 2-max Seat #2 is the button
Seat 1: BigYelloFish ($429.08 in chips)
Seat 2: ggwp-777 ($82.78 in chips)
ggwp-777: posts small blind $1
BigYelloFish: posts big blind $3
*** HOLE CARDS ***
ggwp-777: folds
Uncalled bet ($2) returned to BigYelloFish
BigYelloFish collected $2 from pot
BigYelloFish: doesn't show hand
*** SUMMARY ***
Total pot $2 | Rake $0
Seat 1: BigYelloFish (big blind) collected ($2)
Seat 2: ggwp-777 (button) (small blind) folded before Flop


PokerStars Hand #146031498371:  Hold'em Limit ($3/$6 USD) - 2015/12/27 18:18:13 ET
Table 'Crocus' 2-max Seat #2 is the button
Seat 1: BigYelloFish ($409.08 in chips)
Seat 2: ggwp-777 ($102.28 in chips)
ggwp-777: posts small blind $1
BigYelloFish: posts big blind $3
*** HOLE CARDS ***
ggwp-777: folds
Uncalled bet ($2) returned to BigYelloFish
BigYelloFish collected $2 from pot
BigYelloFish: doesn't show hand
*** SUMMARY ***
Total pot $2 | Rake $0
Seat 1: BigYelloFish (big blind) collected ($2)
Seat 2: ggwp-777 (button) (small blind) folded before Flop


PokerStars Hand #146031487379:  Hold'em Limit ($3/$6 USD) - 2015/12/27 18:18:02 ET
Table 'Crocus' 2-max Seat #1 is the button
Seat 1: BigYelloFish ($430.08 in chips)
Seat 2: ggwp-777 ($81.78 in chips)
BigYelloFish: posts small blind $1
ggwp-777: posts big blind $3
*** HOLE CARDS ***
BigYelloFish: raises $3 to $6
ggwp-777: calls $3
*** FLOP *** [Ts 6h 9c]
ggwp-777: bets $3
BigYelloFish: calls $3
*** TURN *** [Ts 6h 9c] [5d]
ggwp-777: bets $6
BigYelloFish: calls $6
*** RIVER *** [Ts 6h 9c 5d] [Kh]
ggwp-777: bets $6
BigYelloFish: calls $6
*** SHOW DOWN ***
ggwp-777: shows [Tc 5h] (two pair, Tens and Fives)
BigYelloFish: mucks hand
ggwp-777 collected $41.50 from pot
*** SUMMARY ***
Total pot $42 | Rake $0.50
Board [Ts 6h 9c 5d Kh]
Seat 1: BigYelloFish (button) (small blind) mucked
Seat 2: ggwp-777 (big blind) showed [Tc 5h] and won ($41.50) with two pair, Tens and Fives


PokerStars Hand #146031502673:  Hold'em Limit ($3/$6 USD) - 2015/12/27 18:18:18 ET
Table 'Crocus' 2-max Seat #1 is the button
Seat 1: BigYelloFish ($410.08 in chips)
Seat 2: ggwp-777 ($101.28 in chips)
BigYelloFish: posts small blind $1
ggwp-777: posts big blind $3
*** HOLE CARDS ***
BigYelloFish: raises $3 to $6
ggwp-777: calls $3
*** FLOP *** [Ah 9h Qs]
ggwp-777: checks
BigYelloFish: bets $3
ggwp-777: folds
Uncalled bet ($3) returned to BigYelloFish
BigYelloFish collected $11.76 from pot
BigYelloFish: doesn't show hand
*** SUMMARY ***
Total pot $12 | Rake $0.24
Board [Ah 9h Qs]
Seat 1: BigYelloFish (button) (small blind) collected ($11.76)
Seat 2: ggwp-777 (big blind) folded on the Flop


PokerStars Hand #146031511608:  Hold'em Limit ($3/$6 USD) - 2015/12/27 18:18:27 ET
Table 'Crocus' 2-max Seat #2 is the button
Seat 1: BigYelloFish ($415.84 in chips)
Seat 2: ggwp-777 ($95.28 in chips)
ggwp-777: posts small blind $1
BigYelloFish: posts big blind $3
*** HOLE CARDS ***
ggwp-777: folds
Uncalled bet ($2) returned to BigYelloFish
BigYelloFish collected $2 from pot
BigYelloFish: doesn't show hand
*** SUMMARY ***
Total pot $2 | Rake $0
Seat 1: BigYelloFish (big blind) collected ($2)
Seat 2: ggwp-777 (button) (small blind) folded before Flop


PokerStars Hand #146031515658:  Hold'em Limit ($3/$6 USD) - 2015/12/27 18:18:32 ET
Table 'Crocus' 2-max Seat #1 is the button
Seat 1: BigYelloFish ($416.84 in chips)
Seat 2: ggwp-777 ($94.28 in chips)
BigYelloFish: posts small blind $1
ggwp-777: posts big blind $3
*** HOLE CARDS ***
BigYelloFish: raises $3 to $6
ggwp-777: raises $3 to $9
BigYelloFish: calls $3
*** FLOP *** [2d 8c 9d]
ggwp-777: bets $3
BigYelloFish: calls $3
*** TURN *** [2d 8c 9d] [7d]
ggwp-777: bets $6
BigYelloFish: calls $6
*** RIVER *** [2d 8c 9d 7d] [Jh]
ggwp-777: bets $6
BigYelloFish: raises $6 to $12
ggwp-777: raises $6 to $18
BigYelloFish: calls $6
*** SHOW DOWN ***
ggwp-777: shows [Td Ah] (a straight, Seven to Jack)
BigYelloFish: shows [Th 5d] (a straight, Seven to Jack)
ggwp-777 collected $35.75 from pot
BigYelloFish collected $35.75 from pot
*** SUMMARY ***
Total pot $72 | Rake $0.50
Board [2d 8c 9d 7d Jh]
Seat 1: BigYelloFish (button) (small blind) showed [Th 5d] and won ($35.75) with a straight, Seven to Jack
Seat 2: ggwp-777 (big blind) showed [Td Ah] and won ($35.75) with a straight, Seven to Jack


PokerStars Hand #146031528540:  Hold'em Limit ($3/$6 USD) - 2015/12/27 18:18:45 ET
Table 'Crocus' 2-max Seat #2 is the button
Seat 1: BigYelloFish ($416.59 in chips)
Seat 2: ggwp-777 ($94.03 in chips)
ggwp-777: posts small blind $1
BigYelloFish: posts big blind $3
*** HOLE CARDS ***
ggwp-777: folds
Uncalled bet ($2) returned to BigYelloFish
BigYelloFish collected $2 from pot
BigYelloFish: doesn't show hand
*** SUMMARY ***
Total pot $2 | Rake $0
Seat 1: BigYelloFish (big blind) collected ($2)
Seat 2: ggwp-777 (button) (small blind) folded before Flop


PokerStars Hand #146031533308:  Hold'em Limit ($3/$6 USD) - 2015/12/27 18:18:50 ET
Table 'Crocus' 2-max Seat #1 is the button
Seat 1: BigYelloFish ($417.59 in chips)
Seat 2: ggwp-777 ($93.03 in chips)
BigYelloFish: posts small blind $1
ggwp-777: posts big blind $3
*** HOLE CARDS ***
BigYelloFish: raises $3 to $6
ggwp-777: calls $3
*** FLOP *** [Ks 6s Th]
ggwp-777: bets $3
BigYelloFish: calls $3
*** TURN *** [Ks 6s Th] [2s]
ggwp-777: bets $6
BigYelloFish: raises $6 to $12
ggwp-777: raises $6 to $18
BigYelloFish: calls $6
*** RIVER *** [Ks 6s Th 2s] [7h]
ggwp-777: bets $6
BigYelloFish: calls $6
*** SHOW DOWN ***
ggwp-777: shows [7c Tc] (two pair, Tens and Sevens)
BigYelloFish: mucks hand
ggwp-777 collected $65.50 from pot
*** SUMMARY ***
Total pot $66 | Rake $0.50
Board [Ks 6s Th 2s 7h]
Seat 1: BigYelloFish (button) (small blind) mucked
Seat 2: ggwp-777 (big blind) showed [7c Tc] and won ($65.50) with two pair, Tens and Sevens


PokerStars Hand #146031554305:  Hold'em Limit ($3/$6 USD) - 2015/12/27 18:19:13 ET
Table 'Crocus' 2-max Seat #1 is the button
Seat 1: BigYelloFish ($385.59 in chips)
Seat 2: ggwp-777 ($124.53 in chips)
BigYelloFish: posts small blind $1
ggwp-777: posts big blind $3
*** HOLE CARDS ***
BigYelloFish: raises $3 to $6
ggwp-777: folds
Uncalled bet ($3) returned to BigYelloFish
BigYelloFish collected $6 from pot
BigYelloFish: doesn't show hand
*** SUMMARY ***
Total pot $6 | Rake $0
Seat 1: BigYelloFish (button) (small blind) collected ($6)
Seat 2: ggwp-777 (big blind) folded before Flop


PokerStars Hand #146031545150:  Hold'em Limit ($3/$6 USD) - 2015/12/27 18:19:03 ET
Table 'Crocus' 2-max Seat #2 is the button
Seat 1: BigYelloFish ($384.59 in chips)
Seat 2: ggwp-777 ($125.53 in chips)
ggwp-777: posts small blind $1
BigYelloFish: posts big blind $3
*** HOLE CARDS ***
ggwp-777: folds
Uncalled bet ($2) returned to BigYelloFish
BigYelloFish collected $2 from pot
BigYelloFish: doesn't show hand
*** SUMMARY ***
Total pot $2 | Rake $0
Seat 1: BigYelloFish (big blind) collected ($2)
Seat 2: ggwp-777 (button) (small blind) folded before Flop


PokerStars Hand #146031559609:  Hold'em Limit ($3/$6 USD) - 2015/12/27 18:19:18 ET
Table 'Crocus' 2-max Seat #2 is the button
Seat 1: BigYelloFish ($388.59 in chips)
Seat 2: ggwp-777 ($121.53 in chips)
ggwp-777: posts small blind $1
BigYelloFish: posts big blind $3
*** HOLE CARDS ***
ggwp-777: raises $3 to $6
BigYelloFish: calls $3
*** FLOP *** [Kd 2s 7h]
BigYelloFish: checks
ggwp-777: bets $3
BigYelloFish: calls $3
*** TURN *** [Kd 2s 7h] [3h]
BigYelloFish: checks
ggwp-777: bets $6
BigYelloFish: calls $6
*** RIVER *** [Kd 2s 7h 3h] [4h]
BigYelloFish: checks
ggwp-777: bets $6
BigYelloFish: calls $6
*** SHOW DOWN ***
ggwp-777: shows [As 6s] (high card Ace)
BigYelloFish: shows [2c Tc] (a pair of Deuces)
BigYelloFish collected $41.50 from pot
*** SUMMARY ***
Total pot $42 | Rake $0.50
Board [Kd 2s 7h 3h 4h]
Seat 1: BigYelloFish (big blind) showed [2c Tc] and won ($41.50) with a pair of Deuces
Seat 2: ggwp-777 (button) (small blind) showed [As 6s] and lost with high card Ace


PokerStars Hand #146031571196:  Hold'em Limit ($3/$6 USD) - 2015/12/27 18:19:31 ET
Table 'Crocus' 2-max Seat #1 is the button
Seat 1: BigYelloFish ($409.09 in chips)
Seat 2: ggwp-777 ($100.53 in chips)
BigYelloFish: posts small blind $1
ggwp-777: posts big blind $3
*** HOLE CARDS ***
BigYelloFish: raises $3 to $6
ggwp-777: calls $3
*** FLOP *** [8s 2s Ac]
ggwp-777: bets $3
BigYelloFish: calls $3
*** TURN *** [8s 2s Ac] [8d]
ggwp-777: bets $6
BigYelloFish: folds
Uncalled bet ($6) returned to ggwp-777
ggwp-777 collected $17.64 from pot
ggwp-777: doesn't show hand
*** SUMMARY ***
Total pot $18 | Rake $0.36
Board [8s 2s Ac 8d]
Seat 1: BigYelloFish (button) (small blind) folded on the Turn
Seat 2: ggwp-777 (big blind) collected ($17.64)


PokerStars Hand #146031580508:  Hold'em Limit ($3/$6 USD) - 2015/12/27 18:19:40 ET
Table 'Crocus' 2-max Seat #2 is the button
Seat 1: BigYelloFish ($400.09 in chips)
Seat 2: ggwp-777 ($109.17 in chips)
ggwp-777: posts small blind $1
BigYelloFish: posts big blind $3
*** HOLE CARDS ***
ggwp-777: raises $3 to $6
BigYelloFish: calls $3
*** FLOP *** [3s 3c 3h]
BigYelloFish: checks
ggwp-777: bets $3
BigYelloFish: calls $3
*** TURN *** [3s 3c 3h] [Qh]
BigYelloFish: checks
ggwp-777: bets $6
BigYelloFish: calls $6
*** RIVER *** [3s 3c 3h Qh] [Kd]
BigYelloFish: checks
ggwp-777: bets $6
BigYelloFish: folds
Uncalled bet ($6) returned to ggwp-777
ggwp-777 collected $29.50 from pot
ggwp-777: doesn't show hand
*** SUMMARY ***
Total pot $30 | Rake $0.50
Board [3s 3c 3h Qh Kd]
Seat 1: BigYelloFish (big blind) folded on the River
Seat 2: ggwp-777 (button) (small blind) collected ($29.50)


PokerStars Hand #146031591691:  Hold'em Limit ($3/$6 USD) - 2015/12/27 18:19:53 ET
Table 'Crocus' 2-max Seat #1 is the button
Seat 1: BigYelloFish ($385.09 in chips)
Seat 2: ggwp-777 ($123.67 in chips)
BigYelloFish: posts small blind $1
ggwp-777: posts big blind $3
*** HOLE CARDS ***
BigYelloFish: raises $3 to $6
ggwp-777: calls $3
*** FLOP *** [3d 7h 2h]
ggwp-777: bets $3
BigYelloFish: calls $3
*** TURN *** [3d 7h 2h] [9h]
ggwp-777: bets $6
BigYelloFish: raises $6 to $12
ggwp-777: calls $6
*** RIVER *** [3d 7h 2h 9h] [3s]
ggwp-777: bets $6
BigYelloFish: calls $6
*** SHOW DOWN ***
ggwp-777: shows [Js Kh] (a pair of Threes)
BigYelloFish: shows [9c 6h] (two pair, Nines and Threes)
BigYelloFish collected $53.50 from pot
*** SUMMARY ***
Total pot $54 | Rake $0.50
Board [3d 7h 2h 9h 3s]
Seat 1: BigYelloFish (button) (small blind) showed [9c 6h] and won ($53.50) with two pair, Nines and Threes
Seat 2: ggwp-777 (big blind) showed [Js Kh] and lost with a pair of Threes


PokerStars Hand #146031605420:  Hold'em Limit ($3/$6 USD) - 2015/12/27 18:20:07 ET
Table 'Crocus' 2-max Seat #2 is the button
Seat 1: BigYelloFish ($411.59 in chips)
Seat 2: ggwp-777 ($96.67 in chips)
ggwp-777: posts small blind $1
BigYelloFish: posts big blind $3
*** HOLE CARDS ***
ggwp-777: calls $2
BigYelloFish: checks
*** FLOP *** [Tc 3s 8s]
BigYelloFish: checks
ggwp-777: bets $3
BigYelloFish: calls $3
*** TURN *** [Tc 3s 8s] [Qc]
BigYelloFish: checks
ggwp-777: bets $6
BigYelloFish: folds
Uncalled bet ($6) returned to ggwp-777
ggwp-777 collected $11.76 from pot
ggwp-777: doesn't show hand
*** SUMMARY ***
Total pot $12 | Rake $0.24
Board [Tc 3s 8s Qc]
Seat 1: BigYelloFish (big blind) folded on the Turn
Seat 2: ggwp-777 (button) (small blind) collected ($11.76)


PokerStars Hand #146031614788:  Hold'em Limit ($3/$6 USD) - 2015/12/27 18:20:17 ET
Table 'Crocus' 2-max Seat #1 is the button
Seat 1: BigYelloFish ($405.59 in chips)
Seat 2: ggwp-777 ($102.43 in chips)
BigYelloFish: posts small blind $1
ggwp-777: posts big blind $3
*** HOLE CARDS ***
BigYelloFish: raises $3 to $6
ggwp-777: calls $3
*** FLOP *** [Kh Qh 3c]
ggwp-777: bets $3
BigYelloFish: calls $3
*** TURN *** [Kh Qh 3c] [Ks]
ggwp-777: bets $6
BigYelloFish: raises $6 to $12
ggwp-777: folds
Uncalled bet ($6) returned to BigYelloFish
BigYelloFish collected $29.50 from pot
BigYelloFish: doesn't show hand
*** SUMMARY ***
Total pot $30 | Rake $0.50
Board [Kh Qh 3c Ks]
Seat 1: BigYelloFish (button) (small blind) collected ($29.50)
Seat 2: ggwp-777 (big blind) folded on the Turn


PokerStars Hand #146031629836:  Hold'em Limit ($3/$6 USD) - 2015/12/27 18:20:33 ET
Table 'Crocus' 2-max Seat #1 is the button
Seat 1: BigYelloFish ($421.09 in chips)
Seat 2: ggwp-777 ($86.43 in chips)
BigYelloFish: posts small blind $1
ggwp-777: posts big blind $3
*** HOLE CARDS ***
BigYelloFish: raises $3 to $6
ggwp-777: folds
Uncalled bet ($3) returned to BigYelloFish
BigYelloFish collected $6 from pot
BigYelloFish: doesn't show hand
*** SUMMARY ***
Total pot $6 | Rake $0
Seat 1: BigYelloFish (button) (small blind) collected ($6)
Seat 2: ggwp-777 (big blind) folded before Flop


PokerStars Hand #146031625404:  Hold'em Limit ($3/$6 USD) - 2015/12/27 18:20:28 ET
Table 'Crocus' 2-max Seat #2 is the button
Seat 1: BigYelloFish ($420.09 in chips)
Seat 2: ggwp-777 ($87.43 in chips)
ggwp-777: posts small blind $1
BigYelloFish: posts big blind $3
*** HOLE CARDS ***
ggwp-777: folds
Uncalled bet ($2) returned to BigYelloFish
BigYelloFish collected $2 from pot
BigYelloFish: doesn't show hand
*** SUMMARY ***
Total pot $2 | Rake $0
Seat 1: BigYelloFish (big blind) collected ($2)
Seat 2: ggwp-777 (button) (small blind) folded before Flop


PokerStars Hand #146031634742:  Hold'em Limit ($3/$6 USD) - 2015/12/27 18:20:38 ET
Table 'Crocus' 2-max Seat #2 is the button
Seat 1: BigYelloFish ($424.09 in chips)
Seat 2: ggwp-777 ($83.43 in chips)
ggwp-777: posts small blind $1
BigYelloFish: posts big blind $3
*** HOLE CARDS ***
ggwp-777: folds
Uncalled bet ($2) returned to BigYelloFish
BigYelloFish collected $2 from pot
BigYelloFish: doesn't show hand
*** SUMMARY ***
Total pot $2 | Rake $0
Seat 1: BigYelloFish (big blind) collected ($2)
Seat 2: ggwp-777 (button) (small blind) folded before Flop


PokerStars Hand #146031639295:  Hold'em Limit ($3/$6 USD) - 2015/12/27 18:20:43 ET
Table 'Crocus' 2-max Seat #1 is the button
Seat 1: BigYelloFish ($425.09 in chips)
Seat 2: ggwp-777 ($82.43 in chips)
BigYelloFish: posts small blind $1
ggwp-777: posts big blind $3
*** HOLE CARDS ***
BigYelloFish: raises $3 to $6
ggwp-777: calls $3
*** FLOP *** [3c Qd 9s]
ggwp-777: bets $3
BigYelloFish: calls $3
*** TURN *** [3c Qd 9s] [Ad]
ggwp-777: bets $6
BigYelloFish: raises $6 to $12
ggwp-777: folds
Uncalled bet ($6) returned to BigYelloFish
BigYelloFish collected $29.50 from pot
BigYelloFish: doesn't show hand
*** SUMMARY ***
Total pot $30 | Rake $0.50
Board [3c Qd 9s Ad]
Seat 1: BigYelloFish (button) (small blind) collected ($29.50)
Seat 2: ggwp-777 (big blind) folded on the Turn


PokerStars Hand #146031649943:  Hold'em Limit ($3/$6 USD) - 2015/12/27 18:20:55 ET
Table 'Crocus' 2-max Seat #2 is the button
Seat 1: BigYelloFish ($439.59 in chips)
Seat 2: ggwp-777 ($67.43 in chips)
ggwp-777: posts small blind $1
BigYelloFish: posts big blind $3
*** HOLE CARDS ***
ggwp-777: raises $3 to $6
BigYelloFish: calls $3
*** FLOP *** [Qc 8h 3s]
BigYelloFish: checks
ggwp-777: bets $3
BigYelloFish: calls $3
*** TURN *** [Qc 8h 3s] [5h]
BigYelloFish: checks
ggwp-777: bets $6
BigYelloFish: calls $6
*** RIVER *** [Qc 8h 3s 5h] [2h]
BigYelloFish: checks
ggwp-777: bets $6
BigYelloFish: folds
Uncalled bet ($6) returned to ggwp-777
ggwp-777 collected $29.50 from pot
ggwp-777: doesn't show hand
*** SUMMARY ***
Total pot $30 | Rake $0.50
Board [Qc 8h 3s 5h 2h]
Seat 1: BigYelloFish (big blind) folded on the River
Seat 2: ggwp-777 (button) (small blind) collected ($29.50)


PokerStars Hand #146031662110:  Hold'em Limit ($3/$6 USD) - 2015/12/27 18:21:08 ET
Table 'Crocus' 2-max Seat #1 is the button
Seat 1: BigYelloFish ($424.59 in chips)
Seat 2: ggwp-777 ($81.93 in chips)
BigYelloFish: posts small blind $1
ggwp-777: posts big blind $3
*** HOLE CARDS ***
BigYelloFish: raises $3 to $6
ggwp-777: calls $3
*** FLOP *** [Ks 7h Ah]
ggwp-777: bets $3
BigYelloFish: calls $3
*** TURN *** [Ks 7h Ah] [4d]
ggwp-777: bets $6
BigYelloFish: raises $6 to $12
ggwp-777: raises $6 to $18
BigYelloFish: raises $6 to $24
Betting is capped
ggwp-777: calls $6
*** RIVER *** [Ks 7h Ah 4d] [2c]
ggwp-777: bets $6
BigYelloFish: raises $6 to $12
ggwp-777: folds
Uncalled bet ($6) returned to BigYelloFish
BigYelloFish collected $77.50 from pot
BigYelloFish: doesn't show hand
*** SUMMARY ***
Total pot $78 | Rake $0.50
Board [Ks 7h Ah 4d 2c]
Seat 1: BigYelloFish (button) (small blind) collected ($77.50)
Seat 2: ggwp-777 (big blind) folded on the River


PokerStars Hand #146031691657:  Hold'em Limit ($3/$6 USD) - 2015/12/27 18:21:39 ET
Table 'Crocus' 2-max Seat #1 is the button
Seat 1: BigYelloFish ($498.59 in chips)
Seat 2: ggwp-777 ($6.93 in chips)
BigYelloFish: posts small blind $1
ggwp-777: posts big blind $3
*** HOLE CARDS ***
BigYelloFish: raises $3 to $6
ggwp-777: folds
Uncalled bet ($3) returned to BigYelloFish
BigYelloFish collected $6 from pot
BigYelloFish: doesn't show hand
ggwp-777 leaves the table
*** SUMMARY ***
Total pot $6 | Rake $0
Seat 1: BigYelloFish (button) (small blind) collected ($6)
Seat 2: ggwp-777 (big blind) folded before Flop


PokerStars Hand #146031677675:  Hold'em Limit ($3/$6 USD) - 2015/12/27 18:21:24 ET
Table 'Crocus' 2-max Seat #2 is the button
Seat 1: BigYelloFish ($463.09 in chips)
Seat 2: ggwp-777 ($42.93 in chips)
ggwp-777: posts small blind $1
BigYelloFish: posts big blind $3
*** HOLE CARDS ***
ggwp-777: calls $2
BigYelloFish: checks
*** FLOP *** [6s 8c 3c]
BigYelloFish: checks
ggwp-777: bets $3
BigYelloFish: calls $3
*** TURN *** [6s 8c 3c] [9c]
BigYelloFish: checks
ggwp-777: bets $6
BigYelloFish: raises $6 to $12
ggwp-777: calls $6
*** RIVER *** [6s 8c 3c 9c] [Ad]
BigYelloFish: bets $6
ggwp-777: raises $6 to $12
BigYelloFish: raises $6 to $18
ggwp-777: calls $6
*** SHOW DOWN ***
BigYelloFish: shows [Tc 4c] (a flush, Ten high)
ggwp-777: mucks hand
BigYelloFish collected $71.50 from pot
*** SUMMARY ***
Total pot $72 | Rake $0.50
Board [6s 8c 3c 9c Ad]
Seat 1: BigYelloFish (big blind) showed [Tc 4c] and won ($71.50) with a flush, Ten high
Seat 2: ggwp-777 (button) (small blind) mucked


