PokerStars Hand #172840187711:  Hold'em Limit ($3/$6 USD) - 2017/07/10 4:53:18 ET
Table 'Crocus' 6-max Seat #4 is the button
Seat 1: zsomz ($119 in chips)
Seat 4: VolkovDmitri ($121 in chips)
VolkovDmitri: posts small blind $1
zsomz: posts big blind $3
*** HOLE CARDS ***
VolkovDmitri: raises $3 to $6
zsomz: raises $3 to $9
VolkovDmitri: calls $3
*** FLOP *** [7c 5s 8h]
zsomz: bets $3
VolkovDmitri: calls $3
*** TURN *** [7c 5s 8h] [Js]
zsomz: checks
VolkovDmitri: checks
*** RIVER *** [7c 5s 8h Js] [2s]
zsomz: bets $6
VolkovDmitri: folds
Uncalled bet ($6) returned to zsomz
zsomz collected $23.52 from pot
zsomz: doesn't show hand
*** SUMMARY ***
Total pot $24 | Rake $0.48
Board [7c 5s 8h Js 2s]
Seat 1: zsomz (big blind) collected ($23.52)
Seat 4: VolkovDmitri (button) (small blind) folded on the River


PokerStars Hand #172840194952:  Hold'em Limit ($3/$6 USD) - 2017/07/10 4:53:42 ET
Table 'Crocus' 6-max Seat #1 is the button
Seat 1: zsomz ($130.52 in chips)
Seat 4: VolkovDmitri ($120 in chips)
zsomz: posts small blind $1
VolkovDmitri: posts big blind $3
*** HOLE CARDS ***
zsomz: folds
Uncalled bet ($2) returned to VolkovDmitri
VolkovDmitri collected $2 from pot
VolkovDmitri: doesn't show hand
*** SUMMARY ***
Total pot $2 | Rake $0
Seat 1: zsomz (button) (small blind) folded before Flop
Seat 4: VolkovDmitri (big blind) collected ($2)


PokerStars Hand #172840196657:  Hold'em Limit ($3/$6 USD) - 2017/07/10 4:53:48 ET
Table 'Crocus' 6-max Seat #4 is the button
Seat 1: zsomz ($129.52 in chips)
Seat 4: VolkovDmitri ($121 in chips)
VolkovDmitri: posts small blind $1
zsomz: posts big blind $3
*** HOLE CARDS ***
VolkovDmitri: raises $3 to $6
zsomz: calls $3
*** FLOP *** [Qd 2c 7c]
zsomz: checks
VolkovDmitri: bets $3
zsomz: calls $3
*** TURN *** [Qd 2c 7c] [8h]
zsomz: checks
VolkovDmitri: bets $6
zsomz: raises $6 to $12
VolkovDmitri: calls $6
*** RIVER *** [Qd 2c 7c 8h] [5c]
zsomz: bets $6
VolkovDmitri: calls $6
*** SHOW DOWN ***
zsomz: shows [Kd 8s] (a pair of Eights)
VolkovDmitri: shows [Qs 9s] (a pair of Queens)
VolkovDmitri collected $53.50 from pot
*** SUMMARY ***
Total pot $54 | Rake $0.50
Board [Qd 2c 7c 8h 5c]
Seat 1: zsomz (big blind) showed [Kd 8s] and lost with a pair of Eights
Seat 4: VolkovDmitri (button) (small blind) showed [Qs 9s] and won ($53.50) with a pair of Queens


PokerStars Hand #172840184044:  Hold'em Limit ($3/$6 USD) - 2017/07/10 4:53:06 ET
Table 'Crocus' 6-max Seat #1 is the button
Seat 1: zsomz ($120 in chips)
Seat 4: VolkovDmitri ($120 in chips)
zsomz: posts small blind $1
VolkovDmitri: posts big blind $3
*** HOLE CARDS ***
zsomz: folds
Uncalled bet ($2) returned to VolkovDmitri
VolkovDmitri collected $2 from pot
VolkovDmitri: doesn't show hand
*** SUMMARY ***
Total pot $2 | Rake $0
Seat 1: zsomz (button) (small blind) folded before Flop
Seat 4: VolkovDmitri (big blind) collected ($2)


PokerStars Hand #172840208660:  Hold'em Limit ($3/$6 USD) - 2017/07/10 4:54:27 ET
Table 'Crocus' 6-max Seat #4 is the button
Seat 1: zsomz ($108.28 in chips)
Seat 4: VolkovDmitri ($141.50 in chips)
VolkovDmitri: posts small blind $1
zsomz: posts big blind $3
*** HOLE CARDS ***
VolkovDmitri: raises $3 to $6
zsomz: folds
Uncalled bet ($3) returned to VolkovDmitri
VolkovDmitri collected $6 from pot
VolkovDmitri: doesn't show hand
*** SUMMARY ***
Total pot $6 | Rake $0
Seat 1: zsomz (big blind) folded before Flop
Seat 4: VolkovDmitri (button) (small blind) collected ($6)


PokerStars Hand #172840204285:  Hold'em Limit ($3/$6 USD) - 2017/07/10 4:54:13 ET
Table 'Crocus' 6-max Seat #1 is the button
Seat 1: zsomz ($102.52 in chips)
Seat 4: VolkovDmitri ($147.50 in chips)
zsomz: posts small blind $1
VolkovDmitri: posts big blind $3
*** HOLE CARDS ***
zsomz: raises $3 to $6
VolkovDmitri: calls $3
*** FLOP *** [Ks Jd 5c]
VolkovDmitri: checks
zsomz: bets $3
VolkovDmitri: folds
Uncalled bet ($3) returned to zsomz
zsomz collected $11.76 from pot
zsomz: doesn't show hand
*** SUMMARY ***
Total pot $12 | Rake $0.24
Board [Ks Jd 5c]
Seat 1: zsomz (button) (small blind) collected ($11.76)
Seat 4: VolkovDmitri (big blind) folded on the Flop


PokerStars Hand #172840210699:  Hold'em Limit ($3/$6 USD) - 2017/07/10 4:54:34 ET
Table 'Crocus' 6-max Seat #1 is the button
Seat 1: zsomz ($105.28 in chips)
Seat 4: VolkovDmitri ($144.50 in chips)
zsomz: posts small blind $1
VolkovDmitri: posts big blind $3
*** HOLE CARDS ***
zsomz: raises $3 to $6
VolkovDmitri: calls $3
*** FLOP *** [3s Qs 3c]
VolkovDmitri: checks
zsomz: bets $3
VolkovDmitri: raises $3 to $6
zsomz: raises $3 to $9
VolkovDmitri: raises $3 to $12
Betting is capped
zsomz: calls $3
*** TURN *** [3s Qs 3c] [2d]
VolkovDmitri: bets $6
zsomz: calls $6
*** RIVER *** [3s Qs 3c 2d] [Kh]
VolkovDmitri: checks
zsomz: checks
*** SHOW DOWN ***
VolkovDmitri: shows [Td 9s] (a pair of Threes)
zsomz: shows [Qd 8c] (two pair, Queens and Threes)
zsomz collected $47.50 from pot
*** SUMMARY ***
Total pot $48 | Rake $0.50
Board [3s Qs 3c 2d Kh]
Seat 1: zsomz (button) (small blind) showed [Qd 8c] and won ($47.50) with two pair, Queens and Threes
Seat 4: VolkovDmitri (big blind) showed [Td 9s] and lost with a pair of Threes


PokerStars Hand #172840231210:  Hold'em Limit ($3/$6 USD) - 2017/07/10 4:55:44 ET
Table 'Crocus' 6-max Seat #1 is the button
Seat 1: zsomz ($137.42 in chips)
Seat 4: VolkovDmitri ($120 in chips)
zsomz: posts small blind $1
VolkovDmitri: posts big blind $3
*** HOLE CARDS ***
zsomz: raises $3 to $6
VolkovDmitri: calls $3
*** FLOP *** [6h Qc 7s]
VolkovDmitri: checks
zsomz: bets $3
VolkovDmitri: raises $3 to $6
zsomz: raises $3 to $9
VolkovDmitri: calls $3
*** TURN *** [6h Qc 7s] [Td]
VolkovDmitri: bets $6
zsomz: raises $6 to $12
VolkovDmitri: raises $6 to $18
zsomz: raises $6 to $24
Betting is capped
VolkovDmitri: calls $6
*** RIVER *** [6h Qc 7s Td] [2c]
VolkovDmitri: checks
zsomz: bets $6
VolkovDmitri: calls $6
*** SHOW DOWN ***
zsomz: shows [Ah Qs] (a pair of Queens)
VolkovDmitri: shows [7h Ts] (two pair, Tens and Sevens)
VolkovDmitri collected $89.50 from pot
*** SUMMARY ***
Total pot $90 | Rake $0.50
Board [6h Qc 7s Td 2c]
Seat 1: zsomz (button) (small blind) showed [Ah Qs] and lost with a pair of Queens
Seat 4: VolkovDmitri (big blind) showed [7h Ts] and won ($89.50) with two pair, Tens and Sevens


PokerStars Hand #172840219949:  Hold'em Limit ($3/$6 USD) - 2017/07/10 4:55:05 ET
Table 'Crocus' 6-max Seat #4 is the button
Seat 1: zsomz ($128.78 in chips)
Seat 4: VolkovDmitri ($120.50 in chips)
VolkovDmitri: posts small blind $1
zsomz: posts big blind $3
*** HOLE CARDS ***
VolkovDmitri: raises $3 to $6
zsomz: calls $3
*** FLOP *** [2h Tc 7c]
zsomz: bets $3
VolkovDmitri: calls $3
*** TURN *** [2h Tc 7c] [Jc]
zsomz: checks
VolkovDmitri: checks
*** RIVER *** [2h Tc 7c Jc] [2s]
zsomz: bets $6
VolkovDmitri: folds
Uncalled bet ($6) returned to zsomz
zsomz collected $17.64 from pot
zsomz: doesn't show hand
*** SUMMARY ***
Total pot $18 | Rake $0.36
Board [2h Tc 7c Jc 2s]
Seat 1: zsomz (big blind) collected ($17.64)
Seat 4: VolkovDmitri (button) (small blind) folded on the River


PokerStars Hand #172840252129:  Hold'em Limit ($3/$6 USD) - 2017/07/10 4:57:01 ET
Table 'Crocus' 6-max Seat #4 is the button
Seat 1: zsomz ($136.42 in chips)
Seat 4: VolkovDmitri ($120 in chips)
VolkovDmitri: posts small blind $1
zsomz: posts big blind $3
*** HOLE CARDS ***
VolkovDmitri: folds
Uncalled bet ($2) returned to zsomz
zsomz collected $2 from pot
zsomz: doesn't show hand
*** SUMMARY ***
Total pot $2 | Rake $0
Seat 1: zsomz (big blind) collected ($2)
Seat 4: VolkovDmitri (button) (small blind) folded before Flop


PokerStars Hand #172840238039:  Hold'em Limit ($3/$6 USD) - 2017/07/10 4:56:09 ET
Table 'Crocus' 6-max Seat #4 is the button
Seat 1: zsomz ($92.42 in chips)
Seat 4: VolkovDmitri ($164.50 in chips)
VolkovDmitri: posts small blind $1
zsomz: posts big blind $3
*** HOLE CARDS ***
VolkovDmitri: raises $3 to $6
zsomz: calls $3
*** FLOP *** [4h Qc 2h]
zsomz: checks
VolkovDmitri: bets $3
zsomz: calls $3
*** TURN *** [4h Qc 2h] [6s]
zsomz: checks
VolkovDmitri: bets $6
zsomz: raises $6 to $12
VolkovDmitri: calls $6
*** RIVER *** [4h Qc 2h 6s] [Kh]
zsomz: bets $6
VolkovDmitri: calls $6
*** SHOW DOWN ***
zsomz: shows [Ah 6d] (a pair of Sixes)
VolkovDmitri: mucks hand
zsomz collected $53.50 from pot
*** SUMMARY ***
Total pot $54 | Rake $0.50
Board [4h Qc 2h 6s Kh]
Seat 1: zsomz (big blind) showed [Ah 6d] and won ($53.50) with a pair of Sixes
Seat 4: VolkovDmitri (button) (small blind) mucked


PokerStars Hand #172840245069:  Hold'em Limit ($3/$6 USD) - 2017/07/10 4:56:35 ET
Table 'Crocus' 6-max Seat #1 is the button
Seat 1: zsomz ($118.92 in chips)
Seat 4: VolkovDmitri ($137.50 in chips)
zsomz: posts small blind $1
VolkovDmitri: posts big blind $3
*** HOLE CARDS ***
zsomz: raises $3 to $6
VolkovDmitri: raises $3 to $9
zsomz: calls $3
*** FLOP *** [3d 7h Td]
VolkovDmitri: bets $3
zsomz: calls $3
*** TURN *** [3d 7h Td] [2d]
VolkovDmitri: checks
zsomz: bets $6
VolkovDmitri: calls $6
*** RIVER *** [3d 7h Td 2d] [4d]
VolkovDmitri: checks
zsomz: checks
*** SHOW DOWN ***
VolkovDmitri: shows [6h As] (high card Ace)
zsomz: shows [2c Ac] (a pair of Deuces)
zsomz collected $35.50 from pot
*** SUMMARY ***
Total pot $36 | Rake $0.50
Board [3d 7h Td 2d 4d]
Seat 1: zsomz (button) (small blind) showed [2c Ac] and won ($35.50) with a pair of Deuces
Seat 4: VolkovDmitri (big blind) showed [6h As] and lost with high card Ace


PokerStars Hand #172840264328:  Hold'em Limit ($3/$6 USD) - 2017/07/10 4:57:44 ET
Table 'Crocus' 6-max Seat #1 is the button
Seat 1: zsomz ($149.06 in chips)
Seat 4: VolkovDmitri ($120 in chips)
zsomz: posts small blind $1
VolkovDmitri: posts big blind $3
*** HOLE CARDS ***
zsomz: folds
Uncalled bet ($2) returned to VolkovDmitri
VolkovDmitri collected $2 from pot
VolkovDmitri: doesn't show hand
*** SUMMARY ***
Total pot $2 | Rake $0
Seat 1: zsomz (button) (small blind) folded before Flop
Seat 4: VolkovDmitri (big blind) collected ($2)


PokerStars Hand #172840265797:  Hold'em Limit ($3/$6 USD) - 2017/07/10 4:57:49 ET
Table 'Crocus' 6-max Seat #4 is the button
Seat 1: zsomz ($148.06 in chips)
Seat 4: VolkovDmitri ($121 in chips)
VolkovDmitri: posts small blind $1
zsomz: posts big blind $3
*** HOLE CARDS ***
VolkovDmitri: raises $3 to $6
zsomz: calls $3
*** FLOP *** [As Ad Tc]
zsomz: checks
VolkovDmitri: bets $3
zsomz: folds
Uncalled bet ($3) returned to VolkovDmitri
VolkovDmitri collected $11.76 from pot
VolkovDmitri: doesn't show hand
*** SUMMARY ***
Total pot $12 | Rake $0.24
Board [As Ad Tc]
Seat 1: zsomz (big blind) folded on the Flop
Seat 4: VolkovDmitri (button) (small blind) collected ($11.76)


PokerStars Hand #172840258193:  Hold'em Limit ($3/$6 USD) - 2017/07/10 4:57:22 ET
Table 'Crocus' 6-max Seat #4 is the button
Seat 1: zsomz ($140.42 in chips)
Seat 4: VolkovDmitri ($120 in chips)
VolkovDmitri: posts small blind $1
zsomz: posts big blind $3
*** HOLE CARDS ***
VolkovDmitri: raises $3 to $6
zsomz: raises $3 to $9
VolkovDmitri: calls $3
*** FLOP *** [2s 2d 8c]
zsomz: bets $3
VolkovDmitri: folds
Uncalled bet ($3) returned to zsomz
zsomz collected $17.64 from pot
zsomz: doesn't show hand
*** SUMMARY ***
Total pot $18 | Rake $0.36
Board [2s 2d 8c]
Seat 1: zsomz (big blind) collected ($17.64)
Seat 4: VolkovDmitri (button) (small blind) folded on the Flop


PokerStars Hand #172840254963:  Hold'em Limit ($3/$6 USD) - 2017/07/10 4:57:11 ET
Table 'Crocus' 6-max Seat #1 is the button
Seat 1: zsomz ($137.42 in chips)
Seat 4: VolkovDmitri ($120 in chips)
zsomz: posts small blind $1
VolkovDmitri: posts big blind $3
*** HOLE CARDS ***
zsomz: raises $3 to $6
VolkovDmitri: folds
Uncalled bet ($3) returned to zsomz
zsomz collected $6 from pot
zsomz: doesn't show hand
*** SUMMARY ***
Total pot $6 | Rake $0
Seat 1: zsomz (button) (small blind) collected ($6)
Seat 4: VolkovDmitri (big blind) folded before Flop


PokerStars Hand #172840270371:  Hold'em Limit ($3/$6 USD) - 2017/07/10 4:58:06 ET
Table 'Crocus' 6-max Seat #4 is the button
Seat 1: zsomz ($141.06 in chips)
Seat 4: VolkovDmitri ($127.76 in chips)
VolkovDmitri: posts small blind $1
zsomz: posts big blind $3
*** HOLE CARDS ***
VolkovDmitri: raises $3 to $6
zsomz: folds
Uncalled bet ($3) returned to VolkovDmitri
VolkovDmitri collected $6 from pot
VolkovDmitri: doesn't show hand
*** SUMMARY ***
Total pot $6 | Rake $0
Seat 1: zsomz (big blind) folded before Flop
Seat 4: VolkovDmitri (button) (small blind) collected ($6)


PokerStars Hand #172840268928:  Hold'em Limit ($3/$6 USD) - 2017/07/10 4:58:01 ET
Table 'Crocus' 6-max Seat #1 is the button
Seat 1: zsomz ($142.06 in chips)
Seat 4: VolkovDmitri ($126.76 in chips)
zsomz: posts small blind $1
VolkovDmitri: posts big blind $3
*** HOLE CARDS ***
zsomz: folds
Uncalled bet ($2) returned to VolkovDmitri
VolkovDmitri collected $2 from pot
VolkovDmitri: doesn't show hand
*** SUMMARY ***
Total pot $2 | Rake $0
Seat 1: zsomz (button) (small blind) folded before Flop
Seat 4: VolkovDmitri (big blind) collected ($2)


PokerStars Hand #172840272157:  Hold'em Limit ($3/$6 USD) - 2017/07/10 4:58:13 ET
Table 'Crocus' 6-max Seat #1 is the button
Seat 1: zsomz ($138.06 in chips)
Seat 4: VolkovDmitri ($130.76 in chips)
zsomz: posts small blind $1
VolkovDmitri: posts big blind $3
*** HOLE CARDS ***
zsomz: raises $3 to $6
VolkovDmitri: folds
Uncalled bet ($3) returned to zsomz
zsomz collected $6 from pot
zsomz: doesn't show hand
*** SUMMARY ***
Total pot $6 | Rake $0
Seat 1: zsomz (button) (small blind) collected ($6)
Seat 4: VolkovDmitri (big blind) folded before Flop


PokerStars Hand #172840285302:  Hold'em Limit ($3/$6 USD) - 2017/07/10 4:59:00 ET
Table 'Crocus' 6-max Seat #1 is the button
Seat 1: zsomz ($161.56 in chips)
Seat 4: VolkovDmitri ($120 in chips)
zsomz: posts small blind $1
VolkovDmitri: posts big blind $3
*** HOLE CARDS ***
zsomz: raises $3 to $6
VolkovDmitri: folds
Uncalled bet ($3) returned to zsomz
zsomz collected $6 from pot
zsomz: doesn't show hand
*** SUMMARY ***
Total pot $6 | Rake $0
Seat 1: zsomz (button) (small blind) collected ($6)
Seat 4: VolkovDmitri (big blind) folded before Flop


PokerStars Hand #172840276707:  Hold'em Limit ($3/$6 USD) - 2017/07/10 4:58:29 ET
Table 'Crocus' 6-max Seat #4 is the button
Seat 1: zsomz ($141.06 in chips)
Seat 4: VolkovDmitri ($127.76 in chips)
VolkovDmitri: posts small blind $1
zsomz: posts big blind $3
*** HOLE CARDS ***
VolkovDmitri: raises $3 to $6
zsomz: raises $3 to $9
VolkovDmitri: raises $3 to $12
Betting is capped
zsomz: calls $3
*** FLOP *** [5s 3c Td]
zsomz: bets $3
VolkovDmitri: calls $3
*** TURN *** [5s 3c Td] [Jc]
zsomz: bets $6
VolkovDmitri: calls $6
*** RIVER *** [5s 3c Td Jc] [3h]
zsomz: checks
VolkovDmitri: checks
*** SHOW DOWN ***
zsomz: shows [3d 3s] (four of a kind, Threes)
VolkovDmitri: mucks hand
zsomz collected $41.50 from pot
*** SUMMARY ***
Total pot $42 | Rake $0.50
Board [5s 3c Td Jc 3h]
Seat 1: zsomz (big blind) showed [3d 3s] and won ($41.50) with four of a kind, Threes
Seat 4: VolkovDmitri (button) (small blind) mucked


PokerStars Hand #172840289937:  Hold'em Limit ($3/$6 USD) - 2017/07/10 4:59:16 ET
Table 'Crocus' 6-max Seat #1 is the button
Seat 1: zsomz ($161.56 in chips)
Seat 4: VolkovDmitri ($123 in chips)
zsomz: posts small blind $1
VolkovDmitri: posts big blind $3
*** HOLE CARDS ***
zsomz: raises $3 to $6
VolkovDmitri: raises $3 to $9
zsomz: calls $3
*** FLOP *** [Ac 8c 4h]
VolkovDmitri: bets $3
zsomz: calls $3
*** TURN *** [Ac 8c 4h] [3c]
VolkovDmitri: bets $6
zsomz: raises $6 to $12
VolkovDmitri: calls $6
*** RIVER *** [Ac 8c 4h 3c] [6h]
VolkovDmitri: checks
zsomz: checks
*** SHOW DOWN ***
VolkovDmitri: shows [9s 9h] (a pair of Nines)
zsomz: mucks hand
VolkovDmitri collected $47.50 from pot
*** SUMMARY ***
Total pot $48 | Rake $0.50
Board [Ac 8c 4h 3c 6h]
Seat 1: zsomz (button) (small blind) mucked
Seat 4: VolkovDmitri (big blind) showed [9s 9h] and won ($47.50) with a pair of Nines


PokerStars Hand #172840288328:  Hold'em Limit ($3/$6 USD) - 2017/07/10 4:59:10 ET
Table 'Crocus' 6-max Seat #4 is the button
Seat 1: zsomz ($164.56 in chips)
Seat 4: VolkovDmitri ($120 in chips)
VolkovDmitri: posts small blind $1
zsomz: posts big blind $3
*** HOLE CARDS ***
VolkovDmitri: raises $3 to $6
zsomz: folds
Uncalled bet ($3) returned to VolkovDmitri
VolkovDmitri collected $6 from pot
VolkovDmitri: doesn't show hand
*** SUMMARY ***
Total pot $6 | Rake $0
Seat 1: zsomz (big blind) folded before Flop
Seat 4: VolkovDmitri (button) (small blind) collected ($6)


PokerStars Hand #172840297436:  Hold'em Limit ($3/$6 USD) - 2017/07/10 4:59:43 ET
Table 'Crocus' 6-max Seat #4 is the button
Seat 1: zsomz ($137.56 in chips)
Seat 4: VolkovDmitri ($146.50 in chips)
VolkovDmitri: posts small blind $1
zsomz: posts big blind $3
*** HOLE CARDS ***
VolkovDmitri: raises $3 to $6
zsomz: calls $3
*** FLOP *** [4h 8h 7h]
zsomz: checks
VolkovDmitri: bets $3
zsomz: calls $3
*** TURN *** [4h 8h 7h] [Qs]
zsomz: checks
VolkovDmitri: checks
*** RIVER *** [4h 8h 7h Qs] [4c]
zsomz: bets $6
VolkovDmitri: folds
Uncalled bet ($6) returned to zsomz
zsomz collected $17.64 from pot
zsomz: doesn't show hand
*** SUMMARY ***
Total pot $18 | Rake $0.36
Board [4h 8h 7h Qs 4c]
Seat 1: zsomz (big blind) collected ($17.64)
Seat 4: VolkovDmitri (button) (small blind) folded on the River


PokerStars Hand #172840304484:  Hold'em Limit ($3/$6 USD) - 2017/07/10 5:00:08 ET
Table 'Crocus' 6-max Seat #1 is the button
Seat 1: zsomz ($146.20 in chips)
Seat 4: VolkovDmitri ($137.50 in chips)
zsomz: posts small blind $1
VolkovDmitri: posts big blind $3
*** HOLE CARDS ***
zsomz: raises $3 to $6
VolkovDmitri: raises $3 to $9
zsomz: calls $3
*** FLOP *** [2h 4c 3h]
VolkovDmitri: bets $3
zsomz: calls $3
*** TURN *** [2h 4c 3h] [5d]
VolkovDmitri: checks
zsomz: checks
*** RIVER *** [2h 4c 3h 5d] [9d]
VolkovDmitri: bets $6
zsomz: calls $6
*** SHOW DOWN ***
VolkovDmitri: shows [4d 4s] (three of a kind, Fours)
zsomz: mucks hand
VolkovDmitri collected $35.50 from pot
*** SUMMARY ***
Total pot $36 | Rake $0.50
Board [2h 4c 3h 5d 9d]
Seat 1: zsomz (button) (small blind) mucked
Seat 4: VolkovDmitri (big blind) showed [4d 4s] and won ($35.50) with three of a kind, Fours


PokerStars Hand #172840313676:  Hold'em Limit ($3/$6 USD) - 2017/07/10 5:00:41 ET
Table 'Crocus' 6-max Seat #4 is the button
Seat 1: zsomz ($128.20 in chips)
Seat 4: VolkovDmitri ($155 in chips)
VolkovDmitri: posts small blind $1
zsomz: posts big blind $3
*** HOLE CARDS ***
VolkovDmitri: raises $3 to $6
zsomz: calls $3
*** FLOP *** [5c 7s 4h]
zsomz: checks
VolkovDmitri: bets $3
zsomz: raises $3 to $6
VolkovDmitri: calls $3
*** TURN *** [5c 7s 4h] [Qd]
zsomz: bets $6
VolkovDmitri: calls $6
*** RIVER *** [5c 7s 4h Qd] [Ah]
zsomz: checks
VolkovDmitri: checks
*** SHOW DOWN ***
zsomz: shows [Qc 4d] (two pair, Queens and Fours)
VolkovDmitri: mucks hand
zsomz collected $35.50 from pot
*** SUMMARY ***
Total pot $36 | Rake $0.50
Board [5c 7s 4h Qd Ah]
Seat 1: zsomz (big blind) showed [Qc 4d] and won ($35.50) with two pair, Queens and Fours
Seat 4: VolkovDmitri (button) (small blind) mucked


PokerStars Hand #172840329099:  Hold'em Limit ($3/$6 USD) - 2017/07/10 5:01:32 ET
Table 'Crocus' 6-max Seat #1 is the button
Seat 1: zsomz ($145.34 in chips)
Seat 4: VolkovDmitri ($136.64 in chips)
zsomz: posts small blind $1
VolkovDmitri: posts big blind $3
*** HOLE CARDS ***
zsomz: folds
Uncalled bet ($2) returned to VolkovDmitri
VolkovDmitri collected $2 from pot
VolkovDmitri: doesn't show hand
*** SUMMARY ***
Total pot $2 | Rake $0
Seat 1: zsomz (button) (small blind) folded before Flop
Seat 4: VolkovDmitri (big blind) collected ($2)


PokerStars Hand #172840324428:  Hold'em Limit ($3/$6 USD) - 2017/07/10 5:01:17 ET
Table 'Crocus' 6-max Seat #4 is the button
Seat 1: zsomz ($136.70 in chips)
Seat 4: VolkovDmitri ($145.64 in chips)
VolkovDmitri: posts small blind $1
zsomz: posts big blind $3
*** HOLE CARDS ***
VolkovDmitri: raises $3 to $6
zsomz: calls $3
*** FLOP *** [8s Js 8c]
zsomz: checks
VolkovDmitri: bets $3
zsomz: calls $3
*** TURN *** [8s Js 8c] [Jh]
zsomz: bets $6
VolkovDmitri: folds
Uncalled bet ($6) returned to zsomz
zsomz collected $17.64 from pot
zsomz: doesn't show hand
*** SUMMARY ***
Total pot $18 | Rake $0.36
Board [8s Js 8c Jh]
Seat 1: zsomz (big blind) collected ($17.64)
Seat 4: VolkovDmitri (button) (small blind) folded on the Turn


PokerStars Hand #172840320851:  Hold'em Limit ($3/$6 USD) - 2017/07/10 5:01:05 ET
Table 'Crocus' 6-max Seat #1 is the button
Seat 1: zsomz ($145.70 in chips)
Seat 4: VolkovDmitri ($137 in chips)
zsomz: posts small blind $1
VolkovDmitri: posts big blind $3
*** HOLE CARDS ***
zsomz: raises $3 to $6
VolkovDmitri: calls $3
*** FLOP *** [Ts Td 7c]
VolkovDmitri: checks
zsomz: bets $3
VolkovDmitri: raises $3 to $6
zsomz: folds
Uncalled bet ($3) returned to VolkovDmitri
VolkovDmitri collected $17.64 from pot
VolkovDmitri: doesn't show hand
*** SUMMARY ***
Total pot $18 | Rake $0.36
Board [Ts Td 7c]
Seat 1: zsomz (button) (small blind) folded on the Flop
Seat 4: VolkovDmitri (big blind) collected ($17.64)


PokerStars Hand #172840330569:  Hold'em Limit ($3/$6 USD) - 2017/07/10 5:01:37 ET
Table 'Crocus' 6-max Seat #4 is the button
Seat 1: zsomz ($144.34 in chips)
Seat 4: VolkovDmitri ($137.64 in chips)
VolkovDmitri: posts small blind $1
zsomz: posts big blind $3
*** HOLE CARDS ***
VolkovDmitri: raises $3 to $6
zsomz: calls $3
*** FLOP *** [6h Kh 3c]
zsomz: checks
VolkovDmitri: bets $3
zsomz: raises $3 to $6
VolkovDmitri: calls $3
*** TURN *** [6h Kh 3c] [6d]
zsomz: bets $6
VolkovDmitri: calls $6
*** RIVER *** [6h Kh 3c 6d] [As]
zsomz: bets $6
VolkovDmitri: calls $6
*** SHOW DOWN ***
zsomz: shows [6s 9h] (three of a kind, Sixes)
VolkovDmitri: mucks hand
zsomz collected $47.50 from pot
*** SUMMARY ***
Total pot $48 | Rake $0.50
Board [6h Kh 3c 6d As]
Seat 1: zsomz (big blind) showed [6s 9h] and won ($47.50) with three of a kind, Sixes
Seat 4: VolkovDmitri (button) (small blind) mucked


PokerStars Hand #172840358929:  Hold'em Limit ($3/$6 USD) - 2017/07/10 5:03:09 ET
Table 'Crocus' 6-max Seat #3 is the button
Seat 1: zsomz ($148.84 in chips)
Seat 3: xcgxcg2005 ($116 in chips)
xcgxcg2005: posts small blind $1
zsomz: posts big blind $3
*** HOLE CARDS ***
xcgxcg2005: raises $3 to $6
zsomz: folds
Uncalled bet ($3) returned to xcgxcg2005
xcgxcg2005 collected $6 from pot
xcgxcg2005: doesn't show hand
*** SUMMARY ***
Total pot $6 | Rake $0
Seat 1: zsomz (big blind) folded before Flop
Seat 3: xcgxcg2005 (button) (small blind) collected ($6)


PokerStars Hand #172840357484:  Hold'em Limit ($3/$6 USD) - 2017/07/10 5:03:04 ET
Table 'Crocus' 6-max Seat #1 is the button
Seat 1: zsomz ($149.84 in chips)
Seat 3: xcgxcg2005 ($115 in chips)
zsomz: posts small blind $1
xcgxcg2005: posts big blind $3
*** HOLE CARDS ***
zsomz: folds
Uncalled bet ($2) returned to xcgxcg2005
xcgxcg2005 collected $2 from pot
xcgxcg2005: doesn't show hand
*** SUMMARY ***
Total pot $2 | Rake $0
Seat 1: zsomz (button) (small blind) folded before Flop
Seat 3: xcgxcg2005 (big blind) collected ($2)


PokerStars Hand #172840356034:  Hold'em Limit ($3/$6 USD) - 2017/07/10 5:03:00 ET
Table 'Crocus' 6-max Seat #3 is the button
Seat 1: zsomz ($148.84 in chips)
Seat 3: xcgxcg2005 ($116 in chips)
xcgxcg2005: posts small blind $1
zsomz: posts big blind $3
*** HOLE CARDS ***
xcgxcg2005: folds
Uncalled bet ($2) returned to zsomz
zsomz collected $2 from pot
zsomz: doesn't show hand
*** SUMMARY ***
Total pot $2 | Rake $0
Seat 1: zsomz (big blind) collected ($2)
Seat 3: xcgxcg2005 (button) (small blind) folded before Flop


PokerStars Hand #172840354138:  Hold'em Limit ($3/$6 USD) - 2017/07/10 5:02:54 ET
Table 'Crocus' 6-max Seat #1 is the button
Seat 1: zsomz ($145.84 in chips)
Seat 3: xcgxcg2005 ($119 in chips)
zsomz: posts small blind $1
xcgxcg2005: posts big blind $3
*** HOLE CARDS ***
zsomz: raises $3 to $6
xcgxcg2005: folds
Uncalled bet ($3) returned to zsomz
zsomz collected $6 from pot
zsomz: doesn't show hand
*** SUMMARY ***
Total pot $6 | Rake $0
Seat 1: zsomz (button) (small blind) collected ($6)
Seat 3: xcgxcg2005 (big blind) folded before Flop


PokerStars Hand #172840352696:  Hold'em Limit ($3/$6 USD) - 2017/07/10 5:02:49 ET
Table 'Crocus' 6-max Seat #3 is the button
Seat 1: zsomz ($144.84 in chips)
Seat 3: xcgxcg2005 ($120 in chips)
xcgxcg2005: posts small blind $1
zsomz: posts big blind $3
*** HOLE CARDS ***
xcgxcg2005: folds
Uncalled bet ($2) returned to zsomz
zsomz collected $2 from pot
zsomz: doesn't show hand
*** SUMMARY ***
Total pot $2 | Rake $0
Seat 1: zsomz (big blind) collected ($2)
Seat 3: xcgxcg2005 (button) (small blind) folded before Flop


PokerStars Hand #172840346375:  Hold'em Limit ($3/$6 USD) - 2017/07/10 5:02:28 ET
Table 'Crocus' 6-max Seat #1 is the button
Seat 1: zsomz ($153.84 in chips)
Seat 4: VolkovDmitri ($133.50 in chips)
zsomz: posts small blind $1
VolkovDmitri: posts big blind $3
*** HOLE CARDS ***
zsomz: raises $3 to $6
VolkovDmitri: raises $3 to $9
zsomz: calls $3
*** FLOP *** [Jc 2s Kh]
VolkovDmitri: bets $3
xcgxcg2005 joins the table at seat #3
zsomz: folds
Uncalled bet ($3) returned to VolkovDmitri
VolkovDmitri collected $17.64 from pot
VolkovDmitri: doesn't show hand
*** SUMMARY ***
Total pot $18 | Rake $0.36
Board [Jc 2s Kh]
Seat 1: zsomz (button) (small blind) folded on the Flop
Seat 4: VolkovDmitri (big blind) collected ($17.64)


PokerStars Hand #172840344413:  Hold'em Limit ($3/$6 USD) - 2017/07/10 5:02:22 ET
Table 'Crocus' 6-max Seat #4 is the button
Seat 1: zsomz ($152.84 in chips)
Seat 4: VolkovDmitri ($134.50 in chips)
VolkovDmitri: posts small blind $1
zsomz: posts big blind $3
*** HOLE CARDS ***
VolkovDmitri: folds
Uncalled bet ($2) returned to zsomz
zsomz collected $2 from pot
zsomz: doesn't show hand
*** SUMMARY ***
Total pot $2 | Rake $0
Seat 1: zsomz (big blind) collected ($2)
Seat 4: VolkovDmitri (button) (small blind) folded before Flop


PokerStars Hand #172840338398:  Hold'em Limit ($3/$6 USD) - 2017/07/10 5:02:03 ET
Table 'Crocus' 6-max Seat #1 is the button
Seat 1: zsomz ($167.84 in chips)
Seat 4: VolkovDmitri ($120 in chips)
zsomz: posts small blind $1
VolkovDmitri: posts big blind $3
*** HOLE CARDS ***
zsomz: raises $3 to $6
VolkovDmitri: calls $3
*** FLOP *** [6s 6c 4d]
VolkovDmitri: checks
zsomz: bets $3
VolkovDmitri: calls $3
*** TURN *** [6s 6c 4d] [8c]
VolkovDmitri: checks
zsomz: checks
*** RIVER *** [6s 6c 4d 8c] [5c]
VolkovDmitri: bets $6
zsomz: calls $6
*** SHOW DOWN ***
VolkovDmitri: shows [8s Js] (two pair, Eights and Sixes)
zsomz: mucks hand
VolkovDmitri collected $29.50 from pot
*** SUMMARY ***
Total pot $30 | Rake $0.50
Board [6s 6c 4d 8c 5c]
Seat 1: zsomz (button) (small blind) mucked
Seat 4: VolkovDmitri (big blind) showed [8s Js] and won ($29.50) with two pair, Eights and Sixes


PokerStars Hand #172840372192:  Hold'em Limit ($3/$6 USD) - 2017/07/10 5:03:51 ET
Table 'Crocus' 6-max Seat #3 is the button
Seat 1: zsomz ($164.34 in chips)
Seat 3: xcgxcg2005 ($99.64 in chips)
xcgxcg2005: posts small blind $1
zsomz: posts big blind $3
*** HOLE CARDS ***
xcgxcg2005: calls $2
zsomz: checks
*** FLOP *** [Qh Ks Ad]
zsomz: checks
xcgxcg2005: bets $3
zsomz: folds
Uncalled bet ($3) returned to xcgxcg2005
xcgxcg2005 collected $5.88 from pot
xcgxcg2005: doesn't show hand
*** SUMMARY ***
Total pot $6 | Rake $0.12
Board [Qh Ks Ad]
Seat 1: zsomz (big blind) folded on the Flop
Seat 3: xcgxcg2005 (button) (small blind) collected ($5.88)


PokerStars Hand #172840377668:  Hold'em Limit ($3/$6 USD) - 2017/07/10 5:04:08 ET
Table 'Crocus' 6-max Seat #3 is the button
Seat 1: zsomz ($164.34 in chips)
Seat 3: xcgxcg2005 ($99.52 in chips)
xcgxcg2005: posts small blind $1
zsomz: posts big blind $3
*** HOLE CARDS ***
xcgxcg2005: folds
Uncalled bet ($2) returned to zsomz
zsomz collected $2 from pot
zsomz: doesn't show hand
*** SUMMARY ***
Total pot $2 | Rake $0
Seat 1: zsomz (big blind) collected ($2)
Seat 3: xcgxcg2005 (button) (small blind) folded before Flop


PokerStars Hand #172840375641:  Hold'em Limit ($3/$6 USD) - 2017/07/10 5:04:02 ET
Table 'Crocus' 6-max Seat #1 is the button
Seat 1: zsomz ($161.34 in chips)
Seat 3: xcgxcg2005 ($102.52 in chips)
zsomz: posts small blind $1
xcgxcg2005: posts big blind $3
*** HOLE CARDS ***
zsomz: raises $3 to $6
xcgxcg2005: folds
Uncalled bet ($3) returned to zsomz
zsomz collected $6 from pot
zsomz: doesn't show hand
*** SUMMARY ***
Total pot $6 | Rake $0
Seat 1: zsomz (button) (small blind) collected ($6)
Seat 3: xcgxcg2005 (big blind) folded before Flop


PokerStars Hand #172840360799:  Hold'em Limit ($3/$6 USD) - 2017/07/10 5:03:15 ET
Table 'Crocus' 6-max Seat #1 is the button
Seat 1: zsomz ($145.84 in chips)
Seat 3: xcgxcg2005 ($119 in chips)
zsomz: posts small blind $1
xcgxcg2005: posts big blind $3
*** HOLE CARDS ***
zsomz: raises $3 to $6
xcgxcg2005: raises $3 to $9
zsomz: raises $3 to $12
Betting is capped
xcgxcg2005: calls $3
*** FLOP *** [Jh 6s As]
xcgxcg2005: checks
zsomz: bets $3
xcgxcg2005: calls $3
*** TURN *** [Jh 6s As] [3d]
xcgxcg2005: checks
zsomz: bets $6
xcgxcg2005: calls $6
*** RIVER *** [Jh 6s As 3d] [Qs]
xcgxcg2005: checks
zsomz: bets $6
xcgxcg2005: calls $6
*** SHOW DOWN ***
zsomz: shows [Qc Ah] (two pair, Aces and Queens)
xcgxcg2005: mucks hand
zsomz collected $53.50 from pot
*** SUMMARY ***
Total pot $54 | Rake $0.50
Board [Jh 6s As 3d Qs]
Seat 1: zsomz (button) (small blind) showed [Qc Ah] and won ($53.50) with two pair, Aces and Queens
Seat 3: xcgxcg2005 (big blind) mucked


PokerStars Hand #172840368478:  Hold'em Limit ($3/$6 USD) - 2017/07/10 5:03:39 ET
Table 'Crocus' 6-max Seat #1 is the button
Seat 1: zsomz ($173.34 in chips)
Seat 3: xcgxcg2005 ($91 in chips)
zsomz: posts small blind $1
xcgxcg2005: posts big blind $3
*** HOLE CARDS ***
zsomz: raises $3 to $6
xcgxcg2005: raises $3 to $9
zsomz: calls $3
*** FLOP *** [Ad Jc 6d]
xcgxcg2005: bets $3
zsomz: folds
Uncalled bet ($3) returned to xcgxcg2005
xcgxcg2005 collected $17.64 from pot
xcgxcg2005: doesn't show hand
*** SUMMARY ***
Total pot $18 | Rake $0.36
Board [Ad Jc 6d]
Seat 1: zsomz (button) (small blind) folded on the Flop
Seat 3: xcgxcg2005 (big blind) collected ($17.64)


PokerStars Hand #172840367032:  Hold'em Limit ($3/$6 USD) - 2017/07/10 5:03:35 ET
Table 'Crocus' 6-max Seat #3 is the button
Seat 1: zsomz ($172.34 in chips)
Seat 3: xcgxcg2005 ($92 in chips)
xcgxcg2005: posts small blind $1
zsomz: posts big blind $3
*** HOLE CARDS ***
xcgxcg2005: folds
Uncalled bet ($2) returned to zsomz
zsomz collected $2 from pot
zsomz: doesn't show hand
*** SUMMARY ***
Total pot $2 | Rake $0
Seat 1: zsomz (big blind) collected ($2)
Seat 3: xcgxcg2005 (button) (small blind) folded before Flop


PokerStars Hand #172840395965:  Hold'em Limit ($3/$6 USD) - 2017/07/10 5:05:07 ET
Table 'Crocus' 6-max Seat #3 is the button
Seat 1: zsomz ($162.84 in chips)
Seat 3: xcgxcg2005 ($100.02 in chips)
xcgxcg2005: posts small blind $1
zsomz: posts big blind $3
*** HOLE CARDS ***
xcgxcg2005: folds
Uncalled bet ($2) returned to zsomz
zsomz collected $2 from pot
zsomz: doesn't show hand
*** SUMMARY ***
Total pot $2 | Rake $0
Seat 1: zsomz (big blind) collected ($2)
Seat 3: xcgxcg2005 (button) (small blind) folded before Flop


PokerStars Hand #172840390205:  Hold'em Limit ($3/$6 USD) - 2017/07/10 5:04:49 ET
Table 'Crocus' 6-max Seat #1 is the button
Seat 1: zsomz ($130.34 in chips)
Seat 3: xcgxcg2005 ($133.02 in chips)
zsomz: posts small blind $1
xcgxcg2005: posts big blind $3
*** HOLE CARDS ***
zsomz: raises $3 to $6
xcgxcg2005: raises $3 to $9
zsomz: calls $3
*** FLOP *** [2h 5h 9c]
xcgxcg2005: bets $3
zsomz: raises $3 to $6
xcgxcg2005: raises $3 to $9
zsomz: raises $3 to $12
Betting is capped
xcgxcg2005: calls $3
*** TURN *** [2h 5h 9c] [4s]
xcgxcg2005: bets $6
zsomz: calls $6
*** RIVER *** [2h 5h 9c 4s] [8h]
xcgxcg2005: checks
zsomz: bets $6
xcgxcg2005: calls $6
*** SHOW DOWN ***
zsomz: shows [6h Th] (a flush, Ten high)
xcgxcg2005: mucks hand
zsomz collected $65.50 from pot
*** SUMMARY ***
Total pot $66 | Rake $0.50
Board [2h 5h 9c 4s 8h]
Seat 1: zsomz (button) (small blind) showed [6h Th] and won ($65.50) with a flush, Ten high
Seat 3: xcgxcg2005 (big blind) mucked


PokerStars Hand #172840388668:  Hold'em Limit ($3/$6 USD) - 2017/07/10 5:04:44 ET
Table 'Crocus' 6-max Seat #3 is the button
Seat 1: zsomz ($129.34 in chips)
Seat 3: xcgxcg2005 ($134.02 in chips)
xcgxcg2005: posts small blind $1
zsomz: posts big blind $3
*** HOLE CARDS ***
xcgxcg2005: folds
Uncalled bet ($2) returned to zsomz
zsomz collected $2 from pot
zsomz: doesn't show hand
*** SUMMARY ***
Total pot $2 | Rake $0
Seat 1: zsomz (big blind) collected ($2)
Seat 3: xcgxcg2005 (button) (small blind) folded before Flop


PokerStars Hand #172840386931:  Hold'em Limit ($3/$6 USD) - 2017/07/10 5:04:38 ET
Table 'Crocus' 6-max Seat #1 is the button
Seat 1: zsomz ($126.34 in chips)
Seat 3: xcgxcg2005 ($137.02 in chips)
zsomz: posts small blind $1
xcgxcg2005: posts big blind $3
*** HOLE CARDS ***
zsomz: raises $3 to $6
xcgxcg2005: folds
Uncalled bet ($3) returned to zsomz
zsomz collected $6 from pot
zsomz: doesn't show hand
*** SUMMARY ***
Total pot $6 | Rake $0
Seat 1: zsomz (button) (small blind) collected ($6)
Seat 3: xcgxcg2005 (big blind) folded before Flop


PokerStars Hand #172840384880:  Hold'em Limit ($3/$6 USD) - 2017/07/10 5:04:32 ET
Table 'Crocus' 6-max Seat #3 is the button
Seat 1: zsomz ($129.34 in chips)
Seat 3: xcgxcg2005 ($134.02 in chips)
xcgxcg2005: posts small blind $1
zsomz: posts big blind $3
*** HOLE CARDS ***
xcgxcg2005: raises $3 to $6
zsomz: folds
Uncalled bet ($3) returned to xcgxcg2005
xcgxcg2005 collected $6 from pot
xcgxcg2005: doesn't show hand
*** SUMMARY ***
Total pot $6 | Rake $0
Seat 1: zsomz (big blind) folded before Flop
Seat 3: xcgxcg2005 (button) (small blind) collected ($6)


PokerStars Hand #172840379252:  Hold'em Limit ($3/$6 USD) - 2017/07/10 5:04:14 ET
Table 'Crocus' 6-max Seat #1 is the button
Seat 1: zsomz ($165.34 in chips)
Seat 3: xcgxcg2005 ($98.52 in chips)
zsomz: posts small blind $1
xcgxcg2005: posts big blind $3
*** HOLE CARDS ***
zsomz: raises $3 to $6
xcgxcg2005: raises $3 to $9
zsomz: calls $3
*** FLOP *** [Kh 5h Ac]
xcgxcg2005: bets $3
zsomz: calls $3
*** TURN *** [Kh 5h Ac] [Ah]
xcgxcg2005: bets $6
zsomz: raises $6 to $12
xcgxcg2005: raises $6 to $18
zsomz: calls $6
*** RIVER *** [Kh 5h Ac Ah] [3c]
xcgxcg2005: bets $6
zsomz: calls $6
*** SHOW DOWN ***
xcgxcg2005: shows [3s As] (a full house, Aces full of Threes)
zsomz: mucks hand
xcgxcg2005 collected $71.50 from pot
*** SUMMARY ***
Total pot $72 | Rake $0.50
Board [Kh 5h Ac Ah 3c]
Seat 1: zsomz (button) (small blind) mucked
Seat 3: xcgxcg2005 (big blind) showed [3s As] and won ($71.50) with a full house, Aces full of Threes


PokerStars Hand #172840411269:  Hold'em Limit ($3/$6 USD) - 2017/07/10 5:05:54 ET
Table 'Crocus' 6-max Seat #1 is the button
Seat 1: zsomz ($162.48 in chips)
Seat 3: xcgxcg2005 ($99.78 in chips)
zsomz: posts small blind $1
xcgxcg2005: posts big blind $3
*** HOLE CARDS ***
zsomz: folds
Uncalled bet ($2) returned to xcgxcg2005
xcgxcg2005 collected $2 from pot
xcgxcg2005: doesn't show hand
*** SUMMARY ***
Total pot $2 | Rake $0
Seat 1: zsomz (button) (small blind) folded before Flop
Seat 3: xcgxcg2005 (big blind) collected ($2)


PokerStars Hand #172840409434:  Hold'em Limit ($3/$6 USD) - 2017/07/10 5:05:48 ET
Table 'Crocus' 6-max Seat #3 is the button
Seat 1: zsomz ($165.48 in chips)
Seat 3: xcgxcg2005 ($96.78 in chips)
xcgxcg2005: posts small blind $1
zsomz: posts big blind $3
*** HOLE CARDS ***
xcgxcg2005: raises $3 to $6
zsomz: folds
Uncalled bet ($3) returned to xcgxcg2005
xcgxcg2005 collected $6 from pot
xcgxcg2005: doesn't show hand
*** SUMMARY ***
Total pot $6 | Rake $0
Seat 1: zsomz (big blind) folded before Flop
Seat 3: xcgxcg2005 (button) (small blind) collected ($6)


PokerStars Hand #172840408034:  Hold'em Limit ($3/$6 USD) - 2017/07/10 5:05:43 ET
Table 'Crocus' 6-max Seat #1 is the button
Seat 1: zsomz ($166.48 in chips)
Seat 3: xcgxcg2005 ($95.78 in chips)
zsomz: posts small blind $1
xcgxcg2005: posts big blind $3
*** HOLE CARDS ***
zsomz: folds
Uncalled bet ($2) returned to xcgxcg2005
xcgxcg2005 collected $2 from pot
xcgxcg2005: doesn't show hand
*** SUMMARY ***
Total pot $2 | Rake $0
Seat 1: zsomz (button) (small blind) folded before Flop
Seat 3: xcgxcg2005 (big blind) collected ($2)


PokerStars Hand #172840406449:  Hold'em Limit ($3/$6 USD) - 2017/07/10 5:05:38 ET
Table 'Crocus' 6-max Seat #3 is the button
Seat 1: zsomz ($165.48 in chips)
Seat 3: xcgxcg2005 ($96.78 in chips)
xcgxcg2005: posts small blind $1
zsomz: posts big blind $3
*** HOLE CARDS ***
xcgxcg2005: folds
Uncalled bet ($2) returned to zsomz
zsomz collected $2 from pot
zsomz: doesn't show hand
*** SUMMARY ***
Total pot $2 | Rake $0
Seat 1: zsomz (big blind) collected ($2)
Seat 3: xcgxcg2005 (button) (small blind) folded before Flop


PokerStars Hand #172840402515:  Hold'em Limit ($3/$6 USD) - 2017/07/10 5:05:26 ET
Table 'Crocus' 6-max Seat #1 is the button
Seat 1: zsomz ($156.84 in chips)
Seat 3: xcgxcg2005 ($105.78 in chips)
zsomz: posts small blind $1
xcgxcg2005: posts big blind $3
*** HOLE CARDS ***
zsomz: raises $3 to $6
xcgxcg2005: raises $3 to $9
zsomz: calls $3
*** FLOP *** [Qc 9d 6s]
xcgxcg2005: checks
zsomz: bets $3
xcgxcg2005: folds
Uncalled bet ($3) returned to zsomz
zsomz collected $17.64 from pot
zsomz: doesn't show hand
*** SUMMARY ***
Total pot $18 | Rake $0.36
Board [Qc 9d 6s]
Seat 1: zsomz (button) (small blind) collected ($17.64)
Seat 3: xcgxcg2005 (big blind) folded on the Flop


PokerStars Hand #172840416357:  Hold'em Limit ($3/$6 USD) - 2017/07/10 5:06:09 ET
Table 'Crocus' 6-max Seat #1 is the button
Seat 1: zsomz ($155.48 in chips)
Seat 3: xcgxcg2005 ($106.54 in chips)
zsomz: posts small blind $1
xcgxcg2005: posts big blind $3
*** HOLE CARDS ***
zsomz: folds
Uncalled bet ($2) returned to xcgxcg2005
xcgxcg2005 collected $2 from pot
xcgxcg2005: doesn't show hand
*** SUMMARY ***
Total pot $2 | Rake $0
Seat 1: zsomz (button) (small blind) folded before Flop
Seat 3: xcgxcg2005 (big blind) collected ($2)


PokerStars Hand #172840412866:  Hold'em Limit ($3/$6 USD) - 2017/07/10 5:05:59 ET
Table 'Crocus' 6-max Seat #3 is the button
Seat 1: zsomz ($161.48 in chips)
Seat 3: xcgxcg2005 ($100.78 in chips)
xcgxcg2005: posts small blind $1
zsomz: posts big blind $3
*** HOLE CARDS ***
xcgxcg2005: raises $3 to $6
zsomz: calls $3
*** FLOP *** [Th 2d Kc]
zsomz: checks
xcgxcg2005: bets $3
zsomz: folds
Uncalled bet ($3) returned to xcgxcg2005
xcgxcg2005 collected $11.76 from pot
xcgxcg2005: doesn't show hand
*** SUMMARY ***
Total pot $12 | Rake $0.24
Board [Th 2d Kc]
Seat 1: zsomz (big blind) folded on the Flop
Seat 3: xcgxcg2005 (button) (small blind) collected ($11.76)


PokerStars Hand #172840397991:  Hold'em Limit ($3/$6 USD) - 2017/07/10 5:05:12 ET
Table 'Crocus' 6-max Seat #1 is the button
Seat 1: zsomz ($163.84 in chips)
Seat 3: xcgxcg2005 ($99.02 in chips)
zsomz: posts small blind $1
xcgxcg2005: posts big blind $3
*** HOLE CARDS ***
zsomz: folds
Uncalled bet ($2) returned to xcgxcg2005
xcgxcg2005 collected $2 from pot
xcgxcg2005: doesn't show hand
*** SUMMARY ***
Total pot $2 | Rake $0
Seat 1: zsomz (button) (small blind) folded before Flop
Seat 3: xcgxcg2005 (big blind) collected ($2)


PokerStars Hand #172840399453:  Hold'em Limit ($3/$6 USD) - 2017/07/10 5:05:16 ET
Table 'Crocus' 6-max Seat #3 is the button
Seat 1: zsomz ($162.84 in chips)
Seat 3: xcgxcg2005 ($100.02 in chips)
xcgxcg2005: posts small blind $1
zsomz: posts big blind $3
*** HOLE CARDS ***
xcgxcg2005: raises $3 to $6
zsomz: calls $3
*** FLOP *** [Ad 3d Jc]
zsomz: checks
xcgxcg2005: bets $3
zsomz: folds
Uncalled bet ($3) returned to xcgxcg2005
xcgxcg2005 collected $11.76 from pot
xcgxcg2005: doesn't show hand
*** SUMMARY ***
Total pot $12 | Rake $0.24
Board [Ad 3d Jc]
Seat 1: zsomz (big blind) folded on the Flop
Seat 3: xcgxcg2005 (button) (small blind) collected ($11.76)


PokerStars Hand #172840432078:  Hold'em Limit ($3/$6 USD) - 2017/07/10 5:06:58 ET
Table 'Crocus' 6-max Seat #3 is the button
Seat 1: zsomz ($116.48 in chips)
Seat 3: xcgxcg2005 ($144.54 in chips)
xcgxcg2005: posts small blind $1
zsomz: posts big blind $3
*** HOLE CARDS ***
xcgxcg2005: raises $3 to $6
zsomz: raises $3 to $9
xcgxcg2005: calls $3
*** FLOP *** [4d 3c 2h]
zsomz: bets $3
xcgxcg2005: calls $3
*** TURN *** [4d 3c 2h] [5s]
zsomz: bets $6
xcgxcg2005: folds
Uncalled bet ($6) returned to zsomz
zsomz collected $23.52 from pot
zsomz: doesn't show hand
*** SUMMARY ***
Total pot $24 | Rake $0.48
Board [4d 3c 2h 5s]
Seat 1: zsomz (big blind) collected ($23.52)
Seat 3: xcgxcg2005 (button) (small blind) folded on the Turn


PokerStars Hand #172840424593:  Hold'em Limit ($3/$6 USD) - 2017/07/10 5:06:35 ET
Table 'Crocus' 6-max Seat #3 is the button
Seat 1: zsomz ($138.48 in chips)
Seat 3: xcgxcg2005 ($123.04 in chips)
xcgxcg2005: posts small blind $1
zsomz: posts big blind $3
*** HOLE CARDS ***
xcgxcg2005: raises $3 to $6
zsomz: calls $3
*** FLOP *** [Js 9s 6h]
zsomz: checks
xcgxcg2005: bets $3
zsomz: calls $3
*** TURN *** [Js 9s 6h] [Qh]
zsomz: checks
xcgxcg2005: bets $6
zsomz: calls $6
*** RIVER *** [Js 9s 6h Qh] [5d]
zsomz: checks
xcgxcg2005: bets $6
zsomz: calls $6
*** SHOW DOWN ***
xcgxcg2005: shows [Qd 7c] (a pair of Queens)
zsomz: mucks hand
xcgxcg2005 collected $41.50 from pot
*** SUMMARY ***
Total pot $42 | Rake $0.50
Board [Js 9s 6h Qh 5d]
Seat 1: zsomz (big blind) mucked
Seat 3: xcgxcg2005 (button) (small blind) showed [Qd 7c] and won ($41.50) with a pair of Queens


PokerStars Hand #172840430583:  Hold'em Limit ($3/$6 USD) - 2017/07/10 5:06:53 ET
Table 'Crocus' 6-max Seat #1 is the button
Seat 1: zsomz ($117.48 in chips)
Seat 3: xcgxcg2005 ($143.54 in chips)
zsomz: posts small blind $1
xcgxcg2005: posts big blind $3
*** HOLE CARDS ***
zsomz: folds
Uncalled bet ($2) returned to xcgxcg2005
xcgxcg2005 collected $2 from pot
xcgxcg2005: doesn't show hand
*** SUMMARY ***
Total pot $2 | Rake $0
Seat 1: zsomz (button) (small blind) folded before Flop
Seat 3: xcgxcg2005 (big blind) collected ($2)


PokerStars Hand #172840423104:  Hold'em Limit ($3/$6 USD) - 2017/07/10 5:06:30 ET
Table 'Crocus' 6-max Seat #1 is the button
Seat 1: zsomz ($139.48 in chips)
Seat 3: xcgxcg2005 ($122.04 in chips)
zsomz: posts small blind $1
xcgxcg2005: posts big blind $3
*** HOLE CARDS ***
zsomz: folds
Uncalled bet ($2) returned to xcgxcg2005
xcgxcg2005 collected $2 from pot
xcgxcg2005: doesn't show hand
*** SUMMARY ***
Total pot $2 | Rake $0
Seat 1: zsomz (button) (small blind) folded before Flop
Seat 3: xcgxcg2005 (big blind) collected ($2)


PokerStars Hand #172840417905:  Hold'em Limit ($3/$6 USD) - 2017/07/10 5:06:14 ET
Table 'Crocus' 6-max Seat #3 is the button
Seat 1: zsomz ($154.48 in chips)
Seat 3: xcgxcg2005 ($107.54 in chips)
xcgxcg2005: posts small blind $1
zsomz: posts big blind $3
*** HOLE CARDS ***
xcgxcg2005: raises $3 to $6
zsomz: calls $3
*** FLOP *** [Ac 9s 6h]
zsomz: checks
xcgxcg2005: bets $3
zsomz: calls $3
*** TURN *** [Ac 9s 6h] [7d]
zsomz: checks
xcgxcg2005: checks
*** RIVER *** [Ac 9s 6h 7d] [6d]
zsomz: bets $6
xcgxcg2005: raises $6 to $12
zsomz: folds
Uncalled bet ($6) returned to xcgxcg2005
xcgxcg2005 collected $29.50 from pot
xcgxcg2005: doesn't show hand
*** SUMMARY ***
Total pot $30 | Rake $0.50
Board [Ac 9s 6h 7d 6d]
Seat 1: zsomz (big blind) folded on the River
Seat 3: xcgxcg2005 (button) (small blind) collected ($29.50)


PokerStars Hand #172840437241:  Hold'em Limit ($3/$6 USD) - 2017/07/10 5:07:13 ET
Table 'Crocus' 6-max Seat #1 is the button
Seat 1: zsomz ($128 in chips)
Seat 3: xcgxcg2005 ($132.54 in chips)
zsomz: posts small blind $1
xcgxcg2005: posts big blind $3
*** HOLE CARDS ***
zsomz: raises $3 to $6
xcgxcg2005: calls $3
*** FLOP *** [2s 6d 5s]
xcgxcg2005: checks
zsomz: bets $3
xcgxcg2005: calls $3
*** TURN *** [2s 6d 5s] [Kh]
xcgxcg2005: checks
zsomz: bets $6
xcgxcg2005: folds
Uncalled bet ($6) returned to zsomz
zsomz collected $17.64 from pot
zsomz: doesn't show hand
*** SUMMARY ***
Total pot $18 | Rake $0.36
Board [2s 6d 5s Kh]
Seat 1: zsomz (button) (small blind) collected ($17.64)
Seat 3: xcgxcg2005 (big blind) folded on the Turn


