PokerStars Hand #176509844989:  Hold'em Limit ($3/$6 USD) - 2017/10/05 2:16:58 ET
Table 'Crocus' 6-max Seat #3 is the button
Seat 3: Vahag1980 ($69 in chips)
Seat 4: VolkovDmitri ($135.10 in chips)
Vahag1980: posts small blind $1
VolkovDmitri: posts big blind $3
*** HOLE CARDS ***
LifeisagameX leaves the table
Vahag1980: raises $3 to $6
VolkovDmitri: raises $3 to $9
Vahag1980: raises $3 to $12
Betting is capped
VolkovDmitri: calls $3
*** FLOP *** [Ac 6h 4d]
VolkovDmitri: bets $3
Vahag1980: calls $3
*** TURN *** [Ac 6h 4d] [2s]
VolkovDmitri: bets $6
Vahag1980: calls $6
*** RIVER *** [Ac 6h 4d 2s] [Ks]
VolkovDmitri: bets $6
Vahag1980: calls $6
*** SHOW DOWN ***
VolkovDmitri: shows [7c Ah] (a pair of Aces)
Vahag1980: mucks hand
VolkovDmitri collected $53.50 from pot
*** SUMMARY ***
Total pot $54 | Rake $0.50
Board [Ac 6h 4d 2s Ks]
Seat 3: Vahag1980 (button) (small blind) mucked
Seat 4: VolkovDmitri (big blind) showed [7c Ah] and won ($53.50) with a pair of Aces


PokerStars Hand #176509862927:  Hold'em Limit ($3/$6 USD) - 2017/10/05 2:18:18 ET
Table 'Crocus' 6-max Seat #4 is the button
Seat 3: Vahag1980 ($9 in chips)
Seat 4: VolkovDmitri ($193.86 in chips)
VolkovDmitri: posts small blind $1
Vahag1980: posts big blind $3
*** HOLE CARDS ***
VolkovDmitri: raises $3 to $6
Vahag1980: raises $3 to $9 and is all-in
VolkovDmitri: calls $3
*** FLOP *** [Ts 2h 5c]
*** TURN *** [Ts 2h 5c] [8c]
*** RIVER *** [Ts 2h 5c 8c] [Kh]
*** SHOW DOWN ***
Vahag1980: shows [6c 6h] (a pair of Sixes)
VolkovDmitri: shows [As 2d] (a pair of Deuces)
Vahag1980 collected $17.64 from pot
*** SUMMARY ***
Total pot $18 | Rake $0.36
Board [Ts 2h 5c 8c Kh]
Seat 3: Vahag1980 (big blind) showed [6c 6h] and won ($17.64) with a pair of Sixes
Seat 4: VolkovDmitri (button) (small blind) showed [As 2d] and lost with a pair of Deuces


PokerStars Hand #176509858710:  Hold'em Limit ($3/$6 USD) - 2017/10/05 2:17:59 ET
Table 'Crocus' 6-max Seat #3 is the button
Seat 3: Vahag1980 ($30 in chips)
Seat 4: VolkovDmitri ($173.36 in chips)
Vahag1980: posts small blind $1
VolkovDmitri: posts big blind $3
*** HOLE CARDS ***
Vahag1980: calls $2
VolkovDmitri: raises $3 to $6
Vahag1980: calls $3
*** FLOP *** [Qh 3s 2s]
VolkovDmitri: bets $3
Vahag1980: calls $3
*** TURN *** [Qh 3s 2s] [7d]
VolkovDmitri: bets $6
Vahag1980: calls $6
*** RIVER *** [Qh 3s 2s 7d] [9h]
VolkovDmitri: bets $6
Vahag1980: calls $6
*** SHOW DOWN ***
VolkovDmitri: shows [Qd Ad] (a pair of Queens)
Vahag1980: mucks hand
VolkovDmitri collected $41.50 from pot
*** SUMMARY ***
Total pot $42 | Rake $0.50
Board [Qh 3s 2s 7d 9h]
Seat 3: Vahag1980 (button) (small blind) mucked
Seat 4: VolkovDmitri (big blind) showed [Qd Ad] and won ($41.50) with a pair of Queens


PokerStars Hand #176509850865:  Hold'em Limit ($3/$6 USD) - 2017/10/05 2:17:24 ET
Table 'Crocus' 6-max Seat #4 is the button
Seat 3: Vahag1980 ($42 in chips)
Seat 4: VolkovDmitri ($161.60 in chips)
VolkovDmitri: posts small blind $1
Vahag1980: posts big blind $3
*** HOLE CARDS ***
VolkovDmitri: raises $3 to $6
Vahag1980: folds
Uncalled bet ($3) returned to VolkovDmitri
VolkovDmitri collected $6 from pot
VolkovDmitri: doesn't show hand
*** SUMMARY ***
Total pot $6 | Rake $0
Seat 3: Vahag1980 (big blind) folded before Flop
Seat 4: VolkovDmitri (button) (small blind) collected ($6)


PokerStars Hand #176509853123:  Hold'em Limit ($3/$6 USD) - 2017/10/05 2:17:34 ET
Table 'Crocus' 6-max Seat #3 is the button
Seat 3: Vahag1980 ($39 in chips)
Seat 4: VolkovDmitri ($164.60 in chips)
Vahag1980: posts small blind $1
VolkovDmitri: posts big blind $3
*** HOLE CARDS ***
Vahag1980: calls $2
VolkovDmitri: checks
*** FLOP *** [7c Qs 2h]
VolkovDmitri: bets $3
Vahag1980: calls $3
*** TURN *** [7c Qs 2h] [Jh]
VolkovDmitri: checks
Vahag1980: checks
*** RIVER *** [7c Qs 2h Jh] [6c]
VolkovDmitri: checks
Vahag1980: checks
*** SHOW DOWN ***
VolkovDmitri: shows [Tc 2s] (a pair of Deuces)
Vahag1980: mucks hand
VolkovDmitri collected $11.76 from pot
*** SUMMARY ***
Total pot $12 | Rake $0.24
Board [7c Qs 2h Jh 6c]
Seat 3: Vahag1980 (button) (small blind) mucked
Seat 4: VolkovDmitri (big blind) showed [Tc 2s] and won ($11.76) with a pair of Deuces


PokerStars Hand #176509857052:  Hold'em Limit ($3/$6 USD) - 2017/10/05 2:17:52 ET
Table 'Crocus' 6-max Seat #4 is the button
Seat 3: Vahag1980 ($33 in chips)
Seat 4: VolkovDmitri ($170.36 in chips)
VolkovDmitri: posts small blind $1
Vahag1980: posts big blind $3
*** HOLE CARDS ***
VolkovDmitri: raises $3 to $6
Vahag1980: folds
Uncalled bet ($3) returned to VolkovDmitri
VolkovDmitri collected $6 from pot
VolkovDmitri: doesn't show hand
*** SUMMARY ***
Total pot $6 | Rake $0
Seat 3: Vahag1980 (big blind) folded before Flop
Seat 4: VolkovDmitri (button) (small blind) collected ($6)


PokerStars Hand #176509865829:  Hold'em Limit ($3/$6 USD) - 2017/10/05 2:18:31 ET
Table 'Crocus' 6-max Seat #3 is the button
Seat 3: Vahag1980 ($17.64 in chips)
Seat 4: VolkovDmitri ($184.86 in chips)
Vahag1980: posts small blind $1
VolkovDmitri: posts big blind $3
*** HOLE CARDS ***
Vahag1980: calls $2
VolkovDmitri: checks
*** FLOP *** [8s 3d 5c]
VolkovDmitri: bets $3
Vahag1980: calls $3
*** TURN *** [8s 3d 5c] [Kd]
VolkovDmitri: bets $6
Vahag1980: folds
Uncalled bet ($6) returned to VolkovDmitri
VolkovDmitri collected $11.76 from pot
VolkovDmitri: doesn't show hand
*** SUMMARY ***
Total pot $12 | Rake $0.24
Board [8s 3d 5c Kd]
Seat 3: Vahag1980 (button) (small blind) folded on the Turn
Seat 4: VolkovDmitri (big blind) collected ($11.76)


PokerStars Hand #176509873703:  Hold'em Limit ($3/$6 USD) - 2017/10/05 2:19:05 ET
Table 'Crocus' 6-max Seat #3 is the button
Seat 3: Vahag1980 ($22.81 in chips)
Seat 4: VolkovDmitri ($178.98 in chips)
Vahag1980: posts small blind $1
VolkovDmitri: posts big blind $3
*** HOLE CARDS ***
Vahag1980: calls $2
VolkovDmitri: checks
*** FLOP *** [2h Jd Ad]
VolkovDmitri: checks
Vahag1980: bets $3
VolkovDmitri: folds
Uncalled bet ($3) returned to Vahag1980
Vahag1980 collected $5.88 from pot
Vahag1980: doesn't show hand
*** SUMMARY ***
Total pot $6 | Rake $0.12
Board [2h Jd Ad]
Seat 3: Vahag1980 (button) (small blind) collected ($5.88)
Seat 4: VolkovDmitri (big blind) folded on the Flop


PokerStars Hand #176509869977:  Hold'em Limit ($3/$6 USD) - 2017/10/05 2:18:49 ET
Table 'Crocus' 6-max Seat #4 is the button
Seat 3: Vahag1980 ($11.64 in chips)
Seat 4: VolkovDmitri ($190.62 in chips)
VolkovDmitri: posts small blind $1
Vahag1980: posts big blind $3
*** HOLE CARDS ***
VolkovDmitri: raises $3 to $6
Vahag1980: calls $3
*** FLOP *** [4h 6s 8s]
Vahag1980: bets $3
VolkovDmitri: raises $3 to $6
Vahag1980: calls $2.64 and is all-in
Uncalled bet ($0.36) returned to VolkovDmitri
*** TURN *** [4h 6s 8s] [Ac]
*** RIVER *** [4h 6s 8s Ac] [9d]
*** SHOW DOWN ***
Vahag1980: shows [4d Jd] (a pair of Fours)
VolkovDmitri: shows [5c Ks] (high card Ace)
Vahag1980 collected $22.81 from pot
*** SUMMARY ***
Total pot $23.28 | Rake $0.47
Board [4h 6s 8s Ac 9d]
Seat 3: Vahag1980 (big blind) showed [4d Jd] and won ($22.81) with a pair of Fours
Seat 4: VolkovDmitri (button) (small blind) showed [5c Ks] and lost with high card Ace


PokerStars Hand #176509879429:  Hold'em Limit ($3/$6 USD) - 2017/10/05 2:19:30 ET
Table 'Crocus' 6-max Seat #4 is the button
Seat 3: Vahag1980 ($25.69 in chips)
Seat 4: VolkovDmitri ($175.98 in chips)
VolkovDmitri: posts small blind $1
Vahag1980: posts big blind $3
*** HOLE CARDS ***
VolkovDmitri: raises $3 to $6
Vahag1980: calls $3
*** FLOP *** [7d Kh 6d]
Vahag1980: checks
VolkovDmitri: bets $3
Vahag1980: calls $3
*** TURN *** [7d Kh 6d] [9h]
Vahag1980: checks
VolkovDmitri: bets $6
Vahag1980: calls $6
*** RIVER *** [7d Kh 6d 9h] [4c]
Vahag1980: checks
VolkovDmitri: bets $6
Vahag1980: calls $6
*** SHOW DOWN ***
VolkovDmitri: shows [Ks Ah] (a pair of Kings)
Vahag1980: mucks hand
VolkovDmitri collected $41.50 from pot
*** SUMMARY ***
Total pot $42 | Rake $0.50
Board [7d Kh 6d 9h 4c]
Seat 3: Vahag1980 (big blind) mucked
Seat 4: VolkovDmitri (button) (small blind) showed [Ks Ah] and won ($41.50) with a pair of Kings


