PokerStars Hand #162840773416:  Hold'em Limit ($3/$6 USD) - 2016/12/12 14:56:17 ET
Table 'Crocus II' 6-max Seat #3 is the button
Seat 2: Krazy90 ($120 in chips)
Seat 3: Zooshark ($150.26 in chips)
Zooshark: posts small blind $1
Krazy90: posts big blind $3
*** HOLE CARDS ***
Zooshark: calls $2
Krazy90: raises $3 to $6
Zooshark: calls $3
*** FLOP *** [Tc 5c Td]
kolaz03 joins the table at seat #4
Krazy90: bets $3
Zooshark: folds
Uncalled bet ($3) returned to Krazy90
Krazy90 collected $11.76 from pot
Krazy90: doesn't show hand
*** SUMMARY ***
Total pot $12 | Rake $0.24
Board [Tc 5c Td]
Seat 2: Krazy90 (big blind) collected ($11.76)
Seat 3: Zooshark (button) (small blind) folded on the Flop


PokerStars Hand #162840783749:  Hold'em Limit ($3/$6 USD) - 2016/12/12 14:56:30 ET
Table 'Crocus II' 6-max Seat #2 is the button
Seat 2: Krazy90 ($125.76 in chips)
Seat 3: Zooshark ($144.26 in chips)
Krazy90: posts small blind $1
Zooshark: posts big blind $3
*** HOLE CARDS ***
Krazy90: raises $3 to $6
Zooshark: calls $3
*** FLOP *** [8d Jc 4c]
Zooshark: checks
Krazy90: bets $3
Zooshark: folds
Uncalled bet ($3) returned to Krazy90
Krazy90 collected $11.76 from pot
Krazy90: doesn't show hand
*** SUMMARY ***
Total pot $12 | Rake $0.24
Board [8d Jc 4c]
Seat 2: Krazy90 (button) (small blind) collected ($11.76)
Seat 3: Zooshark (big blind) folded on the Flop


PokerStars Hand #162844870642:  Hold'em Limit ($3/$6 USD) - 2016/12/12 16:04:32 ET
Table 'Crocus II' 6-max Seat #6 is the button
Seat 5: RaisemyNut$ ($73.10 in chips)
Seat 6: carina289 ($174.90 in chips)
carina289: posts small blind $1
pompier40: is sitting out
RaisemyNut$: posts big blind $3
*** HOLE CARDS ***
pompier40 leaves the table
carina289: raises $3 to $6
RaisemyNut$: calls $3
*** FLOP *** [4s Ad 9s]
RaisemyNut$: checks
carina289: bets $3
boriskloris joins the table at seat #1
RaisemyNut$: calls $3
*** TURN *** [4s Ad 9s] [3d]
RaisemyNut$: checks
vestimokrec joins the table at seat #2
carina289: bets $6
RaisemyNut$: calls $6
*** RIVER *** [4s Ad 9s 3d] [7h]
RaisemyNut$: checks
pompier40 joins the table at seat #4
carina289: bets $6
RaisemyNut$: calls $6
*** SHOW DOWN ***
carina289: shows [As Ah] (three of a kind, Aces)
RaisemyNut$: mucks hand
carina289 collected $41.50 from pot
*** SUMMARY ***
Total pot $42 | Rake $0.50
Board [4s Ad 9s 3d 7h]
Seat 5: RaisemyNut$ (big blind) mucked
Seat 6: carina289 (button) (small blind) showed [As Ah] and won ($41.50) with three of a kind, Aces


PokerStars Hand #162844903946:  Hold'em Limit ($3/$6 USD) - 2016/12/12 16:05:05 ET
Table 'Crocus II' 6-max Seat #5 is the button
Seat 5: RaisemyNut$ ($60 in chips)
Seat 6: carina289 ($195.40 in chips)
RaisemyNut$: posts small blind $1
carina289: posts big blind $3
*** HOLE CARDS ***
RaisemyNut$: raises $3 to $6
carina289: folds
Uncalled bet ($3) returned to RaisemyNut$
RaisemyNut$ collected $6 from pot
RaisemyNut$: doesn't show hand
*** SUMMARY ***
Total pot $6 | Rake $0
Seat 5: RaisemyNut$ (button) (small blind) collected ($6)
Seat 6: carina289 (big blind) folded before Flop


PokerStars Hand #162849825391:  Hold'em Limit ($3/$6 USD) - 2016/12/12 17:29:14 ET
Table 'Crocus II' 6-max Seat #1 is the button
Seat 1: s s h ($230.82 in chips)
Seat 5: RaisemyNut$ ($230.20 in chips)
s s h: posts small blind $1
RaisemyNut$: posts big blind $3
*** HOLE CARDS ***
s s h: raises $3 to $6
ElverGalinda joins the table at seat #6
RaisemyNut$: calls $3
*** FLOP *** [4h 8d Kh]
RaisemyNut$: checks
s s h: bets $3
RaisemyNut$: folds
Uncalled bet ($3) returned to s s h
s s h collected $11.76 from pot
s s h: doesn't show hand
*** SUMMARY ***
Total pot $12 | Rake $0.24
Board [4h 8d Kh]
Seat 1: s s h (button) (small blind) collected ($11.76)
Seat 5: RaisemyNut$ (big blind) folded on the Flop


PokerStars Hand #162849811154:  Hold'em Limit ($3/$6 USD) - 2016/12/12 17:29:02 ET
Table 'Crocus II' 6-max Seat #5 is the button
Seat 1: s s h ($236.82 in chips)
Seat 5: RaisemyNut$ ($224.44 in chips)
RaisemyNut$: posts small blind $1
s s h: posts big blind $3
*** HOLE CARDS ***
RaisemyNut$: raises $3 to $6
s s h: calls $3
*** FLOP *** [5d Jh Kh]
s s h: checks
RaisemyNut$: bets $3
s s h: folds
Uncalled bet ($3) returned to RaisemyNut$
RaisemyNut$ collected $11.76 from pot
RaisemyNut$: doesn't show hand
*** SUMMARY ***
Total pot $12 | Rake $0.24
Board [5d Jh Kh]
Seat 1: s s h (big blind) folded on the Flop
Seat 5: RaisemyNut$ (button) (small blind) collected ($11.76)


PokerStars Hand #162849797593:  Hold'em Limit ($3/$6 USD) - 2016/12/12 17:28:49 ET
Table 'Crocus II' 6-max Seat #1 is the button
Seat 1: s s h ($245.82 in chips)
Seat 5: RaisemyNut$ ($215.80 in chips)
s s h: posts small blind $1
RaisemyNut$: posts big blind $3
*** HOLE CARDS ***
s s h: raises $3 to $6
RaisemyNut$: calls $3
*** FLOP *** [Ac 2h 3d]
RaisemyNut$: checks
s s h: bets $3
RaisemyNut$: raises $3 to $6
s s h: folds
Uncalled bet ($3) returned to RaisemyNut$
RaisemyNut$ collected $17.64 from pot
RaisemyNut$: doesn't show hand
*** SUMMARY ***
Total pot $18 | Rake $0.36
Board [Ac 2h 3d]
Seat 1: s s h (button) (small blind) folded on the Flop
Seat 5: RaisemyNut$ (big blind) collected ($17.64)


PokerStars Hand #162853109311:  Hold'em Limit ($3/$6 USD) - 2016/12/12 18:31:33 ET
Table 'Crocus II' 6-max Seat #5 is the button
Seat 4: pompier40 ($75.31 in chips)
Seat 5: RaisemyNut$ ($102.86 in chips)
RaisemyNut$: posts small blind $1
s s h: is sitting out
pompier40: posts big blind $3
*** HOLE CARDS ***
RaisemyNut$: folds
Uncalled bet ($2) returned to pompier40
pompier40 collected $2 from pot
*** SUMMARY ***
Total pot $2 | Rake $0
Seat 4: pompier40 (big blind) collected ($2)
Seat 5: RaisemyNut$ (button) (small blind) folded before Flop


PokerStars Hand #162853147144:  Hold'em Limit ($3/$6 USD) - 2016/12/12 18:32:20 ET
Table 'Crocus II' 6-max Seat #4 is the button
Seat 4: pompier40 ($60.95 in chips)
Seat 5: RaisemyNut$ ($116.36 in chips)
pompier40: posts small blind $1
RaisemyNut$: posts big blind $3
*** HOLE CARDS ***
pompier40: folds
Uncalled bet ($2) returned to RaisemyNut$
RaisemyNut$ collected $2 from pot
RaisemyNut$: doesn't show hand
*** SUMMARY ***
Total pot $2 | Rake $0
Seat 4: pompier40 (button) (small blind) folded before Flop
Seat 5: RaisemyNut$ (big blind) collected ($2)


PokerStars Hand #162853134609:  Hold'em Limit ($3/$6 USD) - 2016/12/12 18:32:04 ET
Table 'Crocus II' 6-max Seat #5 is the button
Seat 4: pompier40 ($52.31 in chips)
Seat 5: RaisemyNut$ ($125.36 in chips)
RaisemyNut$: posts small blind $1
pompier40: posts big blind $3
*** HOLE CARDS ***
RaisemyNut$: raises $3 to $6
pompier40: raises $3 to $9
RaisemyNut$: calls $3
*** FLOP *** [7s 4s Ad]
pompier40: bets $3
RaisemyNut$: folds
Uncalled bet ($3) returned to pompier40
pompier40 collected $17.64 from pot
*** SUMMARY ***
Total pot $18 | Rake $0.36
Board [7s 4s Ad]
Seat 4: pompier40 (big blind) collected ($17.64)
Seat 5: RaisemyNut$ (button) (small blind) folded on the Flop


PokerStars Hand #162853114367:  Hold'em Limit ($3/$6 USD) - 2016/12/12 18:31:39 ET
Table 'Crocus II' 6-max Seat #4 is the button
Seat 4: pompier40 ($76.31 in chips)
Seat 5: RaisemyNut$ ($101.86 in chips)
pompier40: posts small blind $1
RaisemyNut$: posts big blind $3
*** HOLE CARDS ***
pompier40: raises $3 to $6
RaisemyNut$: calls $3
*** FLOP *** [6d 8h Qs]
RaisemyNut$: checks
pompier40: bets $3
RaisemyNut$: raises $3 to $6
pompier40: calls $3
*** TURN *** [6d 8h Qs] [Kd]
RaisemyNut$: bets $6
pompier40: raises $6 to $12
RaisemyNut$: calls $6
*** RIVER *** [6d 8h Qs Kd] [2d]
RaisemyNut$: checks
pompier40: checks
*** SHOW DOWN ***
RaisemyNut$: shows [3d Kc] (a pair of Kings)
pompier40: mucks hand
RaisemyNut$ collected $47.50 from pot
*** SUMMARY ***
Total pot $48 | Rake $0.50
Board [6d 8h Qs Kd 2d]
Seat 4: pompier40 (button) (small blind) mucked
Seat 5: RaisemyNut$ (big blind) showed [3d Kc] and won ($47.50) with a pair of Kings


PokerStars Hand #162853151314:  Hold'em Limit ($3/$6 USD) - 2016/12/12 18:32:25 ET
Table 'Crocus II' 6-max Seat #5 is the button
Seat 4: pompier40 ($59.95 in chips)
Seat 5: RaisemyNut$ ($117.36 in chips)
RaisemyNut$: posts small blind $1
pompier40: posts big blind $3
*** HOLE CARDS ***
RaisemyNut$: raises $3 to $6
pompier40: calls $3
*** FLOP *** [Tc 5c 6d]
pompier40: checks
RaisemyNut$: bets $3
pompier40: calls $3
*** TURN *** [Tc 5c 6d] [8d]
pompier40: checks
RaisemyNut$: bets $6
pompier40: raises $6 to $12
RaisemyNut$: calls $6
*** RIVER *** [Tc 5c 6d 8d] [5h]
pompier40: bets $6
RaisemyNut$: raises $6 to $12
pompier40: calls $6
*** SHOW DOWN ***
RaisemyNut$: shows [Jd 9s] (a pair of Fives)
pompier40: shows [Td 3c] (two pair, Tens and Fives)
pompier40 collected $65.50 from pot
*** SUMMARY ***
Total pot $66 | Rake $0.50
Board [Tc 5c 6d 8d 5h]
Seat 4: pompier40 (big blind) showed [Td 3c] and won ($65.50) with two pair, Tens and Fives
Seat 5: RaisemyNut$ (button) (small blind) showed [Jd 9s] and lost with a pair of Fives


PokerStars Hand #162853173830:  Hold'em Limit ($3/$6 USD) - 2016/12/12 18:32:53 ET
Table 'Crocus II' 6-max Seat #5 is the button
Seat 4: pompier40 ($98.21 in chips)
Seat 5: RaisemyNut$ ($78.36 in chips)
RaisemyNut$: posts small blind $1
pompier40: posts big blind $3
*** HOLE CARDS ***
RaisemyNut$: raises $3 to $6
pompier40: calls $3
*** FLOP *** [8c Jh Ad]
pompier40: checks
RaisemyNut$: bets $3
pompier40: calls $3
*** TURN *** [8c Jh Ad] [Td]
pompier40: checks
RaisemyNut$: bets $6
pompier40: raises $6 to $12
RaisemyNut$: raises $6 to $18
pompier40: raises $6 to $24
Betting is capped
RaisemyNut$: calls $6
*** RIVER *** [8c Jh Ad Td] [Tc]
pompier40: bets $6
RaisemyNut$: calls $6
*** SHOW DOWN ***
pompier40: shows [8d Jc] (two pair, Jacks and Tens)
RaisemyNut$: shows [As Ks] (two pair, Aces and Tens)
RaisemyNut$ collected $77.50 from pot
*** SUMMARY ***
Total pot $78 | Rake $0.50
Board [8c Jh Ad Td Tc]
Seat 4: pompier40 (big blind) showed [8d Jc] and lost with two pair, Jacks and Tens
Seat 5: RaisemyNut$ (button) (small blind) showed [As Ks] and won ($77.50) with two pair, Aces and Tens


PokerStars Hand #162853165732:  Hold'em Limit ($3/$6 USD) - 2016/12/12 18:32:43 ET
Table 'Crocus II' 6-max Seat #4 is the button
Seat 4: pompier40 ($92.45 in chips)
Seat 5: RaisemyNut$ ($84.36 in chips)
pompier40: posts small blind $1
RaisemyNut$: posts big blind $3
*** HOLE CARDS ***
pompier40: raises $3 to $6
RaisemyNut$: calls $3
*** FLOP *** [3h 7s Qd]
RaisemyNut$: checks
pompier40: bets $3
RaisemyNut$: folds
Uncalled bet ($3) returned to pompier40
pompier40 collected $11.76 from pot
*** SUMMARY ***
Total pot $12 | Rake $0.24
Board [3h 7s Qd]
Seat 4: pompier40 (button) (small blind) collected ($11.76)
Seat 5: RaisemyNut$ (big blind) folded on the Flop


PokerStars Hand #162853255275:  Hold'em Limit ($3/$6 USD) - 2016/12/12 18:34:37 ET
Table 'Crocus II' 6-max Seat #4 is the button
Seat 4: pompier40 ($96.85 in chips)
Seat 5: RaisemyNut$ ($77.36 in chips)
pompier40: posts small blind $1
RaisemyNut$: posts big blind $3
*** HOLE CARDS ***
pompier40: raises $3 to $6
RaisemyNut$: folds
Uncalled bet ($3) returned to pompier40
pompier40 collected $6 from pot
*** SUMMARY ***
Total pot $6 | Rake $0
Seat 4: pompier40 (button) (small blind) collected ($6)
Seat 5: RaisemyNut$ (big blind) folded before Flop


PokerStars Hand #162853243797:  Hold'em Limit ($3/$6 USD) - 2016/12/12 18:34:22 ET
Table 'Crocus II' 6-max Seat #5 is the button
Seat 4: pompier40 ($88.21 in chips)
Seat 5: RaisemyNut$ ($86.36 in chips)
RaisemyNut$: posts small blind $1
pompier40: posts big blind $3
*** HOLE CARDS ***
RaisemyNut$: raises $3 to $6
pompier40: raises $3 to $9
RaisemyNut$: calls $3
*** FLOP *** [Jh Qd Kh]
pompier40: bets $3
RaisemyNut$: folds
Uncalled bet ($3) returned to pompier40
pompier40 collected $17.64 from pot
*** SUMMARY ***
Total pot $18 | Rake $0.36
Board [Jh Qd Kh]
Seat 4: pompier40 (big blind) collected ($17.64)
Seat 5: RaisemyNut$ (button) (small blind) folded on the Flop


PokerStars Hand #162853229865:  Hold'em Limit ($3/$6 USD) - 2016/12/12 18:34:05 ET
Table 'Crocus II' 6-max Seat #4 is the button
Seat 4: pompier40 ($73.71 in chips)
Seat 5: RaisemyNut$ ($101.36 in chips)
pompier40: posts small blind $1
RaisemyNut$: posts big blind $3
*** HOLE CARDS ***
pompier40: raises $3 to $6
RaisemyNut$: calls $3
*** FLOP *** [9c 5c 8d]
RaisemyNut$: checks
pompier40: bets $3
RaisemyNut$: raises $3 to $6
pompier40: raises $3 to $9
RaisemyNut$: calls $3
*** TURN *** [9c 5c 8d] [Qc]
RaisemyNut$: checks
pompier40: bets $6
RaisemyNut$: folds
Uncalled bet ($6) returned to pompier40
pompier40 collected $29.50 from pot
*** SUMMARY ***
Total pot $30 | Rake $0.50
Board [9c 5c 8d Qc]
Seat 4: pompier40 (button) (small blind) collected ($29.50)
Seat 5: RaisemyNut$ (big blind) folded on the Turn


PokerStars Hand #162853214017:  Hold'em Limit ($3/$6 USD) - 2016/12/12 18:33:44 ET
Table 'Crocus II' 6-max Seat #5 is the button
Seat 4: pompier40 ($100.71 in chips)
Seat 5: RaisemyNut$ ($74.86 in chips)
RaisemyNut$: posts small blind $1
pompier40: posts big blind $3
*** HOLE CARDS ***
RaisemyNut$: raises $3 to $6
pompier40: calls $3
*** FLOP *** [6c 7h 4c]
pompier40: checks
RaisemyNut$: bets $3
pompier40: calls $3
*** TURN *** [6c 7h 4c] [6h]
pompier40: checks
RaisemyNut$: bets $6
pompier40: raises $6 to $12
RaisemyNut$: raises $6 to $18
pompier40: calls $6
*** RIVER *** [6c 7h 4c 6h] [7d]
pompier40: checks
RaisemyNut$: checks
*** SHOW DOWN ***
pompier40: shows [Td 4s] (two pair, Sevens and Sixes)
RaisemyNut$: shows [Ac Ah] (two pair, Aces and Sevens)
RaisemyNut$ collected $53.50 from pot
*** SUMMARY ***
Total pot $54 | Rake $0.50
Board [6c 7h 4c 6h 7d]
Seat 4: pompier40 (big blind) showed [Td 4s] and lost with two pair, Sevens and Sixes
Seat 5: RaisemyNut$ (button) (small blind) showed [Ac Ah] and won ($53.50) with two pair, Aces and Sevens


PokerStars Hand #162853259247:  Hold'em Limit ($3/$6 USD) - 2016/12/12 18:34:42 ET
Table 'Crocus II' 6-max Seat #5 is the button
Seat 4: pompier40 ($99.85 in chips)
Seat 5: RaisemyNut$ ($74.36 in chips)
RaisemyNut$: posts small blind $1
pompier40: posts big blind $3
*** HOLE CARDS ***
RaisemyNut$: raises $3 to $6
pompier40: calls $3
*** FLOP *** [Ad Qd 2s]
pompier40: checks
RaisemyNut$: bets $3
pompier40: calls $3
*** TURN *** [Ad Qd 2s] [4d]
pompier40: checks
RaisemyNut$: checks
*** RIVER *** [Ad Qd 2s 4d] [Td]
pompier40: bets $6
RaisemyNut$: folds
Uncalled bet ($6) returned to pompier40
pompier40 collected $17.64 from pot
*** SUMMARY ***
Total pot $18 | Rake $0.36
Board [Ad Qd 2s 4d Td]
Seat 4: pompier40 (big blind) collected ($17.64)
Seat 5: RaisemyNut$ (button) (small blind) folded on the River


PokerStars Hand #162853287032:  Hold'em Limit ($3/$6 USD) - 2016/12/12 18:35:17 ET
Table 'Crocus II' 6-max Seat #5 is the button
Seat 4: pompier40 ($102.49 in chips)
Seat 5: RaisemyNut$ ($71.12 in chips)
RaisemyNut$: posts small blind $1
pompier40: posts big blind $3
*** HOLE CARDS ***
RaisemyNut$: raises $3 to $6
pompier40: calls $3
*** FLOP *** [4c 7h Ac]
pompier40: checks
RaisemyNut$: bets $3
pompier40: calls $3
*** TURN *** [4c 7h Ac] [Ts]
pompier40: checks
RaisemyNut$: bets $6
pompier40: raises $6 to $12
RaisemyNut$: folds
Uncalled bet ($6) returned to pompier40
pompier40 collected $29.50 from pot
*** SUMMARY ***
Total pot $30 | Rake $0.50
Board [4c 7h Ac Ts]
Seat 4: pompier40 (big blind) collected ($29.50)
Seat 5: RaisemyNut$ (button) (small blind) folded on the Turn


PokerStars Hand #162853272004:  Hold'em Limit ($3/$6 USD) - 2016/12/12 18:34:58 ET
Table 'Crocus II' 6-max Seat #4 is the button
Seat 4: pompier40 ($108.49 in chips)
Seat 5: RaisemyNut$ ($65.36 in chips)
pompier40: posts small blind $1
RaisemyNut$: posts big blind $3
*** HOLE CARDS ***
pompier40: raises $3 to $6
RaisemyNut$: calls $3
*** FLOP *** [9h Ts 7s]
RaisemyNut$: checks
pompier40: checks
*** TURN *** [9h Ts 7s] [5s]
RaisemyNut$: bets $6
pompier40: folds
Uncalled bet ($6) returned to RaisemyNut$
RaisemyNut$ collected $11.76 from pot
RaisemyNut$: doesn't show hand
*** SUMMARY ***
Total pot $12 | Rake $0.24
Board [9h Ts 7s 5s]
Seat 4: pompier40 (button) (small blind) folded on the Turn
Seat 5: RaisemyNut$ (big blind) collected ($11.76)


PokerStars Hand #162853304760:  Hold'em Limit ($3/$6 USD) - 2016/12/12 18:35:40 ET
Table 'Crocus II' 6-max Seat #4 is the button
Seat 4: pompier40 ($116.99 in chips)
Seat 5: RaisemyNut$ ($60 in chips)
pompier40: posts small blind $1
RaisemyNut$: posts big blind $3
*** HOLE CARDS ***
pompier40: folds
Uncalled bet ($2) returned to RaisemyNut$
RaisemyNut$ collected $2 from pot
RaisemyNut$: doesn't show hand
*** SUMMARY ***
Total pot $2 | Rake $0
Seat 4: pompier40 (button) (small blind) folded before Flop
Seat 5: RaisemyNut$ (big blind) collected ($2)


PokerStars Hand #162853332124:  Hold'em Limit ($3/$6 USD) - 2016/12/12 18:36:15 ET
Table 'Crocus II' 6-max Seat #4 is the button
Seat 4: pompier40 ($127.51 in chips)
Seat 5: RaisemyNut$ ($60 in chips)
pompier40: posts small blind $1
RaisemyNut$: posts big blind $3
*** HOLE CARDS ***
pompier40: raises $3 to $6
RaisemyNut$: calls $3
*** FLOP *** [Kd Qh 3s]
RaisemyNut$: checks
pompier40: bets $3
RaisemyNut$: raises $3 to $6
pompier40: raises $3 to $9
RaisemyNut$: folds
Uncalled bet ($3) returned to pompier40
pompier40 collected $23.52 from pot
*** SUMMARY ***
Total pot $24 | Rake $0.48
Board [Kd Qh 3s]
Seat 4: pompier40 (button) (small blind) collected ($23.52)
Seat 5: RaisemyNut$ (big blind) folded on the Flop


PokerStars Hand #162853320862:  Hold'em Limit ($3/$6 USD) - 2016/12/12 18:36:00 ET
Table 'Crocus II' 6-max Seat #5 is the button
Seat 4: pompier40 ($115.99 in chips)
Seat 5: RaisemyNut$ ($61 in chips)
RaisemyNut$: posts small blind $1
pompier40: posts big blind $3
*** HOLE CARDS ***
RaisemyNut$: raises $3 to $6
pompier40: raises $3 to $9
RaisemyNut$: calls $3
*** FLOP *** [Tc 8c 5d]
pompier40: bets $3
RaisemyNut$: calls $3
*** TURN *** [Tc 8c 5d] [Td]
pompier40: bets $6
RaisemyNut$: folds
Uncalled bet ($6) returned to pompier40
pompier40 collected $23.52 from pot
*** SUMMARY ***
Total pot $24 | Rake $0.48
Board [Tc 8c 5d Td]
Seat 4: pompier40 (big blind) collected ($23.52)
Seat 5: RaisemyNut$ (button) (small blind) folded on the Turn


PokerStars Hand #162853314503:  Hold'em Limit ($3/$6 USD) - 2016/12/12 18:35:52 ET
Table 'Crocus II' 6-max Seat #4 is the button
Seat 4: pompier40 ($112.99 in chips)
Seat 5: RaisemyNut$ ($64 in chips)
pompier40: posts small blind $1
RaisemyNut$: posts big blind $3
*** HOLE CARDS ***
pompier40: raises $3 to $6
RaisemyNut$: folds
Uncalled bet ($3) returned to pompier40
pompier40 collected $6 from pot
*** SUMMARY ***
Total pot $6 | Rake $0
Seat 4: pompier40 (button) (small blind) collected ($6)
Seat 5: RaisemyNut$ (big blind) folded before Flop


PokerStars Hand #162853348122:  Hold'em Limit ($3/$6 USD) - 2016/12/12 18:36:35 ET
Table 'Crocus II' 6-max Seat #4 is the button
Seat 4: pompier40 ($136.03 in chips)
Seat 5: RaisemyNut$ ($63 in chips)
pompier40: posts small blind $1
RaisemyNut$: posts big blind $3
*** HOLE CARDS ***
pompier40: raises $3 to $6
RaisemyNut$: calls $3
*** FLOP *** [8c 7d 5h]
RaisemyNut$: checks
pompier40: bets $3
RaisemyNut$: calls $3
*** TURN *** [8c 7d 5h] [2s]
RaisemyNut$: checks
pompier40: bets $6
RaisemyNut$: calls $6
*** RIVER *** [8c 7d 5h 2s] [2d]
RaisemyNut$: checks
pompier40: bets $6
RaisemyNut$: calls $6
*** SHOW DOWN ***
pompier40: shows [Qh 7h] (two pair, Sevens and Deuces)
RaisemyNut$: mucks hand
pompier40 collected $41.50 from pot
*** SUMMARY ***
Total pot $42 | Rake $0.50
Board [8c 7d 5h 2s 2d]
Seat 4: pompier40 (button) (small blind) showed [Qh 7h] and won ($41.50) with two pair, Sevens and Deuces
Seat 5: RaisemyNut$ (big blind) mucked


