PokerStars Hand #146661830964:  Hold'em Limit ($3/$6 USD) - 2016/01/07 23:21:16 ET
Table 'Crommelin' 6-max Seat #4 is the button
Seat 2: Sunny1022 ($79.89 in chips)
Seat 4: Masqb ($149.50 in chips)
Masqb: posts small blind $1
Sunny1022: posts big blind $3
*** HOLE CARDS ***
Masqb: raises $3 to $6
Sunny1022: calls $3
*** FLOP *** [Ac As 7s]
Sunny1022: checks
Masqb: bets $3
Sunny1022: calls $3
*** TURN *** [Ac As 7s] [3s]
Sunny1022: checks
Masqb: bets $6
Sunny1022: calls $6
*** RIVER *** [Ac As 7s 3s] [4c]
Sunny1022: checks
Masqb: bets $6
Sunny1022: folds
Uncalled bet ($6) returned to Masqb
Masqb collected $29.50 from pot
Masqb: doesn't show hand
*** SUMMARY ***
Total pot $30 | Rake $0.50
Board [Ac As 7s 3s 4c]
Seat 2: Sunny1022 (big blind) folded on the River
Seat 4: Masqb (button) (small blind) collected ($29.50)


PokerStars Hand #146661818512:  Hold'em Limit ($3/$6 USD) - 2016/01/07 23:20:38 ET
Table 'Crommelin' 6-max Seat #2 is the button
Seat 2: Sunny1022 ($103.89 in chips)
Seat 4: Masqb ($126 in chips)
Sunny1022: posts small blind $1
Masqb: posts big blind $3
*** HOLE CARDS ***
Sunny1022: raises $3 to $6
Masqb: raises $3 to $9
Sunny1022: calls $3
*** FLOP *** [9h 4c Qc]
Masqb: bets $3
Sunny1022: calls $3
*** TURN *** [9h 4c Qc] [7d]
Masqb: bets $6
Sunny1022: calls $6
*** RIVER *** [9h 4c Qc 7d] [8d]
Masqb: bets $6
Sunny1022: calls $6
*** SHOW DOWN ***
Masqb: shows [Ts Qd] (a pair of Queens)
Sunny1022: mucks hand
Masqb collected $47.50 from pot
*** SUMMARY ***
Total pot $48 | Rake $0.50
Board [9h 4c Qc 7d 8d]
Seat 2: Sunny1022 (button) (small blind) mucked
Seat 4: Masqb (big blind) showed [Ts Qd] and won ($47.50) with a pair of Queens


PokerStars Hand #146661847836:  Hold'em Limit ($3/$6 USD) - 2016/01/07 23:22:05 ET
Table 'Crommelin' 6-max Seat #2 is the button
Seat 2: Sunny1022 ($64.89 in chips)
Seat 4: Masqb ($164 in chips)
Sunny1022: posts small blind $1
Masqb: posts big blind $3
*** HOLE CARDS ***
Sunny1022: raises $3 to $6
Masqb: calls $3
*** FLOP *** [3d 7c 2c]
Masqb: checks
Sunny1022: bets $3
Masqb: calls $3
*** TURN *** [3d 7c 2c] [5s]
Masqb: checks
Sunny1022: bets $6
Masqb: calls $6
*** RIVER *** [3d 7c 2c 5s] [3h]
Masqb: checks
Sunny1022: bets $6
Masqb: calls $6
*** SHOW DOWN ***
Sunny1022: shows [4h 6h] (a straight, Three to Seven)
Masqb: mucks hand
Sunny1022 collected $41.50 from pot
*** SUMMARY ***
Total pot $42 | Rake $0.50
Board [3d 7c 2c 5s 3h]
Seat 2: Sunny1022 (button) (small blind) showed [4h 6h] and won ($41.50) with a straight, Three to Seven
Seat 4: Masqb (big blind) mucked


PokerStars Hand #146661887256:  Hold'em Limit ($3/$6 USD) - 2016/01/07 23:24:01 ET
Table 'Crommelin' 6-max Seat #4 is the button
Seat 2: Sunny1022 ($76.89 in chips)
Seat 4: Masqb ($150.50 in chips)
Masqb: posts small blind $1
Sunny1022: posts big blind $3
*** HOLE CARDS ***
Masqb: folds
Uncalled bet ($2) returned to Sunny1022
Sunny1022 collected $2 from pot
Sunny1022: doesn't show hand
*** SUMMARY ***
Total pot $2 | Rake $0
Seat 2: Sunny1022 (big blind) collected ($2)
Seat 4: Masqb (button) (small blind) folded before Flop


PokerStars Hand #146661885519:  Hold'em Limit ($3/$6 USD) - 2016/01/07 23:23:56 ET
Table 'Crommelin' 6-max Seat #2 is the button
Seat 2: Sunny1022 ($77.89 in chips)
Seat 4: Masqb ($149.50 in chips)
Sunny1022: posts small blind $1
Masqb: posts big blind $3
*** HOLE CARDS ***
Sunny1022: folds
Uncalled bet ($2) returned to Masqb
Masqb collected $2 from pot
Masqb: doesn't show hand
*** SUMMARY ***
Total pot $2 | Rake $0
Seat 2: Sunny1022 (button) (small blind) folded before Flop
Seat 4: Masqb (big blind) collected ($2)


PokerStars Hand #146661874762:  Hold'em Limit ($3/$6 USD) - 2016/01/07 23:23:25 ET
Table 'Crommelin' 6-max Seat #4 is the button
Seat 2: Sunny1022 ($63.39 in chips)
Seat 4: Masqb ($164.50 in chips)
Masqb: posts small blind $1
Sunny1022: posts big blind $3
*** HOLE CARDS ***
Masqb: raises $3 to $6
Sunny1022: calls $3
*** FLOP *** [2s 3s Qd]
Sunny1022: checks
Masqb: bets $3
Sunny1022: calls $3
*** TURN *** [2s 3s Qd] [4d]
Sunny1022: checks
Masqb: checks
*** RIVER *** [2s 3s Qd 4d] [Kc]
Sunny1022: checks
Masqb: bets $6
Sunny1022: calls $6
*** SHOW DOWN ***
Masqb: shows [7c 8d] (high card King)
Sunny1022: shows [5h 4h] (a pair of Fours)
Sunny1022 collected $29.50 from pot
*** SUMMARY ***
Total pot $30 | Rake $0.50
Board [2s 3s Qd 4d Kc]
Seat 2: Sunny1022 (big blind) showed [5h 4h] and won ($29.50) with a pair of Fours
Seat 4: Masqb (button) (small blind) showed [7c 8d] and lost with high card King


PokerStars Hand #146661873131:  Hold'em Limit ($3/$6 USD) - 2016/01/07 23:23:20 ET
Table 'Crommelin' 6-max Seat #2 is the button
Seat 2: Sunny1022 ($64.39 in chips)
Seat 4: Masqb ($163.50 in chips)
Sunny1022: posts small blind $1
Masqb: posts big blind $3
*** HOLE CARDS ***
Sunny1022: folds
Uncalled bet ($2) returned to Masqb
Masqb collected $2 from pot
Masqb: doesn't show hand
*** SUMMARY ***
Total pot $2 | Rake $0
Seat 2: Sunny1022 (button) (small blind) folded before Flop
Seat 4: Masqb (big blind) collected ($2)


PokerStars Hand #146661863515:  Hold'em Limit ($3/$6 USD) - 2016/01/07 23:22:52 ET
Table 'Crommelin' 6-max Seat #4 is the button
Seat 2: Sunny1022 ($85.39 in chips)
Seat 4: Masqb ($143 in chips)
Masqb: posts small blind $1
Sunny1022: posts big blind $3
*** HOLE CARDS ***
Masqb: raises $3 to $6
Sunny1022: calls $3
*** FLOP *** [Kc Qd 7s]
Sunny1022: checks
Masqb: bets $3
Sunny1022: calls $3
*** TURN *** [Kc Qd 7s] [Ts]
Sunny1022: checks
Masqb: bets $6
Sunny1022: calls $6
*** RIVER *** [Kc Qd 7s Ts] [2h]
Sunny1022: checks
Masqb: bets $6
Sunny1022: calls $6
*** SHOW DOWN ***
Masqb: shows [3h Ks] (a pair of Kings)
Sunny1022: mucks hand
Masqb collected $41.50 from pot
*** SUMMARY ***
Total pot $42 | Rake $0.50
Board [Kc Qd 7s Ts 2h]
Seat 2: Sunny1022 (big blind) mucked
Seat 4: Masqb (button) (small blind) showed [3h Ks] and won ($41.50) with a pair of Kings


PokerStars Hand #146661901968:  Hold'em Limit ($3/$6 USD) - 2016/01/07 23:24:46 ET
Table 'Crommelin' 6-max Seat #2 is the button
Seat 2: Sunny1022 ($65.89 in chips)
Seat 4: Masqb ($161.02 in chips)
Sunny1022: posts small blind $1
Masqb: posts big blind $3
*** HOLE CARDS ***
Sunny1022: raises $3 to $6
Masqb: raises $3 to $9
Sunny1022: calls $3
*** FLOP *** [8d Tc 6c]
Masqb: bets $3
Sunny1022: calls $3
*** TURN *** [8d Tc 6c] [Ah]
Masqb: bets $6
Sunny1022: calls $6
*** RIVER *** [8d Tc 6c Ah] [Kc]
Masqb: bets $6
Sunny1022: folds
Uncalled bet ($6) returned to Masqb
Masqb collected $35.50 from pot
Masqb: doesn't show hand
*** SUMMARY ***
Total pot $36 | Rake $0.50
Board [8d Tc 6c Ah Kc]
Seat 2: Sunny1022 (button) (small blind) folded on the River
Seat 4: Masqb (big blind) collected ($35.50)


PokerStars Hand #146661895969:  Hold'em Limit ($3/$6 USD) - 2016/01/07 23:24:28 ET
Table 'Crommelin' 6-max Seat #4 is the button
Seat 2: Sunny1022 ($71.89 in chips)
Seat 4: Masqb ($155.26 in chips)
Masqb: posts small blind $1
Sunny1022: posts big blind $3
*** HOLE CARDS ***
Masqb: raises $3 to $6
Sunny1022: calls $3
*** FLOP *** [8h 2d 6s]
Sunny1022: checks
Masqb: bets $3
Sunny1022: folds
Uncalled bet ($3) returned to Masqb
Masqb collected $11.76 from pot
Masqb: doesn't show hand
*** SUMMARY ***
Total pot $12 | Rake $0.24
Board [8h 2d 6s]
Seat 2: Sunny1022 (big blind) folded on the Flop
Seat 4: Masqb (button) (small blind) collected ($11.76)


PokerStars Hand #146661888986:  Hold'em Limit ($3/$6 USD) - 2016/01/07 23:24:06 ET
Table 'Crommelin' 6-max Seat #2 is the button
Seat 2: Sunny1022 ($77.89 in chips)
Seat 4: Masqb ($149.50 in chips)
Sunny1022: posts small blind $1
Masqb: posts big blind $3
*** HOLE CARDS ***
Sunny1022: raises $3 to $6
Masqb: calls $3
*** FLOP *** [3h 4s 7s]
Masqb: checks
Sunny1022: checks
*** TURN *** [3h 4s 7s] [3s]
Masqb: bets $6
Sunny1022: folds
Uncalled bet ($6) returned to Masqb
Masqb collected $11.76 from pot
Masqb: doesn't show hand
*** SUMMARY ***
Total pot $12 | Rake $0.24
Board [3h 4s 7s 3s]
Seat 2: Sunny1022 (button) (small blind) folded on the Turn
Seat 4: Masqb (big blind) collected ($11.76)


PokerStars Hand #146661916760:  Hold'em Limit ($3/$6 USD) - 2016/01/07 23:25:30 ET
Table 'Crommelin' 6-max Seat #2 is the button
Seat 2: Sunny1022 ($41.89 in chips)
Seat 4: Masqb ($184.28 in chips)
Sunny1022: posts small blind $1
Masqb: posts big blind $3
*** HOLE CARDS ***
Sunny1022: folds
Uncalled bet ($2) returned to Masqb
Masqb collected $2 from pot
Masqb: doesn't show hand
*** SUMMARY ***
Total pot $2 | Rake $0
Seat 2: Sunny1022 (button) (small blind) folded before Flop
Seat 4: Masqb (big blind) collected ($2)


PokerStars Hand #146661910459:  Hold'em Limit ($3/$6 USD) - 2016/01/07 23:25:11 ET
Table 'Crommelin' 6-max Seat #4 is the button
Seat 2: Sunny1022 ($47.89 in chips)
Seat 4: Masqb ($178.52 in chips)
Masqb: posts small blind $1
Sunny1022: posts big blind $3
*** HOLE CARDS ***
Masqb: raises $3 to $6
Sunny1022: calls $3
*** FLOP *** [Js 5h 3h]
Sunny1022: checks
Masqb: bets $3
Sunny1022: folds
Uncalled bet ($3) returned to Masqb
Masqb collected $11.76 from pot
Masqb: doesn't show hand
*** SUMMARY ***
Total pot $12 | Rake $0.24
Board [Js 5h 3h]
Seat 2: Sunny1022 (big blind) folded on the Flop
Seat 4: Masqb (button) (small blind) collected ($11.76)


PokerStars Hand #146661933007:  Hold'em Limit ($3/$6 USD) - 2016/01/07 23:26:19 ET
Table 'Crommelin' 6-max Seat #2 is the button
Seat 2: Sunny1022 ($49.53 in chips)
Seat 4: Masqb ($176.28 in chips)
Sunny1022: posts small blind $1
Masqb: posts big blind $3
*** HOLE CARDS ***
Sunny1022: raises $3 to $6
Masqb: raises $3 to $9
Sunny1022: calls $3
*** FLOP *** [Ac 7d 6h]
Masqb: bets $3
Sunny1022: calls $3
*** TURN *** [Ac 7d 6h] [8d]
Masqb: checks
Sunny1022: bets $6
Masqb: folds
Uncalled bet ($6) returned to Sunny1022
Sunny1022 collected $23.52 from pot
Sunny1022: doesn't show hand
*** SUMMARY ***
Total pot $24 | Rake $0.48
Board [Ac 7d 6h 8d]
Seat 2: Sunny1022 (button) (small blind) collected ($23.52)
Seat 4: Masqb (big blind) folded on the Turn


PokerStars Hand #146661918380:  Hold'em Limit ($3/$6 USD) - 2016/01/07 23:25:35 ET
Table 'Crommelin' 6-max Seat #4 is the button
Seat 2: Sunny1022 ($40.89 in chips)
Seat 4: Masqb ($185.28 in chips)
Masqb: posts small blind $1
Sunny1022: posts big blind $3
*** HOLE CARDS ***
Masqb: raises $3 to $6
Sunny1022: calls $3
*** FLOP *** [4s Jh 9d]
Sunny1022: checks
Masqb: bets $3
Sunny1022: calls $3
*** TURN *** [4s Jh 9d] [9c]
Sunny1022: checks
Masqb: checks
*** RIVER *** [4s Jh 9d 9c] [Ks]
Sunny1022: bets $6
Masqb: folds
Uncalled bet ($6) returned to Sunny1022
Sunny1022 collected $17.64 from pot
Sunny1022: doesn't show hand
*** SUMMARY ***
Total pot $18 | Rake $0.36
Board [4s Jh 9d 9c Ks]
Seat 2: Sunny1022 (big blind) collected ($17.64)
Seat 4: Masqb (button) (small blind) folded on the River


PokerStars Hand #146661963914:  Hold'em Limit ($3/$6 USD) - 2016/01/07 23:27:52 ET
Table 'Crommelin' 6-max Seat #2 is the button
Seat 2: Sunny1022 ($48.69 in chips)
Seat 4: Masqb ($175.54 in chips)
Sunny1022: posts small blind $1
Masqb: posts big blind $3
*** HOLE CARDS ***
Sunny1022: raises $3 to $6
Masqb: raises $3 to $9
Sunny1022: calls $3
*** FLOP *** [5d 7d Ad]
Masqb: bets $3
Sunny1022: calls $3
*** TURN *** [5d 7d Ad] [3d]
Masqb: bets $6
Sunny1022: folds
Uncalled bet ($6) returned to Masqb
Masqb collected $23.52 from pot
Masqb: doesn't show hand
*** SUMMARY ***
Total pot $24 | Rake $0.48
Board [5d 7d Ad 3d]
Seat 2: Sunny1022 (button) (small blind) folded on the Turn
Seat 4: Masqb (big blind) collected ($23.52)


PokerStars Hand #146661956726:  Hold'em Limit ($3/$6 USD) - 2016/01/07 23:27:30 ET
Table 'Crommelin' 6-max Seat #4 is the button
Seat 2: Sunny1022 ($54.69 in chips)
Seat 4: Masqb ($169.78 in chips)
Masqb: posts small blind $1
Sunny1022: posts big blind $3
*** HOLE CARDS ***
Masqb: raises $3 to $6
Sunny1022: calls $3
*** FLOP *** [3c 7c 9d]
Sunny1022: checks
Masqb: checks
*** TURN *** [3c 7c 9d] [6s]
Sunny1022: checks
Masqb: checks
*** RIVER *** [3c 7c 9d 6s] [2d]
Sunny1022: checks
Masqb: checks
*** SHOW DOWN ***
Sunny1022: shows [8s 2s] (a pair of Deuces)
Masqb: shows [2c As] (a pair of Deuces - Ace kicker)
Masqb collected $11.76 from pot
*** SUMMARY ***
Total pot $12 | Rake $0.24
Board [3c 7c 9d 6s 2d]
Seat 2: Sunny1022 (big blind) showed [8s 2s] and lost with a pair of Deuces
Seat 4: Masqb (button) (small blind) showed [2c As] and won ($11.76) with a pair of Deuces


PokerStars Hand #146661948828:  Hold'em Limit ($3/$6 USD) - 2016/01/07 23:27:06 ET
Table 'Crommelin' 6-max Seat #2 is the button
Seat 2: Sunny1022 ($69.69 in chips)
Seat 4: Masqb ($155.28 in chips)
Sunny1022: posts small blind $1
Masqb: posts big blind $3
*** HOLE CARDS ***
Sunny1022: raises $3 to $6
Masqb: calls $3
*** FLOP *** [4d 5h 7d]
Masqb: checks
Sunny1022: bets $3
Masqb: calls $3
*** TURN *** [4d 5h 7d] [Tc]
Masqb: checks
Sunny1022: checks
*** RIVER *** [4d 5h 7d Tc] [8c]
Masqb: bets $6
Sunny1022: calls $6
*** SHOW DOWN ***
Masqb: shows [4h 8d] (two pair, Eights and Fours)
Sunny1022: mucks hand
Masqb collected $29.50 from pot
*** SUMMARY ***
Total pot $30 | Rake $0.50
Board [4d 5h 7d Tc 8c]
Seat 2: Sunny1022 (button) (small blind) mucked
Seat 4: Masqb (big blind) showed [4h 8d] and won ($29.50) with two pair, Eights and Fours


PokerStars Hand #146661986917:  Hold'em Limit ($3/$6 USD) - 2016/01/07 23:29:02 ET
Table 'Crommelin' 6-max Seat #2 is the button
Seat 2: Sunny1022 ($54.19 in chips)
Seat 4: Masqb ($169.06 in chips)
Sunny1022: posts small blind $1
Masqb: posts big blind $3
*** HOLE CARDS ***
Sunny1022: folds
Uncalled bet ($2) returned to Masqb
Masqb collected $2 from pot
Masqb: doesn't show hand
*** SUMMARY ***
Total pot $2 | Rake $0
Seat 2: Sunny1022 (button) (small blind) folded before Flop
Seat 4: Masqb (big blind) collected ($2)


PokerStars Hand #146661969172:  Hold'em Limit ($3/$6 USD) - 2016/01/07 23:28:08 ET
Table 'Crommelin' 6-max Seat #4 is the button
Seat 2: Sunny1022 ($36.69 in chips)
Seat 4: Masqb ($187.06 in chips)
Masqb: posts small blind $1
Sunny1022: posts big blind $3
*** HOLE CARDS ***
Masqb: raises $3 to $6
Sunny1022: raises $3 to $9
Masqb: calls $3
*** FLOP *** [8h 2s 9h]
Sunny1022: bets $3
Masqb: calls $3
*** TURN *** [8h 2s 9h] [Ah]
Sunny1022: bets $6
Masqb: calls $6
*** RIVER *** [8h 2s 9h Ah] [4h]
Sunny1022: checks
Masqb: checks
*** SHOW DOWN ***
Sunny1022: shows [Jc As] (a pair of Aces)
Masqb: mucks hand
Sunny1022 collected $35.50 from pot
*** SUMMARY ***
Total pot $36 | Rake $0.50
Board [8h 2s 9h Ah 4h]
Seat 2: Sunny1022 (big blind) showed [Jc As] and won ($35.50) with a pair of Aces
Seat 4: Masqb (button) (small blind) mucked


PokerStars Hand #146661988511:  Hold'em Limit ($3/$6 USD) - 2016/01/07 23:29:06 ET
Table 'Crommelin' 6-max Seat #4 is the button
Seat 2: Sunny1022 ($53.19 in chips)
Seat 4: Masqb ($170.06 in chips)
Masqb: posts small blind $1
Sunny1022: posts big blind $3
*** HOLE CARDS ***
Masqb: raises $3 to $6
Sunny1022: calls $3
*** FLOP *** [6c 3d 2s]
Sunny1022: checks
Masqb: bets $3
Sunny1022: raises $3 to $6
Masqb: calls $3
*** TURN *** [6c 3d 2s] [Ac]
Sunny1022: bets $6
Masqb: calls $6
*** RIVER *** [6c 3d 2s Ac] [4h]
Sunny1022: checks
Masqb: checks
*** SHOW DOWN ***
Sunny1022: shows [6h Kh] (a pair of Sixes)
Masqb: mucks hand
Sunny1022 collected $35.50 from pot
*** SUMMARY ***
Total pot $36 | Rake $0.50
Board [6c 3d 2s Ac 4h]
Seat 2: Sunny1022 (big blind) showed [6h Kh] and won ($35.50) with a pair of Sixes
Seat 4: Masqb (button) (small blind) mucked


PokerStars Hand #146662023092:  Hold'em Limit ($3/$6 USD) - 2016/01/07 23:30:52 ET
Table 'Crommelin' 6-max Seat #4 is the button
Seat 2: Sunny1022 ($82.21 in chips)
Seat 4: Masqb ($140.06 in chips)
Masqb: posts small blind $1
Sunny1022: posts big blind $3
*** HOLE CARDS ***
Masqb: raises $3 to $6
Sunny1022: calls $3
*** FLOP *** [Js 8d 7c]
Sunny1022: checks
Masqb: bets $3
Sunny1022: folds
Uncalled bet ($3) returned to Masqb
Masqb collected $11.76 from pot
Masqb: doesn't show hand
*** SUMMARY ***
Total pot $12 | Rake $0.24
Board [Js 8d 7c]
Seat 2: Sunny1022 (big blind) folded on the Flop
Seat 4: Masqb (button) (small blind) collected ($11.76)


PokerStars Hand #146662027086:  Hold'em Limit ($3/$6 USD) - 2016/01/07 23:31:05 ET
Table 'Crommelin' 6-max Seat #2 is the button
Seat 2: Sunny1022 ($76.21 in chips)
Seat 4: Masqb ($145.82 in chips)
Sunny1022: posts small blind $1
Masqb: posts big blind $3
*** HOLE CARDS ***
Sunny1022: raises $3 to $6
Masqb: calls $3
*** FLOP *** [3s 7h Tc]
Masqb: checks
Sunny1022: checks
*** TURN *** [3s 7h Tc] [6h]
Masqb: bets $6
Sunny1022: folds
Uncalled bet ($6) returned to Masqb
Masqb collected $11.76 from pot
Masqb: doesn't show hand
*** SUMMARY ***
Total pot $12 | Rake $0.24
Board [3s 7h Tc 6h]
Seat 2: Sunny1022 (button) (small blind) folded on the Turn
Seat 4: Masqb (big blind) collected ($11.76)


PokerStars Hand #146662050779:  Hold'em Limit ($3/$6 USD) - 2016/01/07 23:32:17 ET
Table 'Crommelin' 6-max Seat #4 is the button
Seat 2: Sunny1022 ($86.71 in chips)
Seat 4: Masqb ($134.58 in chips)
Masqb: posts small blind $1
Sunny1022: posts big blind $3
*** HOLE CARDS ***
Masqb: raises $3 to $6
Sunny1022: folds
Uncalled bet ($3) returned to Masqb
Masqb collected $6 from pot
Masqb: doesn't show hand
*** SUMMARY ***
Total pot $6 | Rake $0
Seat 2: Sunny1022 (big blind) folded before Flop
Seat 4: Masqb (button) (small blind) collected ($6)


PokerStars Hand #146662053742:  Hold'em Limit ($3/$6 USD) - 2016/01/07 23:32:26 ET
Table 'Crommelin' 6-max Seat #2 is the button
Seat 2: Sunny1022 ($83.71 in chips)
Seat 4: Masqb ($137.58 in chips)
Sunny1022: posts small blind $1
Masqb: posts big blind $3
*** HOLE CARDS ***
Sunny1022: raises $3 to $6
Masqb: calls $3
*** FLOP *** [8h 7s Kc]
Masqb: checks
Sunny1022: checks
*** TURN *** [8h 7s Kc] [4s]
Masqb: checks
Sunny1022: checks
*** RIVER *** [8h 7s Kc 4s] [Ad]
Masqb: checks
Sunny1022: checks
*** SHOW DOWN ***
Masqb: shows [6h Js] (high card Ace)
Sunny1022: shows [9d Jh] (high card Ace - King+Jack+Nine kicker)
Sunny1022 collected $11.76 from pot
*** SUMMARY ***
Total pot $12 | Rake $0.24
Board [8h 7s Kc 4s Ad]
Seat 2: Sunny1022 (button) (small blind) showed [9d Jh] and won ($11.76) with high card Ace
Seat 4: Masqb (big blind) showed [6h Js] and lost with high card Ace


PokerStars Hand #146662067432:  Hold'em Limit ($3/$6 USD) - 2016/01/07 23:33:08 ET
Table 'Crommelin' 6-max Seat #2 is the button
Seat 2: Sunny1022 ($83.47 in chips)
Seat 4: Masqb ($137.34 in chips)
Sunny1022: posts small blind $1
Masqb: posts big blind $3
*** HOLE CARDS ***
Sunny1022: folds
Uncalled bet ($2) returned to Masqb
Masqb collected $2 from pot
Masqb: doesn't show hand
*** SUMMARY ***
Total pot $2 | Rake $0
Seat 2: Sunny1022 (button) (small blind) folded before Flop
Seat 4: Masqb (big blind) collected ($2)


PokerStars Hand #146662062132:  Hold'em Limit ($3/$6 USD) - 2016/01/07 23:32:52 ET
Table 'Crommelin' 6-max Seat #4 is the button
Seat 2: Sunny1022 ($89.47 in chips)
Seat 4: Masqb ($131.58 in chips)
Masqb: posts small blind $1
Sunny1022: posts big blind $3
*** HOLE CARDS ***
Masqb: raises $3 to $6
Sunny1022: calls $3
*** FLOP *** [7d 9s Qs]
Sunny1022: checks
Masqb: bets $3
Sunny1022: folds
Uncalled bet ($3) returned to Masqb
Masqb collected $11.76 from pot
Masqb: doesn't show hand
*** SUMMARY ***
Total pot $12 | Rake $0.24
Board [7d 9s Qs]
Seat 2: Sunny1022 (big blind) folded on the Flop
Seat 4: Masqb (button) (small blind) collected ($11.76)


PokerStars Hand #146662048217:  Hold'em Limit ($3/$6 USD) - 2016/01/07 23:32:10 ET
Table 'Crommelin' 6-max Seat #2 is the button
Seat 2: Sunny1022 ($87.71 in chips)
Seat 4: Masqb ($133.58 in chips)
Sunny1022: posts small blind $1
Masqb: posts big blind $3
*** HOLE CARDS ***
Sunny1022: folds
Uncalled bet ($2) returned to Masqb
Masqb collected $2 from pot
Masqb: doesn't show hand
*** SUMMARY ***
Total pot $2 | Rake $0
Seat 2: Sunny1022 (button) (small blind) folded before Flop
Seat 4: Masqb (big blind) collected ($2)


PokerStars Hand #146662069260:  Hold'em Limit ($3/$6 USD) - 2016/01/07 23:33:14 ET
Table 'Crommelin' 6-max Seat #4 is the button
Seat 2: Sunny1022 ($82.47 in chips)
Seat 4: Masqb ($138.34 in chips)
Masqb: posts small blind $1
Sunny1022: posts big blind $3
*** HOLE CARDS ***
Masqb: raises $3 to $6
Sunny1022: calls $3
*** FLOP *** [4h Qs 3h]
Sunny1022: checks
Masqb: bets $3
Sunny1022: calls $3
*** TURN *** [4h Qs 3h] [Td]
Sunny1022: checks
Masqb: bets $6
Sunny1022: folds
Uncalled bet ($6) returned to Masqb
Masqb collected $17.64 from pot
Masqb: doesn't show hand
*** SUMMARY ***
Total pot $18 | Rake $0.36
Board [4h Qs 3h Td]
Seat 2: Sunny1022 (big blind) folded on the Turn
Seat 4: Masqb (button) (small blind) collected ($17.64)


PokerStars Hand #146662081770:  Hold'em Limit ($3/$6 USD) - 2016/01/07 23:33:52 ET
Table 'Crommelin' 6-max Seat #2 is the button
Seat 2: Sunny1022 ($73.47 in chips)
Seat 4: Masqb ($146.98 in chips)
Sunny1022: posts small blind $1
Masqb: posts big blind $3
*** HOLE CARDS ***
Sunny1022: folds
Uncalled bet ($2) returned to Masqb
Masqb collected $2 from pot
Masqb: doesn't show hand
*** SUMMARY ***
Total pot $2 | Rake $0
Seat 2: Sunny1022 (button) (small blind) folded before Flop
Seat 4: Masqb (big blind) collected ($2)


PokerStars Hand #146662083396:  Hold'em Limit ($3/$6 USD) - 2016/01/07 23:33:57 ET
Table 'Crommelin' 6-max Seat #4 is the button
Seat 2: Sunny1022 ($72.47 in chips)
Seat 4: Masqb ($147.98 in chips)
Masqb: posts small blind $1
Sunny1022: posts big blind $3
*** HOLE CARDS ***
Masqb: raises $3 to $6
Sunny1022: calls $3
*** FLOP *** [Kd 2s As]
Sunny1022: checks
Masqb: bets $3
Sunny1022: folds
Uncalled bet ($3) returned to Masqb
Masqb collected $11.76 from pot
Masqb: doesn't show hand
*** SUMMARY ***
Total pot $12 | Rake $0.24
Board [Kd 2s As]
Seat 2: Sunny1022 (big blind) folded on the Flop
Seat 4: Masqb (button) (small blind) collected ($11.76)


PokerStars Hand #146662088129:  Hold'em Limit ($3/$6 USD) - 2016/01/07 23:34:12 ET
Table 'Crommelin' 6-max Seat #2 is the button
Seat 2: Sunny1022 ($66.47 in chips)
Seat 4: Masqb ($153.74 in chips)
Sunny1022: posts small blind $1
Masqb: posts big blind $3
*** HOLE CARDS ***
Sunny1022: raises $3 to $6
Masqb: calls $3
*** FLOP *** [4s 4d Kc]
Masqb: checks
Sunny1022: bets $3
Masqb: folds
Uncalled bet ($3) returned to Sunny1022
Sunny1022 collected $11.76 from pot
Sunny1022: doesn't show hand
*** SUMMARY ***
Total pot $12 | Rake $0.24
Board [4s 4d Kc]
Seat 2: Sunny1022 (button) (small blind) collected ($11.76)
Seat 4: Masqb (big blind) folded on the Flop


PokerStars Hand #146662096204:  Hold'em Limit ($3/$6 USD) - 2016/01/07 23:34:37 ET
Table 'Crommelin' 6-max Seat #4 is the button
Seat 2: Sunny1022 ($72.23 in chips)
Seat 4: Masqb ($147.74 in chips)
Masqb: posts small blind $1
Sunny1022: posts big blind $3
*** HOLE CARDS ***
Masqb: raises $3 to $6
Sunny1022: calls $3
*** FLOP *** [7c Ad 5c]
Sunny1022: checks
Masqb: bets $3
Sunny1022: folds
Uncalled bet ($3) returned to Masqb
Masqb collected $11.76 from pot
Masqb: doesn't show hand
*** SUMMARY ***
Total pot $12 | Rake $0.24
Board [7c Ad 5c]
Seat 2: Sunny1022 (big blind) folded on the Flop
Seat 4: Masqb (button) (small blind) collected ($11.76)


PokerStars Hand #146662102064:  Hold'em Limit ($3/$6 USD) - 2016/01/07 23:34:55 ET
Table 'Crommelin' 6-max Seat #2 is the button
Seat 2: Sunny1022 ($66.23 in chips)
Seat 4: Masqb ($153.50 in chips)
Sunny1022: posts small blind $1
Masqb: posts big blind $3
*** HOLE CARDS ***
Sunny1022: raises $3 to $6
Masqb: calls $3
*** FLOP *** [As 5h Jh]
Masqb: checks
Sunny1022: bets $3
Masqb: folds
Uncalled bet ($3) returned to Sunny1022
Sunny1022 collected $11.76 from pot
Sunny1022: doesn't show hand
*** SUMMARY ***
Total pot $12 | Rake $0.24
Board [As 5h Jh]
Seat 2: Sunny1022 (button) (small blind) collected ($11.76)
Seat 4: Masqb (big blind) folded on the Flop


PokerStars Hand #146662110511:  Hold'em Limit ($3/$6 USD) - 2016/01/07 23:35:21 ET
Table 'Crommelin' 6-max Seat #2 is the button
Seat 2: Sunny1022 ($68.99 in chips)
Seat 4: Masqb ($150.50 in chips)
Sunny1022: posts small blind $1
Masqb: posts big blind $3
*** HOLE CARDS ***
Sunny1022: raises $3 to $6
Masqb: raises $3 to $9
Sunny1022: calls $3
*** FLOP *** [2s Ts 4c]
Masqb: bets $3
Sunny1022: calls $3
*** TURN *** [2s Ts 4c] [8c]
Masqb: checks
Sunny1022: bets $6
Masqb: calls $6
*** RIVER *** [2s Ts 4c 8c] [8h]
Masqb: checks
Sunny1022: bets $6
Masqb: folds
Uncalled bet ($6) returned to Sunny1022
Sunny1022 collected $35.50 from pot
Sunny1022: doesn't show hand
*** SUMMARY ***
Total pot $36 | Rake $0.50
Board [2s Ts 4c 8c 8h]
Seat 2: Sunny1022 (button) (small blind) collected ($35.50)
Seat 4: Masqb (big blind) folded on the River


PokerStars Hand #146662107520:  Hold'em Limit ($3/$6 USD) - 2016/01/07 23:35:11 ET
Table 'Crommelin' 6-max Seat #4 is the button
Seat 2: Sunny1022 ($71.99 in chips)
Seat 4: Masqb ($147.50 in chips)
Masqb: posts small blind $1
Sunny1022: posts big blind $3
*** HOLE CARDS ***
Masqb: raises $3 to $6
Sunny1022: folds
Uncalled bet ($3) returned to Masqb
Masqb collected $6 from pot
Masqb: doesn't show hand
*** SUMMARY ***
Total pot $6 | Rake $0
Seat 2: Sunny1022 (big blind) folded before Flop
Seat 4: Masqb (button) (small blind) collected ($6)


PokerStars Hand #146662127251:  Hold'em Limit ($3/$6 USD) - 2016/01/07 23:36:13 ET
Table 'Crommelin' 6-max Seat #4 is the button
Seat 2: Sunny1022 ($86.49 in chips)
Seat 4: Masqb ($132.50 in chips)
Masqb: posts small blind $1
Sunny1022: posts big blind $3
*** HOLE CARDS ***
Masqb: raises $3 to $6
Sunny1022: calls $3
*** FLOP *** [3c 4d 7c]
Sunny1022: checks
Masqb: bets $3
Sunny1022: calls $3
*** TURN *** [3c 4d 7c] [7h]
Sunny1022: checks
Masqb: checks
*** RIVER *** [3c 4d 7c 7h] [9c]
Sunny1022: checks
Masqb: checks
*** SHOW DOWN ***
Sunny1022: shows [4s 5h] (two pair, Sevens and Fours)
Masqb: mucks hand
Sunny1022 collected $17.64 from pot
*** SUMMARY ***
Total pot $18 | Rake $0.36
Board [3c 4d 7c 7h 9c]
Seat 2: Sunny1022 (big blind) showed [4s 5h] and won ($17.64) with two pair, Sevens and Fours
Seat 4: Masqb (button) (small blind) mucked


PokerStars Hand #146662133773:  Hold'em Limit ($3/$6 USD) - 2016/01/07 23:36:33 ET
Table 'Crommelin' 6-max Seat #2 is the button
Seat 2: Sunny1022 ($95.13 in chips)
Seat 4: Masqb ($123.50 in chips)
Sunny1022: posts small blind $1
Masqb: posts big blind $3
*** HOLE CARDS ***
Sunny1022: folds
Uncalled bet ($2) returned to Masqb
Masqb collected $2 from pot
Masqb: doesn't show hand
*** SUMMARY ***
Total pot $2 | Rake $0
Seat 2: Sunny1022 (button) (small blind) folded before Flop
Seat 4: Masqb (big blind) collected ($2)


PokerStars Hand #146662135274:  Hold'em Limit ($3/$6 USD) - 2016/01/07 23:36:38 ET
Table 'Crommelin' 6-max Seat #4 is the button
Seat 2: Sunny1022 ($94.13 in chips)
Seat 4: Masqb ($124.50 in chips)
Masqb: posts small blind $1
Sunny1022: posts big blind $3
*** HOLE CARDS ***
Masqb: raises $3 to $6
Sunny1022: calls $3
*** FLOP *** [Tc 6h 3s]
Sunny1022: checks
Masqb: bets $3
Sunny1022: raises $3 to $6
Masqb: calls $3
*** TURN *** [Tc 6h 3s] [8h]
Sunny1022: bets $6
Masqb: folds
Uncalled bet ($6) returned to Sunny1022
Sunny1022 collected $23.52 from pot
Sunny1022: doesn't show hand
*** SUMMARY ***
Total pot $24 | Rake $0.48
Board [Tc 6h 3s 8h]
Seat 2: Sunny1022 (big blind) collected ($23.52)
Seat 4: Masqb (button) (small blind) folded on the Turn


PokerStars Hand #146662145534:  Hold'em Limit ($3/$6 USD) - 2016/01/07 23:37:09 ET
Table 'Crommelin' 6-max Seat #4 is the button
Seat 2: Sunny1022 ($104.65 in chips)
Seat 4: Masqb ($113.50 in chips)
Masqb: posts small blind $1
Sunny1022: posts big blind $3
*** HOLE CARDS ***
Masqb: raises $3 to $6
Sunny1022: folds
Uncalled bet ($3) returned to Masqb
Masqb collected $6 from pot
Masqb: doesn't show hand
*** SUMMARY ***
Total pot $6 | Rake $0
Seat 2: Sunny1022 (big blind) folded before Flop
Seat 4: Masqb (button) (small blind) collected ($6)


PokerStars Hand #146662143870:  Hold'em Limit ($3/$6 USD) - 2016/01/07 23:37:04 ET
Table 'Crommelin' 6-max Seat #2 is the button
Seat 2: Sunny1022 ($105.65 in chips)
Seat 4: Masqb ($112.50 in chips)
Sunny1022: posts small blind $1
Masqb: posts big blind $3
*** HOLE CARDS ***
Sunny1022: folds
Uncalled bet ($2) returned to Masqb
Masqb collected $2 from pot
Masqb: doesn't show hand
*** SUMMARY ***
Total pot $2 | Rake $0
Seat 2: Sunny1022 (button) (small blind) folded before Flop
Seat 4: Masqb (big blind) collected ($2)


PokerStars Hand #146662147304:  Hold'em Limit ($3/$6 USD) - 2016/01/07 23:37:15 ET
Table 'Crommelin' 6-max Seat #2 is the button
Seat 2: Sunny1022 ($101.65 in chips)
Seat 4: Masqb ($116.50 in chips)
Sunny1022: posts small blind $1
Masqb: posts big blind $3
*** HOLE CARDS ***
Sunny1022: folds
Uncalled bet ($2) returned to Masqb
Masqb collected $2 from pot
Masqb: doesn't show hand
*** SUMMARY ***
Total pot $2 | Rake $0
Seat 2: Sunny1022 (button) (small blind) folded before Flop
Seat 4: Masqb (big blind) collected ($2)


PokerStars Hand #146662148864:  Hold'em Limit ($3/$6 USD) - 2016/01/07 23:37:20 ET
Table 'Crommelin' 6-max Seat #4 is the button
Seat 2: Sunny1022 ($100.65 in chips)
Seat 4: Masqb ($117.50 in chips)
Masqb: posts small blind $1
Sunny1022: posts big blind $3
*** HOLE CARDS ***
Masqb: raises $3 to $6
Sunny1022: calls $3
*** FLOP *** [7c 3s Td]
Sunny1022: checks
Masqb: bets $3
Sunny1022: calls $3
*** TURN *** [7c 3s Td] [Js]
Sunny1022: checks
Masqb: bets $6
Sunny1022: calls $6
*** RIVER *** [7c 3s Td Js] [Qc]
Sunny1022: checks
Masqb: bets $6
Sunny1022: folds
Uncalled bet ($6) returned to Masqb
Masqb collected $29.50 from pot
Masqb: doesn't show hand
*** SUMMARY ***
Total pot $30 | Rake $0.50
Board [7c 3s Td Js Qc]
Seat 2: Sunny1022 (big blind) folded on the River
Seat 4: Masqb (button) (small blind) collected ($29.50)


PokerStars Hand #146662162123:  Hold'em Limit ($3/$6 USD) - 2016/01/07 23:38:00 ET
Table 'Crommelin' 6-max Seat #4 is the button
Seat 2: Sunny1022 ($79.65 in chips)
Seat 4: Masqb ($137.76 in chips)
Masqb: posts small blind $1
Sunny1022: posts big blind $3
*** HOLE CARDS ***
Masqb: folds
Uncalled bet ($2) returned to Sunny1022
Sunny1022 collected $2 from pot
Sunny1022: doesn't show hand
*** SUMMARY ***
Total pot $2 | Rake $0
Seat 2: Sunny1022 (big blind) collected ($2)
Seat 4: Masqb (button) (small blind) folded before Flop


PokerStars Hand #146662157853:  Hold'em Limit ($3/$6 USD) - 2016/01/07 23:37:47 ET
Table 'Crommelin' 6-max Seat #2 is the button
Seat 2: Sunny1022 ($85.65 in chips)
Seat 4: Masqb ($132 in chips)
Sunny1022: posts small blind $1
Masqb: posts big blind $3
*** HOLE CARDS ***
Sunny1022: raises $3 to $6
Masqb: calls $3
*** FLOP *** [6d Jh Qd]
Masqb: checks
Sunny1022: checks
*** TURN *** [6d Jh Qd] [6c]
Masqb: bets $6
Sunny1022: folds
Uncalled bet ($6) returned to Masqb
Masqb collected $11.76 from pot
Masqb: doesn't show hand
*** SUMMARY ***
Total pot $12 | Rake $0.24
Board [6d Jh Qd 6c]
Seat 2: Sunny1022 (button) (small blind) folded on the Turn
Seat 4: Masqb (big blind) collected ($11.76)


PokerStars Hand #146662163905:  Hold'em Limit ($3/$6 USD) - 2016/01/07 23:38:05 ET
Table 'Crommelin' 6-max Seat #2 is the button
Seat 2: Sunny1022 ($80.65 in chips)
Seat 4: Masqb ($136.76 in chips)
Sunny1022: posts small blind $1
Masqb: posts big blind $3
*** HOLE CARDS ***
Sunny1022: raises $3 to $6
Masqb: raises $3 to $9
Sunny1022: calls $3
*** FLOP *** [3c Tc 7d]
Masqb: bets $3
Sunny1022: raises $3 to $6
Masqb: calls $3
*** TURN *** [3c Tc 7d] [Kc]
Masqb: bets $6
Sunny1022: raises $6 to $12
Masqb: folds
Uncalled bet ($6) returned to Sunny1022
Sunny1022 collected $41.50 from pot
Sunny1022: doesn't show hand
*** SUMMARY ***
Total pot $42 | Rake $0.50
Board [3c Tc 7d Kc]
Seat 2: Sunny1022 (button) (small blind) collected ($41.50)
Seat 4: Masqb (big blind) folded on the Turn


PokerStars Hand #146662192074:  Hold'em Limit ($3/$6 USD) - 2016/01/07 23:39:32 ET
Table 'Crommelin' 6-max Seat #2 is the button
Seat 2: Sunny1022 ($121.65 in chips)
Seat 4: Masqb ($94.76 in chips)
Sunny1022: posts small blind $1
Masqb: posts big blind $3
*** HOLE CARDS ***
Sunny1022: folds
Uncalled bet ($2) returned to Masqb
Masqb collected $2 from pot
Masqb: doesn't show hand
*** SUMMARY ***
Total pot $2 | Rake $0
Seat 2: Sunny1022 (button) (small blind) folded before Flop
Seat 4: Masqb (big blind) collected ($2)


PokerStars Hand #146662180066:  Hold'em Limit ($3/$6 USD) - 2016/01/07 23:38:56 ET
Table 'Crommelin' 6-max Seat #4 is the button
Seat 2: Sunny1022 ($101.15 in chips)
Seat 4: Masqb ($115.76 in chips)
Masqb: posts small blind $1
Sunny1022: posts big blind $3
*** HOLE CARDS ***
Masqb: raises $3 to $6
Sunny1022: calls $3
*** FLOP *** [Js Td 7s]
Sunny1022: checks
Masqb: bets $3
Sunny1022: calls $3
*** TURN *** [Js Td 7s] [5s]
Sunny1022: checks
Masqb: bets $6
Sunny1022: raises $6 to $12
Masqb: calls $6
*** RIVER *** [Js Td 7s 5s] [Ac]
Sunny1022: bets $6
Masqb: folds
Uncalled bet ($6) returned to Sunny1022
Sunny1022 collected $41.50 from pot
Sunny1022: doesn't show hand
*** SUMMARY ***
Total pot $42 | Rake $0.50
Board [Js Td 7s 5s Ac]
Seat 2: Sunny1022 (big blind) collected ($41.50)
Seat 4: Masqb (button) (small blind) folded on the River


PokerStars Hand #146662193672:  Hold'em Limit ($3/$6 USD) - 2016/01/07 23:39:37 ET
Table 'Crommelin' 6-max Seat #4 is the button
Seat 2: Sunny1022 ($120.65 in chips)
Seat 4: Masqb ($95.76 in chips)
Masqb: posts small blind $1
Sunny1022: posts big blind $3
*** HOLE CARDS ***
Masqb: raises $3 to $6
Sunny1022: calls $3
*** FLOP *** [Jh 6s 2c]
Sunny1022: checks
Masqb: bets $3
Sunny1022: folds
Uncalled bet ($3) returned to Masqb
Masqb collected $11.76 from pot
Masqb: doesn't show hand
*** SUMMARY ***
Total pot $12 | Rake $0.24
Board [Jh 6s 2c]
Seat 2: Sunny1022 (big blind) folded on the Flop
Seat 4: Masqb (button) (small blind) collected ($11.76)


PokerStars Hand #146662199516:  Hold'em Limit ($3/$6 USD) - 2016/01/07 23:39:56 ET
Table 'Crommelin' 6-max Seat #2 is the button
Seat 2: Sunny1022 ($114.65 in chips)
Seat 4: Masqb ($101.52 in chips)
Sunny1022: posts small blind $1
Masqb: posts big blind $3
*** HOLE CARDS ***
Sunny1022: raises $3 to $6
Masqb: calls $3
*** FLOP *** [Ac Kd 6h]
Masqb: checks
Sunny1022: checks
*** TURN *** [Ac Kd 6h] [6s]
Masqb: bets $6
Sunny1022: raises $6 to $12
Masqb: folds
Uncalled bet ($6) returned to Sunny1022
Sunny1022 collected $23.52 from pot
Sunny1022: doesn't show hand
*** SUMMARY ***
Total pot $24 | Rake $0.48
Board [Ac Kd 6h 6s]
Seat 2: Sunny1022 (button) (small blind) collected ($23.52)
Seat 4: Masqb (big blind) folded on the Turn


PokerStars Hand #146662206253:  Hold'em Limit ($3/$6 USD) - 2016/01/07 23:40:16 ET
Table 'Crommelin' 6-max Seat #4 is the button
Seat 2: Sunny1022 ($126.17 in chips)
Seat 4: Masqb ($89.52 in chips)
Masqb: posts small blind $1
Sunny1022: posts big blind $3
*** HOLE CARDS ***
Masqb: raises $3 to $6
Sunny1022: folds
Uncalled bet ($3) returned to Masqb
Masqb collected $6 from pot
Masqb: doesn't show hand
*** SUMMARY ***
Total pot $6 | Rake $0
Seat 2: Sunny1022 (big blind) folded before Flop
Seat 4: Masqb (button) (small blind) collected ($6)


PokerStars Hand #146662208395:  Hold'em Limit ($3/$6 USD) - 2016/01/07 23:40:23 ET
Table 'Crommelin' 6-max Seat #2 is the button
Seat 2: Sunny1022 ($123.17 in chips)
Seat 4: Masqb ($92.52 in chips)
Sunny1022: posts small blind $1
Masqb: posts big blind $3
*** HOLE CARDS ***
Sunny1022: raises $3 to $6
Masqb: raises $3 to $9
Sunny1022: calls $3
*** FLOP *** [Th 6h 9d]
Masqb: bets $3
Sunny1022: calls $3
*** TURN *** [Th 6h 9d] [Ks]
Masqb: checks
Sunny1022: checks
*** RIVER *** [Th 6h 9d Ks] [Jc]
Masqb: checks
Sunny1022: bets $6
Masqb: folds
Uncalled bet ($6) returned to Sunny1022
Sunny1022 collected $23.52 from pot
Sunny1022: doesn't show hand
*** SUMMARY ***
Total pot $24 | Rake $0.48
Board [Th 6h 9d Ks Jc]
Seat 2: Sunny1022 (button) (small blind) collected ($23.52)
Seat 4: Masqb (big blind) folded on the River


PokerStars Hand #146662232756:  Hold'em Limit ($3/$6 USD) - 2016/01/07 23:41:39 ET
Table 'Crommelin' 6-max Seat #2 is the button
Seat 2: Sunny1022 ($120.69 in chips)
Seat 4: Masqb ($93.92 in chips)
Sunny1022: posts small blind $1
Masqb: posts big blind $3
*** HOLE CARDS ***
Sunny1022: raises $3 to $6
Masqb: folds
Uncalled bet ($3) returned to Sunny1022
Sunny1022 collected $6 from pot
Sunny1022: doesn't show hand
*** SUMMARY ***
Total pot $6 | Rake $0
Seat 2: Sunny1022 (button) (small blind) collected ($6)
Seat 4: Masqb (big blind) folded before Flop


PokerStars Hand #146662230644:  Hold'em Limit ($3/$6 USD) - 2016/01/07 23:41:32 ET
Table 'Crommelin' 6-max Seat #4 is the button
Seat 2: Sunny1022 ($119.69 in chips)
Seat 4: Masqb ($94.92 in chips)
Masqb: posts small blind $1
Sunny1022: posts big blind $3
*** HOLE CARDS ***
Masqb: folds
Uncalled bet ($2) returned to Sunny1022
Sunny1022 collected $2 from pot
Sunny1022: doesn't show hand
*** SUMMARY ***
Total pot $2 | Rake $0
Seat 2: Sunny1022 (big blind) collected ($2)
Seat 4: Masqb (button) (small blind) folded before Flop


PokerStars Hand #146662219297:  Hold'em Limit ($3/$6 USD) - 2016/01/07 23:40:57 ET
Table 'Crommelin' 6-max Seat #4 is the button
Seat 2: Sunny1022 ($134.69 in chips)
Seat 4: Masqb ($80.52 in chips)
Masqb: posts small blind $1
Sunny1022: posts big blind $3
*** HOLE CARDS ***
Masqb: raises $3 to $6
Sunny1022: calls $3
*** FLOP *** [3c Jd 8d]
Sunny1022: checks
Masqb: bets $3
Sunny1022: folds
Uncalled bet ($3) returned to Masqb
Masqb collected $11.76 from pot
Masqb: doesn't show hand
*** SUMMARY ***
Total pot $12 | Rake $0.24
Board [3c Jd 8d]
Seat 2: Sunny1022 (big blind) folded on the Flop
Seat 4: Masqb (button) (small blind) collected ($11.76)


PokerStars Hand #146662225268:  Hold'em Limit ($3/$6 USD) - 2016/01/07 23:41:16 ET
Table 'Crommelin' 6-max Seat #2 is the button
Seat 2: Sunny1022 ($128.69 in chips)
Seat 4: Masqb ($86.28 in chips)
Sunny1022: posts small blind $1
Masqb: posts big blind $3
*** HOLE CARDS ***
Sunny1022: raises $3 to $6
Masqb: raises $3 to $9
Sunny1022: calls $3
*** FLOP *** [6s 2h Qh]
Masqb: bets $3
Sunny1022: folds
Uncalled bet ($3) returned to Masqb
Masqb collected $17.64 from pot
Masqb: doesn't show hand
*** SUMMARY ***
Total pot $18 | Rake $0.36
Board [6s 2h Qh]
Seat 2: Sunny1022 (button) (small blind) folded on the Flop
Seat 4: Masqb (big blind) collected ($17.64)


PokerStars Hand #146662235004:  Hold'em Limit ($3/$6 USD) - 2016/01/07 23:41:46 ET
Table 'Crommelin' 6-max Seat #4 is the button
Seat 2: Sunny1022 ($123.69 in chips)
Seat 4: Masqb ($90.92 in chips)
Masqb: posts small blind $1
Sunny1022: posts big blind $3
*** HOLE CARDS ***
Masqb: raises $3 to $6
Sunny1022: calls $3
*** FLOP *** [8d Ac 3c]
Sunny1022: checks
Masqb: bets $3
Sunny1022: calls $3
*** TURN *** [8d Ac 3c] [Js]
Sunny1022: checks
Masqb: checks
*** RIVER *** [8d Ac 3c Js] [Qh]
Sunny1022: bets $6
Masqb: folds
Uncalled bet ($6) returned to Sunny1022
Sunny1022 collected $17.64 from pot
Sunny1022: doesn't show hand
*** SUMMARY ***
Total pot $18 | Rake $0.36
Board [8d Ac 3c Js Qh]
Seat 2: Sunny1022 (big blind) collected ($17.64)
Seat 4: Masqb (button) (small blind) folded on the River


PokerStars Hand #146662241699:  Hold'em Limit ($3/$6 USD) - 2016/01/07 23:42:07 ET
Table 'Crommelin' 6-max Seat #2 is the button
Seat 2: Sunny1022 ($132.33 in chips)
Seat 4: Masqb ($81.92 in chips)
Sunny1022: posts small blind $1
Masqb: posts big blind $3
*** HOLE CARDS ***
Sunny1022: folds
Uncalled bet ($2) returned to Masqb
Masqb collected $2 from pot
Masqb: doesn't show hand
*** SUMMARY ***
Total pot $2 | Rake $0
Seat 2: Sunny1022 (button) (small blind) folded before Flop
Seat 4: Masqb (big blind) collected ($2)


PokerStars Hand #146662245912:  Hold'em Limit ($3/$6 USD) - 2016/01/07 23:42:20 ET
Table 'Crommelin' 6-max Seat #2 is the button
Seat 2: Sunny1022 ($128.33 in chips)
Seat 4: Masqb ($85.92 in chips)
Sunny1022: posts small blind $1
Masqb: posts big blind $3
*** HOLE CARDS ***
Sunny1022: folds
Uncalled bet ($2) returned to Masqb
Masqb collected $2 from pot
Masqb: doesn't show hand
*** SUMMARY ***
Total pot $2 | Rake $0
Seat 2: Sunny1022 (button) (small blind) folded before Flop
Seat 4: Masqb (big blind) collected ($2)


PokerStars Hand #146662243325:  Hold'em Limit ($3/$6 USD) - 2016/01/07 23:42:12 ET
Table 'Crommelin' 6-max Seat #4 is the button
Seat 2: Sunny1022 ($131.33 in chips)
Seat 4: Masqb ($82.92 in chips)
Masqb: posts small blind $1
Sunny1022: posts big blind $3
*** HOLE CARDS ***
Masqb: raises $3 to $6
panman40 joins the table at seat #6
Sunny1022: folds
Uncalled bet ($3) returned to Masqb
Masqb collected $6 from pot
Masqb: doesn't show hand
*** SUMMARY ***
Total pot $6 | Rake $0
Seat 2: Sunny1022 (big blind) folded before Flop
Seat 4: Masqb (button) (small blind) collected ($6)


PokerStars Hand #146662729145:  Hold'em Limit ($3/$6 USD) - 2016/01/08 0:09:19 ET
Table 'Crommelin' 6-max Seat #6 is the button
Seat 5: yayaya ($94.09 in chips)
Seat 6: panman40 ($98.84 in chips)
panman40: posts small blind $1
TorontoSars: is sitting out
yayaya: posts big blind $3
*** HOLE CARDS ***
panman40: raises $3 to $6
TorontoSars leaves the table
yayaya: calls $3
*** FLOP *** [3c 3s Js]
yayaya: checks
panman40: bets $3
yayaya: folds
Uncalled bet ($3) returned to panman40
panman40 collected $11.76 from pot
*** SUMMARY ***
Total pot $12 | Rake $0.24
Board [3c 3s Js]
Seat 5: yayaya (big blind) folded on the Flop
Seat 6: panman40 (button) (small blind) collected ($11.76)


PokerStars Hand #146662740441:  Hold'em Limit ($3/$6 USD) - 2016/01/08 0:09:57 ET
Table 'Crommelin' 6-max Seat #6 is the button
Seat 5: yayaya ($79.09 in chips)
Seat 6: panman40 ($113.24 in chips)
panman40: posts small blind $1
yayaya: posts big blind $3
*** HOLE CARDS ***
panman40: raises $3 to $6
yayaya: raises $3 to $9
panman40: raises $3 to $12
Betting is capped
yayaya: calls $3
*** FLOP *** [Qh 7c 2d]
yayaya: checks
panman40: bets $3
yayaya: folds
Uncalled bet ($3) returned to panman40
panman40 collected $23.52 from pot
panman40: doesn't show hand
*** SUMMARY ***
Total pot $24 | Rake $0.48
Board [Qh 7c 2d]
Seat 5: yayaya (big blind) folded on the Flop
Seat 6: panman40 (button) (small blind) collected ($23.52)


PokerStars Hand #146662735807:  Hold'em Limit ($3/$6 USD) - 2016/01/08 0:09:41 ET
Table 'Crommelin' 6-max Seat #5 is the button
Seat 5: yayaya ($88.09 in chips)
Seat 6: panman40 ($104.60 in chips)
yayaya: posts small blind $1
panman40: posts big blind $3
*** HOLE CARDS ***
yayaya: raises $3 to $6
panman40: raises $3 to $9
yayaya: calls $3
*** FLOP *** [2c 8s 5s]
panman40: bets $3
yayaya: folds
Uncalled bet ($3) returned to panman40
panman40 collected $17.64 from pot
*** SUMMARY ***
Total pot $18 | Rake $0.36
Board [2c 8s 5s]
Seat 5: yayaya (button) (small blind) folded on the Flop
Seat 6: panman40 (big blind) collected ($17.64)


PokerStars Hand #146662745117:  Hold'em Limit ($3/$6 USD) - 2016/01/08 0:10:13 ET
Table 'Crommelin' 6-max Seat #5 is the button
Seat 5: yayaya ($67.09 in chips)
Seat 6: panman40 ($124.76 in chips)
yayaya: posts small blind $1
panman40: posts big blind $3
*** HOLE CARDS ***
yayaya: raises $3 to $6
panman40: raises $3 to $9
yayaya: calls $3
*** FLOP *** [Ad Th 8s]
panman40: bets $3
yayaya: raises $3 to $6
panman40: raises $3 to $9
yayaya: calls $3
*** TURN *** [Ad Th 8s] [4h]
panman40: bets $6
yayaya: calls $6
*** RIVER *** [Ad Th 8s 4h] [Jd]
panman40: bets $6
yayaya: calls $6
*** SHOW DOWN ***
panman40: shows [Jc Ac] (two pair, Aces and Jacks)
yayaya: mucks hand
panman40 collected $59.50 from pot
*** SUMMARY ***
Total pot $60 | Rake $0.50
Board [Ad Th 8s 4h Jd]
Seat 5: yayaya (button) (small blind) mucked
Seat 6: panman40 (big blind) showed [Jc Ac] and won ($59.50) with two pair, Aces and Jacks


PokerStars Hand #146662752773:  Hold'em Limit ($3/$6 USD) - 2016/01/08 0:10:39 ET
Table 'Crommelin' 6-max Seat #6 is the button
Seat 5: yayaya ($37.09 in chips)
Seat 6: panman40 ($154.26 in chips)
panman40: posts small blind $1
yayaya: posts big blind $3
*** HOLE CARDS ***
panman40: raises $3 to $6
yayaya: raises $3 to $9
panman40: raises $3 to $12
Betting is capped
yayaya: calls $3
*** FLOP *** [Ts 7h Ah]
yayaya: bets $3
panman40: raises $3 to $6
yayaya: raises $3 to $9
panman40: raises $3 to $12
Betting is capped
yayaya: calls $3
*** TURN *** [Ts 7h Ah] [Jd]
yayaya: bets $6
panman40: calls $6
*** RIVER *** [Ts 7h Ah Jd] [5d]
yayaya: bets $6
panman40: calls $6
*** SHOW DOWN ***
yayaya: shows [9d As] (a pair of Aces)
panman40: mucks hand
yayaya collected $71.50 from pot
*** SUMMARY ***
Total pot $72 | Rake $0.50
Board [Ts 7h Ah Jd 5d]
Seat 5: yayaya (big blind) showed [9d As] and won ($71.50) with a pair of Aces
Seat 6: panman40 (button) (small blind) mucked


PokerStars Hand #146662765938:  Hold'em Limit ($3/$6 USD) - 2016/01/08 0:11:24 ET
Table 'Crommelin' 6-max Seat #6 is the button
Seat 5: yayaya ($63.59 in chips)
Seat 6: panman40 ($126.90 in chips)
panman40: posts small blind $1
yayaya: posts big blind $3
*** HOLE CARDS ***
panman40: raises $3 to $6
yayaya: calls $3
*** FLOP *** [8d 7s Ad]
yayaya: checks
panman40: bets $3
yayaya: raises $3 to $6
panman40: calls $3
*** TURN *** [8d 7s Ad] [8s]
yayaya: bets $6
panman40: calls $6
*** RIVER *** [8d 7s Ad 8s] [2d]
yayaya: bets $6
panman40: calls $6
*** SHOW DOWN ***
yayaya: shows [Td 9c] (a pair of Eights)
panman40: shows [7h Qs] (two pair, Eights and Sevens)
marker1971 joins the table at seat #1
panman40 collected $47.50 from pot
*** SUMMARY ***
Total pot $48 | Rake $0.50
Board [8d 7s Ad 8s 2d]
Seat 5: yayaya (big blind) showed [Td 9c] and lost with a pair of Eights
Seat 6: panman40 (button) (small blind) showed [7h Qs] and won ($47.50) with two pair, Eights and Sevens


PokerStars Hand #146662761706:  Hold'em Limit ($3/$6 USD) - 2016/01/08 0:11:09 ET
Table 'Crommelin' 6-max Seat #5 is the button
Seat 5: yayaya ($72.59 in chips)
Seat 6: panman40 ($118.26 in chips)
yayaya: posts small blind $1
panman40: posts big blind $3
*** HOLE CARDS ***
yayaya: raises $3 to $6
panman40: calls $3
*** FLOP *** [Ac 5d 8c]
panman40: checks
yayaya: bets $3
panman40: raises $3 to $6
yayaya: folds
Uncalled bet ($3) returned to panman40
panman40 collected $17.64 from pot
panman40: doesn't show hand
*** SUMMARY ***
Total pot $18 | Rake $0.36
Board [Ac 5d 8c]
Seat 5: yayaya (button) (small blind) folded on the Flop
Seat 6: panman40 (big blind) collected ($17.64)


PokerStars Hand #146662771466:  Hold'em Limit ($3/$6 USD) - 2016/01/08 0:11:43 ET
Table 'Crommelin' 6-max Seat #5 is the button
Seat 5: yayaya ($39.59 in chips)
Seat 6: panman40 ($150.40 in chips)
yayaya: posts small blind $1
panman40: posts big blind $3
*** HOLE CARDS ***
yayaya: folds
Uncalled bet ($2) returned to panman40
panman40 collected $2 from pot
*** SUMMARY ***
Total pot $2 | Rake $0
Seat 5: yayaya (button) (small blind) folded before Flop
Seat 6: panman40 (big blind) collected ($2)


PokerStars Hand #146664754016:  Hold'em Limit ($3/$6 USD) - 2016/01/08 2:06:53 ET
Table 'Crommelin' 6-max Seat #6 is the button
Seat 5: kiwibobsea ($140.71 in chips)
Seat 6: pogi74 ($85.61 in chips)
pogi74: posts small blind $1
Agrotait: is sitting out
kiwibobsea: posts big blind $3
*** HOLE CARDS ***
pogi74: folds
Uncalled bet ($2) returned to kiwibobsea
kiwibobsea collected $2 from pot
kiwibobsea: doesn't show hand
Agrotait leaves the table
*** SUMMARY ***
Total pot $2 | Rake $0
Seat 5: kiwibobsea (big blind) collected ($2)
Seat 6: pogi74 (button) (small blind) folded before Flop


