PokerStars Hand #171514532971:  Hold'em Limit ($3/$6 USD) - 2017/06/08 14:02:15 ET
Table 'Crommelin II' 6-max Seat #5 is the button
Seat 4: MTails ($151.19 in chips)
Seat 5: vestimokrec ($120 in chips)
vestimokrec: posts small blind $1
ANIN1337: is sitting out
MTails: posts big blind $3
*** HOLE CARDS ***
vestimokrec: raises $3 to $6
MTails: calls $3
*** FLOP *** [Ks 7d 5s]
MTails: checks
vestimokrec: bets $3
MTails: calls $3
*** TURN *** [Ks 7d 5s] [8d]
MTails: checks
vestimokrec: bets $6
MTails: folds
Uncalled bet ($6) returned to vestimokrec
vestimokrec collected $17.64 from pot
vestimokrec: doesn't show hand
*** SUMMARY ***
Total pot $18 | Rake $0.36
Board [Ks 7d 5s 8d]
Seat 4: MTails (big blind) folded on the Turn
Seat 5: vestimokrec (button) (small blind) collected ($17.64)


PokerStars Hand #171514630334:  Hold'em Limit ($3/$6 USD) - 2017/06/08 14:04:28 ET
Table 'Crommelin II' 6-max Seat #4 is the button
Seat 3: ANIN1337 ($79.87 in chips)
Seat 4: MTails ($147.69 in chips)
MTails: posts small blind $1
ANIN1337: posts big blind $3
*** HOLE CARDS ***
MTails: raises $3 to $6
ANIN1337: folds
Uncalled bet ($3) returned to MTails
MTails collected $6 from pot
*** SUMMARY ***
Total pot $6 | Rake $0
Seat 3: ANIN1337 (big blind) folded before Flop
Seat 4: MTails (button) (small blind) collected ($6)


PokerStars Hand #171514606032:  Hold'em Limit ($3/$6 USD) - 2017/06/08 14:03:55 ET
Table 'Crommelin II' 6-max Seat #3 is the button
Seat 3: ANIN1337 ($103.87 in chips)
Seat 4: MTails ($124.19 in chips)
ANIN1337: posts small blind $1
MTails: posts big blind $3
*** HOLE CARDS ***
ANIN1337: raises $3 to $6
MTails: raises $3 to $9
ANIN1337: calls $3
*** FLOP *** [8c Qd Jh]
MTails: bets $3
ANIN1337: calls $3
*** TURN *** [8c Qd Jh] [6s]
MTails: checks
ANIN1337: bets $6
MTails: raises $6 to $12
vestimokrec joins the table at seat #5
ANIN1337: calls $6
*** RIVER *** [8c Qd Jh 6s] [3c]
MTails: bets $6
ANIN1337: folds
Uncalled bet ($6) returned to MTails
MTails collected $47.50 from pot
*** SUMMARY ***
Total pot $48 | Rake $0.50
Board [8c Qd Jh 6s 3c]
Seat 3: ANIN1337 (button) (small blind) folded on the River
Seat 4: MTails (big blind) collected ($47.50)


PokerStars Hand #171514581644:  Hold'em Limit ($3/$6 USD) - 2017/06/08 14:03:22 ET
Table 'Crommelin II' 6-max Seat #4 is the button
Seat 3: ANIN1337 ($86.37 in chips)
Seat 4: MTails ($142.19 in chips)
MTails: posts small blind $1
ANIN1337: posts big blind $3
*** HOLE CARDS ***
MTails: raises $3 to $6
ANIN1337: raises $3 to $9
MTails: calls $3
*** FLOP *** [Kh 4d 3c]
ANIN1337: bets $3
MTails: calls $3
*** TURN *** [Kh 4d 3c] [Th]
ANIN1337: bets $6
MTails: calls $6
*** RIVER *** [Kh 4d 3c Th] [As]
ANIN1337: bets $6
MTails: folds
Uncalled bet ($6) returned to ANIN1337
ANIN1337 collected $35.50 from pot
*** SUMMARY ***
Total pot $36 | Rake $0.50
Board [Kh 4d 3c Th As]
Seat 3: ANIN1337 (big blind) collected ($35.50)
Seat 4: MTails (button) (small blind) folded on the River


PokerStars Hand #171514660266:  Hold'em Limit ($3/$6 USD) - 2017/06/08 14:05:08 ET
Table 'Crommelin II' 6-max Seat #3 is the button
Seat 3: ANIN1337 ($55.87 in chips)
Seat 4: MTails ($170.95 in chips)
ANIN1337: posts small blind $1
MTails: posts big blind $3
*** HOLE CARDS ***
ANIN1337: raises $3 to $6
MTails: calls $3
*** FLOP *** [9h 3h 7s]
MTails: checks
ANIN1337: bets $3
MTails: raises $3 to $6
ANIN1337: calls $3
*** TURN *** [9h 3h 7s] [Jd]
MTails: bets $6
ANIN1337: calls $6
*** RIVER *** [9h 3h 7s Jd] [Ad]
MTails: bets $6
ANIN1337: folds
Uncalled bet ($6) returned to MTails
MTails collected $35.50 from pot
*** SUMMARY ***
Total pot $36 | Rake $0.50
Board [9h 3h 7s Jd Ad]
Seat 3: ANIN1337 (button) (small blind) folded on the River
Seat 4: MTails (big blind) collected ($35.50)


PokerStars Hand #171514650194:  Hold'em Limit ($3/$6 USD) - 2017/06/08 14:04:55 ET
Table 'Crommelin II' 6-max Seat #4 is the button
Seat 3: ANIN1337 ($61.87 in chips)
Seat 4: MTails ($165.19 in chips)
MTails: posts small blind $1
ANIN1337: posts big blind $3
*** HOLE CARDS ***
MTails: raises $3 to $6
ANIN1337: calls $3
*** FLOP *** [2h As Tc]
ANIN1337: checks
MTails: bets $3
ANIN1337: folds
Uncalled bet ($3) returned to MTails
MTails collected $11.76 from pot
*** SUMMARY ***
Total pot $12 | Rake $0.24
Board [2h As Tc]
Seat 3: ANIN1337 (big blind) folded on the Flop
Seat 4: MTails (button) (small blind) collected ($11.76)


PokerStars Hand #171514635426:  Hold'em Limit ($3/$6 USD) - 2017/06/08 14:04:35 ET
Table 'Crommelin II' 6-max Seat #3 is the button
Seat 3: ANIN1337 ($76.87 in chips)
Seat 4: MTails ($150.69 in chips)
ANIN1337: posts small blind $1
MTails: posts big blind $3
*** HOLE CARDS ***
ANIN1337: raises $3 to $6
MTails: calls $3
*** FLOP *** [Jh 7d Ac]
MTails: checks
ANIN1337: bets $3
MTails: raises $3 to $6
ANIN1337: raises $3 to $9
MTails: calls $3
*** TURN *** [Jh 7d Ac] [7s]
MTails: checks
ANIN1337: checks
*** RIVER *** [Jh 7d Ac 7s] [4c]
MTails: bets $6
ANIN1337: folds
Uncalled bet ($6) returned to MTails
MTails collected $29.50 from pot
*** SUMMARY ***
Total pot $30 | Rake $0.50
Board [Jh 7d Ac 7s 4c]
Seat 3: ANIN1337 (button) (small blind) folded on the River
Seat 4: MTails (big blind) collected ($29.50)


