PokerStars Hand #157158119872:  Hold'em Limit ($3/$6 USD) - 2016/08/11 17:08:02 ET
Table 'Crommelin' 6-max Seat #4 is the button
Seat 4: Tvaraberget ($32.48 in chips)
Seat 6: Chessnok ($155.37 in chips)
Tvaraberget: posts small blind $1
Azrarn: is sitting out
Chessnok: posts big blind $3
*** HOLE CARDS ***
Azrarn leaves the table
Tvaraberget: raises $3 to $6
Chessnok: folds
Uncalled bet ($3) returned to Tvaraberget
vestimokrec joins the table at seat #5
Tvaraberget collected $6 from pot
Tvaraberget: doesn't show hand
*** SUMMARY ***
Total pot $6 | Rake $0
Seat 4: Tvaraberget (button) (small blind) collected ($6)
Seat 6: Chessnok (big blind) folded before Flop


PokerStars Hand #157158125972:  Hold'em Limit ($3/$6 USD) - 2016/08/11 17:08:10 ET
Table 'Crommelin' 6-max Seat #6 is the button
Seat 4: Tvaraberget ($35.48 in chips)
Seat 6: Chessnok ($152.37 in chips)
Chessnok: posts small blind $1
Tvaraberget: posts big blind $3
*** HOLE CARDS ***
Chessnok: raises $3 to $6
Tvaraberget: calls $3
*** FLOP *** [2s 6c Js]
Tvaraberget: checks
Chessnok: bets $3
Tvaraberget: raises $3 to $6
Chessnok: calls $3
*** TURN *** [2s 6c Js] [Ad]
Tvaraberget: bets $6
Chessnok: calls $6
*** RIVER *** [2s 6c Js Ad] [8s]
Tvaraberget: bets $6
Chessnok: raises $6 to $12
Tvaraberget: calls $6
*** SHOW DOWN ***
Chessnok: shows [Ks 6s] (a flush, King high)
Tvaraberget: mucks hand
Chessnok collected $59.50 from pot
*** SUMMARY ***
Total pot $60 | Rake $0.50
Board [2s 6c Js Ad 8s]
Seat 4: Tvaraberget (big blind) mucked
Seat 6: Chessnok (button) (small blind) showed [Ks 6s] and won ($59.50) with a flush, King high


PokerStars Hand #157158241329:  Hold'em Limit ($3/$6 USD) - 2016/08/11 17:10:44 ET
Table 'Crommelin' 6-max Seat #6 is the button
Seat 5: vestimokrec ($137.50 in chips)
Seat 6: batman-K8 ($49.73 in chips)
batman-K8: posts small blind $1
vestimokrec: posts big blind $3
*** HOLE CARDS ***
batman-K8: folds
Uncalled bet ($2) returned to vestimokrec
vestimokrec collected $2 from pot
vestimokrec: doesn't show hand
*** SUMMARY ***
Total pot $2 | Rake $0
Seat 5: vestimokrec (big blind) collected ($2)
Seat 6: batman-K8 (button) (small blind) folded before Flop


PokerStars Hand #157158225767:  Hold'em Limit ($3/$6 USD) - 2016/08/11 17:10:23 ET
Table 'Crommelin' 6-max Seat #5 is the button
Seat 5: vestimokrec ($117 in chips)
Seat 6: batman-K8 ($70.73 in chips)
vestimokrec: posts small blind $1
batman-K8: posts big blind $3
*** HOLE CARDS ***
vestimokrec: raises $3 to $6
batman-K8: calls $3
*** FLOP *** [5h 8s Ah]
batman-K8: bets $3
vestimokrec: calls $3
*** TURN *** [5h 8s Ah] [As]
batman-K8: bets $6
vestimokrec: calls $6
*** RIVER *** [5h 8s Ah As] [4h]
batman-K8: bets $6
vestimokrec: calls $6
*** SHOW DOWN ***
batman-K8: shows [3d Ks] (a pair of Aces)
vestimokrec: shows [Kh 5c] (two pair, Aces and Fives)
vestimokrec collected $41.50 from pot
*** SUMMARY ***
Total pot $42 | Rake $0.50
Board [5h 8s Ah As 4h]
Seat 5: vestimokrec (button) (small blind) showed [Kh 5c] and won ($41.50) with two pair, Aces and Fives
Seat 6: batman-K8 (big blind) showed [3d Ks] and lost with a pair of Aces


PokerStars Hand #157158252521:  Hold'em Limit ($3/$6 USD) - 2016/08/11 17:10:54 ET
Table 'Crommelin' 6-max Seat #6 is the button
Seat 5: vestimokrec ($137.50 in chips)
Seat 6: batman-K8 ($49.73 in chips)
batman-K8: posts small blind $1
vestimokrec: posts big blind $3
*** HOLE CARDS ***
batman-K8: raises $3 to $6
vestimokrec: raises $3 to $9
batman-K8: raises $3 to $12
Betting is capped
vestimokrec: calls $3
*** FLOP *** [Jd 6h Qc]
vestimokrec: checks
batman-K8: bets $3
vestimokrec: raises $3 to $6
batman-K8: raises $3 to $9
vestimokrec: raises $3 to $12
Betting is capped
batman-K8: calls $3
*** TURN *** [Jd 6h Qc] [3d]
vestimokrec: bets $6
batman-K8: raises $6 to $12
vestimokrec: raises $6 to $18
batman-K8: raises $6 to $24
Betting is capped
vestimokrec: calls $6
*** RIVER *** [Jd 6h Qc 3d] [5h]
vestimokrec: bets $6
batman-K8: calls $1.73 and is all-in
Uncalled bet ($4.27) returned to vestimokrec
*** SHOW DOWN ***
vestimokrec: shows [Ac Ah] (a pair of Aces)
batman-K8: shows [Ad Qs] (a pair of Queens)
vestimokrec collected $98.96 from pot
*** SUMMARY ***
Total pot $99.46 | Rake $0.50
Board [Jd 6h Qc 3d 5h]
Seat 5: vestimokrec (big blind) showed [Ac Ah] and won ($98.96) with a pair of Aces
Seat 6: batman-K8 (button) (small blind) showed [Ad Qs] and lost with a pair of Queens


PokerStars Hand #157158245202:  Hold'em Limit ($3/$6 USD) - 2016/08/11 17:10:49 ET
Table 'Crommelin' 6-max Seat #5 is the button
Seat 5: vestimokrec ($138.50 in chips)
Seat 6: batman-K8 ($48.73 in chips)
vestimokrec: posts small blind $1
batman-K8: posts big blind $3
*** HOLE CARDS ***
vestimokrec: folds
Uncalled bet ($2) returned to batman-K8
batman-K8 collected $2 from pot
*** SUMMARY ***
Total pot $2 | Rake $0
Seat 5: vestimokrec (button) (small blind) folded before Flop
Seat 6: batman-K8 (big blind) collected ($2)


PokerStars Hand #157162028834:  Hold'em Limit ($3/$6 USD) - 2016/08/11 18:38:50 ET
Table 'Crommelin' 6-max Seat #5 is the button
Seat 4: BasilAnochin ($30 in chips)
Seat 5: TinaTurner72 ($120 in chips)
TinaTurner72: posts small blind $1
BasilAnochin: posts big blind $3
*** HOLE CARDS ***
TinaTurner72: raises $3 to $6
BasilAnochin: calls $3
*** FLOP *** [5d 7s 9h]
BasilAnochin: checks
TinaTurner72: checks
*** TURN *** [5d 7s 9h] [8d]
BasilAnochin: checks
TinaTurner72: checks
*** RIVER *** [5d 7s 9h 8d] [7c]
BasilAnochin: bets $6
TinaTurner72: folds
Uncalled bet ($6) returned to BasilAnochin
BasilAnochin collected $11.76 from pot
*** SUMMARY ***
Total pot $12 | Rake $0.24
Board [5d 7s 9h 8d 7c]
Seat 4: BasilAnochin (big blind) collected ($11.76)
Seat 5: TinaTurner72 (button) (small blind) folded on the River


PokerStars Hand #157162076185:  Hold'em Limit ($3/$6 USD) - 2016/08/11 18:40:06 ET
Table 'Crommelin' 6-max Seat #5 is the button
Seat 4: BasilAnochin ($11.76 in chips)
Seat 5: TinaTurner72 ($137.50 in chips)
TinaTurner72: posts small blind $1
BasilAnochin: posts big blind $3
*** HOLE CARDS ***
TinaTurner72: raises $3 to $6
BasilAnochin: calls $3
*** FLOP *** [Qc 4s 7h]
BasilAnochin: bets $3
TinaTurner72: raises $3 to $6
BasilAnochin: calls $2.76 and is all-in
Uncalled bet ($0.24) returned to TinaTurner72
*** TURN *** [Qc 4s 7h] [7s]
*** RIVER *** [Qc 4s 7h 7s] [5h]
*** SHOW DOWN ***
BasilAnochin: shows [4d 3s] (two pair, Sevens and Fours)
TinaTurner72: shows [Jh Js] (two pair, Jacks and Sevens)
TinaTurner72 collected $23.05 from pot
*** SUMMARY ***
Total pot $23.52 | Rake $0.47
Board [Qc 4s 7h 7s 5h]
Seat 4: BasilAnochin (big blind) showed [4d 3s] and lost with two pair, Sevens and Fours
Seat 5: TinaTurner72 (button) (small blind) showed [Jh Js] and won ($23.05) with two pair, Jacks and Sevens


PokerStars Hand #157162054947:  Hold'em Limit ($3/$6 USD) - 2016/08/11 18:39:32 ET
Table 'Crommelin' 6-max Seat #4 is the button
Seat 4: BasilAnochin ($35.76 in chips)
Seat 5: TinaTurner72 ($114 in chips)
BasilAnochin: posts small blind $1
TinaTurner72: posts big blind $3
*** HOLE CARDS ***
BasilAnochin: raises $3 to $6
TinaTurner72: calls $3
*** FLOP *** [Qd 5s Jd]
TinaTurner72: checks
BasilAnochin: bets $3
TinaTurner72: raises $3 to $6
BasilAnochin: calls $3
*** TURN *** [Qd 5s Jd] [2c]
TinaTurner72: bets $6
BasilAnochin: calls $6
*** RIVER *** [Qd 5s Jd 2c] [9h]
TinaTurner72: bets $6
BasilAnochin: calls $6
*** SHOW DOWN ***
TinaTurner72: shows [5d Qc] (two pair, Queens and Fives)
BasilAnochin: mucks hand
TinaTurner72 collected $47.50 from pot
*** SUMMARY ***
Total pot $48 | Rake $0.50
Board [Qd 5s Jd 2c 9h]
Seat 4: BasilAnochin (button) (small blind) mucked
Seat 5: TinaTurner72 (big blind) showed [5d Qc] and won ($47.50) with two pair, Queens and Fives


PokerStars Hand #157162051925:  Hold'em Limit ($3/$6 USD) - 2016/08/11 18:39:27 ET
Table 'Crommelin' 6-max Seat #5 is the button
Seat 4: BasilAnochin ($34.76 in chips)
Seat 5: TinaTurner72 ($115 in chips)
TinaTurner72: posts small blind $1
BasilAnochin: posts big blind $3
*** HOLE CARDS ***
TinaTurner72: folds
Uncalled bet ($2) returned to BasilAnochin
BasilAnochin collected $2 from pot
*** SUMMARY ***
Total pot $2 | Rake $0
Seat 4: BasilAnochin (big blind) collected ($2)
Seat 5: TinaTurner72 (button) (small blind) folded before Flop


PokerStars Hand #157162048759:  Hold'em Limit ($3/$6 USD) - 2016/08/11 18:39:22 ET
Table 'Crommelin' 6-max Seat #4 is the button
Seat 4: BasilAnochin ($35.76 in chips)
Seat 5: TinaTurner72 ($114 in chips)
BasilAnochin: posts small blind $1
TinaTurner72: posts big blind $3
*** HOLE CARDS ***
BasilAnochin: folds
Uncalled bet ($2) returned to TinaTurner72
TinaTurner72 collected $2 from pot
TinaTurner72: doesn't show hand
*** SUMMARY ***
Total pot $2 | Rake $0
Seat 4: BasilAnochin (button) (small blind) folded before Flop
Seat 5: TinaTurner72 (big blind) collected ($2)


PokerStars Hand #157162642015:  Hold'em Limit ($3/$6 USD) - 2016/08/11 18:55:43 ET
Table 'Crommelin' 6-max Seat #5 is the button
Seat 3: Kaukadiginte ($119 in chips)
Seat 5: TinaTurner72 ($149.79 in chips)
TinaTurner72: posts small blind $1
Kaukadiginte: posts big blind $3
*** HOLE CARDS ***
TinaTurner72: raises $3 to $6
Kaukadiginte: folds
Uncalled bet ($3) returned to TinaTurner72
TinaTurner72 collected $6 from pot
TinaTurner72: doesn't show hand
*** SUMMARY ***
Total pot $6 | Rake $0
Seat 3: Kaukadiginte (big blind) folded before Flop
Seat 5: TinaTurner72 (button) (small blind) collected ($6)


PokerStars Hand #157162648739:  Hold'em Limit ($3/$6 USD) - 2016/08/11 18:55:57 ET
Table 'Crommelin' 6-max Seat #5 is the button
Seat 3: Kaukadiginte ($119 in chips)
Seat 5: TinaTurner72 ($149.79 in chips)
TinaTurner72: posts small blind $1
Kaukadiginte: posts big blind $3
*** HOLE CARDS ***
TinaTurner72: raises $3 to $6
Kaukadiginte: calls $3
*** FLOP *** [4h Js 6s]
Kaukadiginte: checks
vestimokrec joins the table at seat #4
TinaTurner72: bets $3
Kaukadiginte: calls $3
*** TURN *** [4h Js 6s] [2s]
Kaukadiginte: checks
TinaTurner72: checks
*** RIVER *** [4h Js 6s 2s] [3h]
Kaukadiginte: bets $6
TinaTurner72: raises $6 to $12
Kaukadiginte: folds
Uncalled bet ($6) returned to TinaTurner72
TinaTurner72 collected $29.50 from pot
TinaTurner72: doesn't show hand
*** SUMMARY ***
Total pot $30 | Rake $0.50
Board [4h Js 6s 2s 3h]
Seat 3: Kaukadiginte (big blind) folded on the River
Seat 5: TinaTurner72 (button) (small blind) collected ($29.50)


PokerStars Hand #157162645366:  Hold'em Limit ($3/$6 USD) - 2016/08/11 18:55:50 ET
Table 'Crommelin' 6-max Seat #3 is the button
Seat 3: Kaukadiginte ($116 in chips)
Seat 5: TinaTurner72 ($152.79 in chips)
Kaukadiginte: posts small blind $1
TinaTurner72: posts big blind $3
*** HOLE CARDS ***
Kaukadiginte: raises $3 to $6
TinaTurner72: folds
Uncalled bet ($3) returned to Kaukadiginte
Kaukadiginte collected $6 from pot
Kaukadiginte: doesn't show hand
*** SUMMARY ***
Total pot $6 | Rake $0
Seat 3: Kaukadiginte (button) (small blind) collected ($6)
Seat 5: TinaTurner72 (big blind) folded before Flop


PokerStars Hand #157162665784:  Hold'em Limit ($3/$6 USD) - 2016/08/11 18:56:32 ET
Table 'Crommelin' 6-max Seat #3 is the button
Seat 3: Kaukadiginte ($104 in chips)
Seat 5: TinaTurner72 ($164.29 in chips)
Kaukadiginte: posts small blind $1
TinaTurner72: posts big blind $3
*** HOLE CARDS ***
Kaukadiginte: calls $2
TinaTurner72: checks
*** FLOP *** [5c Kc Ks]
TinaTurner72: checks
Kaukadiginte: checks
*** TURN *** [5c Kc Ks] [Tc]
TinaTurner72: checks
Kaukadiginte: bets $6
TinaTurner72: folds
Uncalled bet ($6) returned to Kaukadiginte
Kaukadiginte collected $5.88 from pot
Kaukadiginte: doesn't show hand
*** SUMMARY ***
Total pot $6 | Rake $0.12
Board [5c Kc Ks Tc]
Seat 3: Kaukadiginte (button) (small blind) collected ($5.88)
Seat 5: TinaTurner72 (big blind) folded on the Turn


PokerStars Hand #157162676485:  Hold'em Limit ($3/$6 USD) - 2016/08/11 18:56:53 ET
Table 'Crommelin' 6-max Seat #5 is the button
Seat 3: Kaukadiginte ($106.88 in chips)
Seat 5: TinaTurner72 ($161.29 in chips)
TinaTurner72: posts small blind $1
Kaukadiginte: posts big blind $3
*** HOLE CARDS ***
TinaTurner72: raises $3 to $6
Kaukadiginte: calls $3
*** FLOP *** [3s 2d 9s]
Kaukadiginte: checks
TinaTurner72: bets $3
Kaukadiginte: folds
Uncalled bet ($3) returned to TinaTurner72
TinaTurner72 collected $11.76 from pot
TinaTurner72: doesn't show hand
*** SUMMARY ***
Total pot $12 | Rake $0.24
Board [3s 2d 9s]
Seat 3: Kaukadiginte (big blind) folded on the Flop
Seat 5: TinaTurner72 (button) (small blind) collected ($11.76)


PokerStars Hand #157162683650:  Hold'em Limit ($3/$6 USD) - 2016/08/11 18:57:08 ET
Table 'Crommelin' 6-max Seat #3 is the button
Seat 3: Kaukadiginte ($100.88 in chips)
Seat 5: TinaTurner72 ($167.05 in chips)
Kaukadiginte: posts small blind $1
TinaTurner72: posts big blind $3
*** HOLE CARDS ***
Kaukadiginte: calls $2
Hannibal2211 joins the table at seat #6
TinaTurner72: checks
*** FLOP *** [6s Qc Qh]
TinaTurner72: checks
Kaukadiginte: checks
*** TURN *** [6s Qc Qh] [7s]
TinaTurner72: checks
Kaukadiginte: bets $6
jestanie joins the table at seat #1
TinaTurner72: folds
Uncalled bet ($6) returned to Kaukadiginte
Kaukadiginte collected $5.88 from pot
Kaukadiginte: doesn't show hand
*** SUMMARY ***
Total pot $6 | Rake $0.12
Board [6s Qc Qh 7s]
Seat 3: Kaukadiginte (button) (small blind) collected ($5.88)
Seat 5: TinaTurner72 (big blind) folded on the Turn


PokerStars Hand #157163851729:  Hold'em Limit ($3/$6 USD) - 2016/08/11 19:32:33 ET
Table 'Crommelin' 6-max Seat #6 is the button
Seat 2: evilelvis13 ($4.31 in chips)
Seat 6: Hannibal2211 ($125.37 in chips)
Hannibal2211: posts small blind $1
evilelvis13: posts big blind $3
*** HOLE CARDS ***
Hannibal2211: folds
Uncalled bet ($2) returned to evilelvis13
evilelvis13 collected $2 from pot
evilelvis13: doesn't show hand
*** SUMMARY ***
Total pot $2 | Rake $0
Seat 2: evilelvis13 (big blind) collected ($2)
Seat 6: Hannibal2211 (button) (small blind) folded before Flop


PokerStars Hand #157163836187:  Hold'em Limit ($3/$6 USD) - 2016/08/11 19:32:03 ET
Table 'Crommelin' 6-max Seat #2 is the button
Seat 2: evilelvis13 ($25.31 in chips)
Seat 6: Hannibal2211 ($104.87 in chips)
evilelvis13: posts small blind $1
wobetting: is sitting out
Hannibal2211: posts big blind $3
*** HOLE CARDS ***
evilelvis13: calls $2
Hannibal2211: raises $3 to $6
evilelvis13: calls $3
*** FLOP *** [7c 3s 2d]
Hannibal2211: bets $3
evilelvis13: calls $3
*** TURN *** [7c 3s 2d] [4c]
Hannibal2211: checks
evilelvis13: bets $6
Hannibal2211: calls $6
*** RIVER *** [7c 3s 2d 4c] [6d]
Hannibal2211: checks
evilelvis13: bets $6
Hannibal2211: calls $6
*** SHOW DOWN ***
evilelvis13: shows [Kd 8h] (high card King)
Hannibal2211: shows [Ac Jc] (high card Ace)
Hannibal2211 collected $41.50 from pot
*** SUMMARY ***
Total pot $42 | Rake $0.50
Board [7c 3s 2d 4c 6d]
Seat 2: evilelvis13 (button) (small blind) showed [Kd 8h] and lost with high card King
Seat 6: Hannibal2211 (big blind) showed [Ac Jc] and won ($41.50) with high card Ace


PokerStars Hand #157163854931:  Hold'em Limit ($3/$6 USD) - 2016/08/11 19:32:40 ET
Table 'Crommelin' 6-max Seat #2 is the button
Seat 2: evilelvis13 ($5.31 in chips)
Seat 6: Hannibal2211 ($124.37 in chips)
evilelvis13: posts small blind $1
Hannibal2211: posts big blind $3
*** HOLE CARDS ***
evilelvis13: raises $2.31 to $5.31 and is all-in
Hannibal2211: calls $2.31
*** FLOP *** [Th 8s 3c]
*** TURN *** [Th 8s 3c] [6h]
*** RIVER *** [Th 8s 3c 6h] [Kh]
*** SHOW DOWN ***
Hannibal2211: shows [Kc 7d] (a pair of Kings)
evilelvis13: shows [4d Kd] (a pair of Kings - lower kicker)
Hannibal2211 collected $10.41 from pot
*** SUMMARY ***
Total pot $10.62 | Rake $0.21
Board [Th 8s 3c 6h Kh]
Seat 2: evilelvis13 (button) (small blind) showed [4d Kd] and lost with a pair of Kings
Seat 6: Hannibal2211 (big blind) showed [Kc 7d] and won ($10.41) with a pair of Kings


