PokerStars Hand #156287397479:  Hold'em Limit ($3/$6 USD) - 2016/07/22 4:28:15 ET
Table 'Crommelin' 6-max Seat #2 is the button
Seat 1: GKerrPGC ($62.50 in chips)
Seat 2: Ag3r0n ($72 in chips)
Ag3r0n: posts small blind $1
GKerrPGC: posts big blind $3
*** HOLE CARDS ***
Ag3r0n: raises $3 to $6
GKerrPGC: calls $3
*** FLOP *** [9s 4c 5d]
GKerrPGC: checks
Ag3r0n: checks
*** TURN *** [9s 4c 5d] [8d]
GKerrPGC: bets $6
Ag3r0n: folds
Uncalled bet ($6) returned to GKerrPGC
GKerrPGC collected $11.76 from pot
*** SUMMARY ***
Total pot $12 | Rake $0.24
Board [9s 4c 5d 8d]
Seat 1: GKerrPGC (big blind) collected ($11.76)
Seat 2: Ag3r0n (button) (small blind) folded on the Turn


PokerStars Hand #156287390815:  Hold'em Limit ($3/$6 USD) - 2016/07/22 4:27:52 ET
Table 'Crommelin' 6-max Seat #1 is the button
Seat 1: GKerrPGC ($39 in chips)
Seat 2: Ag3r0n ($72 in chips)
GKerrPGC: posts small blind $1
Ag3r0n: posts big blind $3
*** HOLE CARDS ***
GKerrPGC: raises $3 to $6
Ag3r0n: calls $3
*** FLOP *** [6s 6d 9d]
Ag3r0n: checks
GKerrPGC: bets $3
Ag3r0n: raises $3 to $6
GKerrPGC: calls $3
*** TURN *** [6s 6d 9d] [3c]
Ag3r0n: bets $6
GKerrPGC: calls $6
*** RIVER *** [6s 6d 9d 3c] [2c]
Ag3r0n: bets $6
GKerrPGC: calls $6
*** SHOW DOWN ***
Ag3r0n: shows [7s 8c] (a pair of Sixes)
GKerrPGC: shows [Ac Qs] (a pair of Sixes - Ace kicker)
GKerrPGC collected $47.50 from pot
*** SUMMARY ***
Total pot $48 | Rake $0.50
Board [6s 6d 9d 3c 2c]
Seat 1: GKerrPGC (button) (small blind) showed [Ac Qs] and won ($47.50) with a pair of Sixes
Seat 2: Ag3r0n (big blind) showed [7s 8c] and lost with a pair of Sixes


PokerStars Hand #156287402444:  Hold'em Limit ($3/$6 USD) - 2016/07/22 4:28:32 ET
Table 'Crommelin' 6-max Seat #1 is the button
Seat 1: GKerrPGC ($68.26 in chips)
Seat 2: Ag3r0n ($72 in chips)
GKerrPGC: posts small blind $1
Ag3r0n: posts big blind $3
*** HOLE CARDS ***
GKerrPGC: raises $3 to $6
Ag3r0n: raises $3 to $9
GKerrPGC: calls $3
*** FLOP *** [5d 7c 2s]
Ag3r0n: bets $3
GKerrPGC: calls $3
*** TURN *** [5d 7c 2s] [7d]
Ag3r0n: bets $6
GKerrPGC: folds
Uncalled bet ($6) returned to Ag3r0n
Ag3r0n collected $23.52 from pot
*** SUMMARY ***
Total pot $24 | Rake $0.48
Board [5d 7c 2s 7d]
Seat 1: GKerrPGC (button) (small blind) folded on the Turn
Seat 2: Ag3r0n (big blind) collected ($23.52)


PokerStars Hand #156287418139:  Hold'em Limit ($3/$6 USD) - 2016/07/22 4:29:26 ET
Table 'Crommelin' 6-max Seat #2 is the button
Seat 1: GKerrPGC ($73.76 in chips)
Seat 2: Ag3r0n ($72 in chips)
Ag3r0n: posts small blind $1
GKerrPGC: posts big blind $3
*** HOLE CARDS ***
Ag3r0n: raises $3 to $6
GKerrPGC: calls $3
*** FLOP *** [8c Ah 6s]
GKerrPGC: checks
Ag3r0n: bets $3
GKerrPGC: folds
Uncalled bet ($3) returned to Ag3r0n
Ag3r0n collected $11.76 from pot
*** SUMMARY ***
Total pot $12 | Rake $0.24
Board [8c Ah 6s]
Seat 1: GKerrPGC (big blind) folded on the Flop
Seat 2: Ag3r0n (button) (small blind) collected ($11.76)


PokerStars Hand #156287409593:  Hold'em Limit ($3/$6 USD) - 2016/07/22 4:28:56 ET
Table 'Crommelin' 6-max Seat #1 is the button
Seat 1: GKerrPGC ($50.26 in chips)
Seat 2: Ag3r0n ($89.28 in chips)
GKerrPGC: posts small blind $1
Ag3r0n: posts big blind $3
*** HOLE CARDS ***
GKerrPGC: raises $3 to $6
Ag3r0n: calls $3
*** FLOP *** [9d Ad 2c]
Ag3r0n: checks
GKerrPGC: bets $3
Ag3r0n: raises $3 to $6
GKerrPGC: calls $3
*** TURN *** [9d Ad 2c] [6c]
Ag3r0n: bets $6
GKerrPGC: raises $6 to $12
Ag3r0n: calls $6
*** RIVER *** [9d Ad 2c 6c] [4s]
Ag3r0n: checks
GKerrPGC: bets $6
Ag3r0n: folds
Uncalled bet ($6) returned to GKerrPGC
GKerrPGC collected $47.50 from pot
*** SUMMARY ***
Total pot $48 | Rake $0.50
Board [9d Ad 2c 6c 4s]
Seat 1: GKerrPGC (button) (small blind) collected ($47.50)
Seat 2: Ag3r0n (big blind) folded on the River


PokerStars Hand #156287406805:  Hold'em Limit ($3/$6 USD) - 2016/07/22 4:28:47 ET
Table 'Crommelin' 6-max Seat #2 is the button
Seat 1: GKerrPGC ($56.26 in chips)
Seat 2: Ag3r0n ($83.52 in chips)
Ag3r0n: posts small blind $1
GKerrPGC: posts big blind $3
*** HOLE CARDS ***
Ag3r0n: raises $3 to $6
GKerrPGC: calls $3
*** FLOP *** [Jd Qd 7s]
GKerrPGC: checks
Ag3r0n: bets $3
GKerrPGC: folds
Uncalled bet ($3) returned to Ag3r0n
Ag3r0n collected $11.76 from pot
*** SUMMARY ***
Total pot $12 | Rake $0.24
Board [Jd Qd 7s]
Seat 1: GKerrPGC (big blind) folded on the Flop
Seat 2: Ag3r0n (button) (small blind) collected ($11.76)


PokerStars Hand #156287430414:  Hold'em Limit ($3/$6 USD) - 2016/07/22 4:30:07 ET
Table 'Crommelin' 6-max Seat #2 is the button
Seat 1: GKerrPGC ($79.28 in chips)
Seat 2: Ag3r0n ($72 in chips)
Ag3r0n: posts small blind $1
GKerrPGC: posts big blind $3
*** HOLE CARDS ***
Ag3r0n: raises $3 to $6
GKerrPGC: folds
Uncalled bet ($3) returned to Ag3r0n
Ag3r0n collected $6 from pot
*** SUMMARY ***
Total pot $6 | Rake $0
Seat 1: GKerrPGC (big blind) folded before Flop
Seat 2: Ag3r0n (button) (small blind) collected ($6)


PokerStars Hand #156287420711:  Hold'em Limit ($3/$6 USD) - 2016/07/22 4:29:35 ET
Table 'Crommelin' 6-max Seat #1 is the button
Seat 1: GKerrPGC ($67.76 in chips)
Seat 2: Ag3r0n ($77.76 in chips)
GKerrPGC: posts small blind $1
Ag3r0n: posts big blind $3
*** HOLE CARDS ***
GKerrPGC: raises $3 to $6
Ag3r0n: calls $3
*** FLOP *** [Kc Jd 2d]
Ag3r0n: checks
GKerrPGC: checks
*** TURN *** [Kc Jd 2d] [6c]
Ag3r0n: checks
GKerrPGC: bets $6
Ag3r0n: calls $6
*** RIVER *** [Kc Jd 2d 6c] [8c]
Ag3r0n: checks
GKerrPGC: bets $6
Ag3r0n: folds
Uncalled bet ($6) returned to GKerrPGC
GKerrPGC collected $23.52 from pot
*** SUMMARY ***
Total pot $24 | Rake $0.48
Board [Kc Jd 2d 6c 8c]
Seat 1: GKerrPGC (button) (small blind) collected ($23.52)
Seat 2: Ag3r0n (big blind) folded on the River


PokerStars Hand #156287432034:  Hold'em Limit ($3/$6 USD) - 2016/07/22 4:30:13 ET
Table 'Crommelin' 6-max Seat #1 is the button
Seat 1: GKerrPGC ($76.28 in chips)
Seat 2: Ag3r0n ($75 in chips)
GKerrPGC: posts small blind $1
Ag3r0n: posts big blind $3
*** HOLE CARDS ***
GKerrPGC: folds
Uncalled bet ($2) returned to Ag3r0n
Ag3r0n collected $2 from pot
GKerrPGC leaves the table
*** SUMMARY ***
Total pot $2 | Rake $0
Seat 1: GKerrPGC (button) (small blind) folded before Flop
Seat 2: Ag3r0n (big blind) collected ($2)


