PokerStars Hand #160926988281:  Hold'em Limit ($3/$6 USD) - 2016/11/05 5:51:33 ET
Table 'Cruithne' 6-max Seat #6 is the button
Seat 2: Fabulous108 ($286.69 in chips)
Seat 6: tedros404 ($295.04 in chips)
tedros404: posts small blind $1
Fabulous108: posts big blind $3
*** HOLE CARDS ***
tedros404: raises $3 to $6
Fabulous108: folds
Uncalled bet ($3) returned to tedros404
tedros404 collected $6 from pot
tedros404: doesn't show hand
*** SUMMARY ***
Total pot $6 | Rake $0
Seat 2: Fabulous108 (big blind) folded before Flop
Seat 6: tedros404 (button) (small blind) collected ($6)


PokerStars Hand #160926979144:  Hold'em Limit ($3/$6 USD) - 2016/11/05 5:51:12 ET
Table 'Cruithne' 6-max Seat #2 is the button
Seat 2: Fabulous108 ($280.93 in chips)
Seat 6: tedros404 ($301.04 in chips)
Fabulous108: posts small blind $1
sim5sim5: is sitting out
swics1202: is sitting out
tedros404: posts big blind $3
*** HOLE CARDS ***
Fabulous108: raises $3 to $6
swics1202 leaves the table
tedros404: calls $3
*** FLOP *** [7s Qs As]
tedros404: folds
Fabulous108 collected $11.76 from pot
Fabulous108: doesn't show hand
*** SUMMARY ***
Total pot $12 | Rake $0.24
Board [7s Qs As]
Seat 2: Fabulous108 (button) (small blind) collected ($11.76)
Seat 6: tedros404 (big blind) folded on the Flop


PokerStars Hand #160927055225:  Hold'em Limit ($3/$6 USD) - 2016/11/05 5:54:09 ET
Table 'Cruithne' 6-max Seat #2 is the button
Seat 2: Fabulous108 ($285 in chips)
Seat 6: tedros404 ($316.10 in chips)
Fabulous108: posts small blind $1
tedros404: posts big blind $3
*** HOLE CARDS ***
Fabulous108: raises $3 to $6
tedros404: folds
Uncalled bet ($3) returned to Fabulous108
Fabulous108 collected $6 from pot
Fabulous108: doesn't show hand
*** SUMMARY ***
Total pot $6 | Rake $0
Seat 2: Fabulous108 (button) (small blind) collected ($6)
Seat 6: tedros404 (big blind) folded before Flop


PokerStars Hand #160927044067:  Hold'em Limit ($3/$6 USD) - 2016/11/05 5:53:44 ET
Table 'Cruithne' 6-max Seat #6 is the button
Seat 2: Fabulous108 ($282.12 in chips)
Seat 6: tedros404 ($319.10 in chips)
tedros404: posts small blind $1
Fabulous108: posts big blind $3
*** HOLE CARDS ***
tedros404: calls $2
Fabulous108: checks
*** FLOP *** [8c 4c 3h]
Fabulous108: checks
tedros404: checks
*** TURN *** [8c 4c 3h] [Jd]
Fabulous108: checks
tedros404: checks
*** RIVER *** [8c 4c 3h Jd] [8d]
Fabulous108: bets $6
tedros404: folds
Uncalled bet ($6) returned to Fabulous108
Fabulous108 collected $5.88 from pot
Fabulous108: doesn't show hand
*** SUMMARY ***
Total pot $6 | Rake $0.12
Board [8c 4c 3h Jd 8d]
Seat 2: Fabulous108 (big blind) collected ($5.88)
Seat 6: tedros404 (button) (small blind) folded on the River


PokerStars Hand #160927351964:  Hold'em Limit ($3/$6 USD) - 2016/11/05 6:05:51 ET
Table 'Cruithne' 6-max Seat #1 is the button
Seat 1: SLK500 ($71.75 in chips)
Seat 6: tedros404 ($346.45 in chips)
SLK500: posts small blind $1
Fabulous108: is sitting out
tedros404: posts big blind $3
*** HOLE CARDS ***
SLK500: raises $3 to $6
tedros404: folds
Uncalled bet ($3) returned to SLK500
SLK500 collected $6 from pot
SLK500: doesn't show hand
*** SUMMARY ***
Total pot $6 | Rake $0
Seat 1: SLK500 (button) (small blind) collected ($6)
Seat 6: tedros404 (big blind) folded before Flop


PokerStars Hand #160927358268:  Hold'em Limit ($3/$6 USD) - 2016/11/05 6:06:05 ET
Table 'Cruithne' 6-max Seat #1 is the button
Seat 1: SLK500 ($75.75 in chips)
Seat 6: tedros404 ($342.45 in chips)
SLK500: posts small blind $1
tedros404: posts big blind $3
*** HOLE CARDS ***
SLK500: folds
Uncalled bet ($2) returned to tedros404
tedros404 collected $2 from pot
tedros404: doesn't show hand
*** SUMMARY ***
Total pot $2 | Rake $0
Seat 1: SLK500 (button) (small blind) folded before Flop
Seat 6: tedros404 (big blind) collected ($2)


PokerStars Hand #160927355703:  Hold'em Limit ($3/$6 USD) - 2016/11/05 6:06:00 ET
Table 'Cruithne' 6-max Seat #6 is the button
Seat 1: SLK500 ($74.75 in chips)
Seat 6: tedros404 ($343.45 in chips)
tedros404: posts small blind $1
SLK500: posts big blind $3
*** HOLE CARDS ***
tedros404: folds
Uncalled bet ($2) returned to SLK500
SLK500 collected $2 from pot
SLK500: doesn't show hand
*** SUMMARY ***
Total pot $2 | Rake $0
Seat 1: SLK500 (big blind) collected ($2)
Seat 6: tedros404 (button) (small blind) folded before Flop


PokerStars Hand #160927362855:  Hold'em Limit ($3/$6 USD) - 2016/11/05 6:06:15 ET
Table 'Cruithne' 6-max Seat #1 is the button
Seat 1: SLK500 ($75.75 in chips)
Seat 6: tedros404 ($342.45 in chips)
SLK500: posts small blind $1
tedros404: posts big blind $3
*** HOLE CARDS ***
SLK500: folds
Uncalled bet ($2) returned to tedros404
tedros404 collected $2 from pot
tedros404: doesn't show hand
*** SUMMARY ***
Total pot $2 | Rake $0
Seat 1: SLK500 (button) (small blind) folded before Flop
Seat 6: tedros404 (big blind) collected ($2)


PokerStars Hand #160927360496:  Hold'em Limit ($3/$6 USD) - 2016/11/05 6:06:10 ET
Table 'Cruithne' 6-max Seat #6 is the button
Seat 1: SLK500 ($74.75 in chips)
Seat 6: tedros404 ($343.45 in chips)
tedros404: posts small blind $1
SLK500: posts big blind $3
*** HOLE CARDS ***
tedros404: folds
Uncalled bet ($2) returned to SLK500
SLK500 collected $2 from pot
SLK500: doesn't show hand
*** SUMMARY ***
Total pot $2 | Rake $0
Seat 1: SLK500 (big blind) collected ($2)
Seat 6: tedros404 (button) (small blind) folded before Flop


PokerStars Hand #160927372744:  Hold'em Limit ($3/$6 USD) - 2016/11/05 6:06:37 ET
Table 'Cruithne' 6-max Seat #1 is the button
Seat 1: SLK500 ($79.75 in chips)
Seat 6: tedros404 ($338.45 in chips)
SLK500: posts small blind $1
tedros404: posts big blind $3
*** HOLE CARDS ***
SLK500: folds
Uncalled bet ($2) returned to tedros404
tedros404 collected $2 from pot
tedros404: doesn't show hand
*** SUMMARY ***
Total pot $2 | Rake $0
Seat 1: SLK500 (button) (small blind) folded before Flop
Seat 6: tedros404 (big blind) collected ($2)


PokerStars Hand #160927370257:  Hold'em Limit ($3/$6 USD) - 2016/11/05 6:06:32 ET
Table 'Cruithne' 6-max Seat #6 is the button
Seat 1: SLK500 ($78.75 in chips)
Seat 6: tedros404 ($339.45 in chips)
tedros404: posts small blind $1
SLK500: posts big blind $3
*** HOLE CARDS ***
tedros404: folds
Uncalled bet ($2) returned to SLK500
SLK500 collected $2 from pot
SLK500: doesn't show hand
*** SUMMARY ***
Total pot $2 | Rake $0
Seat 1: SLK500 (big blind) collected ($2)
Seat 6: tedros404 (button) (small blind) folded before Flop


PokerStars Hand #160927375069:  Hold'em Limit ($3/$6 USD) - 2016/11/05 6:06:42 ET
Table 'Cruithne' 6-max Seat #6 is the button
Seat 1: SLK500 ($78.75 in chips)
Seat 6: tedros404 ($339.45 in chips)
tedros404: posts small blind $1
SLK500: posts big blind $3
*** HOLE CARDS ***
tedros404: folds
Uncalled bet ($2) returned to SLK500
SLK500 collected $2 from pot
SLK500: doesn't show hand
*** SUMMARY ***
Total pot $2 | Rake $0
Seat 1: SLK500 (big blind) collected ($2)
Seat 6: tedros404 (button) (small blind) folded before Flop


PokerStars Hand #160927387556:  Hold'em Limit ($3/$6 USD) - 2016/11/05 6:07:09 ET
Table 'Cruithne' 6-max Seat #6 is the button
Seat 1: SLK500 ($85.51 in chips)
Seat 6: tedros404 ($332.45 in chips)
tedros404: posts small blind $1
SLK500: posts big blind $3
*** HOLE CARDS ***
tedros404: folds
Uncalled bet ($2) returned to SLK500
SLK500 collected $2 from pot
SLK500: doesn't show hand
*** SUMMARY ***
Total pot $2 | Rake $0
Seat 1: SLK500 (big blind) collected ($2)
Seat 6: tedros404 (button) (small blind) folded before Flop


PokerStars Hand #160927377418:  Hold'em Limit ($3/$6 USD) - 2016/11/05 6:06:47 ET
Table 'Cruithne' 6-max Seat #1 is the button
Seat 1: SLK500 ($79.75 in chips)
Seat 6: tedros404 ($338.45 in chips)
SLK500: posts small blind $1
tedros404: posts big blind $3
*** HOLE CARDS ***
SLK500: calls $2
tedros404: checks
*** FLOP *** [6s Kd 2s]
tedros404: checks
SLK500: bets $3
tedros404: calls $3
*** TURN *** [6s Kd 2s] [8h]
tedros404: checks
SLK500: checks
*** RIVER *** [6s Kd 2s 8h] [Ad]
tedros404: checks
SLK500: bets $6
tedros404: folds
Uncalled bet ($6) returned to SLK500
SLK500 collected $11.76 from pot
SLK500: doesn't show hand
*** SUMMARY ***
Total pot $12 | Rake $0.24
Board [6s Kd 2s 8h Ad]
Seat 1: SLK500 (button) (small blind) collected ($11.76)
Seat 6: tedros404 (big blind) folded on the River


PokerStars Hand #160927389941:  Hold'em Limit ($3/$6 USD) - 2016/11/05 6:07:15 ET
Table 'Cruithne' 6-max Seat #1 is the button
Seat 1: SLK500 ($86.51 in chips)
Seat 6: tedros404 ($331.45 in chips)
SLK500: posts small blind $1
tedros404: posts big blind $3
*** HOLE CARDS ***
SLK500: raises $3 to $6
tedros404: folds
Uncalled bet ($3) returned to SLK500
SLK500 collected $6 from pot
SLK500: doesn't show hand
*** SUMMARY ***
Total pot $6 | Rake $0
Seat 1: SLK500 (button) (small blind) collected ($6)
Seat 6: tedros404 (big blind) folded before Flop


PokerStars Hand #160927367671:  Hold'em Limit ($3/$6 USD) - 2016/11/05 6:06:26 ET
Table 'Cruithne' 6-max Seat #1 is the button
Seat 1: SLK500 ($75.75 in chips)
Seat 6: tedros404 ($342.45 in chips)
SLK500: posts small blind $1
tedros404: posts big blind $3
*** HOLE CARDS ***
SLK500: raises $3 to $6
tedros404: folds
Uncalled bet ($3) returned to SLK500
SLK500 collected $6 from pot
SLK500: doesn't show hand
*** SUMMARY ***
Total pot $6 | Rake $0
Seat 1: SLK500 (button) (small blind) collected ($6)
Seat 6: tedros404 (big blind) folded before Flop


PokerStars Hand #160927365345:  Hold'em Limit ($3/$6 USD) - 2016/11/05 6:06:21 ET
Table 'Cruithne' 6-max Seat #6 is the button
Seat 1: SLK500 ($74.75 in chips)
Seat 6: tedros404 ($343.45 in chips)
tedros404: posts small blind $1
SLK500: posts big blind $3
*** HOLE CARDS ***
tedros404: folds
Uncalled bet ($2) returned to SLK500
SLK500 collected $2 from pot
SLK500: doesn't show hand
*** SUMMARY ***
Total pot $2 | Rake $0
Seat 1: SLK500 (big blind) collected ($2)
Seat 6: tedros404 (button) (small blind) folded before Flop


PokerStars Hand #160927394990:  Hold'em Limit ($3/$6 USD) - 2016/11/05 6:07:26 ET
Table 'Cruithne' 6-max Seat #1 is the button
Seat 1: SLK500 ($90.51 in chips)
Seat 6: tedros404 ($327.45 in chips)
SLK500: posts small blind $1
tedros404: posts big blind $3
*** HOLE CARDS ***
SLK500: raises $3 to $6
tedros404: calls $3
*** FLOP *** [5h 6d As]
tedros404: checks
SLK500: bets $3
tedros404: calls $3
*** TURN *** [5h 6d As] [5s]
tedros404: checks
SLK500: checks
*** RIVER *** [5h 6d As 5s] [2s]
tedros404: checks
SLK500: checks
*** SHOW DOWN ***
tedros404: shows [7c 9h] (a pair of Fives)
SLK500: shows [Ts Jc] (a pair of Fives - Ace+Jack kicker)
SLK500 collected $17.64 from pot
*** SUMMARY ***
Total pot $18 | Rake $0.36
Board [5h 6d As 5s 2s]
Seat 1: SLK500 (button) (small blind) showed [Ts Jc] and won ($17.64) with a pair of Fives
Seat 6: tedros404 (big blind) showed [7c 9h] and lost with a pair of Fives


PokerStars Hand #160927406136:  Hold'em Limit ($3/$6 USD) - 2016/11/05 6:07:50 ET
Table 'Cruithne' 6-max Seat #6 is the button
Seat 1: SLK500 ($99.15 in chips)
Seat 6: tedros404 ($318.45 in chips)
tedros404: posts small blind $1
SLK500: posts big blind $3
*** HOLE CARDS ***
tedros404: raises $3 to $6
SLK500: calls $3
*** FLOP *** [4d 3c 4h]
SLK500: checks
tedros404: bets $3
SLK500: folds
Uncalled bet ($3) returned to tedros404
tedros404 collected $11.76 from pot
tedros404: doesn't show hand
*** SUMMARY ***
Total pot $12 | Rake $0.24
Board [4d 3c 4h]
Seat 1: SLK500 (big blind) folded on the Flop
Seat 6: tedros404 (button) (small blind) collected ($11.76)


PokerStars Hand #160927392433:  Hold'em Limit ($3/$6 USD) - 2016/11/05 6:07:20 ET
Table 'Cruithne' 6-max Seat #6 is the button
Seat 1: SLK500 ($89.51 in chips)
Seat 6: tedros404 ($328.45 in chips)
tedros404: posts small blind $1
SLK500: posts big blind $3
*** HOLE CARDS ***
tedros404: folds
Uncalled bet ($2) returned to SLK500
SLK500 collected $2 from pot
SLK500: doesn't show hand
*** SUMMARY ***
Total pot $2 | Rake $0
Seat 1: SLK500 (big blind) collected ($2)
Seat 6: tedros404 (button) (small blind) folded before Flop


PokerStars Hand #160927425426:  Hold'em Limit ($3/$6 USD) - 2016/11/05 6:08:33 ET
Table 'Cruithne' 6-max Seat #1 is the button
Seat 1: SLK500 ($79.15 in chips)
Seat 6: tedros404 ($337.71 in chips)
SLK500: posts small blind $1
tedros404: posts big blind $3
*** HOLE CARDS ***
SLK500: raises $3 to $6
tedros404: calls $3
*** FLOP *** [Qd 9c 2s]
tedros404: checks
SLK500: bets $3
tedros404: calls $3
*** TURN *** [Qd 9c 2s] [Jh]
tedros404: checks
SLK500: checks
*** RIVER *** [Qd 9c 2s Jh] [3s]
tedros404: bets $6
SLK500: folds
Uncalled bet ($6) returned to tedros404
tedros404 collected $17.64 from pot
tedros404: doesn't show hand
*** SUMMARY ***
Total pot $18 | Rake $0.36
Board [Qd 9c 2s Jh 3s]
Seat 1: SLK500 (button) (small blind) folded on the River
Seat 6: tedros404 (big blind) collected ($17.64)


PokerStars Hand #160927441229:  Hold'em Limit ($3/$6 USD) - 2016/11/05 6:09:08 ET
Table 'Cruithne' 6-max Seat #1 is the button
Seat 1: SLK500 ($71.15 in chips)
Seat 6: tedros404 ($345.35 in chips)
SLK500: posts small blind $1
tedros404: posts big blind $3
*** HOLE CARDS ***
SLK500: raises $3 to $6
tedros404: folds
Uncalled bet ($3) returned to SLK500
SLK500 collected $6 from pot
SLK500: doesn't show hand
*** SUMMARY ***
Total pot $6 | Rake $0
Seat 1: SLK500 (button) (small blind) collected ($6)
Seat 6: tedros404 (big blind) folded before Flop


PokerStars Hand #160927438801:  Hold'em Limit ($3/$6 USD) - 2016/11/05 6:09:02 ET
Table 'Cruithne' 6-max Seat #6 is the button
Seat 1: SLK500 ($70.15 in chips)
Seat 6: tedros404 ($346.35 in chips)
tedros404: posts small blind $1
SLK500: posts big blind $3
*** HOLE CARDS ***
tedros404: folds
Uncalled bet ($2) returned to SLK500
SLK500 collected $2 from pot
SLK500: doesn't show hand
*** SUMMARY ***
Total pot $2 | Rake $0
Seat 1: SLK500 (big blind) collected ($2)
Seat 6: tedros404 (button) (small blind) folded before Flop


PokerStars Hand #160927423028:  Hold'em Limit ($3/$6 USD) - 2016/11/05 6:08:28 ET
Table 'Cruithne' 6-max Seat #6 is the button
Seat 1: SLK500 ($78.15 in chips)
Seat 6: tedros404 ($338.71 in chips)
tedros404: posts small blind $1
SLK500: posts big blind $3
*** HOLE CARDS ***
tedros404: folds
Uncalled bet ($2) returned to SLK500
SLK500 collected $2 from pot
*** SUMMARY ***
Total pot $2 | Rake $0
Seat 1: SLK500 (big blind) collected ($2)
Seat 6: tedros404 (button) (small blind) folded before Flop


PokerStars Hand #160927413852:  Hold'em Limit ($3/$6 USD) - 2016/11/05 6:08:08 ET
Table 'Cruithne' 6-max Seat #1 is the button
Seat 1: SLK500 ($93.15 in chips)
Seat 6: tedros404 ($324.21 in chips)
SLK500: posts small blind $1
tedros404: posts big blind $3
*** HOLE CARDS ***
SLK500: raises $3 to $6
tedros404: calls $3
*** FLOP *** [Kc As 8d]
tedros404: checks
SLK500: bets $3
tedros404: calls $3
*** TURN *** [Kc As 8d] [2s]
tedros404: checks
SLK500: bets $6
tedros404: calls $6
*** RIVER *** [Kc As 8d 2s] [3h]
tedros404: checks
SLK500: checks
*** SHOW DOWN ***
tedros404: shows [9c Kh] (a pair of Kings)
SLK500: mucks hand
tedros404 collected $29.50 from pot
*** SUMMARY ***
Total pot $30 | Rake $0.50
Board [Kc As 8d 2s 3h]
Seat 1: SLK500 (button) (small blind) mucked
Seat 6: tedros404 (big blind) showed [9c Kh] and won ($29.50) with a pair of Kings


PokerStars Hand #160927443734:  Hold'em Limit ($3/$6 USD) - 2016/11/05 6:09:13 ET
Table 'Cruithne' 6-max Seat #6 is the button
Seat 1: SLK500 ($74.15 in chips)
Seat 6: tedros404 ($342.35 in chips)
tedros404: posts small blind $1
SLK500: posts big blind $3
*** HOLE CARDS ***
tedros404: raises $3 to $6
SLK500: calls $3
*** FLOP *** [9s 8s 6s]
SLK500: bets $3
tedros404: calls $3
*** TURN *** [9s 8s 6s] [Js]
SLK500: checks
tedros404: checks
*** RIVER *** [9s 8s 6s Js] [4d]
SLK500: checks
tedros404: bets $6
SLK500: calls $6
*** SHOW DOWN ***
tedros404: shows [9h 6d] (two pair, Nines and Sixes)
SLK500: mucks hand
tedros404 collected $29.50 from pot
*** SUMMARY ***
Total pot $30 | Rake $0.50
Board [9s 8s 6s Js 4d]
Seat 1: SLK500 (big blind) mucked
Seat 6: tedros404 (button) (small blind) showed [9h 6d] and won ($29.50) with two pair, Nines and Sixes


PokerStars Hand #160927639408:  Hold'em Limit ($3/$6 USD) - 2016/11/05 6:16:20 ET
Table 'Cruithne' 6-max Seat #2 is the button
Seat 2: Fabulous108 ($327.04 in chips)
Seat 6: tedros404 ($349.97 in chips)
Fabulous108: posts small blind $1
tedros404: posts big blind $3
*** HOLE CARDS ***
Fabulous108: raises $3 to $6
tedros404: calls $3
*** FLOP *** [Ks 4s Qc]
tedros404: checks
Fabulous108: bets $3
tedros404: folds
Uncalled bet ($3) returned to Fabulous108
Fabulous108 collected $11.76 from pot
Fabulous108: doesn't show hand
*** SUMMARY ***
Total pot $12 | Rake $0.24
Board [Ks 4s Qc]
Seat 2: Fabulous108 (button) (small blind) collected ($11.76)
Seat 6: tedros404 (big blind) folded on the Flop


PokerStars Hand #160930128531:  Hold'em Limit ($3/$6 USD) - 2016/11/05 7:39:16 ET
Table 'Cruithne' 6-max Seat #3 is the button
Seat 1: pixifloss ($73.94 in chips)
Seat 3: krytalex ($223.26 in chips)
Fabulous108 will be allowed to play after the button
krytalex: posts small blind $1
tedros404: is sitting out
pixifloss: posts big blind $3
*** HOLE CARDS ***
krytalex: raises $3 to $6
pixifloss: raises $3 to $9
krytalex: calls $3
*** FLOP *** [Kc 7s Js]
pixifloss: bets $3
krytalex: calls $3
*** TURN *** [Kc 7s Js] [3s]
pixifloss: bets $6
krytalex: calls $6
*** RIVER *** [Kc 7s Js 3s] [9d]
pixifloss: bets $6
krytalex: folds
Uncalled bet ($6) returned to pixifloss
pixifloss collected $35.50 from pot
*** SUMMARY ***
Total pot $36 | Rake $0.50
Board [Kc 7s Js 3s 9d]
Seat 1: pixifloss (big blind) collected ($35.50)
Seat 3: krytalex (button) (small blind) folded on the River


PokerStars Hand #160931775096:  Hold'em Limit ($3/$6 USD) - 2016/11/05 8:28:01 ET
Table 'Cruithne' 6-max Seat #2 is the button
Seat 2: TbIP-TbIP 88 ($72 in chips)
Seat 6: tedros404 ($523.76 in chips)
TbIP-TbIP 88: posts small blind $1
tedros404: posts big blind $3
*** HOLE CARDS ***
TbIP-TbIP 88: raises $3 to $6
tedros404: calls $3
*** FLOP *** [Jc 8h 8d]
tedros404: checks
TbIP-TbIP 88: bets $3
tedros404: folds
Uncalled bet ($3) returned to TbIP-TbIP 88
TbIP-TbIP 88 collected $11.76 from pot
TbIP-TbIP 88: doesn't show hand
*** SUMMARY ***
Total pot $12 | Rake $0.24
Board [Jc 8h 8d]
Seat 2: TbIP-TbIP 88 (button) (small blind) collected ($11.76)
Seat 6: tedros404 (big blind) folded on the Flop


PokerStars Hand #160931761733:  Hold'em Limit ($3/$6 USD) - 2016/11/05 8:27:38 ET
Table 'Cruithne' 6-max Seat #6 is the button
Seat 2: TbIP-TbIP 88 ($72 in chips)
Seat 6: tedros404 ($520.88 in chips)
tedros404: posts small blind $1
TbIP-TbIP 88: posts big blind $3
*** HOLE CARDS ***
tedros404: calls $2
TbIP-TbIP 88: checks
*** FLOP *** [Kd Qd 3c]
TbIP-TbIP 88: checks
tedros404: bets $3
TbIP-TbIP 88: folds
Uncalled bet ($3) returned to tedros404
tedros404 collected $5.88 from pot
tedros404: doesn't show hand
*** SUMMARY ***
Total pot $6 | Rake $0.12
Board [Kd Qd 3c]
Seat 2: TbIP-TbIP 88 (big blind) folded on the Flop
Seat 6: tedros404 (button) (small blind) collected ($5.88)


