PokerStars Hand #167979927601:  Hold'em Limit ($3/$6 USD) - 2017/03/22 23:49:16 ET
Table 'Cruithne' 6-max Seat #1 is the button
Seat 1: Velbor107 ($291 in chips)
Seat 6: Zazi ($104.64 in chips)
Velbor107: posts small blind $1
Zazi: posts big blind $3
*** HOLE CARDS ***
Velbor107: raises $3 to $6
Zazi: calls $3
*** FLOP *** [3s Jh Kh]
Zazi: checks
Velbor107: bets $3
Zazi: folds
Uncalled bet ($3) returned to Velbor107
Velbor107 collected $11.76 from pot
*** SUMMARY ***
Total pot $12 | Rake $0.24
Board [3s Jh Kh]
Seat 1: Velbor107 (button) (small blind) collected ($11.76)
Seat 6: Zazi (big blind) folded on the Flop


PokerStars Hand #167979930977:  Hold'em Limit ($3/$6 USD) - 2017/03/22 23:49:26 ET
Table 'Cruithne' 6-max Seat #6 is the button
Seat 1: Velbor107 ($296.76 in chips)
Seat 6: Zazi ($98.64 in chips)
Zazi: posts small blind $1
Velbor107: posts big blind $3
*** HOLE CARDS ***
Zazi: folds
Uncalled bet ($2) returned to Velbor107
Velbor107 collected $2 from pot
*** SUMMARY ***
Total pot $2 | Rake $0
Seat 1: Velbor107 (big blind) collected ($2)
Seat 6: Zazi (button) (small blind) folded before Flop


PokerStars Hand #167979950003:  Hold'em Limit ($3/$6 USD) - 2017/03/22 23:50:28 ET
Table 'Cruithne' 6-max Seat #1 is the button
Seat 1: Velbor107 ($344.76 in chips)
Seat 6: Zazi ($49.64 in chips)
Velbor107: posts small blind $1
Zazi: posts big blind $3
*** HOLE CARDS ***
Velbor107: folds
Uncalled bet ($2) returned to Zazi
Zazi collected $2 from pot
Zazi: doesn't show hand
*** SUMMARY ***
Total pot $2 | Rake $0
Seat 1: Velbor107 (button) (small blind) folded before Flop
Seat 6: Zazi (big blind) collected ($2)


PokerStars Hand #167979932861:  Hold'em Limit ($3/$6 USD) - 2017/03/22 23:49:32 ET
Table 'Cruithne' 6-max Seat #1 is the button
Seat 1: Velbor107 ($297.76 in chips)
Seat 6: Zazi ($97.64 in chips)
Velbor107: posts small blind $1
Zazi: posts big blind $3
*** HOLE CARDS ***
Velbor107: raises $3 to $6
Zazi: calls $3
*** FLOP *** [3d 4c 7h]
Zazi: checks
Velbor107: bets $3
Zazi: calls $3
*** TURN *** [3d 4c 7h] [8s]
Zazi: checks
Velbor107: bets $6
Zazi: raises $6 to $12
Velbor107: raises $6 to $18
Zazi: raises $6 to $24
Betting is capped
Velbor107: calls $6
*** RIVER *** [3d 4c 7h 8s] [6h]
Zazi: checks
Velbor107: checks
*** SHOW DOWN ***
Zazi: shows [8c Kh] (a pair of Eights)
Velbor107: shows [8h Ah] (a pair of Eights - Ace kicker)
Velbor107 collected $65.50 from pot
*** SUMMARY ***
Total pot $66 | Rake $0.50
Board [3d 4c 7h 8s 6h]
Seat 1: Velbor107 (button) (small blind) showed [8h Ah] and won ($65.50) with a pair of Eights
Seat 6: Zazi (big blind) showed [8c Kh] and lost with a pair of Eights


PokerStars Hand #167979942542:  Hold'em Limit ($3/$6 USD) - 2017/03/22 23:50:04 ET
Table 'Cruithne' 6-max Seat #6 is the button
Seat 1: Velbor107 ($330.26 in chips)
Seat 6: Zazi ($64.64 in chips)
Zazi: posts small blind $1
Velbor107: posts big blind $3
*** HOLE CARDS ***
Zazi: raises $3 to $6
Velbor107: calls $3
*** FLOP *** [6h Qc 7s]
Velbor107: checks
Zazi: bets $3
Velbor107: calls $3
*** TURN *** [6h Qc 7s] [5s]
Velbor107: checks
Zazi: bets $6
Velbor107: calls $6
*** RIVER *** [6h Qc 7s 5s] [7h]
Velbor107: checks
Zazi: checks
*** SHOW DOWN ***
Velbor107: shows [3c Kc] (a pair of Sevens)
Zazi: mucks hand
Velbor107 collected $29.50 from pot
*** SUMMARY ***
Total pot $30 | Rake $0.50
Board [6h Qc 7s 5s 7h]
Seat 1: Velbor107 (big blind) showed [3c Kc] and won ($29.50) with a pair of Sevens
Seat 6: Zazi (button) (small blind) mucked


PokerStars Hand #167979951443:  Hold'em Limit ($3/$6 USD) - 2017/03/22 23:50:33 ET
Table 'Cruithne' 6-max Seat #6 is the button
Seat 1: Velbor107 ($343.76 in chips)
Seat 6: Zazi ($50.64 in chips)
Zazi: posts small blind $1
Velbor107: posts big blind $3
*** HOLE CARDS ***
Zazi: calls $2
Velbor107: checks
*** FLOP *** [7h Qc Td]
Velbor107: checks
Zazi: bets $3
Velbor107: calls $3
*** TURN *** [7h Qc Td] [8h]
Velbor107: checks
Zazi: checks
*** RIVER *** [7h Qc Td 8h] [3h]
Velbor107: checks
Zazi: checks
*** SHOW DOWN ***
Velbor107: shows [7c 9h] (a pair of Sevens)
Zazi: shows [8d 5c] (a pair of Eights)
Zazi collected $11.76 from pot
*** SUMMARY ***
Total pot $12 | Rake $0.24
Board [7h Qc Td 8h 3h]
Seat 1: Velbor107 (big blind) showed [7c 9h] and lost with a pair of Sevens
Seat 6: Zazi (button) (small blind) showed [8d 5c] and won ($11.76) with a pair of Eights


PokerStars Hand #167979958578:  Hold'em Limit ($3/$6 USD) - 2017/03/22 23:50:56 ET
Table 'Cruithne' 6-max Seat #1 is the button
Seat 1: Velbor107 ($337.76 in chips)
Seat 6: Zazi ($56.40 in chips)
Velbor107: posts small blind $1
Zazi: posts big blind $3
*** HOLE CARDS ***
Velbor107: raises $3 to $6
Zazi: raises $3 to $9
Velbor107: calls $3
*** FLOP *** [2s 4s 6d]
Zazi: bets $3
Velbor107: raises $3 to $6
Zazi: calls $3
*** TURN *** [2s 4s 6d] [5h]
Zazi: checks
Velbor107: bets $6
Zazi: calls $6
*** RIVER *** [2s 4s 6d 5h] [6c]
Zazi: bets $6
Velbor107: raises $6 to $12
Zazi: folds
Uncalled bet ($6) returned to Velbor107
Velbor107 collected $53.50 from pot
*** SUMMARY ***
Total pot $54 | Rake $0.50
Board [2s 4s 6d 5h 6c]
Seat 1: Velbor107 (button) (small blind) collected ($53.50)
Seat 6: Zazi (big blind) folded on the River


PokerStars Hand #167979980280:  Hold'em Limit ($3/$6 USD) - 2017/03/22 23:52:07 ET
Table 'Cruithne' 6-max Seat #6 is the button
Seat 1: Velbor107 ($380.76 in chips)
Seat 6: Zazi ($72.40 in chips)
Zazi: posts small blind $1
Velbor107: posts big blind $3
*** HOLE CARDS ***
Zazi: raises $3 to $6
Velbor107: folds
Uncalled bet ($3) returned to Zazi
Zazi collected $6 from pot
Zazi: doesn't show hand
*** SUMMARY ***
Total pot $6 | Rake $0
Seat 1: Velbor107 (big blind) folded before Flop
Seat 6: Zazi (button) (small blind) collected ($6)


PokerStars Hand #167979978085:  Hold'em Limit ($3/$6 USD) - 2017/03/22 23:52:00 ET
Table 'Cruithne' 6-max Seat #1 is the button
Seat 1: Velbor107 ($381.76 in chips)
Seat 6: Zazi ($71.40 in chips)
Velbor107: posts small blind $1
Zazi: posts big blind $3
*** HOLE CARDS ***
Velbor107: folds
Uncalled bet ($2) returned to Zazi
Zazi collected $2 from pot
Zazi: doesn't show hand
*** SUMMARY ***
Total pot $2 | Rake $0
Seat 1: Velbor107 (button) (small blind) folded before Flop
Seat 6: Zazi (big blind) collected ($2)


PokerStars Hand #167979982221:  Hold'em Limit ($3/$6 USD) - 2017/03/22 23:52:13 ET
Table 'Cruithne' 6-max Seat #1 is the button
Seat 1: Velbor107 ($377.76 in chips)
Seat 6: Zazi ($75.40 in chips)
Velbor107: posts small blind $1
Zazi: posts big blind $3
*** HOLE CARDS ***
Velbor107: folds
Uncalled bet ($2) returned to Zazi
Zazi collected $2 from pot
Zazi: doesn't show hand
*** SUMMARY ***
Total pot $2 | Rake $0
Seat 1: Velbor107 (button) (small blind) folded before Flop
Seat 6: Zazi (big blind) collected ($2)


PokerStars Hand #167979969922:  Hold'em Limit ($3/$6 USD) - 2017/03/22 23:51:33 ET
Table 'Cruithne' 6-max Seat #6 is the button
Seat 1: Velbor107 ($364.26 in chips)
Seat 6: Zazi ($29.40 in chips)
Zazi: posts small blind $1
Velbor107: posts big blind $3
*** HOLE CARDS ***
Zazi: raises $3 to $6
Velbor107: raises $3 to $9
Zazi: raises $3 to $12
Betting is capped
Velbor107: calls $3
*** FLOP *** [7c Kd 3h]
Velbor107: checks
Zazi: checks
*** TURN *** [7c Kd 3h] [8s]
Velbor107: bets $6
Zazi: calls $6
*** RIVER *** [7c Kd 3h 8s] [2h]
Velbor107: checks
Zazi: checks
*** SHOW DOWN ***
Velbor107: shows [Jd As] (high card Ace)
Zazi: mucks hand
Velbor107 collected $35.50 from pot
*** SUMMARY ***
Total pot $36 | Rake $0.50
Board [7c Kd 3h 8s 2h]
Seat 1: Velbor107 (big blind) showed [Jd As] and won ($35.50) with high card Ace
Seat 6: Zazi (button) (small blind) mucked


PokerStars Hand #167979983837:  Hold'em Limit ($3/$6 USD) - 2017/03/22 23:52:18 ET
Table 'Cruithne' 6-max Seat #6 is the button
Seat 1: Velbor107 ($376.76 in chips)
Seat 6: Zazi ($76.40 in chips)
Zazi: posts small blind $1
Velbor107: posts big blind $3
*** HOLE CARDS ***
Zazi: raises $3 to $6
Azrarn joins the table at seat #2
Velbor107: calls $3
*** FLOP *** [2d 2h Qh]
Velbor107: checks
Zazi: bets $3
Velbor107: calls $3
*** TURN *** [2d 2h Qh] [Jd]
Velbor107: checks
Zazi: checks
*** RIVER *** [2d 2h Qh Jd] [7c]
Velbor107: bets $6
Zazi: calls $6
*** SHOW DOWN ***
Velbor107: shows [8h 9s] (a pair of Deuces)
Zazi: shows [Ac 4s] (a pair of Deuces - Ace kicker)
Zazi collected $29.50 from pot
*** SUMMARY ***
Total pot $30 | Rake $0.50
Board [2d 2h Qh Jd 7c]
Seat 1: Velbor107 (big blind) showed [8h 9s] and lost with a pair of Deuces
Seat 6: Zazi (button) (small blind) showed [Ac 4s] and won ($29.50) with a pair of Deuces


PokerStars Hand #167980066280:  Hold'em Limit ($3/$6 USD) - 2017/03/22 23:57:01 ET
Table 'Cruithne' 6-max Seat #6 is the button
Seat 2: Azrarn ($177.37 in chips)
Seat 6: Zazi ($71.72 in chips)
Zazi: posts small blind $1
Velbor107: is sitting out
Azrarn: posts big blind $3
*** HOLE CARDS ***
Velbor107 leaves the table
KingKroniKK joins the table at seat #5
Zazi: raises $3 to $6
Azrarn: calls $3
*** FLOP *** [7s 7h 8c]
Azrarn: checks
Zazi: bets $3
Azrarn: calls $3
*** TURN *** [7s 7h 8c] [5d]
vitel1818 joins the table at seat #4
Azrarn: checks
Zazi: bets $6
Azrarn: calls $6
*** RIVER *** [7s 7h 8c 5d] [9c]
Azrarn: checks
Zazi: bets $6
Azrarn: folds
Uncalled bet ($6) returned to Zazi
Zazi collected $29.50 from pot
Zazi: doesn't show hand
*** SUMMARY ***
Total pot $30 | Rake $0.50
Board [7s 7h 8c 5d 9c]
Seat 2: Azrarn (big blind) folded on the River
Seat 6: Zazi (button) (small blind) collected ($29.50)


PokerStars Hand #167980430405:  Hold'em Limit ($3/$6 USD) - 2017/03/23 0:17:26 ET
Table 'Cruithne' 6-max Seat #5 is the button
Seat 1: LouisB ($113 in chips)
Seat 5: jimcwy ($83.12 in chips)
Velbor107 joins the table at seat #6
jimcwy: posts small blind $1
LouisB: posts big blind $3
*** HOLE CARDS ***
jimcwy: calls $2
LouisB: checks
*** FLOP *** [As 4s 2s]
LouisB: bets $3
jimcwy: folds
Uncalled bet ($3) returned to LouisB
LouisB collected $5.88 from pot
LouisB: doesn't show hand
*** SUMMARY ***
Total pot $6 | Rake $0.12
Board [As 4s 2s]
Seat 1: LouisB (big blind) collected ($5.88)
Seat 5: jimcwy (button) (small blind) folded on the Flop


PokerStars Hand #167980428573:  Hold'em Limit ($3/$6 USD) - 2017/03/23 0:17:20 ET
Table 'Cruithne' 6-max Seat #1 is the button
Seat 1: LouisB ($114 in chips)
Seat 5: jimcwy ($82.12 in chips)
LouisB: posts small blind $1
Velbor107: is sitting out
jimcwy: posts big blind $3
*** HOLE CARDS ***
Velbor107 leaves the table
LouisB: folds
Uncalled bet ($2) returned to jimcwy
jimcwy collected $2 from pot
Azrarn joins the table at seat #4
*** SUMMARY ***
Total pot $2 | Rake $0
Seat 1: LouisB (button) (small blind) folded before Flop
Seat 5: jimcwy (big blind) collected ($2)


PokerStars Hand #167980472732:  Hold'em Limit ($3/$6 USD) - 2017/03/23 0:19:58 ET
Table 'Cruithne' 6-max Seat #5 is the button
Seat 5: jimcwy ($78.76 in chips)
Seat 6: Velbor107 ($303.25 in chips)
jimcwy: posts small blind $1
Velbor107: posts big blind $3
*** HOLE CARDS ***
jimcwy: raises $3 to $6
Velbor107: folds
Uncalled bet ($3) returned to jimcwy
jimcwy collected $6 from pot
jimcwy: doesn't show hand
LouisB joins the table at seat #1
*** SUMMARY ***
Total pot $6 | Rake $0
Seat 5: jimcwy (button) (small blind) collected ($6)
Seat 6: Velbor107 (big blind) folded before Flop


PokerStars Hand #167980463038:  Hold'em Limit ($3/$6 USD) - 2017/03/23 0:19:22 ET
Table 'Cruithne' 6-max Seat #6 is the button
Seat 5: jimcwy ($70.12 in chips)
Seat 6: Velbor107 ($312.25 in chips)
Velbor107: posts small blind $1
Azrarn: is sitting out
jimcwy: posts big blind $3
*** HOLE CARDS ***
Azrarn leaves the table
Velbor107: raises $3 to $6
jimcwy: calls $3
*** FLOP *** [2s 9s Jc]
jimcwy: checks
Velbor107: bets $3
jimcwy: calls $3
*** TURN *** [2s 9s Jc] [3d]
jimcwy: checks
Velbor107: checks
*** RIVER *** [2s 9s Jc 3d] [3s]
jimcwy: bets $6
Velbor107: folds
Uncalled bet ($6) returned to jimcwy
jimcwy collected $17.64 from pot
*** SUMMARY ***
Total pot $18 | Rake $0.36
Board [2s 9s Jc 3d 3s]
Seat 5: jimcwy (big blind) collected ($17.64)
Seat 6: Velbor107 (button) (small blind) folded on the River


PokerStars Hand #167980730151:  Hold'em Limit ($3/$6 USD) - 2017/03/23 0:35:44 ET
Table 'Cruithne' 6-max Seat #5 is the button
Seat 5: jimcwy ($162.82 in chips)
Seat 6: Velbor107 ($318.22 in chips)
jimcwy: posts small blind $1
Velbor107: posts big blind $3
*** HOLE CARDS ***
jimcwy: folds
Uncalled bet ($2) returned to Velbor107
Velbor107 collected $2 from pot
*** SUMMARY ***
Total pot $2 | Rake $0
Seat 5: jimcwy (button) (small blind) folded before Flop
Seat 6: Velbor107 (big blind) collected ($2)


PokerStars Hand #167980708535:  Hold'em Limit ($3/$6 USD) - 2017/03/23 0:34:23 ET
Table 'Cruithne' 6-max Seat #6 is the button
Seat 5: jimcwy ($171.82 in chips)
Seat 6: Velbor107 ($309.58 in chips)
Velbor107: posts small blind $1
jimcwy: posts big blind $3
*** HOLE CARDS ***
Velbor107: raises $3 to $6
jimcwy: calls $3
*** FLOP *** [As 3c 7d]
LouisB leaves the table
jimcwy: checks
Velbor107: bets $3
jimcwy: calls $3
*** TURN *** [As 3c 7d] [Ks]
jimcwy: checks
Velbor107: bets $6
jimcwy: folds
Uncalled bet ($6) returned to Velbor107
Velbor107 collected $17.64 from pot
*** SUMMARY ***
Total pot $18 | Rake $0.36
Board [As 3c 7d Ks]
Seat 5: jimcwy (big blind) folded on the Turn
Seat 6: Velbor107 (button) (small blind) collected ($17.64)


PokerStars Hand #167980732357:  Hold'em Limit ($3/$6 USD) - 2017/03/23 0:35:53 ET
Table 'Cruithne' 6-max Seat #6 is the button
Seat 5: jimcwy ($161.82 in chips)
Seat 6: Velbor107 ($319.22 in chips)
Velbor107: posts small blind $1
jimcwy: posts big blind $3
*** HOLE CARDS ***
Velbor107: raises $3 to $6
jimcwy: calls $3
*** FLOP *** [As Kd 8s]
jimcwy: checks
Velbor107: bets $3
jimcwy: folds
Uncalled bet ($3) returned to Velbor107
Velbor107 collected $11.76 from pot
*** SUMMARY ***
Total pot $12 | Rake $0.24
Board [As Kd 8s]
Seat 5: jimcwy (big blind) folded on the Flop
Seat 6: Velbor107 (button) (small blind) collected ($11.76)


PokerStars Hand #167980738100:  Hold'em Limit ($3/$6 USD) - 2017/03/23 0:36:15 ET
Table 'Cruithne' 6-max Seat #5 is the button
Seat 5: jimcwy ($155.82 in chips)
Seat 6: Velbor107 ($324.98 in chips)
jimcwy: posts small blind $1
Velbor107: posts big blind $3
*** HOLE CARDS ***
jimcwy: calls $2
Velbor107: checks
*** FLOP *** [Ts 8d 7d]
Velbor107: bets $3
jimcwy: calls $3
*** TURN *** [Ts 8d 7d] [6d]
Velbor107: checks
jimcwy: checks
*** RIVER *** [Ts 8d 7d 6d] [Ah]
Velbor107: checks
jimcwy: checks
*** SHOW DOWN ***
Velbor107: shows [5h Jd] (high card Ace)
jimcwy: shows [Js Qs] (high card Ace - Queen kicker)
jimcwy collected $11.76 from pot
*** SUMMARY ***
Total pot $12 | Rake $0.24
Board [Ts 8d 7d 6d Ah]
Seat 5: jimcwy (button) (small blind) showed [Js Qs] and won ($11.76) with high card Ace
Seat 6: Velbor107 (big blind) showed [5h Jd] and lost with high card Ace


PokerStars Hand #167980746821:  Hold'em Limit ($3/$6 USD) - 2017/03/23 0:36:48 ET
Table 'Cruithne' 6-max Seat #6 is the button
Seat 5: jimcwy ($161.58 in chips)
Seat 6: Velbor107 ($318.98 in chips)
Velbor107: posts small blind $1
jimcwy: posts big blind $3
*** HOLE CARDS ***
Velbor107: raises $3 to $6
jimcwy: folds
Uncalled bet ($3) returned to Velbor107
Velbor107 collected $6 from pot
*** SUMMARY ***
Total pot $6 | Rake $0
Seat 5: jimcwy (big blind) folded before Flop
Seat 6: Velbor107 (button) (small blind) collected ($6)


PokerStars Hand #167980749184:  Hold'em Limit ($3/$6 USD) - 2017/03/23 0:36:57 ET
Table 'Cruithne' 6-max Seat #5 is the button
Seat 5: jimcwy ($158.58 in chips)
Seat 6: Velbor107 ($321.98 in chips)
jimcwy: posts small blind $1
Velbor107: posts big blind $3
*** HOLE CARDS ***
jimcwy: raises $3 to $6
Velbor107: raises $3 to $9
jimcwy: calls $3
*** FLOP *** [8s 7c Jd]
Velbor107: bets $3
jimcwy: raises $3 to $6
Velbor107: calls $3
*** TURN *** [8s 7c Jd] [8c]
Fabulous108 joins the table at seat #1
Velbor107: checks
jimcwy: bets $6
Velbor107: calls $6
*** RIVER *** [8s 7c Jd 8c] [3c]
Velbor107: checks
jimcwy: checks
*** SHOW DOWN ***
Velbor107: shows [Qc Ac] (a flush, Ace high)
jimcwy: mucks hand
Velbor107 collected $41.50 from pot
*** SUMMARY ***
Total pot $42 | Rake $0.50
Board [8s 7c Jd 8c 3c]
Seat 5: jimcwy (button) (small blind) mucked
Seat 6: Velbor107 (big blind) showed [Qc Ac] and won ($41.50) with a flush, Ace high


PokerStars Hand #167980769112:  Hold'em Limit ($3/$6 USD) - 2017/03/23 0:38:13 ET
Table 'Cruithne' 6-max Seat #6 is the button
Seat 5: jimcwy ($115.58 in chips)
Seat 6: Velbor107 ($363.98 in chips)
Velbor107: posts small blind $1
jimcwy: posts big blind $3
*** HOLE CARDS ***
Velbor107: raises $3 to $6
jimcwy: calls $3
*** FLOP *** [Kc 4c 8s]
jimcwy: bets $3
Velbor107: calls $3
*** TURN *** [Kc 4c 8s] [5s]
jimcwy: bets $6
Velbor107: raises $6 to $12
jimcwy: calls $6
*** RIVER *** [Kc 4c 8s 5s] [Qd]
jimcwy: checks
Velbor107: bets $6
jimcwy: calls $6
*** SHOW DOWN ***
Velbor107: shows [4s 5d] (two pair, Fives and Fours)
jimcwy: mucks hand
Velbor107 collected $53.50 from pot
*** SUMMARY ***
Total pot $54 | Rake $0.50
Board [Kc 4c 8s 5s Qd]
Seat 5: jimcwy (big blind) mucked
Seat 6: Velbor107 (button) (small blind) showed [4s 5d] and won ($53.50) with two pair, Fives and Fours


PokerStars Hand #167980767464:  Hold'em Limit ($3/$6 USD) - 2017/03/23 0:38:07 ET
Table 'Cruithne' 6-max Seat #5 is the button
Seat 5: jimcwy ($116.58 in chips)
Seat 6: Velbor107 ($362.98 in chips)
jimcwy: posts small blind $1
Velbor107: posts big blind $3
*** HOLE CARDS ***
jimcwy: folds
Uncalled bet ($2) returned to Velbor107
Velbor107 collected $2 from pot
*** SUMMARY ***
Total pot $2 | Rake $0
Seat 5: jimcwy (button) (small blind) folded before Flop
Seat 6: Velbor107 (big blind) collected ($2)


PokerStars Hand #167980759051:  Hold'em Limit ($3/$6 USD) - 2017/03/23 0:37:35 ET
Table 'Cruithne' 6-max Seat #6 is the button
Seat 5: jimcwy ($137.58 in chips)
Seat 6: Velbor107 ($342.48 in chips)
Velbor107: posts small blind $1
jimcwy: posts big blind $3
*** HOLE CARDS ***
Velbor107: raises $3 to $6
jimcwy: calls $3
*** FLOP *** [3s 8c 2d]
jimcwy: bets $3
Velbor107: calls $3
*** TURN *** [3s 8c 2d] [5s]
jimcwy: bets $6
Velbor107: calls $6
*** RIVER *** [3s 8c 2d 5s] [Ad]
jimcwy: bets $6
Velbor107: calls $6
*** SHOW DOWN ***
jimcwy: shows [8h 7c] (a pair of Eights)
Velbor107: shows [8s Kc] (a pair of Eights - Ace+King kicker)
Velbor107 collected $41.50 from pot
*** SUMMARY ***
Total pot $42 | Rake $0.50
Board [3s 8c 2d 5s Ad]
Seat 5: jimcwy (big blind) showed [8h 7c] and lost with a pair of Eights
Seat 6: Velbor107 (button) (small blind) showed [8s Kc] and won ($41.50) with a pair of Eights


PokerStars Hand #167980781476:  Hold'em Limit ($3/$6 USD) - 2017/03/23 0:38:59 ET
Table 'Cruithne' 6-max Seat #5 is the button
Seat 5: jimcwy ($88.58 in chips)
Seat 6: Velbor107 ($390.48 in chips)
jimcwy: posts small blind $1
Velbor107: posts big blind $3
*** HOLE CARDS ***
jimcwy: folds
Uncalled bet ($2) returned to Velbor107
Velbor107 collected $2 from pot
*** SUMMARY ***
Total pot $2 | Rake $0
Seat 5: jimcwy (button) (small blind) folded before Flop
Seat 6: Velbor107 (big blind) collected ($2)


PokerStars Hand #167980783907:  Hold'em Limit ($3/$6 USD) - 2017/03/23 0:39:08 ET
Table 'Cruithne' 6-max Seat #6 is the button
Seat 5: jimcwy ($87.58 in chips)
Seat 6: Velbor107 ($391.48 in chips)
Velbor107: posts small blind $1
jimcwy: posts big blind $3
*** HOLE CARDS ***
Velbor107: raises $3 to $6
jimcwy: raises $3 to $9
Velbor107: calls $3
*** FLOP *** [2h Js 6c]
jimcwy: bets $3
Velbor107: calls $3
*** TURN *** [2h Js 6c] [9c]
jimcwy: bets $6
Velbor107: calls $6
*** RIVER *** [2h Js 6c 9c] [8s]
jimcwy: bets $6
Velbor107: raises $6 to $12
jimcwy: calls $6
*** SHOW DOWN ***
Velbor107: shows [Qs Td] (a straight, Eight to Queen)
jimcwy: mucks hand
Velbor107 collected $59.50 from pot
*** SUMMARY ***
Total pot $60 | Rake $0.50
Board [2h Js 6c 9c 8s]
Seat 5: jimcwy (big blind) mucked
Seat 6: Velbor107 (button) (small blind) showed [Qs Td] and won ($59.50) with a straight, Eight to Queen


PokerStars Hand #167980793107:  Hold'em Limit ($3/$6 USD) - 2017/03/23 0:39:43 ET
Table 'Cruithne' 6-max Seat #5 is the button
Seat 5: jimcwy ($57.58 in chips)
Seat 6: Velbor107 ($420.98 in chips)
jimcwy: posts small blind $1
Velbor107: posts big blind $3
*** HOLE CARDS ***
jimcwy: folds
Uncalled bet ($2) returned to Velbor107
jimcwy leaves the table
Velbor107 collected $2 from pot
*** SUMMARY ***
Total pot $2 | Rake $0
Seat 5: jimcwy (button) (small blind) folded before Flop
Seat 6: Velbor107 (big blind) collected ($2)


