PokerStars Hand #146092067995:  Hold'em Limit ($3/$6 USD) - 2015/12/28 20:50:14 ET
Table 'Cruithne' 6-max Seat #4 is the button
Seat 4: LifeisagameX ($60 in chips)
Seat 5: TeamUrkel ($70.62 in chips)
LifeisagameX: posts small blind $1
TeamUrkel: posts big blind $3
*** HOLE CARDS ***
LifeisagameX: raises $3 to $6
TeamUrkel: calls $3
*** FLOP *** [Kc 3h Qh]
TeamUrkel: checks
LifeisagameX: bets $3
TeamUrkel: calls $3
*** TURN *** [Kc 3h Qh] [Qs]
TeamUrkel: bets $6
LifeisagameX: calls $6
*** RIVER *** [Kc 3h Qh Qs] [Jd]
TeamUrkel: checks
LifeisagameX: checks
*** SHOW DOWN ***
TeamUrkel: shows [Th 2h] (a pair of Queens)
LifeisagameX: shows [Ad 7d] (a pair of Queens - Ace kicker)
LifeisagameX collected $29.50 from pot
*** SUMMARY ***
Total pot $30 | Rake $0.50
Board [Kc 3h Qh Qs Jd]
Seat 4: LifeisagameX (button) (small blind) showed [Ad 7d] and won ($29.50) with a pair of Queens
Seat 5: TeamUrkel (big blind) showed [Th 2h] and lost with a pair of Queens


PokerStars Hand #146092118820:  Hold'em Limit ($3/$6 USD) - 2015/12/28 20:51:51 ET
Table 'Cruithne' 6-max Seat #5 is the button
Seat 4: LifeisagameX ($59.14 in chips)
Seat 5: TeamUrkel ($70.12 in chips)
TeamUrkel: posts small blind $1
LifeisagameX: posts big blind $3
*** HOLE CARDS ***
TeamUrkel: folds
Uncalled bet ($2) returned to LifeisagameX
LifeisagameX collected $2 from pot
LifeisagameX: doesn't show hand
*** SUMMARY ***
Total pot $2 | Rake $0
Seat 4: LifeisagameX (big blind) collected ($2)
Seat 5: TeamUrkel (button) (small blind) folded before Flop


PokerStars Hand #146092086557:  Hold'em Limit ($3/$6 USD) - 2015/12/28 20:50:49 ET
Table 'Cruithne' 6-max Seat #5 is the button
Seat 4: LifeisagameX ($74.50 in chips)
Seat 5: TeamUrkel ($55.62 in chips)
TeamUrkel: posts small blind $1
LifeisagameX: posts big blind $3
*** HOLE CARDS ***
TeamUrkel: raises $3 to $6
LifeisagameX: raises $3 to $9
TeamUrkel: calls $3
*** FLOP *** [5s 4h 6c]
LifeisagameX: bets $3
TeamUrkel: calls $3
*** TURN *** [5s 4h 6c] [Ac]
LifeisagameX: bets $6
TeamUrkel: raises $6 to $12
LifeisagameX: calls $6
*** RIVER *** [5s 4h 6c Ac] [3d]
LifeisagameX: checks
TeamUrkel: checks
*** SHOW DOWN ***
LifeisagameX: shows [8s 8h] (a pair of Eights)
TeamUrkel: shows [Ad Js] (a pair of Aces)
TeamUrkel collected $47.50 from pot
*** SUMMARY ***
Total pot $48 | Rake $0.50
Board [5s 4h 6c Ac 3d]
Seat 4: LifeisagameX (big blind) showed [8s 8h] and lost with a pair of Eights
Seat 5: TeamUrkel (button) (small blind) showed [Ad Js] and won ($47.50) with a pair of Aces


PokerStars Hand #146092105912:  Hold'em Limit ($3/$6 USD) - 2015/12/28 20:51:26 ET
Table 'Cruithne' 6-max Seat #4 is the button
Seat 4: LifeisagameX ($50.50 in chips)
Seat 5: TeamUrkel ($79.12 in chips)
LifeisagameX: posts small blind $1
TeamUrkel: posts big blind $3
*** HOLE CARDS ***
LifeisagameX: raises $3 to $6
TeamUrkel: calls $3
*** FLOP *** [5s 2d 6s]
TeamUrkel: checks
LifeisagameX: bets $3
TeamUrkel: calls $3
*** TURN *** [5s 2d 6s] [7c]
TeamUrkel: checks
LifeisagameX: checks
*** RIVER *** [5s 2d 6s 7c] [4c]
TeamUrkel: checks
LifeisagameX: bets $6
TeamUrkel: folds
Uncalled bet ($6) returned to LifeisagameX
LifeisagameX collected $17.64 from pot
LifeisagameX: doesn't show hand
*** SUMMARY ***
Total pot $18 | Rake $0.36
Board [5s 2d 6s 7c 4c]
Seat 4: LifeisagameX (button) (small blind) collected ($17.64)
Seat 5: TeamUrkel (big blind) folded on the River


PokerStars Hand #146092145400:  Hold'em Limit ($3/$6 USD) - 2015/12/28 20:52:41 ET
Table 'Cruithne' 6-max Seat #5 is the button
Seat 4: LifeisagameX ($86.40 in chips)
Seat 5: TeamUrkel ($42.12 in chips)
TeamUrkel: posts small blind $1
LifeisagameX: posts big blind $3
*** HOLE CARDS ***
TeamUrkel: raises $3 to $6
LifeisagameX: calls $3
*** FLOP *** [Kd 7h 2s]
LifeisagameX: checks
TeamUrkel: checks
*** TURN *** [Kd 7h 2s] [7d]
LifeisagameX: checks
TeamUrkel: bets $6
LifeisagameX: raises $6 to $12
TeamUrkel: folds
Uncalled bet ($6) returned to LifeisagameX
LifeisagameX collected $23.52 from pot
LifeisagameX: doesn't show hand
*** SUMMARY ***
Total pot $24 | Rake $0.48
Board [Kd 7h 2s 7d]
Seat 4: LifeisagameX (big blind) collected ($23.52)
Seat 5: TeamUrkel (button) (small blind) folded on the Turn


PokerStars Hand #146092133254:  Hold'em Limit ($3/$6 USD) - 2015/12/28 20:52:18 ET
Table 'Cruithne' 6-max Seat #4 is the button
Seat 4: LifeisagameX ($62.90 in chips)
Seat 5: TeamUrkel ($66.12 in chips)
LifeisagameX: posts small blind $1
TeamUrkel: posts big blind $3
*** HOLE CARDS ***
LifeisagameX: raises $3 to $6
TeamUrkel: raises $3 to $9
LifeisagameX: calls $3
*** FLOP *** [8s 5h Qs]
TeamUrkel: bets $3
LifeisagameX: calls $3
*** TURN *** [8s 5h Qs] [5c]
TeamUrkel: bets $6
LifeisagameX: calls $6
*** RIVER *** [8s 5h Qs 5c] [6c]
TeamUrkel: bets $6
LifeisagameX: calls $6
*** SHOW DOWN ***
TeamUrkel: shows [4h 2s] (a pair of Fives)
LifeisagameX: shows [8h Ad] (two pair, Eights and Fives)
LifeisagameX collected $47.50 from pot
*** SUMMARY ***
Total pot $48 | Rake $0.50
Board [8s 5h Qs 5c 6c]
Seat 4: LifeisagameX (button) (small blind) showed [8h Ad] and won ($47.50) with two pair, Eights and Fives
Seat 5: TeamUrkel (big blind) showed [4h 2s] and lost with a pair of Fives


PokerStars Hand #146092130353:  Hold'em Limit ($3/$6 USD) - 2015/12/28 20:52:13 ET
Table 'Cruithne' 6-max Seat #5 is the button
Seat 4: LifeisagameX ($65.90 in chips)
Seat 5: TeamUrkel ($63.12 in chips)
TeamUrkel: posts small blind $1
LifeisagameX: posts big blind $3
*** HOLE CARDS ***
TeamUrkel: raises $3 to $6
LifeisagameX: folds
Uncalled bet ($3) returned to TeamUrkel
TeamUrkel collected $6 from pot
TeamUrkel: doesn't show hand
*** SUMMARY ***
Total pot $6 | Rake $0
Seat 4: LifeisagameX (big blind) folded before Flop
Seat 5: TeamUrkel (button) (small blind) collected ($6)


PokerStars Hand #146092121506:  Hold'em Limit ($3/$6 USD) - 2015/12/28 20:51:56 ET
Table 'Cruithne' 6-max Seat #4 is the button
Seat 4: LifeisagameX ($60.14 in chips)
Seat 5: TeamUrkel ($69.12 in chips)
LifeisagameX: posts small blind $1
TeamUrkel: posts big blind $3
*** HOLE CARDS ***
LifeisagameX: raises $3 to $6
TeamUrkel: calls $3
*** FLOP *** [8s Kd 6d]
TeamUrkel: checks
LifeisagameX: bets $3
TeamUrkel: folds
Uncalled bet ($3) returned to LifeisagameX
LifeisagameX collected $11.76 from pot
LifeisagameX: doesn't show hand
*** SUMMARY ***
Total pot $12 | Rake $0.24
Board [8s Kd 6d]
Seat 4: LifeisagameX (button) (small blind) collected ($11.76)
Seat 5: TeamUrkel (big blind) folded on the Flop


PokerStars Hand #146092165535:  Hold'em Limit ($3/$6 USD) - 2015/12/28 20:53:20 ET
Table 'Cruithne' 6-max Seat #5 is the button
Seat 4: LifeisagameX ($85.92 in chips)
Seat 5: TeamUrkel ($41.64 in chips)
TeamUrkel: posts small blind $1
LifeisagameX: posts big blind $3
*** HOLE CARDS ***
TeamUrkel: raises $3 to $6
LifeisagameX: calls $3
*** FLOP *** [4d Jd Qs]
LifeisagameX: checks
TeamUrkel: checks
*** TURN *** [4d Jd Qs] [Jc]
LifeisagameX: checks
TeamUrkel: bets $6
LifeisagameX: calls $6
*** RIVER *** [4d Jd Qs Jc] [8d]
LifeisagameX: checks
TeamUrkel: checks
*** SHOW DOWN ***
LifeisagameX: shows [4h Qc] (two pair, Queens and Jacks)
TeamUrkel: mucks hand
LifeisagameX collected $23.52 from pot
*** SUMMARY ***
Total pot $24 | Rake $0.48
Board [4d Jd Qs Jc 8d]
Seat 4: LifeisagameX (big blind) showed [4h Qc] and won ($23.52) with two pair, Queens and Jacks
Seat 5: TeamUrkel (button) (small blind) mucked


PokerStars Hand #146092156326:  Hold'em Limit ($3/$6 USD) - 2015/12/28 20:53:02 ET
Table 'Cruithne' 6-max Seat #4 is the button
Seat 4: LifeisagameX ($97.92 in chips)
Seat 5: TeamUrkel ($30.12 in chips)
LifeisagameX: posts small blind $1
TeamUrkel: posts big blind $3
*** HOLE CARDS ***
LifeisagameX: raises $3 to $6
TeamUrkel: calls $3
*** FLOP *** [6s Qd 8c]
TeamUrkel: checks
LifeisagameX: checks
*** TURN *** [6s Qd 8c] [5d]
TeamUrkel: bets $6
LifeisagameX: calls $6
*** RIVER *** [6s Qd 8c 5d] [3c]
TeamUrkel: bets $6
LifeisagameX: folds
Uncalled bet ($6) returned to TeamUrkel
TeamUrkel collected $23.52 from pot
*** SUMMARY ***
Total pot $24 | Rake $0.48
Board [6s Qd 8c 5d 3c]
Seat 4: LifeisagameX (button) (small blind) folded on the River
Seat 5: TeamUrkel (big blind) collected ($23.52)


PokerStars Hand #146092202589:  Hold'em Limit ($3/$6 USD) - 2015/12/28 20:54:32 ET
Table 'Cruithne' 6-max Seat #5 is the button
Seat 4: LifeisagameX ($65.44 in chips)
Seat 5: TeamUrkel ($60.64 in chips)
TeamUrkel: posts small blind $1
LifeisagameX: posts big blind $3
*** HOLE CARDS ***
TeamUrkel: raises $3 to $6
LifeisagameX: raises $3 to $9
TeamUrkel: calls $3
*** FLOP *** [Tc Qd Ac]
LifeisagameX: bets $3
TeamUrkel: folds
Uncalled bet ($3) returned to LifeisagameX
LifeisagameX collected $17.64 from pot
LifeisagameX: doesn't show hand
*** SUMMARY ***
Total pot $18 | Rake $0.36
Board [Tc Qd Ac]
Seat 4: LifeisagameX (big blind) collected ($17.64)
Seat 5: TeamUrkel (button) (small blind) folded on the Flop


PokerStars Hand #146092192079:  Hold'em Limit ($3/$6 USD) - 2015/12/28 20:54:11 ET
Table 'Cruithne' 6-max Seat #4 is the button
Seat 4: LifeisagameX ($83.44 in chips)
Seat 5: TeamUrkel ($43.14 in chips)
LifeisagameX: posts small blind $1
TeamUrkel: posts big blind $3
*** HOLE CARDS ***
LifeisagameX: raises $3 to $6
TeamUrkel: calls $3
*** FLOP *** [7d 5c Js]
TeamUrkel: checks
LifeisagameX: checks
*** TURN *** [7d 5c Js] [2d]
TeamUrkel: bets $6
LifeisagameX: calls $6
*** RIVER *** [7d 5c Js 2d] [4s]
TeamUrkel: bets $6
LifeisagameX: calls $6
*** SHOW DOWN ***
TeamUrkel: shows [4c Jc] (two pair, Jacks and Fours)
LifeisagameX: mucks hand
TeamUrkel collected $35.50 from pot
*** SUMMARY ***
Total pot $36 | Rake $0.50
Board [7d 5c Js 2d 4s]
Seat 4: LifeisagameX (button) (small blind) mucked
Seat 5: TeamUrkel (big blind) showed [4c Jc] and won ($35.50) with two pair, Jacks and Fours


PokerStars Hand #146092189308:  Hold'em Limit ($3/$6 USD) - 2015/12/28 20:54:06 ET
Table 'Cruithne' 6-max Seat #5 is the button
Seat 4: LifeisagameX ($82.44 in chips)
Seat 5: TeamUrkel ($44.14 in chips)
TeamUrkel: posts small blind $1
LifeisagameX: posts big blind $3
*** HOLE CARDS ***
TeamUrkel: folds
Uncalled bet ($2) returned to LifeisagameX
LifeisagameX collected $2 from pot
LifeisagameX: doesn't show hand
*** SUMMARY ***
Total pot $2 | Rake $0
Seat 4: LifeisagameX (big blind) collected ($2)
Seat 5: TeamUrkel (button) (small blind) folded before Flop


PokerStars Hand #146092179498:  Hold'em Limit ($3/$6 USD) - 2015/12/28 20:53:47 ET
Table 'Cruithne' 6-max Seat #4 is the button
Seat 4: LifeisagameX ($97.44 in chips)
Seat 5: TeamUrkel ($29.64 in chips)
LifeisagameX: posts small blind $1
TeamUrkel: posts big blind $3
*** HOLE CARDS ***
LifeisagameX: raises $3 to $6
TeamUrkel: calls $3
*** FLOP *** [6s 4c 6h]
TeamUrkel: checks
LifeisagameX: bets $3
TeamUrkel: calls $3
*** TURN *** [6s 4c 6h] [4s]
TeamUrkel: checks
LifeisagameX: bets $6
TeamUrkel: raises $6 to $12
LifeisagameX: folds
Uncalled bet ($6) returned to TeamUrkel
TeamUrkel collected $29.50 from pot
*** SUMMARY ***
Total pot $30 | Rake $0.50
Board [6s 4c 6h 4s]
Seat 4: LifeisagameX (button) (small blind) folded on the Turn
Seat 5: TeamUrkel (big blind) collected ($29.50)


PokerStars Hand #146092208952:  Hold'em Limit ($3/$6 USD) - 2015/12/28 20:54:44 ET
Table 'Cruithne' 6-max Seat #4 is the button
Seat 4: LifeisagameX ($74.08 in chips)
Seat 5: TeamUrkel ($51.64 in chips)
LifeisagameX: posts small blind $1
TeamUrkel: posts big blind $3
*** HOLE CARDS ***
LifeisagameX: raises $3 to $6
TeamUrkel: raises $3 to $9
LifeisagameX: calls $3
*** FLOP *** [2s 5h 3d]
TeamUrkel: bets $3
LifeisagameX: calls $3
*** TURN *** [2s 5h 3d] [6h]
TeamUrkel: checks
LifeisagameX: checks
*** RIVER *** [2s 5h 3d 6h] [2d]
TeamUrkel: checks
LifeisagameX: bets $6
TeamUrkel: calls $6
*** SHOW DOWN ***
LifeisagameX: shows [As 5s] (two pair, Fives and Deuces)
TeamUrkel: mucks hand
LifeisagameX collected $35.50 from pot
*** SUMMARY ***
Total pot $36 | Rake $0.50
Board [2s 5h 3d 6h 2d]
Seat 4: LifeisagameX (button) (small blind) showed [As 5s] and won ($35.50) with two pair, Fives and Deuces
Seat 5: TeamUrkel (big blind) mucked


PokerStars Hand #146092232946:  Hold'em Limit ($3/$6 USD) - 2015/12/28 20:55:34 ET
Table 'Cruithne' 6-max Seat #4 is the button
Seat 4: LifeisagameX ($85.58 in chips)
Seat 5: TeamUrkel ($39.40 in chips)
LifeisagameX: posts small blind $1
TeamUrkel: posts big blind $3
*** HOLE CARDS ***
LifeisagameX: raises $3 to $6
SmellyToes4u joins the table at seat #6
TeamUrkel: calls $3
*** FLOP *** [4h 3d 2d]
TeamUrkel: checks
LifeisagameX: checks
*** TURN *** [4h 3d 2d] [9h]
TeamUrkel: checks
LifeisagameX: bets $6
TeamUrkel: folds
Uncalled bet ($6) returned to LifeisagameX
LifeisagameX collected $11.76 from pot
LifeisagameX: doesn't show hand
*** SUMMARY ***
Total pot $12 | Rake $0.24
Board [4h 3d 2d 9h]
Seat 4: LifeisagameX (button) (small blind) collected ($11.76)
Seat 5: TeamUrkel (big blind) folded on the Turn


PokerStars Hand #146092225348:  Hold'em Limit ($3/$6 USD) - 2015/12/28 20:55:17 ET
Table 'Cruithne' 6-max Seat #5 is the button
Seat 4: LifeisagameX ($91.58 in chips)
Seat 5: TeamUrkel ($33.64 in chips)
TeamUrkel: posts small blind $1
LifeisagameX: posts big blind $3
*** HOLE CARDS ***
TeamUrkel: raises $3 to $6
LifeisagameX: calls $3
*** FLOP *** [7h 9s 5s]
LifeisagameX: checks
TeamUrkel: bets $3
LifeisagameX: folds
Uncalled bet ($3) returned to TeamUrkel
TeamUrkel collected $11.76 from pot
TeamUrkel: doesn't show hand
*** SUMMARY ***
Total pot $12 | Rake $0.24
Board [7h 9s 5s]
Seat 4: LifeisagameX (big blind) folded on the Flop
Seat 5: TeamUrkel (button) (small blind) collected ($11.76)


PokerStars Hand #146092263796:  Hold'em Limit ($3/$6 USD) - 2015/12/28 20:56:45 ET
Table 'Cruithne' 6-max Seat #5 is the button
Seat 5: TeamUrkel ($37.16 in chips)
Seat 6: SmellyToes4u ($116 in chips)
TeamUrkel: posts small blind $1
SmellyToes4u: posts big blind $3
*** HOLE CARDS ***
TeamUrkel: calls $2
SmellyToes4u: checks
*** FLOP *** [Tc Ac 6h]
SmellyToes4u: bets $3
TeamUrkel: folds
Uncalled bet ($3) returned to SmellyToes4u
SmellyToes4u collected $5.88 from pot
SmellyToes4u: doesn't show hand
*** SUMMARY ***
Total pot $6 | Rake $0.12
Board [Tc Ac 6h]
Seat 5: TeamUrkel (button) (small blind) folded on the Flop
Seat 6: SmellyToes4u (big blind) collected ($5.88)


PokerStars Hand #146092261439:  Hold'em Limit ($3/$6 USD) - 2015/12/28 20:56:39 ET
Table 'Cruithne' 6-max Seat #6 is the button
Seat 5: TeamUrkel ($36.16 in chips)
Seat 6: SmellyToes4u ($117 in chips)
SmellyToes4u: posts small blind $1
TeamUrkel: posts big blind $3
*** HOLE CARDS ***
SmellyToes4u: folds
Uncalled bet ($2) returned to TeamUrkel
TeamUrkel collected $2 from pot
TeamUrkel: doesn't show hand
*** SUMMARY ***
Total pot $2 | Rake $0
Seat 5: TeamUrkel (big blind) collected ($2)
Seat 6: SmellyToes4u (button) (small blind) folded before Flop


PokerStars Hand #146092257191:  Hold'em Limit ($3/$6 USD) - 2015/12/28 20:56:30 ET
Table 'Cruithne' 6-max Seat #5 is the button
Seat 5: TeamUrkel ($30.40 in chips)
Seat 6: SmellyToes4u ($123 in chips)
TeamUrkel: posts small blind $1
SmellyToes4u: posts big blind $3
*** HOLE CARDS ***
TeamUrkel: raises $3 to $6
LifeisagameX leaves the table
SmellyToes4u: calls $3
*** FLOP *** [Js Ah 6h]
SmellyToes4u: checks
TeamUrkel: bets $3
SmellyToes4u: folds
Uncalled bet ($3) returned to TeamUrkel
TeamUrkel collected $11.76 from pot
*** SUMMARY ***
Total pot $12 | Rake $0.24
Board [Js Ah 6h]
Seat 5: TeamUrkel (button) (small blind) collected ($11.76)
Seat 6: SmellyToes4u (big blind) folded on the Flop


PokerStars Hand #146092274287:  Hold'em Limit ($3/$6 USD) - 2015/12/28 20:57:09 ET
Table 'Cruithne' 6-max Seat #5 is the button
Seat 5: TeamUrkel ($45.68 in chips)
Seat 6: SmellyToes4u ($106.88 in chips)
TeamUrkel: posts small blind $1
SmellyToes4u: posts big blind $3
*** HOLE CARDS ***
TeamUrkel: raises $3 to $6
SmellyToes4u: calls $3
*** FLOP *** [8c 3h 7d]
SmellyToes4u: checks
TeamUrkel: bets $3
SmellyToes4u: calls $3
*** TURN *** [8c 3h 7d] [Js]
SmellyToes4u: checks
TeamUrkel: bets $6
SmellyToes4u: calls $6
*** RIVER *** [8c 3h 7d Js] [Td]
SmellyToes4u: checks
TeamUrkel: checks
*** SHOW DOWN ***
SmellyToes4u: shows [Kd 9s] (a straight, Seven to Jack)
TeamUrkel: mucks hand
SmellyToes4u collected $29.50 from pot
*** SUMMARY ***
Total pot $30 | Rake $0.50
Board [8c 3h 7d Js Td]
Seat 5: TeamUrkel (button) (small blind) mucked
Seat 6: SmellyToes4u (big blind) showed [Kd 9s] and won ($29.50) with a straight, Seven to Jack


PokerStars Hand #146092287704:  Hold'em Limit ($3/$6 USD) - 2015/12/28 20:57:39 ET
Table 'Cruithne' 6-max Seat #5 is the button
Seat 5: TeamUrkel ($24.68 in chips)
Seat 6: SmellyToes4u ($127.14 in chips)
TeamUrkel: posts small blind $1
SmellyToes4u: posts big blind $3
*** HOLE CARDS ***
TeamUrkel: folds
Uncalled bet ($2) returned to SmellyToes4u
SmellyToes4u collected $2 from pot
SmellyToes4u: doesn't show hand
*** SUMMARY ***
Total pot $2 | Rake $0
Seat 5: TeamUrkel (button) (small blind) folded before Flop
Seat 6: SmellyToes4u (big blind) collected ($2)


PokerStars Hand #146092283607:  Hold'em Limit ($3/$6 USD) - 2015/12/28 20:57:29 ET
Table 'Cruithne' 6-max Seat #6 is the button
Seat 5: TeamUrkel ($30.68 in chips)
Seat 6: SmellyToes4u ($121.38 in chips)
SmellyToes4u: posts small blind $1
TeamUrkel: posts big blind $3
*** HOLE CARDS ***
SmellyToes4u: raises $3 to $6
TeamUrkel: calls $3
*** FLOP *** [2d 2h Qs]
TeamUrkel: checks
SmellyToes4u: bets $3
TeamUrkel: folds
Uncalled bet ($3) returned to SmellyToes4u
SmellyToes4u collected $11.76 from pot
SmellyToes4u: doesn't show hand
*** SUMMARY ***
Total pot $12 | Rake $0.24
Board [2d 2h Qs]
Seat 5: TeamUrkel (big blind) folded on the Flop
Seat 6: SmellyToes4u (button) (small blind) collected ($11.76)


PokerStars Hand #146092267577:  Hold'em Limit ($3/$6 USD) - 2015/12/28 20:56:53 ET
Table 'Cruithne' 6-max Seat #6 is the button
Seat 5: TeamUrkel ($34.16 in chips)
Seat 6: SmellyToes4u ($118.88 in chips)
SmellyToes4u: posts small blind $1
TeamUrkel: posts big blind $3
*** HOLE CARDS ***
SmellyToes4u: raises $3 to $6
TeamUrkel: raises $3 to $9
SmellyToes4u: calls $3
*** FLOP *** [5s Ks 3h]
TeamUrkel: bets $3
SmellyToes4u: calls $3
*** TURN *** [5s Ks 3h] [5h]
TeamUrkel: checks
SmellyToes4u: checks
*** RIVER *** [5s Ks 3h 5h] [7c]
TeamUrkel: bets $6
SmellyToes4u: folds
Uncalled bet ($6) returned to TeamUrkel
TeamUrkel collected $23.52 from pot
*** SUMMARY ***
Total pot $24 | Rake $0.48
Board [5s Ks 3h 5h 7c]
Seat 5: TeamUrkel (big blind) collected ($23.52)
Seat 6: SmellyToes4u (button) (small blind) folded on the River


PokerStars Hand #146092317405:  Hold'em Limit ($3/$6 USD) - 2015/12/28 20:58:46 ET
Table 'Cruithne' 6-max Seat #6 is the button
Seat 5: TeamUrkel ($21.20 in chips)
Seat 6: SmellyToes4u ($129.54 in chips)
SmellyToes4u: posts small blind $1
TeamUrkel: posts big blind $3
*** HOLE CARDS ***
SmellyToes4u: raises $3 to $6
TeamUrkel: calls $3
*** FLOP *** [5h 7s As]
TeamUrkel: checks
SmellyToes4u: bets $3
TeamUrkel: calls $3
*** TURN *** [5h 7s As] [4d]
TeamUrkel: checks
SmellyToes4u: checks
*** RIVER *** [5h 7s As 4d] [3s]
TeamUrkel: bets $6
SmellyToes4u: raises $6 to $12
TeamUrkel: raises $0.20 to $12.20 and is all-in
SmellyToes4u: calls $0.20
*** SHOW DOWN ***
TeamUrkel: shows [Ad 5c] (two pair, Aces and Fives)
SmellyToes4u: shows [9s Qs] (a flush, Ace high)
SmellyToes4u collected $41.90 from pot
*** SUMMARY ***
Total pot $42.40 | Rake $0.50
Board [5h 7s As 4d 3s]
Seat 5: TeamUrkel (big blind) showed [Ad 5c] and lost with two pair, Aces and Fives
Seat 6: SmellyToes4u (button) (small blind) showed [9s Qs] and won ($41.90) with a flush, Ace high


PokerStars Hand #146092290253:  Hold'em Limit ($3/$6 USD) - 2015/12/28 20:57:44 ET
Table 'Cruithne' 6-max Seat #6 is the button
Seat 5: TeamUrkel ($23.68 in chips)
Seat 6: SmellyToes4u ($128.14 in chips)
SmellyToes4u: posts small blind $1
TeamUrkel: posts big blind $3
*** HOLE CARDS ***
SmellyToes4u: raises $3 to $6
TeamUrkel: calls $3
*** FLOP *** [4s 8c 3s]
TeamUrkel: checks
SmellyToes4u: bets $3
TeamUrkel: raises $3 to $6
SmellyToes4u: calls $3
*** TURN *** [4s 8c 3s] [7h]
TeamUrkel: bets $6
SmellyToes4u: folds
Uncalled bet ($6) returned to TeamUrkel
TeamUrkel collected $23.52 from pot
TeamUrkel: doesn't show hand
*** SUMMARY ***
Total pot $24 | Rake $0.48
Board [4s 8c 3s 7h]
Seat 5: TeamUrkel (big blind) collected ($23.52)
Seat 6: SmellyToes4u (button) (small blind) folded on the Turn


PokerStars Hand #146092309318:  Hold'em Limit ($3/$6 USD) - 2015/12/28 20:58:27 ET
Table 'Cruithne' 6-max Seat #6 is the button
Seat 5: TeamUrkel ($26.20 in chips)
Seat 6: SmellyToes4u ($124.78 in chips)
SmellyToes4u: posts small blind $1
TeamUrkel: posts big blind $3
*** HOLE CARDS ***
SmellyToes4u: folds
Uncalled bet ($2) returned to TeamUrkel
TeamUrkel collected $2 from pot
TeamUrkel: doesn't show hand
*** SUMMARY ***
Total pot $2 | Rake $0
Seat 5: TeamUrkel (big blind) collected ($2)
Seat 6: SmellyToes4u (button) (small blind) folded before Flop


PokerStars Hand #146092300364:  Hold'em Limit ($3/$6 USD) - 2015/12/28 20:58:07 ET
Table 'Cruithne' 6-max Seat #5 is the button
Seat 5: TeamUrkel ($35.20 in chips)
Seat 6: SmellyToes4u ($116.14 in chips)
TeamUrkel: posts small blind $1
SmellyToes4u: posts big blind $3
*** HOLE CARDS ***
TeamUrkel: raises $3 to $6
SmellyToes4u: calls $3
*** FLOP *** [8c Ac 3d]
SmellyToes4u: checks
TeamUrkel: bets $3
SmellyToes4u: calls $3
*** TURN *** [8c Ac 3d] [Td]
SmellyToes4u: checks
TeamUrkel: checks
*** RIVER *** [8c Ac 3d Td] [5c]
SmellyToes4u: bets $6
TeamUrkel: folds
Uncalled bet ($6) returned to SmellyToes4u
SmellyToes4u collected $17.64 from pot
SmellyToes4u: doesn't show hand
*** SUMMARY ***
Total pot $18 | Rake $0.36
Board [8c Ac 3d Td 5c]
Seat 5: TeamUrkel (button) (small blind) folded on the River
Seat 6: SmellyToes4u (big blind) collected ($17.64)


PokerStars Hand #146092311458:  Hold'em Limit ($3/$6 USD) - 2015/12/28 20:58:32 ET
Table 'Cruithne' 6-max Seat #5 is the button
Seat 5: TeamUrkel ($27.20 in chips)
Seat 6: SmellyToes4u ($123.78 in chips)
TeamUrkel: posts small blind $1
SmellyToes4u: posts big blind $3
*** HOLE CARDS ***
TeamUrkel: raises $3 to $6
SmellyToes4u: calls $3
*** FLOP *** [9d 2h 3h]
SmellyToes4u: checks
TeamUrkel: checks
*** TURN *** [9d 2h 3h] [3d]
SmellyToes4u: checks
TeamUrkel: checks
*** RIVER *** [9d 2h 3h 3d] [2c]
SmellyToes4u: bets $6
TeamUrkel: folds
Uncalled bet ($6) returned to SmellyToes4u
SmellyToes4u collected $11.76 from pot
SmellyToes4u: doesn't show hand
*** SUMMARY ***
Total pot $12 | Rake $0.24
Board [9d 2h 3h 3d 2c]
Seat 5: TeamUrkel (button) (small blind) folded on the River
Seat 6: SmellyToes4u (big blind) collected ($11.76)


