PokerStars Hand #150267687419:  Hold'em Limit ($3/$6 USD) - 2016/03/12 21:58:50 ET
Table 'Cruithne' 10-max Seat #8 is the button
Seat 7: BuzovaPro ($75 in chips)
Seat 8: 69_fatih ($66.42 in chips)
69_fatih: posts small blind $1
BuzovaPro: posts big blind $3
*** HOLE CARDS ***
69_fatih: calls $2
BuzovaPro: checks
*** FLOP *** [7c 2h 2s]
JayEm82 joins the table at seat #9
BuzovaPro: checks
69_fatih: checks
*** TURN *** [7c 2h 2s] [Tc]
BuzovaPro: checks
69_fatih: checks
*** RIVER *** [7c 2h 2s Tc] [7s]
BuzovaPro: checks
69_fatih: checks
*** SHOW DOWN ***
BuzovaPro: shows [6d Kh] (two pair, Sevens and Deuces)
69_fatih: mucks hand
BuzovaPro collected $5.88 from pot
*** SUMMARY ***
Total pot $6 | Rake $0.12
Board [7c 2h 2s Tc 7s]
Seat 7: BuzovaPro (big blind) showed [6d Kh] and won ($5.88) with two pair, Sevens and Deuces
Seat 8: 69_fatih (button) (small blind) mucked


PokerStars Hand #150267695496:  Hold'em Limit ($3/$6 USD) - 2016/03/12 21:59:15 ET
Table 'Cruithne' 10-max Seat #7 is the button
Seat 7: BuzovaPro ($77.88 in chips)
Seat 8: 69_fatih ($63.42 in chips)
BuzovaPro: posts small blind $1
69_fatih: posts big blind $3
*** HOLE CARDS ***
BuzovaPro: calls $2
69_fatih: checks
*** FLOP *** [Qs 5s Th]
69_fatih: checks
BuzovaPro: bets $3
69_fatih: calls $3
*** TURN *** [Qs 5s Th] [9c]
69_fatih: checks
BuzovaPro: bets $6
69_fatih: calls $6
*** RIVER *** [Qs 5s Th 9c] [Ks]
69_fatih: checks
BuzovaPro: checks
*** SHOW DOWN ***
69_fatih: shows [Qd 6d] (a pair of Queens)
BuzovaPro: shows [7d Qc] (a pair of Queens)
69_fatih collected $11.76 from pot
BuzovaPro collected $11.76 from pot
*** SUMMARY ***
Total pot $24 | Rake $0.48
Board [Qs 5s Th 9c Ks]
Seat 7: BuzovaPro (button) (small blind) showed [7d Qc] and won ($11.76) with a pair of Queens
Seat 8: 69_fatih (big blind) showed [Qd 6d] and won ($11.76) with a pair of Queens


PokerStars Hand #150267985916:  Hold'em Limit ($3/$6 USD) - 2016/03/12 22:12:13 ET
Table 'Cruithne' 10-max Seat #5 is the button
Seat 5: $i1ver ($31 in chips)
Seat 9: JayEm82 ($90.28 in chips)
$i1ver: posts small blind $1
JayEm82: posts big blind $3
*** HOLE CARDS ***
$i1ver: raises $3 to $6
JayEm82: folds
Uncalled bet ($3) returned to $i1ver
$i1ver collected $6 from pot
$i1ver: doesn't show hand
*** SUMMARY ***
Total pot $6 | Rake $0
Seat 5: $i1ver (button) (small blind) collected ($6)
Seat 9: JayEm82 (big blind) folded before Flop


PokerStars Hand #150267983015:  Hold'em Limit ($3/$6 USD) - 2016/03/12 22:12:05 ET
Table 'Cruithne' 10-max Seat #9 is the button
Seat 5: $i1ver ($30 in chips)
Seat 9: JayEm82 ($91.28 in chips)
JayEm82: posts small blind $1
$i1ver: posts big blind $3
*** HOLE CARDS ***
JayEm82: folds
Uncalled bet ($2) returned to $i1ver
$i1ver collected $2 from pot
$i1ver: doesn't show hand
*** SUMMARY ***
Total pot $2 | Rake $0
Seat 5: $i1ver (big blind) collected ($2)
Seat 9: JayEm82 (button) (small blind) folded before Flop


PokerStars Hand #150267988613:  Hold'em Limit ($3/$6 USD) - 2016/03/12 22:12:20 ET
Table 'Cruithne' 10-max Seat #9 is the button
Seat 5: $i1ver ($34 in chips)
Seat 9: JayEm82 ($87.28 in chips)
JayEm82: posts small blind $1
$i1ver: posts big blind $3
*** HOLE CARDS ***
JayEm82: raises $3 to $6
$i1ver: calls $3
*** FLOP *** [5d 6h 4s]
$i1ver: checks
JayEm82: bets $3
$i1ver: calls $3
*** TURN *** [5d 6h 4s] [Qc]
$i1ver: bets $6
JayEm82: calls $6
*** RIVER *** [5d 6h 4s Qc] [Jc]
AzureCaper joins the table at seat #6
$i1ver: bets $6
JayEm82: calls $6
*** SHOW DOWN ***
$i1ver: shows [Th 5c] (a pair of Fives)
JayEm82: shows [Jd Ah] (a pair of Jacks)
JayEm82 collected $41.50 from pot
*** SUMMARY ***
Total pot $42 | Rake $0.50
Board [5d 6h 4s Qc Jc]
Seat 5: $i1ver (big blind) showed [Th 5c] and lost with a pair of Fives
Seat 9: JayEm82 (button) (small blind) showed [Jd Ah] and won ($41.50) with a pair of Jacks


PokerStars Hand #150268061166:  Hold'em Limit ($3/$6 USD) - 2016/03/12 22:15:38 ET
Table 'Cruithne' 10-max Seat #9 is the button
Seat 6: AzureCaper ($86.10 in chips)
Seat 9: JayEm82 ($122.79 in chips)
JayEm82: posts small blind $1
AzureCaper: posts big blind $3
*** HOLE CARDS ***
JayEm82: raises $3 to $6
AzureCaper: folds
Uncalled bet ($3) returned to JayEm82
JayEm82 collected $6 from pot
JayEm82: doesn't show hand
*** SUMMARY ***
Total pot $6 | Rake $0
Seat 6: AzureCaper (big blind) folded before Flop
Seat 9: JayEm82 (button) (small blind) collected ($6)


PokerStars Hand #150268063102:  Hold'em Limit ($3/$6 USD) - 2016/03/12 22:15:43 ET
Table 'Cruithne' 10-max Seat #6 is the button
Seat 6: AzureCaper ($83.10 in chips)
Seat 9: JayEm82 ($125.79 in chips)
AzureCaper: posts small blind $1
JayEm82: posts big blind $3
*** HOLE CARDS ***
AzureCaper: folds
Uncalled bet ($2) returned to JayEm82
AzureCaper leaves the table
JayEm82 collected $2 from pot
JayEm82: doesn't show hand
*** SUMMARY ***
Total pot $2 | Rake $0
Seat 6: AzureCaper (button) (small blind) folded before Flop
Seat 9: JayEm82 (big blind) collected ($2)


PokerStars Hand #150268124602:  Hold'em Limit ($3/$6 USD) - 2016/03/12 22:18:29 ET
Table 'Cruithne' 10-max Seat #9 is the button
Seat 5: $i1ver ($128.64 in chips)
Seat 9: JayEm82 ($154.17 in chips)
JayEm82: posts small blind $1
$i1ver: posts big blind $3
*** HOLE CARDS ***
JayEm82: folds
Uncalled bet ($2) returned to $i1ver
$i1ver collected $2 from pot
$i1ver: doesn't show hand
*** SUMMARY ***
Total pot $2 | Rake $0
Seat 5: $i1ver (big blind) collected ($2)
Seat 9: JayEm82 (button) (small blind) folded before Flop


PokerStars Hand #150268116597:  Hold'em Limit ($3/$6 USD) - 2016/03/12 22:18:07 ET
Table 'Cruithne' 10-max Seat #5 is the button
Seat 5: $i1ver ($120 in chips)
Seat 9: JayEm82 ($163.17 in chips)
$i1ver: posts small blind $1
JayEm82: posts big blind $3
*** HOLE CARDS ***
$i1ver: raises $3 to $6
JayEm82: calls $3
*** FLOP *** [9d 9s Qc]
JayEm82: checks
$i1ver: bets $3
JayEm82: calls $3
*** TURN *** [9d 9s Qc] [Ad]
JayEm82: checks
$i1ver: checks
*** RIVER *** [9d 9s Qc Ad] [3c]
JayEm82: checks
$i1ver: bets $6
JayEm82: folds
Uncalled bet ($6) returned to $i1ver
Gander NL joins the table at seat #8
$i1ver collected $17.64 from pot
$i1ver: doesn't show hand
*** SUMMARY ***
Total pot $18 | Rake $0.36
Board [9d 9s Qc Ad 3c]
Seat 5: $i1ver (button) (small blind) collected ($17.64)
Seat 9: JayEm82 (big blind) folded on the River


PokerStars Hand #150268789886:  Hold'em Limit ($3/$6 USD) - 2016/03/12 22:49:43 ET
Table 'Cruithne' 10-max Seat #9 is the button
Seat 6: AzureCaper ($287.41 in chips)
Seat 9: JayEm82 ($234.53 in chips)
JayEm82: posts small blind $1
AzureCaper: posts big blind $3
*** HOLE CARDS ***
JayEm82: folds
Uncalled bet ($2) returned to AzureCaper
AzureCaper collected $2 from pot
AzureCaper: doesn't show hand
*** SUMMARY ***
Total pot $2 | Rake $0
Seat 6: AzureCaper (big blind) collected ($2)
Seat 9: JayEm82 (button) (small blind) folded before Flop


PokerStars Hand #150268791295:  Hold'em Limit ($3/$6 USD) - 2016/03/12 22:49:47 ET
Table 'Cruithne' 10-max Seat #6 is the button
Seat 6: AzureCaper ($288.41 in chips)
Seat 9: JayEm82 ($233.53 in chips)
AzureCaper: posts small blind $1
JayEm82: posts big blind $3
*** HOLE CARDS ***
AzureCaper: folds
Uncalled bet ($2) returned to JayEm82
JayEm82 collected $2 from pot
JayEm82: doesn't show hand
*** SUMMARY ***
Total pot $2 | Rake $0
Seat 6: AzureCaper (button) (small blind) folded before Flop
Seat 9: JayEm82 (big blind) collected ($2)


PokerStars Hand #150268997442:  Hold'em Limit ($3/$6 USD) - 2016/03/12 23:00:47 ET
Table 'Cruithne' 10-max Seat #6 is the button
Seat 6: AzureCaper ($236.96 in chips)
Seat 9: JayEm82 ($111.32 in chips)
AzureCaper: posts small blind $1
JayEm82: posts big blind $3
*** HOLE CARDS ***
AzureCaper: raises $3 to $6
JayEm82: calls $3
*** FLOP *** [8s 2c 5h]
JayEm82: checks
AzureCaper: checks
*** TURN *** [8s 2c 5h] [8c]
JayEm82: bets $6
AzureCaper: calls $6
*** RIVER *** [8s 2c 5h 8c] [7d]
JayEm82: checks
AzureCaper: checks
*** SHOW DOWN ***
JayEm82: shows [Th Qs] (a pair of Eights)
AzureCaper: shows [6h Ah] (a pair of Eights - Ace kicker)
AzureCaper collected $23.52 from pot
*** SUMMARY ***
Total pot $24 | Rake $0.48
Board [8s 2c 5h 8c 7d]
Seat 6: AzureCaper (button) (small blind) showed [6h Ah] and won ($23.52) with a pair of Eights
Seat 9: JayEm82 (big blind) showed [Th Qs] and lost with a pair of Eights


PokerStars Hand #150268994889:  Hold'em Limit ($3/$6 USD) - 2016/03/12 23:00:39 ET
Table 'Cruithne' 10-max Seat #9 is the button
Seat 6: AzureCaper ($242.96 in chips)
Seat 9: JayEm82 ($105.56 in chips)
JayEm82: posts small blind $1
AzureCaper: posts big blind $3
*** HOLE CARDS ***
JayEm82: raises $3 to $6
AzureCaper: calls $3
*** FLOP *** [4c Th Qc]
AzureCaper: checks
JayEm82: bets $3
AzureCaper: folds
Uncalled bet ($3) returned to JayEm82
JayEm82 collected $11.76 from pot
JayEm82: doesn't show hand
*** SUMMARY ***
Total pot $12 | Rake $0.24
Board [4c Th Qc]
Seat 6: AzureCaper (big blind) folded on the Flop
Seat 9: JayEm82 (button) (small blind) collected ($11.76)


PokerStars Hand #150268993551:  Hold'em Limit ($3/$6 USD) - 2016/03/12 23:00:34 ET
Table 'Cruithne' 10-max Seat #6 is the button
Seat 6: AzureCaper ($243.96 in chips)
Seat 9: JayEm82 ($104.56 in chips)
AzureCaper: posts small blind $1
JayEm82: posts big blind $3
*** HOLE CARDS ***
AzureCaper: folds
Uncalled bet ($2) returned to JayEm82
JayEm82 collected $2 from pot
JayEm82: doesn't show hand
*** SUMMARY ***
Total pot $2 | Rake $0
Seat 6: AzureCaper (button) (small blind) folded before Flop
Seat 9: JayEm82 (big blind) collected ($2)


PokerStars Hand #150268987571:  Hold'em Limit ($3/$6 USD) - 2016/03/12 23:00:14 ET
Table 'Cruithne' 10-max Seat #9 is the button
Seat 6: AzureCaper ($246.96 in chips)
Seat 9: JayEm82 ($101.56 in chips)
JayEm82: posts small blind $1
$i1ver: is sitting out
AzureCaper: posts big blind $3
*** HOLE CARDS ***
JayEm82: raises $3 to $6
$i1ver leaves the table
AzureCaper: folds
Uncalled bet ($3) returned to JayEm82
JayEm82 collected $6 from pot
JayEm82: doesn't show hand
*** SUMMARY ***
Total pot $6 | Rake $0
Seat 6: AzureCaper (big blind) folded before Flop
Seat 9: JayEm82 (button) (small blind) collected ($6)


