PokerStars Hand #170858086165:  Hold'em Limit ($3/$6 USD) - 2017/05/24 12:53:39 ET
Table 'Cruithne II' 6-max Seat #1 is the button
Seat 1: Z435A791B ($140.89 in chips)
Seat 2: TinaTurner72 ($106 in chips)
Z435A791B: posts small blind $1
TinaTurner72: posts big blind $3
*** HOLE CARDS ***
Z435A791B: folds
Uncalled bet ($2) returned to TinaTurner72
TinaTurner72 collected $2 from pot
TinaTurner72: doesn't show hand
*** SUMMARY ***
Total pot $2 | Rake $0
Seat 1: Z435A791B (button) (small blind) folded before Flop
Seat 2: TinaTurner72 (big blind) collected ($2)


PokerStars Hand #170858068307:  Hold'em Limit ($3/$6 USD) - 2017/05/24 12:53:11 ET
Table 'Cruithne II' 6-max Seat #2 is the button
Seat 1: Z435A791B ($126.39 in chips)
Seat 2: TinaTurner72 ($121 in chips)
TinaTurner72: posts small blind $1
Z435A791B: posts big blind $3
*** HOLE CARDS ***
vestimokrec joins the table at seat #3
TinaTurner72: raises $3 to $6
Z435A791B: calls $3
*** FLOP *** [Ks 8h Jd]
Z435A791B: checks
TinaTurner72: bets $3
Z435A791B: calls $3
*** TURN *** [Ks 8h Jd] [6h]
Z435A791B: checks
TinaTurner72: bets $6
Z435A791B: calls $6
*** RIVER *** [Ks 8h Jd 6h] [6s]
Z435A791B: bets $6
TinaTurner72: folds
Uncalled bet ($6) returned to Z435A791B
Z435A791B collected $29.50 from pot
Z435A791B: doesn't show hand
*** SUMMARY ***
Total pot $30 | Rake $0.50
Board [Ks 8h Jd 6h 6s]
Seat 1: Z435A791B (big blind) collected ($29.50)
Seat 2: TinaTurner72 (button) (small blind) folded on the River


PokerStars Hand #170858742404:  Hold'em Limit ($3/$6 USD) - 2017/05/24 13:10:46 ET
Table 'Cruithne II' 6-max Seat #5 is the button
Seat 3: vestimokrec ($70.32 in chips)
Seat 5: -RES'D'-29 ($22.79 in chips)
-RES'D'-29: posts small blind $1
TinaTurner72: is sitting out
vestimokrec: posts big blind $3
*** HOLE CARDS ***
-RES'D'-29: calls $2
vestimokrec: checks
*** FLOP *** [9h 5s 2h]
vestimokrec: checks
-RES'D'-29: bets $3
vestimokrec: calls $3
*** TURN *** [9h 5s 2h] [Ac]
vestimokrec: checks
-RES'D'-29: checks
*** RIVER *** [9h 5s 2h Ac] [4h]
TinaTurner72 leaves the table
vestimokrec: checks
-RES'D'-29: bets $6
vestimokrec: calls $6
*** SHOW DOWN ***
-RES'D'-29: shows [Th 8h] (a flush, Ten high)
vestimokrec: mucks hand
-RES'D'-29 collected $23.52 from pot
*** SUMMARY ***
Total pot $24 | Rake $0.48
Board [9h 5s 2h Ac 4h]
Seat 3: vestimokrec (big blind) mucked
Seat 5: -RES'D'-29 (button) (small blind) showed [Th 8h] and won ($23.52) with a flush, Ten high


