PokerStars Hand #173151504516:  Hold'em Limit ($3/$6 USD) - 2017/07/17 11:11:48 ET
Table 'Crux' 6-max Seat #4 is the button
Seat 4: Anchig ($122.88 in chips)
Seat 6: Vasjinn ($31.41 in chips)
Anchig: posts small blind $1
Vasjinn: posts big blind $3
*** HOLE CARDS ***
Anchig: folds
Uncalled bet ($2) returned to Vasjinn
Vasjinn collected $2 from pot
Vasjinn: doesn't show hand
*** SUMMARY ***
Total pot $2 | Rake $0
Seat 4: Anchig (button) (small blind) folded before Flop
Seat 6: Vasjinn (big blind) collected ($2)


PokerStars Hand #173151493734:  Hold'em Limit ($3/$6 USD) - 2017/07/17 11:11:29 ET
Table 'Crux' 6-max Seat #6 is the button
Seat 4: Anchig ($120 in chips)
Seat 6: Vasjinn ($34.41 in chips)
Vasjinn: posts small blind $1
Anchig: posts big blind $3
*** HOLE CARDS ***
AzureCaper joins the table at seat #1
Vasjinn: calls $2
Anchig: checks
*** FLOP *** [Th 4h 3s]
Anchig: bets $3
faxe93 joins the table at seat #3
Vasjinn: folds
Uncalled bet ($3) returned to Anchig
Anchig collected $5.88 from pot
Anchig: doesn't show hand
*** SUMMARY ***
Total pot $6 | Rake $0.12
Board [Th 4h 3s]
Seat 4: Anchig (big blind) collected ($5.88)
Seat 6: Vasjinn (button) (small blind) folded on the Flop


PokerStars Hand #173151653155:  Hold'em Limit ($3/$6 USD) - 2017/07/17 11:15:57 ET
Table 'Crux' 6-max Seat #4 is the button
Seat 3: faxe93 ($134.18 in chips)
Seat 4: Anchig ($82.88 in chips)
Anchig: posts small blind $1
AzureCaper: is sitting out
TopDJTex: is sitting out
faxe93: posts big blind $3
*** HOLE CARDS ***
Anchig: folds
Uncalled bet ($2) returned to faxe93
AzureCaper leaves the table
faxe93 collected $2 from pot
*** SUMMARY ***
Total pot $2 | Rake $0
Seat 3: faxe93 (big blind) collected ($2)
Seat 4: Anchig (button) (small blind) folded before Flop


PokerStars Hand #173151658435:  Hold'em Limit ($3/$6 USD) - 2017/07/17 11:16:06 ET
Table 'Crux' 6-max Seat #3 is the button
Seat 3: faxe93 ($135.18 in chips)
Seat 4: Anchig ($81.88 in chips)
faxe93: posts small blind $1
Anchig: posts big blind $3
*** HOLE CARDS ***
Dalingo joins the table at seat #5
faxe93: folds
Uncalled bet ($2) returned to Anchig
Anchig collected $2 from pot
Anchig: doesn't show hand
*** SUMMARY ***
Total pot $2 | Rake $0
Seat 3: faxe93 (button) (small blind) folded before Flop
Seat 4: Anchig (big blind) collected ($2)


PokerStars Hand #173152256554:  Hold'em Limit ($3/$6 USD) - 2017/07/17 11:32:35 ET
Table 'Crux' 6-max Seat #4 is the button
Seat 3: faxe93 ($153.71 in chips)
Seat 4: Anchig ($114.54 in chips)
Anchig: posts small blind $1
Dalingo: is sitting out
faxe93: posts big blind $3
*** HOLE CARDS ***
Anchig: raises $3 to $6
faxe93: folds
Uncalled bet ($3) returned to Anchig
Anchig collected $6 from pot
Anchig: doesn't show hand
*** SUMMARY ***
Total pot $6 | Rake $0
Seat 3: faxe93 (big blind) folded before Flop
Seat 4: Anchig (button) (small blind) collected ($6)


PokerStars Hand #173152269699:  Hold'em Limit ($3/$6 USD) - 2017/07/17 11:32:57 ET
Table 'Crux' 6-max Seat #3 is the button
Seat 3: faxe93 ($150.71 in chips)
Seat 4: Anchig ($117.54 in chips)
faxe93: posts small blind $1
Anchig: posts big blind $3
*** HOLE CARDS ***
faxe93: raises $3 to $6
Anchig: folds
Uncalled bet ($3) returned to faxe93
faxe93 collected $6 from pot
*** SUMMARY ***
Total pot $6 | Rake $0
Seat 3: faxe93 (button) (small blind) collected ($6)
Seat 4: Anchig (big blind) folded before Flop


PokerStars Hand #173152291981:  Hold'em Limit ($3/$6 USD) - 2017/07/17 11:33:33 ET
Table 'Crux' 6-max Seat #5 is the button
Seat 4: Anchig ($140.01 in chips)
Seat 5: Dalingo ($176.99 in chips)
Dalingo: posts small blind $1
faxe93: is sitting out
Anchig: posts big blind $3
*** HOLE CARDS ***
faxe93 leaves the table
Dalingo: raises $3 to $6
Anchig: folds
Uncalled bet ($3) returned to Dalingo
Dalingo collected $6 from pot
*** SUMMARY ***
Total pot $6 | Rake $0
Seat 4: Anchig (big blind) folded before Flop
Seat 5: Dalingo (button) (small blind) collected ($6)


PokerStars Hand #173152303999:  Hold'em Limit ($3/$6 USD) - 2017/07/17 11:33:52 ET
Table 'Crux' 6-max Seat #5 is the button
Seat 4: Anchig ($136.01 in chips)
Seat 5: Dalingo ($180.99 in chips)
Dalingo: posts small blind $1
Anchig: posts big blind $3
*** HOLE CARDS ***
Dalingo: folds
Uncalled bet ($2) returned to Anchig
Anchig collected $2 from pot
Anchig: doesn't show hand
*** SUMMARY ***
Total pot $2 | Rake $0
Seat 4: Anchig (big blind) collected ($2)
Seat 5: Dalingo (button) (small blind) folded before Flop


PokerStars Hand #173152300871:  Hold'em Limit ($3/$6 USD) - 2017/07/17 11:33:47 ET
Table 'Crux' 6-max Seat #4 is the button
Seat 4: Anchig ($137.01 in chips)
Seat 5: Dalingo ($179.99 in chips)
Anchig: posts small blind $1
Dalingo: posts big blind $3
*** HOLE CARDS ***
Anchig: folds
Uncalled bet ($2) returned to Dalingo
Dalingo collected $2 from pot
Dalingo: doesn't show hand
*** SUMMARY ***
Total pot $2 | Rake $0
Seat 4: Anchig (button) (small blind) folded before Flop
Seat 5: Dalingo (big blind) collected ($2)


PokerStars Hand #173152306810:  Hold'em Limit ($3/$6 USD) - 2017/07/17 11:33:57 ET
Table 'Crux' 6-max Seat #4 is the button
Seat 4: Anchig ($137.01 in chips)
Seat 5: Dalingo ($179.99 in chips)
Anchig: posts small blind $1
Dalingo: posts big blind $3
*** HOLE CARDS ***
Anchig: raises $3 to $6
Dalingo: raises $3 to $9
Anchig: calls $3
*** FLOP *** [Ks 3s 6d]
Dalingo: bets $3
Anchig: folds
Uncalled bet ($3) returned to Dalingo
Dalingo collected $17.64 from pot
Dalingo: doesn't show hand
*** SUMMARY ***
Total pot $18 | Rake $0.36
Board [Ks 3s 6d]
Seat 4: Anchig (button) (small blind) folded on the Flop
Seat 5: Dalingo (big blind) collected ($17.64)


PokerStars Hand #173152313066:  Hold'em Limit ($3/$6 USD) - 2017/07/17 11:34:07 ET
Table 'Crux' 6-max Seat #5 is the button
Seat 4: Anchig ($128.01 in chips)
Seat 5: Dalingo ($188.63 in chips)
Dalingo: posts small blind $1
Anchig: posts big blind $3
*** HOLE CARDS ***
Dalingo: folds
Uncalled bet ($2) returned to Anchig
Anchig collected $2 from pot
Anchig: doesn't show hand
*** SUMMARY ***
Total pot $2 | Rake $0
Seat 4: Anchig (big blind) collected ($2)
Seat 5: Dalingo (button) (small blind) folded before Flop


PokerStars Hand #173152332835:  Hold'em Limit ($3/$6 USD) - 2017/07/17 11:34:39 ET
Table 'Crux' 6-max Seat #5 is the button
Seat 4: Anchig ($137.65 in chips)
Seat 5: Dalingo ($178.63 in chips)
Dalingo: posts small blind $1
Anchig: posts big blind $3
*** HOLE CARDS ***
Dalingo: raises $3 to $6
Anchig: folds
Uncalled bet ($3) returned to Dalingo
Dalingo collected $6 from pot
Dalingo: doesn't show hand
*** SUMMARY ***
Total pot $6 | Rake $0
Seat 4: Anchig (big blind) folded before Flop
Seat 5: Dalingo (button) (small blind) collected ($6)


PokerStars Hand #173152345885:  Hold'em Limit ($3/$6 USD) - 2017/07/17 11:35:00 ET
Table 'Crux' 6-max Seat #5 is the button
Seat 4: Anchig ($122.65 in chips)
Seat 5: Dalingo ($193.15 in chips)
Dalingo: posts small blind $1
Anchig: posts big blind $3
*** HOLE CARDS ***
Dalingo: raises $3 to $6
Anchig: calls $3
*** FLOP *** [Ks Qh 5d]
Anchig: checks
Dalingo: bets $3
Anchig: raises $3 to $6
Dalingo: folds
Uncalled bet ($3) returned to Anchig
Anchig collected $17.64 from pot
Anchig: doesn't show hand
*** SUMMARY ***
Total pot $18 | Rake $0.36
Board [Ks Qh 5d]
Seat 4: Anchig (big blind) collected ($17.64)
Seat 5: Dalingo (button) (small blind) folded on the Flop


PokerStars Hand #173152335695:  Hold'em Limit ($3/$6 USD) - 2017/07/17 11:34:44 ET
Table 'Crux' 6-max Seat #4 is the button
Seat 4: Anchig ($134.65 in chips)
Seat 5: Dalingo ($181.63 in chips)
Anchig: posts small blind $1
Dalingo: posts big blind $3
*** HOLE CARDS ***
Anchig: raises $3 to $6
Dalingo: calls $3
*** FLOP *** [2s 6c Jh]
Dalingo: checks
Anchig: checks
*** TURN *** [2s 6c Jh] [4s]
Dalingo: checks
Anchig: checks
*** RIVER *** [2s 6c Jh 4s] [6h]
Dalingo: checks
Anchig: bets $6
Dalingo: calls $6
*** SHOW DOWN ***
Anchig: shows [7h 9h] (a pair of Sixes)
Dalingo: shows [Kc 8c] (a pair of Sixes - King kicker)
Dalingo collected $23.52 from pot
*** SUMMARY ***
Total pot $24 | Rake $0.48
Board [2s 6c Jh 4s 6h]
Seat 4: Anchig (button) (small blind) showed [7h 9h] and lost with a pair of Sixes
Seat 5: Dalingo (big blind) showed [Kc 8c] and won ($23.52) with a pair of Sixes


PokerStars Hand #173152315775:  Hold'em Limit ($3/$6 USD) - 2017/07/17 11:34:12 ET
Table 'Crux' 6-max Seat #4 is the button
Seat 4: Anchig ($129.01 in chips)
Seat 5: Dalingo ($187.63 in chips)
Anchig: posts small blind $1
Dalingo: posts big blind $3
*** HOLE CARDS ***
Anchig: raises $3 to $6
Dalingo: calls $3
*** FLOP *** [Kh Qh Jd]
Dalingo is connected
Dalingo: checks
Anchig: bets $3
Dalingo: calls $3
*** TURN *** [Kh Qh Jd] [4s]
Dalingo: checks
Anchig: bets $6
Dalingo: folds
Uncalled bet ($6) returned to Anchig
Anchig collected $17.64 from pot
Anchig: doesn't show hand
*** SUMMARY ***
Total pot $18 | Rake $0.36
Board [Kh Qh Jd 4s]
Seat 4: Anchig (button) (small blind) collected ($17.64)
Seat 5: Dalingo (big blind) folded on the Turn


PokerStars Hand #173152382839:  Hold'em Limit ($3/$6 USD) - 2017/07/17 11:36:01 ET
Table 'Crux' 6-max Seat #4 is the button
Seat 4: Anchig ($147.45 in chips)
Seat 5: Dalingo ($167.15 in chips)
Anchig: posts small blind $1
Dalingo: posts big blind $3
*** HOLE CARDS ***
Anchig: raises $3 to $6
Dalingo: raises $3 to $9
Anchig: calls $3
*** FLOP *** [9s Qc 2h]
Dalingo: bets $3
Anchig: calls $3
*** TURN *** [9s Qc 2h] [Kc]
Dalingo: bets $6
Anchig: calls $6
*** RIVER *** [9s Qc 2h Kc] [3c]
Dalingo: checks
Anchig: bets $6
Dalingo: folds
Uncalled bet ($6) returned to Anchig
Anchig collected $35.50 from pot
Anchig: doesn't show hand
*** SUMMARY ***
Total pot $36 | Rake $0.50
Board [9s Qc 2h Kc 3c]
Seat 4: Anchig (button) (small blind) collected ($35.50)
Seat 5: Dalingo (big blind) folded on the River


PokerStars Hand #173152372687:  Hold'em Limit ($3/$6 USD) - 2017/07/17 11:35:44 ET
Table 'Crux' 6-max Seat #5 is the button
Seat 4: Anchig ($138.81 in chips)
Seat 5: Dalingo ($176.15 in chips)
Dalingo: posts small blind $1
Anchig: posts big blind $3
*** HOLE CARDS ***
Dalingo: raises $3 to $6
Anchig: calls $3
*** FLOP *** [9s 3d 9d]
Anchig: checks
Dalingo: bets $3
Anchig: raises $3 to $6
Dalingo: folds
Uncalled bet ($3) returned to Anchig
Anchig collected $17.64 from pot
Anchig: doesn't show hand
*** SUMMARY ***
Total pot $18 | Rake $0.36
Board [9s 3d 9d]
Seat 4: Anchig (big blind) collected ($17.64)
Seat 5: Dalingo (button) (small blind) folded on the Flop


PokerStars Hand #173152364501:  Hold'em Limit ($3/$6 USD) - 2017/07/17 11:35:31 ET
Table 'Crux' 6-max Seat #5 is the button
Seat 4: Anchig ($142.81 in chips)
Seat 5: Dalingo ($172.15 in chips)
Dalingo: posts small blind $1
Anchig: posts big blind $3
*** HOLE CARDS ***
Dalingo: raises $3 to $6
Anchig: folds
Uncalled bet ($3) returned to Dalingo
Dalingo collected $6 from pot
Dalingo: doesn't show hand
*** SUMMARY ***
Total pot $6 | Rake $0
Seat 4: Anchig (big blind) folded before Flop
Seat 5: Dalingo (button) (small blind) collected ($6)


PokerStars Hand #173152351688:  Hold'em Limit ($3/$6 USD) - 2017/07/17 11:35:10 ET
Table 'Crux' 6-max Seat #4 is the button
Seat 4: Anchig ($131.29 in chips)
Seat 5: Dalingo ($184.15 in chips)
Anchig: posts small blind $1
Dalingo: posts big blind $3
*** HOLE CARDS ***
Anchig: raises $3 to $6
Dalingo: raises $3 to $9
Anchig: calls $3
*** FLOP *** [6s 9s 8s]
Dalingo: bets $3
Anchig: calls $3
*** TURN *** [6s 9s 8s] [6c]
Dalingo: checks
Anchig: checks
*** RIVER *** [6s 9s 8s 6c] [Jh]
Dalingo: checks
Anchig: bets $6
Dalingo: folds
Uncalled bet ($6) returned to Anchig
Anchig collected $23.52 from pot
Anchig: doesn't show hand
*** SUMMARY ***
Total pot $24 | Rake $0.48
Board [6s 9s 8s 6c Jh]
Seat 4: Anchig (button) (small blind) collected ($23.52)
Seat 5: Dalingo (big blind) folded on the River


PokerStars Hand #173152408922:  Hold'em Limit ($3/$6 USD) - 2017/07/17 11:36:43 ET
Table 'Crux' 6-max Seat #4 is the button
Seat 4: Anchig ($158.95 in chips)
Seat 5: Dalingo ($154.91 in chips)
Anchig: posts small blind $1
Dalingo: posts big blind $3
*** HOLE CARDS ***
Anchig: raises $3 to $6
Dalingo: raises $3 to $9
Anchig: calls $3
*** FLOP *** [Kd 4d Qh]
Dalingo: bets $3
Anchig: folds
Uncalled bet ($3) returned to Dalingo
Dalingo collected $17.64 from pot
Dalingo: doesn't show hand
*** SUMMARY ***
Total pot $18 | Rake $0.36
Board [Kd 4d Qh]
Seat 4: Anchig (button) (small blind) folded on the Flop
Seat 5: Dalingo (big blind) collected ($17.64)


PokerStars Hand #173152425383:  Hold'em Limit ($3/$6 USD) - 2017/07/17 11:37:10 ET
Table 'Crux' 6-max Seat #4 is the button
Seat 4: Anchig ($143.95 in chips)
Seat 5: Dalingo ($169.31 in chips)
Anchig: posts small blind $1
Dalingo: posts big blind $3
*** HOLE CARDS ***
Anchig: raises $3 to $6
Dalingo: raises $3 to $9
Anchig: calls $3
*** FLOP *** [6d Qh 2h]
Dalingo: bets $3
Anchig: raises $3 to $6
Dalingo: folds
Uncalled bet ($3) returned to Anchig
Anchig collected $23.52 from pot
Anchig: doesn't show hand
*** SUMMARY ***
Total pot $24 | Rake $0.48
Board [6d Qh 2h]
Seat 4: Anchig (button) (small blind) collected ($23.52)
Seat 5: Dalingo (big blind) folded on the Flop


PokerStars Hand #173152419095:  Hold'em Limit ($3/$6 USD) - 2017/07/17 11:37:00 ET
Table 'Crux' 6-max Seat #5 is the button
Seat 4: Anchig ($149.95 in chips)
Seat 5: Dalingo ($163.55 in chips)
Dalingo: posts small blind $1
Anchig: posts big blind $3
*** HOLE CARDS ***
Dalingo: raises $3 to $6
Anchig: calls $3
*** FLOP *** [9s 9d Ac]
Anchig: checks
Dalingo: bets $3
Anchig: folds
Uncalled bet ($3) returned to Dalingo
Dalingo collected $11.76 from pot
Dalingo: doesn't show hand
*** SUMMARY ***
Total pot $12 | Rake $0.24
Board [9s 9d Ac]
Seat 4: Anchig (big blind) folded on the Flop
Seat 5: Dalingo (button) (small blind) collected ($11.76)


PokerStars Hand #173152400788:  Hold'em Limit ($3/$6 USD) - 2017/07/17 11:36:30 ET
Table 'Crux' 6-max Seat #5 is the button
Seat 4: Anchig ($164.95 in chips)
Seat 5: Dalingo ($149.15 in chips)
Dalingo: posts small blind $1
Anchig: posts big blind $3
*** HOLE CARDS ***
Dalingo: raises $3 to $6
Anchig: calls $3
*** FLOP *** [4h 9h 2d]
Anchig: checks
Dalingo: bets $3
Anchig: folds
Uncalled bet ($3) returned to Dalingo
Dalingo collected $11.76 from pot
Dalingo: doesn't show hand
*** SUMMARY ***
Total pot $12 | Rake $0.24
Board [4h 9h 2d]
Seat 4: Anchig (big blind) folded on the Flop
Seat 5: Dalingo (button) (small blind) collected ($11.76)


PokerStars Hand #173152450685:  Hold'em Limit ($3/$6 USD) - 2017/07/17 11:37:51 ET
Table 'Crux' 6-max Seat #4 is the button
Seat 4: Anchig ($146.47 in chips)
Seat 5: Dalingo ($165.95 in chips)
Anchig: posts small blind $1
Dalingo: posts big blind $3
*** HOLE CARDS ***
Anchig: folds
Uncalled bet ($2) returned to Dalingo
Dalingo collected $2 from pot
Dalingo: doesn't show hand
*** SUMMARY ***
Total pot $2 | Rake $0
Seat 4: Anchig (button) (small blind) folded before Flop
Seat 5: Dalingo (big blind) collected ($2)


PokerStars Hand #173152435969:  Hold'em Limit ($3/$6 USD) - 2017/07/17 11:37:27 ET
Table 'Crux' 6-max Seat #5 is the button
Seat 4: Anchig ($155.47 in chips)
Seat 5: Dalingo ($157.31 in chips)
Dalingo: posts small blind $1
Anchig: posts big blind $3
*** HOLE CARDS ***
Dalingo: raises $3 to $6
Anchig: calls $3
*** FLOP *** [As 3c Ac]
Anchig: checks
Dalingo: bets $3
Anchig: calls $3
*** TURN *** [As 3c Ac] [7h]
Anchig: checks
Dalingo: checks
*** RIVER *** [As 3c Ac 7h] [Jd]
Anchig: checks
Dalingo: checks
*** SHOW DOWN ***
Anchig: shows [Th 9c] (a pair of Aces)
Dalingo: shows [Qd 5s] (a pair of Aces - Queen kicker)
Dalingo collected $17.64 from pot
*** SUMMARY ***
Total pot $18 | Rake $0.36
Board [As 3c Ac 7h Jd]
Seat 4: Anchig (big blind) showed [Th 9c] and lost with a pair of Aces
Seat 5: Dalingo (button) (small blind) showed [Qd 5s] and won ($17.64) with a pair of Aces


PokerStars Hand #173152456242:  Hold'em Limit ($3/$6 USD) - 2017/07/17 11:38:00 ET
Table 'Crux' 6-max Seat #5 is the button
Seat 4: Anchig ($145.47 in chips)
Seat 5: Dalingo ($166.95 in chips)
Dalingo: posts small blind $1
Anchig: posts big blind $3
*** HOLE CARDS ***
Dalingo: raises $3 to $6
Anchig: calls $3
*** FLOP *** [9h 2c As]
Anchig: checks
Dalingo: bets $3
Anchig: folds
Uncalled bet ($3) returned to Dalingo
Dalingo collected $11.76 from pot
Dalingo: doesn't show hand
*** SUMMARY ***
Total pot $12 | Rake $0.24
Board [9h 2c As]
Seat 4: Anchig (big blind) folded on the Flop
Seat 5: Dalingo (button) (small blind) collected ($11.76)


PokerStars Hand #173152476315:  Hold'em Limit ($3/$6 USD) - 2017/07/17 11:38:32 ET
Table 'Crux' 6-max Seat #5 is the button
Seat 4: Anchig ($133.47 in chips)
Seat 5: Dalingo ($178.47 in chips)
Dalingo: posts small blind $1
Anchig: posts big blind $3
*** HOLE CARDS ***
Dalingo: folds
Uncalled bet ($2) returned to Anchig
Anchig collected $2 from pot
Anchig: doesn't show hand
*** SUMMARY ***
Total pot $2 | Rake $0
Seat 4: Anchig (big blind) collected ($2)
Seat 5: Dalingo (button) (small blind) folded before Flop


PokerStars Hand #173152463369:  Hold'em Limit ($3/$6 USD) - 2017/07/17 11:38:11 ET
Table 'Crux' 6-max Seat #4 is the button
Seat 4: Anchig ($139.47 in chips)
Seat 5: Dalingo ($172.71 in chips)
Anchig: posts small blind $1
Dalingo: posts big blind $3
*** HOLE CARDS ***
Anchig: raises $3 to $6
Dalingo: calls $3
*** FLOP *** [8s Kc 5c]
Dalingo: checks
Anchig: checks
*** TURN *** [8s Kc 5c] [3h]
Dalingo: checks
Anchig: checks
*** RIVER *** [8s Kc 5c 3h] [Ks]
Dalingo: checks
Anchig: checks
*** SHOW DOWN ***
Dalingo: shows [6s Ad] (a pair of Kings)
Anchig: mucks hand
Dalingo collected $11.76 from pot
*** SUMMARY ***
Total pot $12 | Rake $0.24
Board [8s Kc 5c 3h Ks]
Seat 4: Anchig (button) (small blind) mucked
Seat 5: Dalingo (big blind) showed [6s Ad] and won ($11.76) with a pair of Kings


PokerStars Hand #173152479699:  Hold'em Limit ($3/$6 USD) - 2017/07/17 11:38:38 ET
Table 'Crux' 6-max Seat #4 is the button
Seat 4: Anchig ($134.47 in chips)
Seat 5: Dalingo ($177.47 in chips)
Anchig: posts small blind $1
Dalingo: posts big blind $3
*** HOLE CARDS ***
Anchig: folds
Uncalled bet ($2) returned to Dalingo
Dalingo collected $2 from pot
Dalingo: doesn't show hand
*** SUMMARY ***
Total pot $2 | Rake $0
Seat 4: Anchig (button) (small blind) folded before Flop
Seat 5: Dalingo (big blind) collected ($2)


PokerStars Hand #173152490564:  Hold'em Limit ($3/$6 USD) - 2017/07/17 11:38:55 ET
Table 'Crux' 6-max Seat #4 is the button
Seat 4: Anchig ($142.11 in chips)
Seat 5: Dalingo ($169.47 in chips)
Anchig: posts small blind $1
Dalingo: posts big blind $3
*** HOLE CARDS ***
Anchig: folds
Uncalled bet ($2) returned to Dalingo
Dalingo collected $2 from pot
Dalingo: doesn't show hand
*** SUMMARY ***
Total pot $2 | Rake $0
Seat 4: Anchig (button) (small blind) folded before Flop
Seat 5: Dalingo (big blind) collected ($2)


PokerStars Hand #173152484233:  Hold'em Limit ($3/$6 USD) - 2017/07/17 11:38:45 ET
Table 'Crux' 6-max Seat #5 is the button
Seat 4: Anchig ($133.47 in chips)
Seat 5: Dalingo ($178.47 in chips)
Dalingo: posts small blind $1
Anchig: posts big blind $3
*** HOLE CARDS ***
Dalingo: raises $3 to $6
Anchig: raises $3 to $9
Dalingo: calls $3
*** FLOP *** [8s 5s 8d]
Anchig: bets $3
Dalingo: folds
Uncalled bet ($3) returned to Anchig
Anchig collected $17.64 from pot
Anchig: doesn't show hand
*** SUMMARY ***
Total pot $18 | Rake $0.36
Board [8s 5s 8d]
Seat 4: Anchig (big blind) collected ($17.64)
Seat 5: Dalingo (button) (small blind) folded on the Flop


PokerStars Hand #173152493589:  Hold'em Limit ($3/$6 USD) - 2017/07/17 11:39:00 ET
Table 'Crux' 6-max Seat #5 is the button
Seat 4: Anchig ($141.11 in chips)
Seat 5: Dalingo ($170.47 in chips)
Dalingo: posts small blind $1
Anchig: posts big blind $3
*** HOLE CARDS ***
Dalingo: raises $3 to $6
Anchig: folds
Uncalled bet ($3) returned to Dalingo
Dalingo collected $6 from pot
Dalingo: doesn't show hand
*** SUMMARY ***
Total pot $6 | Rake $0
Seat 4: Anchig (big blind) folded before Flop
Seat 5: Dalingo (button) (small blind) collected ($6)


PokerStars Hand #173152506778:  Hold'em Limit ($3/$6 USD) - 2017/07/17 11:39:22 ET
Table 'Crux' 6-max Seat #5 is the button
Seat 4: Anchig ($114.11 in chips)
Seat 5: Dalingo ($196.97 in chips)
Dalingo: posts small blind $1
Anchig: posts big blind $3
*** HOLE CARDS ***
Dalingo: folds
Uncalled bet ($2) returned to Anchig
Anchig collected $2 from pot
Anchig: doesn't show hand
*** SUMMARY ***
Total pot $2 | Rake $0
Seat 4: Anchig (big blind) collected ($2)
Seat 5: Dalingo (button) (small blind) folded before Flop


PokerStars Hand #173152497546:  Hold'em Limit ($3/$6 USD) - 2017/07/17 11:39:07 ET
Table 'Crux' 6-max Seat #4 is the button
Seat 4: Anchig ($138.11 in chips)
Seat 5: Dalingo ($173.47 in chips)
Anchig: posts small blind $1
Dalingo: posts big blind $3
*** HOLE CARDS ***
Anchig: raises $3 to $6
Dalingo: raises $3 to $9
Anchig: calls $3
*** FLOP *** [4h 6s 9h]
Dalingo: bets $3
Anchig: calls $3
*** TURN *** [4h 6s 9h] [Ah]
Dalingo: bets $6
Anchig: calls $6
*** RIVER *** [4h 6s 9h Ah] [9c]
Dalingo: bets $6
Anchig: calls $6
*** SHOW DOWN ***
Dalingo: shows [Ad Jc] (two pair, Aces and Nines)
Anchig: mucks hand
Dalingo collected $47.50 from pot
*** SUMMARY ***
Total pot $48 | Rake $0.50
Board [4h 6s 9h Ah 9c]
Seat 4: Anchig (button) (small blind) mucked
Seat 5: Dalingo (big blind) showed [Ad Jc] and won ($47.50) with two pair, Aces and Nines


PokerStars Hand #173152542642:  Hold'em Limit ($3/$6 USD) - 2017/07/17 11:40:20 ET
Table 'Crux' 6-max Seat #4 is the button
Seat 4: Anchig ($103.11 in chips)
Seat 5: Dalingo ($207.47 in chips)
Anchig: posts small blind $1
Dalingo: posts big blind $3
*** HOLE CARDS ***
Anchig: raises $3 to $6
Dalingo: folds
Uncalled bet ($3) returned to Anchig
Anchig collected $6 from pot
Anchig: doesn't show hand
*** SUMMARY ***
Total pot $6 | Rake $0
Seat 4: Anchig (button) (small blind) collected ($6)
Seat 5: Dalingo (big blind) folded before Flop


PokerStars Hand #173152515592:  Hold'em Limit ($3/$6 USD) - 2017/07/17 11:39:36 ET
Table 'Crux' 6-max Seat #5 is the button
Seat 4: Anchig ($114.11 in chips)
Seat 5: Dalingo ($196.97 in chips)
Dalingo: posts small blind $1
Anchig: posts big blind $3
*** HOLE CARDS ***
Dalingo: folds
Uncalled bet ($2) returned to Anchig
Anchig collected $2 from pot
Anchig: doesn't show hand
*** SUMMARY ***
Total pot $2 | Rake $0
Seat 4: Anchig (big blind) collected ($2)
Seat 5: Dalingo (button) (small blind) folded before Flop


PokerStars Hand #173152522851:  Hold'em Limit ($3/$6 USD) - 2017/07/17 11:39:48 ET
Table 'Crux' 6-max Seat #4 is the button
Seat 4: Anchig ($115.11 in chips)
Seat 5: Dalingo ($195.97 in chips)
Anchig: posts small blind $1
Dalingo: posts big blind $3
*** HOLE CARDS ***
Anchig: raises $3 to $6
Dalingo: folds
Uncalled bet ($3) returned to Anchig
Anchig collected $6 from pot
Anchig: doesn't show hand
*** SUMMARY ***
Total pot $6 | Rake $0
Seat 4: Anchig (button) (small blind) collected ($6)
Seat 5: Dalingo (big blind) folded before Flop


PokerStars Hand #173152529670:  Hold'em Limit ($3/$6 USD) - 2017/07/17 11:39:59 ET
Table 'Crux' 6-max Seat #5 is the button
Seat 4: Anchig ($118.11 in chips)
Seat 5: Dalingo ($192.97 in chips)
Dalingo: posts small blind $1
Anchig: posts big blind $3
*** HOLE CARDS ***
Dalingo: raises $3 to $6
Anchig: calls $3
*** FLOP *** [3c Kd 7d]
Anchig: checks
Dalingo: bets $3
Anchig: calls $3
*** TURN *** [3c Kd 7d] [Qs]
Anchig: checks
Dalingo: bets $6
Anchig: calls $6
*** RIVER *** [3c Kd 7d Qs] [3h]
Anchig: checks
Dalingo: bets $6
Anchig: folds
Uncalled bet ($6) returned to Dalingo
Dalingo collected $29.50 from pot
Dalingo: doesn't show hand
*** SUMMARY ***
Total pot $30 | Rake $0.50
Board [3c Kd 7d Qs 3h]
Seat 4: Anchig (big blind) folded on the River
Seat 5: Dalingo (button) (small blind) collected ($29.50)


PokerStars Hand #173152511961:  Hold'em Limit ($3/$6 USD) - 2017/07/17 11:39:30 ET
Table 'Crux' 6-max Seat #4 is the button
Seat 4: Anchig ($115.11 in chips)
Seat 5: Dalingo ($195.97 in chips)
Anchig: posts small blind $1
Dalingo: posts big blind $3
*** HOLE CARDS ***
Anchig: folds
Uncalled bet ($2) returned to Dalingo
Dalingo collected $2 from pot
Dalingo: doesn't show hand
*** SUMMARY ***
Total pot $2 | Rake $0
Seat 4: Anchig (button) (small blind) folded before Flop
Seat 5: Dalingo (big blind) collected ($2)


PokerStars Hand #173152555721:  Hold'em Limit ($3/$6 USD) - 2017/07/17 11:40:42 ET
Table 'Crux' 6-max Seat #4 is the button
Seat 4: Anchig ($114.75 in chips)
Seat 5: Dalingo ($195.47 in chips)
Anchig: posts small blind $1
Dalingo: posts big blind $3
*** HOLE CARDS ***
Anchig: raises $3 to $6
Dalingo: folds
Uncalled bet ($3) returned to Anchig
Anchig collected $6 from pot
Anchig: doesn't show hand
*** SUMMARY ***
Total pot $6 | Rake $0
Seat 4: Anchig (button) (small blind) collected ($6)
Seat 5: Dalingo (big blind) folded before Flop


PokerStars Hand #173152546545:  Hold'em Limit ($3/$6 USD) - 2017/07/17 11:40:27 ET
Table 'Crux' 6-max Seat #5 is the button
Seat 4: Anchig ($106.11 in chips)
Seat 5: Dalingo ($204.47 in chips)
Dalingo: posts small blind $1
Anchig: posts big blind $3
*** HOLE CARDS ***
Dalingo: raises $3 to $6
Anchig: raises $3 to $9
Dalingo: calls $3
*** FLOP *** [Jd 9s 8c]
Anchig: bets $3
Dalingo: folds
Uncalled bet ($3) returned to Anchig
Anchig collected $17.64 from pot
Anchig: doesn't show hand
*** SUMMARY ***
Total pot $18 | Rake $0.36
Board [Jd 9s 8c]
Seat 4: Anchig (big blind) collected ($17.64)
Seat 5: Dalingo (button) (small blind) folded on the Flop


PokerStars Hand #173152563391:  Hold'em Limit ($3/$6 USD) - 2017/07/17 11:40:54 ET
Table 'Crux' 6-max Seat #4 is the button
Seat 4: Anchig ($118.75 in chips)
Seat 5: Dalingo ($191.47 in chips)
Anchig: posts small blind $1
Dalingo: posts big blind $3
*** HOLE CARDS ***
Anchig: folds
Uncalled bet ($2) returned to Dalingo
Dalingo collected $2 from pot
Dalingo: doesn't show hand
*** SUMMARY ***
Total pot $2 | Rake $0
Seat 4: Anchig (button) (small blind) folded before Flop
Seat 5: Dalingo (big blind) collected ($2)


PokerStars Hand #173152559863:  Hold'em Limit ($3/$6 USD) - 2017/07/17 11:40:48 ET
Table 'Crux' 6-max Seat #5 is the button
Seat 4: Anchig ($117.75 in chips)
Seat 5: Dalingo ($192.47 in chips)
Dalingo: posts small blind $1
Anchig: posts big blind $3
*** HOLE CARDS ***
Dalingo: folds
Uncalled bet ($2) returned to Anchig
Anchig collected $2 from pot
Anchig: doesn't show hand
*** SUMMARY ***
Total pot $2 | Rake $0
Seat 4: Anchig (big blind) collected ($2)
Seat 5: Dalingo (button) (small blind) folded before Flop


PokerStars Hand #173152567086:  Hold'em Limit ($3/$6 USD) - 2017/07/17 11:41:00 ET
Table 'Crux' 6-max Seat #5 is the button
Seat 4: Anchig ($117.75 in chips)
Seat 5: Dalingo ($192.47 in chips)
Dalingo: posts small blind $1
Anchig: posts big blind $3
*** HOLE CARDS ***
Dalingo: folds
Uncalled bet ($2) returned to Anchig
Anchig collected $2 from pot
Anchig: doesn't show hand
*** SUMMARY ***
Total pot $2 | Rake $0
Seat 4: Anchig (big blind) collected ($2)
Seat 5: Dalingo (button) (small blind) folded before Flop


PokerStars Hand #173152573892:  Hold'em Limit ($3/$6 USD) - 2017/07/17 11:41:11 ET
Table 'Crux' 6-max Seat #5 is the button
Seat 4: Anchig ($121.75 in chips)
Seat 5: Dalingo ($188.47 in chips)
Dalingo: posts small blind $1
Anchig: posts big blind $3
*** HOLE CARDS ***
Dalingo: folds
Uncalled bet ($2) returned to Anchig
Anchig collected $2 from pot
Anchig: doesn't show hand
*** SUMMARY ***
Total pot $2 | Rake $0
Seat 4: Anchig (big blind) collected ($2)
Seat 5: Dalingo (button) (small blind) folded before Flop


PokerStars Hand #173152570666:  Hold'em Limit ($3/$6 USD) - 2017/07/17 11:41:06 ET
Table 'Crux' 6-max Seat #4 is the button
Seat 4: Anchig ($118.75 in chips)
Seat 5: Dalingo ($191.47 in chips)
Anchig: posts small blind $1
Dalingo: posts big blind $3
*** HOLE CARDS ***
Anchig: raises $3 to $6
Dalingo: folds
Uncalled bet ($3) returned to Anchig
Anchig collected $6 from pot
Anchig: doesn't show hand
*** SUMMARY ***
Total pot $6 | Rake $0
Seat 4: Anchig (button) (small blind) collected ($6)
Seat 5: Dalingo (big blind) folded before Flop


PokerStars Hand #173152617222:  Hold'em Limit ($3/$6 USD) - 2017/07/17 11:42:22 ET
Table 'Crux' 6-max Seat #5 is the button
Seat 4: Anchig ($171.29 in chips)
Seat 5: Dalingo ($137.47 in chips)
Dalingo: posts small blind $1
Anchig: posts big blind $3
*** HOLE CARDS ***
Dalingo: raises $3 to $6
Anchig: folds
Uncalled bet ($3) returned to Dalingo
Dalingo collected $6 from pot
Dalingo: doesn't show hand
*** SUMMARY ***
Total pot $6 | Rake $0
Seat 4: Anchig (big blind) folded before Flop
Seat 5: Dalingo (button) (small blind) collected ($6)


PokerStars Hand #173152609172:  Hold'em Limit ($3/$6 USD) - 2017/07/17 11:42:09 ET
Table 'Crux' 6-max Seat #4 is the button
Seat 4: Anchig ($159.77 in chips)
Seat 5: Dalingo ($149.47 in chips)
Anchig: posts small blind $1
Dalingo: posts big blind $3
*** HOLE CARDS ***
Anchig: raises $3 to $6
Dalingo: raises $3 to $9
Anchig: raises $3 to $12
Betting is capped
Dalingo: calls $3
*** FLOP *** [6c 7h Qh]
Dalingo: checks
Anchig: bets $3
Dalingo: folds
Uncalled bet ($3) returned to Anchig
Anchig collected $23.52 from pot
Anchig: doesn't show hand
*** SUMMARY ***
Total pot $24 | Rake $0.48
Board [6c 7h Qh]
Seat 4: Anchig (button) (small blind) collected ($23.52)
Seat 5: Dalingo (big blind) folded on the Flop


PokerStars Hand #173152576807:  Hold'em Limit ($3/$6 USD) - 2017/07/17 11:41:16 ET
Table 'Crux' 6-max Seat #4 is the button
Seat 4: Anchig ($122.75 in chips)
Seat 5: Dalingo ($187.47 in chips)
Anchig: posts small blind $1
Dalingo: posts big blind $3
*** HOLE CARDS ***
Anchig: raises $3 to $6
Dalingo: raises $3 to $9
Anchig: calls $3
*** FLOP *** [8d 8h 9s]
Dalingo: bets $3
Anchig: calls $3
*** TURN *** [8d 8h 9s] [Qc]
Dalingo: bets $6
Anchig: calls $6
*** RIVER *** [8d 8h 9s Qc] [5s]
Dalingo: checks
Anchig: bets $6
Dalingo: calls $6
*** SHOW DOWN ***
Anchig: shows [5d 9h] (two pair, Nines and Eights)
Dalingo: mucks hand
Anchig collected $47.50 from pot
*** SUMMARY ***
Total pot $48 | Rake $0.50
Board [8d 8h 9s Qc 5s]
Seat 4: Anchig (button) (small blind) showed [5d 9h] and won ($47.50) with two pair, Nines and Eights
Seat 5: Dalingo (big blind) mucked


PokerStars Hand #173152596434:  Hold'em Limit ($3/$6 USD) - 2017/07/17 11:41:48 ET
Table 'Crux' 6-max Seat #4 is the button
Seat 4: Anchig ($147.25 in chips)
Seat 5: Dalingo ($162.47 in chips)
Anchig: posts small blind $1
Dalingo: posts big blind $3
*** HOLE CARDS ***
Anchig: raises $3 to $6
Dalingo: raises $3 to $9
Anchig: calls $3
*** FLOP *** [8c Jd 6c]
Dalingo: bets $3
Anchig: calls $3
*** TURN *** [8c Jd 6c] [8h]
Dalingo: checks
Anchig: bets $6
Dalingo: folds
Uncalled bet ($6) returned to Anchig
Anchig collected $23.52 from pot
Anchig: doesn't show hand
*** SUMMARY ***
Total pot $24 | Rake $0.48
Board [8c Jd 6c 8h]
Seat 4: Anchig (button) (small blind) collected ($23.52)
Seat 5: Dalingo (big blind) folded on the Turn


PokerStars Hand #173152637855:  Hold'em Limit ($3/$6 USD) - 2017/07/17 11:42:55 ET
Table 'Crux' 6-max Seat #4 is the button
Seat 4: Anchig ($188.79 in chips)
Seat 5: Dalingo ($119.47 in chips)
Anchig: posts small blind $1
Dalingo: posts big blind $3
*** HOLE CARDS ***
Anchig: folds
Uncalled bet ($2) returned to Dalingo
Dalingo collected $2 from pot
Dalingo: doesn't show hand
*** SUMMARY ***
Total pot $2 | Rake $0
Seat 4: Anchig (button) (small blind) folded before Flop
Seat 5: Dalingo (big blind) collected ($2)


PokerStars Hand #173152623840:  Hold'em Limit ($3/$6 USD) - 2017/07/17 11:42:33 ET
Table 'Crux' 6-max Seat #5 is the button
Seat 4: Anchig ($171.29 in chips)
Seat 5: Dalingo ($137.47 in chips)
Dalingo: posts small blind $1
Anchig: posts big blind $3
*** HOLE CARDS ***
Dalingo: raises $3 to $6
Anchig: raises $3 to $9
Dalingo: calls $3
*** FLOP *** [2c 3c Kh]
Anchig: bets $3
Dalingo: raises $3 to $6
Anchig: raises $3 to $9
Dalingo: calls $3
*** TURN *** [2c 3c Kh] [Jd]
Anchig: bets $6
Dalingo: folds
Uncalled bet ($6) returned to Anchig
Anchig collected $35.50 from pot
Anchig: doesn't show hand
*** SUMMARY ***
Total pot $36 | Rake $0.50
Board [2c 3c Kh Jd]
Seat 4: Anchig (big blind) collected ($35.50)
Seat 5: Dalingo (button) (small blind) folded on the Turn


PokerStars Hand #173152620701:  Hold'em Limit ($3/$6 USD) - 2017/07/17 11:42:28 ET
Table 'Crux' 6-max Seat #4 is the button
Seat 4: Anchig ($168.29 in chips)
Seat 5: Dalingo ($140.47 in chips)
Anchig: posts small blind $1
Dalingo: posts big blind $3
*** HOLE CARDS ***
Anchig: raises $3 to $6
Dalingo: folds
Uncalled bet ($3) returned to Anchig
Anchig collected $6 from pot
Anchig: doesn't show hand
*** SUMMARY ***
Total pot $6 | Rake $0
Seat 4: Anchig (button) (small blind) collected ($6)
Seat 5: Dalingo (big blind) folded before Flop


PokerStars Hand #173152641182:  Hold'em Limit ($3/$6 USD) - 2017/07/17 11:43:01 ET
Table 'Crux' 6-max Seat #5 is the button
Seat 4: Anchig ($187.79 in chips)
Seat 5: Dalingo ($120.47 in chips)
Dalingo: posts small blind $1
Anchig: posts big blind $3
*** HOLE CARDS ***
Dalingo: raises $3 to $6
Anchig: calls $3
*** FLOP *** [Jh 3c 4h]
Anchig: checks
Dalingo: bets $3
Anchig: raises $3 to $6
Dalingo: calls $3
*** TURN *** [Jh 3c 4h] [9h]
Anchig: bets $6
Dalingo: calls $6
*** RIVER *** [Jh 3c 4h 9h] [8s]
Anchig: checks
Dalingo: bets $6
Anchig: calls $6
*** SHOW DOWN ***
Dalingo: shows [Qd Kc] (high card King)
Anchig: shows [4s 5c] (a pair of Fours)
Anchig collected $47.50 from pot
*** SUMMARY ***
Total pot $48 | Rake $0.50
Board [Jh 3c 4h 9h 8s]
Seat 4: Anchig (big blind) showed [4s 5c] and won ($47.50) with a pair of Fours
Seat 5: Dalingo (button) (small blind) showed [Qd Kc] and lost with high card King


PokerStars Hand #173152650439:  Hold'em Limit ($3/$6 USD) - 2017/07/17 11:43:16 ET
Table 'Crux' 6-max Seat #4 is the button
Seat 4: Anchig ($211.29 in chips)
Seat 5: Dalingo ($96.47 in chips)
Anchig: posts small blind $1
Dalingo: posts big blind $3
*** HOLE CARDS ***
Anchig: folds
Uncalled bet ($2) returned to Dalingo
Dalingo collected $2 from pot
Dalingo: doesn't show hand
*** SUMMARY ***
Total pot $2 | Rake $0
Seat 4: Anchig (button) (small blind) folded before Flop
Seat 5: Dalingo (big blind) collected ($2)


PokerStars Hand #173152676867:  Hold'em Limit ($3/$6 USD) - 2017/07/17 11:43:58 ET
Table 'Crux' 6-max Seat #5 is the button
Seat 4: Anchig ($227.57 in chips)
Seat 5: Dalingo ($79.47 in chips)
Dalingo: posts small blind $1
Anchig: posts big blind $3
*** HOLE CARDS ***
Dalingo: raises $3 to $6
Anchig: raises $3 to $9
Dalingo: calls $3
*** FLOP *** [2s 3h 6h]
Anchig: bets $3
Dalingo: folds
Uncalled bet ($3) returned to Anchig
Anchig collected $17.64 from pot
Anchig: doesn't show hand
*** SUMMARY ***
Total pot $18 | Rake $0.36
Board [2s 3h 6h]
Seat 4: Anchig (big blind) collected ($17.64)
Seat 5: Dalingo (button) (small blind) folded on the Flop


PokerStars Hand #173152689223:  Hold'em Limit ($3/$6 USD) - 2017/07/17 11:44:18 ET
Table 'Crux' 6-max Seat #4 is the button
Seat 4: Anchig ($236.21 in chips)
Seat 5: Dalingo ($70.47 in chips)
Anchig: posts small blind $1
Dalingo: posts big blind $3
*** HOLE CARDS ***
Anchig: raises $3 to $6
Dalingo: folds
Uncalled bet ($3) returned to Anchig
Anchig collected $6 from pot
Anchig: doesn't show hand
*** SUMMARY ***
Total pot $6 | Rake $0
Seat 4: Anchig (button) (small blind) collected ($6)
Seat 5: Dalingo (big blind) folded before Flop


PokerStars Hand #173152654136:  Hold'em Limit ($3/$6 USD) - 2017/07/17 11:43:22 ET
Table 'Crux' 6-max Seat #5 is the button
Seat 4: Anchig ($210.29 in chips)
Seat 5: Dalingo ($97.47 in chips)
Dalingo: posts small blind $1
Anchig: posts big blind $3
*** HOLE CARDS ***
Dalingo: raises $3 to $6
Anchig: calls $3
*** FLOP *** [3s 5d Qd]
Anchig: checks
Dalingo: bets $3
Anchig: raises $3 to $6
Dalingo: calls $3
*** TURN *** [3s 5d Qd] [Js]
Anchig: bets $6
Dalingo: folds
Uncalled bet ($6) returned to Anchig
Anchig collected $23.52 from pot
Anchig: doesn't show hand
*** SUMMARY ***
Total pot $24 | Rake $0.48
Board [3s 5d Qd Js]
Seat 4: Anchig (big blind) collected ($23.52)
Seat 5: Dalingo (button) (small blind) folded on the Turn


PokerStars Hand #173152670139:  Hold'em Limit ($3/$6 USD) - 2017/07/17 11:43:47 ET
Table 'Crux' 6-max Seat #4 is the button
Seat 4: Anchig ($221.81 in chips)
Seat 5: Dalingo ($85.47 in chips)
Anchig: posts small blind $1
Dalingo: posts big blind $3
*** HOLE CARDS ***
Anchig: raises $3 to $6
Dalingo: calls $3
*** FLOP *** [2c 4h Jc]
Dalingo: checks
Anchig: bets $3
Dalingo: folds
Uncalled bet ($3) returned to Anchig
Anchig collected $11.76 from pot
Anchig: doesn't show hand
*** SUMMARY ***
Total pot $12 | Rake $0.24
Board [2c 4h Jc]
Seat 4: Anchig (button) (small blind) collected ($11.76)
Seat 5: Dalingo (big blind) folded on the Flop


PokerStars Hand #173152685519:  Hold'em Limit ($3/$6 USD) - 2017/07/17 11:44:12 ET
Table 'Crux' 6-max Seat #5 is the button
Seat 4: Anchig ($239.21 in chips)
Seat 5: Dalingo ($67.47 in chips)
Dalingo: posts small blind $1
Anchig: posts big blind $3
*** HOLE CARDS ***
Dalingo: raises $3 to $6
Anchig: folds
Uncalled bet ($3) returned to Dalingo
Dalingo collected $6 from pot
Dalingo: doesn't show hand
*** SUMMARY ***
Total pot $6 | Rake $0
Seat 4: Anchig (big blind) folded before Flop
Seat 5: Dalingo (button) (small blind) collected ($6)


PokerStars Hand #173152682390:  Hold'em Limit ($3/$6 USD) - 2017/07/17 11:44:07 ET
Table 'Crux' 6-max Seat #4 is the button
Seat 4: Anchig ($236.21 in chips)
Seat 5: Dalingo ($70.47 in chips)
Anchig: posts small blind $1
Dalingo: posts big blind $3
*** HOLE CARDS ***
Anchig: raises $3 to $6
Dalingo: folds
Uncalled bet ($3) returned to Anchig
Anchig collected $6 from pot
Anchig: doesn't show hand
*** SUMMARY ***
Total pot $6 | Rake $0
Seat 4: Anchig (button) (small blind) collected ($6)
Seat 5: Dalingo (big blind) folded before Flop


PokerStars Hand #173152703006:  Hold'em Limit ($3/$6 USD) - 2017/07/17 11:44:41 ET
Table 'Crux' 6-max Seat #4 is the button
Seat 4: Anchig ($238.96 in chips)
Seat 5: Dalingo ($67.22 in chips)
Anchig: posts small blind $1
Dalingo: posts big blind $3
*** HOLE CARDS ***
Anchig: raises $3 to $6
Dalingo: folds
Uncalled bet ($3) returned to Anchig
Anchig collected $6 from pot
Anchig: doesn't show hand
*** SUMMARY ***
Total pot $6 | Rake $0
Seat 4: Anchig (button) (small blind) collected ($6)
Seat 5: Dalingo (big blind) folded before Flop


PokerStars Hand #173152706784:  Hold'em Limit ($3/$6 USD) - 2017/07/17 11:44:47 ET
Table 'Crux' 6-max Seat #5 is the button
Seat 4: Anchig ($241.96 in chips)
Seat 5: Dalingo ($64.22 in chips)
Dalingo: posts small blind $1
Anchig: posts big blind $3
*** HOLE CARDS ***
Dalingo: folds
Uncalled bet ($2) returned to Anchig
Anchig collected $2 from pot
Anchig: doesn't show hand
*** SUMMARY ***
Total pot $2 | Rake $0
Seat 4: Anchig (big blind) collected ($2)
Seat 5: Dalingo (button) (small blind) folded before Flop


PokerStars Hand #173152709734:  Hold'em Limit ($3/$6 USD) - 2017/07/17 11:44:51 ET
Table 'Crux' 6-max Seat #4 is the button
Seat 4: Anchig ($242.96 in chips)
Seat 5: Dalingo ($63.22 in chips)
Anchig: posts small blind $1
Dalingo: posts big blind $3
*** HOLE CARDS ***
Anchig: raises $3 to $6
Dalingo: calls $3
*** FLOP *** [4s Jh Qd]
Dalingo: checks
Anchig: bets $3
Dalingo: calls $3
*** TURN *** [4s Jh Qd] [3s]
Dalingo: checks
Anchig: bets $6
Dalingo: calls $6
*** RIVER *** [4s Jh Qd 3s] [Ts]
Dalingo: checks
Anchig: bets $6
Dalingo: folds
Uncalled bet ($6) returned to Anchig
Anchig collected $29.50 from pot
Anchig: doesn't show hand
*** SUMMARY ***
Total pot $30 | Rake $0.50
Board [4s Jh Qd 3s Ts]
Seat 4: Anchig (button) (small blind) collected ($29.50)
Seat 5: Dalingo (big blind) folded on the River


PokerStars Hand #173152692772:  Hold'em Limit ($3/$6 USD) - 2017/07/17 11:44:24 ET
Table 'Crux' 6-max Seat #5 is the button
Seat 4: Anchig ($239.21 in chips)
Seat 5: Dalingo ($67.47 in chips)
Dalingo: posts small blind $1
Anchig: posts big blind $3
*** HOLE CARDS ***
Dalingo: raises $3 to $6
Anchig: calls $3
*** FLOP *** [Jh 4c 3d]
Anchig: checks
Dalingo: bets $3
Anchig: raises $3 to $6
Dalingo: raises $3 to $9
Anchig: calls $3
*** TURN *** [Jh 4c 3d] [Ad]
Anchig: checks
Dalingo: checks
*** RIVER *** [Jh 4c 3d Ad] [Jd]
Anchig: checks
Dalingo: checks
*** SHOW DOWN ***
Anchig: shows [Qc 4h] (two pair, Jacks and Fours)
Dalingo: shows [4s 5s] (two pair, Jacks and Fours)
Anchig collected $14.75 from pot
Dalingo collected $14.75 from pot
*** SUMMARY ***
Total pot $30 | Rake $0.50
Board [Jh 4c 3d Ad Jd]
Seat 4: Anchig (big blind) showed [Qc 4h] and won ($14.75) with two pair, Jacks and Fours
Seat 5: Dalingo (button) (small blind) showed [4s 5s] and won ($14.75) with two pair, Jacks and Fours


PokerStars Hand #173152731680:  Hold'em Limit ($3/$6 USD) - 2017/07/17 11:45:26 ET
Table 'Crux' 6-max Seat #5 is the button
Seat 4: Anchig ($265.10 in chips)
Seat 5: Dalingo ($40.22 in chips)
Dalingo: posts small blind $1
Anchig: posts big blind $3
*** HOLE CARDS ***
Dalingo: folds
Uncalled bet ($2) returned to Anchig
Anchig collected $2 from pot
Anchig: doesn't show hand
*** SUMMARY ***
Total pot $2 | Rake $0
Seat 4: Anchig (big blind) collected ($2)
Seat 5: Dalingo (button) (small blind) folded before Flop


PokerStars Hand #173152728563:  Hold'em Limit ($3/$6 USD) - 2017/07/17 11:45:22 ET
Table 'Crux' 6-max Seat #4 is the button
Seat 4: Anchig ($266.10 in chips)
Seat 5: Dalingo ($39.22 in chips)
Anchig: posts small blind $1
Dalingo: posts big blind $3
*** HOLE CARDS ***
Anchig: folds
Uncalled bet ($2) returned to Dalingo
Dalingo collected $2 from pot
Dalingo: doesn't show hand
*** SUMMARY ***
Total pot $2 | Rake $0
Seat 4: Anchig (button) (small blind) folded before Flop
Seat 5: Dalingo (big blind) collected ($2)


PokerStars Hand #173152722160:  Hold'em Limit ($3/$6 USD) - 2017/07/17 11:45:11 ET
Table 'Crux' 6-max Seat #5 is the button
Seat 4: Anchig ($257.46 in chips)
Seat 5: Dalingo ($48.22 in chips)
Dalingo: posts small blind $1
Anchig: posts big blind $3
*** HOLE CARDS ***
Dalingo: raises $3 to $6
Anchig: calls $3
*** FLOP *** [Ts 9d 9h]
Anchig: checks
Dalingo: bets $3
Anchig: raises $3 to $6
Dalingo: folds
Uncalled bet ($3) returned to Anchig
Anchig collected $17.64 from pot
Anchig: doesn't show hand
*** SUMMARY ***
Total pot $18 | Rake $0.36
Board [Ts 9d 9h]
Seat 4: Anchig (big blind) collected ($17.64)
Seat 5: Dalingo (button) (small blind) folded on the Flop


PokerStars Hand #173152753311:  Hold'em Limit ($3/$6 USD) - 2017/07/17 11:46:01 ET
Table 'Crux' 6-max Seat #4 is the button
Seat 4: Anchig ($291.60 in chips)
Seat 5: Dalingo ($13.22 in chips)
Anchig: posts small blind $1
Dalingo: posts big blind $3
*** HOLE CARDS ***
Anchig: folds
Uncalled bet ($2) returned to Dalingo
Dalingo collected $2 from pot
Dalingo: doesn't show hand
*** SUMMARY ***
Total pot $2 | Rake $0
Seat 4: Anchig (button) (small blind) folded before Flop
Seat 5: Dalingo (big blind) collected ($2)


PokerStars Hand #173152756424:  Hold'em Limit ($3/$6 USD) - 2017/07/17 11:46:06 ET
Table 'Crux' 6-max Seat #5 is the button
Seat 4: Anchig ($290.60 in chips)
Seat 5: Dalingo ($14.22 in chips)
Dalingo: posts small blind $1
Anchig: posts big blind $3
*** HOLE CARDS ***
Dalingo: raises $3 to $6
Anchig: calls $3
*** FLOP *** [8d 2h 9s]
Anchig: checks
Dalingo: bets $3
Anchig: raises $3 to $6
Dalingo: raises $2.22 to $8.22 and is all-in
Anchig: calls $2.22
*** TURN *** [8d 2h 9s] [Qs]
*** RIVER *** [8d 2h 9s Qs] [Ac]
*** SHOW DOWN ***
Anchig: shows [4s 2s] (a pair of Deuces)
Dalingo: shows [Ah 3s] (a pair of Aces)
Dalingo collected $27.94 from pot
*** SUMMARY ***
Total pot $28.44 | Rake $0.50
Board [8d 2h 9s Qs Ac]
Seat 4: Anchig (big blind) showed [4s 2s] and lost with a pair of Deuces
Seat 5: Dalingo (button) (small blind) showed [Ah 3s] and won ($27.94) with a pair of Aces


PokerStars Hand #173152734649:  Hold'em Limit ($3/$6 USD) - 2017/07/17 11:45:31 ET
Table 'Crux' 6-max Seat #4 is the button
Seat 4: Anchig ($266.10 in chips)
Seat 5: Dalingo ($39.22 in chips)
Anchig: posts small blind $1
Dalingo: posts big blind $3
*** HOLE CARDS ***
Anchig: folds
Uncalled bet ($2) returned to Dalingo
Dalingo collected $2 from pot
Dalingo: doesn't show hand
*** SUMMARY ***
Total pot $2 | Rake $0
Seat 4: Anchig (button) (small blind) folded before Flop
Seat 5: Dalingo (big blind) collected ($2)


PokerStars Hand #173152750450:  Hold'em Limit ($3/$6 USD) - 2017/07/17 11:45:57 ET
Table 'Crux' 6-max Seat #5 is the button
Seat 4: Anchig ($290.60 in chips)
Seat 5: Dalingo ($14.22 in chips)
Dalingo: posts small blind $1
Anchig: posts big blind $3
*** HOLE CARDS ***
Dalingo: folds
Uncalled bet ($2) returned to Anchig
Anchig collected $2 from pot
Anchig: doesn't show hand
*** SUMMARY ***
Total pot $2 | Rake $0
Seat 4: Anchig (big blind) collected ($2)
Seat 5: Dalingo (button) (small blind) folded before Flop


PokerStars Hand #173152747652:  Hold'em Limit ($3/$6 USD) - 2017/07/17 11:45:52 ET
Table 'Crux' 6-max Seat #4 is the button
Seat 4: Anchig ($291.60 in chips)
Seat 5: Dalingo ($13.22 in chips)
Anchig: posts small blind $1
Dalingo: posts big blind $3
*** HOLE CARDS ***
Anchig: folds
Uncalled bet ($2) returned to Dalingo
Dalingo collected $2 from pot
Dalingo: doesn't show hand
*** SUMMARY ***
Total pot $2 | Rake $0
Seat 4: Anchig (button) (small blind) folded before Flop
Seat 5: Dalingo (big blind) collected ($2)


PokerStars Hand #173152737525:  Hold'em Limit ($3/$6 USD) - 2017/07/17 11:45:36 ET
Table 'Crux' 6-max Seat #5 is the button
Seat 4: Anchig ($265.10 in chips)
Seat 5: Dalingo ($40.22 in chips)
Dalingo: posts small blind $1
Anchig: posts big blind $3
*** HOLE CARDS ***
Dalingo: raises $3 to $6
Anchig: calls $3
*** FLOP *** [6c 3d Qs]
Anchig: checks
Dalingo: bets $3
Anchig: calls $3
*** TURN *** [6c 3d Qs] [2s]
Anchig: checks
Dalingo: bets $6
Anchig: raises $6 to $12
Dalingo: calls $6
*** RIVER *** [6c 3d Qs 2s] [Jd]
Anchig: bets $6
Dalingo: calls $6
*** SHOW DOWN ***
Anchig: shows [Js 7s] (a pair of Jacks)
Dalingo: mucks hand
Anchig collected $53.50 from pot
*** SUMMARY ***
Total pot $54 | Rake $0.50
Board [6c 3d Qs 2s Jd]
Seat 4: Anchig (big blind) showed [Js 7s] and won ($53.50) with a pair of Jacks
Seat 5: Dalingo (button) (small blind) mucked


PokerStars Hand #173152784221:  Hold'em Limit ($3/$6 USD) - 2017/07/17 11:46:50 ET
Table 'Crux' 6-max Seat #5 is the button
Seat 4: Anchig ($267.38 in chips)
Seat 5: Dalingo ($36.58 in chips)
Dalingo: posts small blind $1
Anchig: posts big blind $3
*** HOLE CARDS ***
Dalingo: raises $3 to $6
Anchig: calls $3
*** FLOP *** [4s Td 6c]
Anchig: checks
Dalingo: bets $3
Anchig: calls $3
*** TURN *** [4s Td 6c] [9d]
Anchig: checks
Dalingo: bets $6
Anchig: folds
Uncalled bet ($6) returned to Dalingo
Dalingo collected $17.64 from pot
Dalingo: doesn't show hand
*** SUMMARY ***
Total pot $18 | Rake $0.36
Board [4s Td 6c 9d]
Seat 4: Anchig (big blind) folded on the Turn
Seat 5: Dalingo (button) (small blind) collected ($17.64)


PokerStars Hand #173152781327:  Hold'em Limit ($3/$6 USD) - 2017/07/17 11:46:46 ET
Table 'Crux' 6-max Seat #4 is the button
Seat 4: Anchig ($268.38 in chips)
Seat 5: Dalingo ($35.58 in chips)
Anchig: posts small blind $1
Dalingo: posts big blind $3
*** HOLE CARDS ***
Anchig: folds
Uncalled bet ($2) returned to Dalingo
Dalingo collected $2 from pot
Dalingo: doesn't show hand
*** SUMMARY ***
Total pot $2 | Rake $0
Seat 4: Anchig (button) (small blind) folded before Flop
Seat 5: Dalingo (big blind) collected ($2)


PokerStars Hand #173152778233:  Hold'em Limit ($3/$6 USD) - 2017/07/17 11:46:41 ET
Table 'Crux' 6-max Seat #5 is the button
Seat 4: Anchig ($267.38 in chips)
Seat 5: Dalingo ($36.58 in chips)
Dalingo: posts small blind $1
Anchig: posts big blind $3
*** HOLE CARDS ***
Dalingo: folds
Uncalled bet ($2) returned to Anchig
Anchig collected $2 from pot
Anchig: doesn't show hand
*** SUMMARY ***
Total pot $2 | Rake $0
Seat 4: Anchig (big blind) collected ($2)
Seat 5: Dalingo (button) (small blind) folded before Flop


PokerStars Hand #173152790723:  Hold'em Limit ($3/$6 USD) - 2017/07/17 11:47:01 ET
Table 'Crux' 6-max Seat #4 is the button
Seat 4: Anchig ($258.38 in chips)
Seat 5: Dalingo ($45.22 in chips)
Anchig: posts small blind $1
Dalingo: posts big blind $3
*** HOLE CARDS ***
Anchig: raises $3 to $6
Dalingo: calls $3
*** FLOP *** [Qd 2s 3c]
Dalingo: checks
Anchig: checks
*** TURN *** [Qd 2s 3c] [9c]
Dalingo: checks
Anchig: bets $6
Dalingo: folds
Uncalled bet ($6) returned to Anchig
Anchig collected $11.76 from pot
Anchig: doesn't show hand
*** SUMMARY ***
Total pot $12 | Rake $0.24
Board [Qd 2s 3c 9c]
Seat 4: Anchig (button) (small blind) collected ($11.76)
Seat 5: Dalingo (big blind) folded on the Turn


PokerStars Hand #173152801291:  Hold'em Limit ($3/$6 USD) - 2017/07/17 11:47:18 ET
Table 'Crux' 6-max Seat #5 is the button
Seat 4: Anchig ($264.14 in chips)
Seat 5: Dalingo ($39.22 in chips)
Dalingo: posts small blind $1
Anchig: posts big blind $3
*** HOLE CARDS ***
Dalingo: folds
Uncalled bet ($2) returned to Anchig
Anchig collected $2 from pot
Anchig: doesn't show hand
*** SUMMARY ***
Total pot $2 | Rake $0
Seat 4: Anchig (big blind) collected ($2)
Seat 5: Dalingo (button) (small blind) folded before Flop


PokerStars Hand #173152765687:  Hold'em Limit ($3/$6 USD) - 2017/07/17 11:46:21 ET
Table 'Crux' 6-max Seat #4 is the button
Seat 4: Anchig ($276.38 in chips)
Seat 5: Dalingo ($27.94 in chips)
Anchig: posts small blind $1
Dalingo: posts big blind $3
*** HOLE CARDS ***
Anchig: raises $3 to $6
Dalingo: calls $3
*** FLOP *** [9h 9s 8c]
Dalingo: checks
Anchig: bets $3
Dalingo: calls $3
*** TURN *** [9h 9s 8c] [Td]
Dalingo: checks
Anchig: checks
*** RIVER *** [9h 9s 8c Td] [4s]
Dalingo: bets $6
Anchig: folds
Uncalled bet ($6) returned to Dalingo
Dalingo collected $17.64 from pot
Dalingo: doesn't show hand
*** SUMMARY ***
Total pot $18 | Rake $0.36
Board [9h 9s 8c Td 4s]
Seat 4: Anchig (button) (small blind) folded on the River
Seat 5: Dalingo (big blind) collected ($17.64)


PokerStars Hand #173152814553:  Hold'em Limit ($3/$6 USD) - 2017/07/17 11:47:39 ET
Table 'Crux' 6-max Seat #5 is the button
Seat 4: Anchig ($250.14 in chips)
Seat 5: Dalingo ($52.72 in chips)
Dalingo: posts small blind $1
Anchig: posts big blind $3
*** HOLE CARDS ***
Dalingo: raises $3 to $6
Anchig: calls $3
*** FLOP *** [3h Td 3c]
Anchig: checks
Dalingo: bets $3
Anchig: raises $3 to $6
Dalingo: folds
Uncalled bet ($3) returned to Anchig
Anchig collected $17.64 from pot
Anchig: doesn't show hand
*** SUMMARY ***
Total pot $18 | Rake $0.36
Board [3h Td 3c]
Seat 4: Anchig (big blind) collected ($17.64)
Seat 5: Dalingo (button) (small blind) folded on the Flop


PokerStars Hand #173152803969:  Hold'em Limit ($3/$6 USD) - 2017/07/17 11:47:22 ET
Table 'Crux' 6-max Seat #4 is the button
Seat 4: Anchig ($265.14 in chips)
Seat 5: Dalingo ($38.22 in chips)
Anchig: posts small blind $1
Dalingo: posts big blind $3
*** HOLE CARDS ***
Anchig: raises $3 to $6
Dalingo: raises $3 to $9
Anchig: calls $3
*** FLOP *** [Qs Kh Ac]
Dalingo: bets $3
Anchig: raises $3 to $6
Dalingo: calls $3
*** TURN *** [Qs Kh Ac] [7d]
Dalingo: checks
Anchig: checks
*** RIVER *** [Qs Kh Ac 7d] [Kd]
Dalingo: bets $6
Anchig: folds
Uncalled bet ($6) returned to Dalingo
Dalingo collected $29.50 from pot
Dalingo: doesn't show hand
*** SUMMARY ***
Total pot $30 | Rake $0.50
Board [Qs Kh Ac 7d Kd]
Seat 4: Anchig (button) (small blind) folded on the River
Seat 5: Dalingo (big blind) collected ($29.50)


PokerStars Hand #173152823276:  Hold'em Limit ($3/$6 USD) - 2017/07/17 11:47:53 ET
Table 'Crux' 6-max Seat #5 is the button
Seat 4: Anchig ($261.78 in chips)
Seat 5: Dalingo ($40.72 in chips)
Dalingo: posts small blind $1
Anchig: posts big blind $3
*** HOLE CARDS ***
Dalingo: raises $3 to $6
Anchig: calls $3
*** FLOP *** [Qd Js 3d]
Anchig: checks
Dalingo: bets $3
Anchig: calls $3
*** TURN *** [Qd Js 3d] [Tc]
Anchig: checks
Dalingo: bets $6
Anchig: calls $6
*** RIVER *** [Qd Js 3d Tc] [Kc]
Anchig: checks
Dalingo: bets $6
Anchig: folds
Uncalled bet ($6) returned to Dalingo
Dalingo collected $29.50 from pot
Dalingo: doesn't show hand
*** SUMMARY ***
Total pot $30 | Rake $0.50
Board [Qd Js 3d Tc Kc]
Seat 4: Anchig (big blind) folded on the River
Seat 5: Dalingo (button) (small blind) collected ($29.50)


PokerStars Hand #173152853859:  Hold'em Limit ($3/$6 USD) - 2017/07/17 11:48:42 ET
Table 'Crux' 6-max Seat #5 is the button
Seat 4: Anchig ($231.78 in chips)
Seat 5: Dalingo ($69.72 in chips)
Dalingo: posts small blind $1
Anchig: posts big blind $3
*** HOLE CARDS ***
Dalingo: raises $3 to $6
Anchig: calls $3
*** FLOP *** [Jh Ks 7d]
Anchig: checks
Dalingo: bets $3
Anchig: calls $3
*** TURN *** [Jh Ks 7d] [Kd]
Anchig: checks
Dalingo: bets $6
Anchig: calls $6
*** RIVER *** [Jh Ks 7d Kd] [4c]
Anchig: checks
Dalingo: bets $6
Anchig: calls $6
*** SHOW DOWN ***
Dalingo: shows [Td 5d] (a pair of Kings)
Anchig: shows [5c Js] (two pair, Kings and Jacks)
Anchig collected $41.50 from pot
*** SUMMARY ***
Total pot $42 | Rake $0.50
Board [Jh Ks 7d Kd 4c]
Seat 4: Anchig (big blind) showed [5c Js] and won ($41.50) with two pair, Kings and Jacks
Seat 5: Dalingo (button) (small blind) showed [Td 5d] and lost with a pair of Kings


PokerStars Hand #173152837223:  Hold'em Limit ($3/$6 USD) - 2017/07/17 11:48:15 ET
Table 'Crux' 6-max Seat #5 is the button
Seat 4: Anchig ($249.78 in chips)
Seat 5: Dalingo ($52.22 in chips)
Dalingo: posts small blind $1
Anchig: posts big blind $3
*** HOLE CARDS ***
Dalingo: raises $3 to $6
Anchig: raises $3 to $9
Dalingo: calls $3
*** FLOP *** [5c 7d 9c]
Anchig: bets $3
Dalingo: raises $3 to $6
Anchig: calls $3
*** TURN *** [5c 7d 9c] [Th]
Anchig: checks
Dalingo: bets $6
Anchig: calls $6
*** RIVER *** [5c 7d 9c Th] [6c]
Anchig: checks
Dalingo: checks
*** SHOW DOWN ***
Anchig: shows [Kh Jc] (high card King)
Dalingo: shows [Ks 6h] (a pair of Sixes)
Dalingo collected $41.50 from pot
*** SUMMARY ***
Total pot $42 | Rake $0.50
Board [5c 7d 9c Th 6c]
Seat 4: Anchig (big blind) showed [Kh Jc] and lost with high card King
Seat 5: Dalingo (button) (small blind) showed [Ks 6h] and won ($41.50) with a pair of Sixes


PokerStars Hand #173152881468:  Hold'em Limit ($3/$6 USD) - 2017/07/17 11:49:26 ET
Table 'Crux' 6-max Seat #4 is the button
Seat 4: Anchig ($252.28 in chips)
Seat 5: Dalingo ($48.72 in chips)
Anchig: posts small blind $1
Dalingo: posts big blind $3
*** HOLE CARDS ***
Anchig: raises $3 to $6
Dalingo: calls $3
*** FLOP *** [5h Qs 8d]
3-Mihey-3 joins the table at seat #1
Dalingo: checks
Anchig: checks
*** TURN *** [5h Qs 8d] [Ad]
Dalingo: checks
Anchig: bets $6
Dalingo: calls $6
*** RIVER *** [5h Qs 8d Ad] [9d]
Dalingo: checks
Anchig: checks
*** SHOW DOWN ***
Dalingo: shows [3h Ac] (a pair of Aces)
Anchig: mucks hand
Dalingo collected $23.52 from pot
*** SUMMARY ***
Total pot $24 | Rake $0.48
Board [5h Qs 8d Ad 9d]
Seat 4: Anchig (button) (small blind) mucked
Seat 5: Dalingo (big blind) showed [3h Ac] and won ($23.52) with a pair of Aces


PokerStars Hand #173160274477:  Hold'em Limit ($3/$6 USD) - 2017/07/17 14:43:32 ET
Table 'Crux' 6-max Seat #3 is the button
Seat 2: vlaprok ($150.69 in chips)
Seat 3: Rusl@n ($130.88 in chips)
Rusl@n: posts small blind $1
vestimokrec: is sitting out
Luanto 14: is sitting out
vlaprok: posts big blind $3
*** HOLE CARDS ***
vestimokrec leaves the table
vestimokrec joins the table at seat #4
Rusl@n: folds
Uncalled bet ($2) returned to vlaprok
vlaprok collected $2 from pot
vlaprok: doesn't show hand
*** SUMMARY ***
Total pot $2 | Rake $0
Seat 2: vlaprok (big blind) collected ($2)
Seat 3: Rusl@n (button) (small blind) folded before Flop


PokerStars Hand #173160283002:  Hold'em Limit ($3/$6 USD) - 2017/07/17 14:43:42 ET
Table 'Crux' 6-max Seat #2 is the button
Seat 2: vlaprok ($151.69 in chips)
Seat 3: Rusl@n ($129.88 in chips)
vlaprok: posts small blind $1
Rusl@n: posts big blind $3
*** HOLE CARDS ***
vlaprok: raises $3 to $6
Rusl@n: raises $3 to $9
vlaprok: calls $3
*** FLOP *** [7d 5c 4d]
Rusl@n: bets $3
vlaprok: raises $3 to $6
Rusl@n: raises $3 to $9
vlaprok: raises $3 to $12
Betting is capped
Rusl@n: calls $3
*** TURN *** [7d 5c 4d] [As]
Rusl@n: checks
vlaprok: checks
*** RIVER *** [7d 5c 4d As] [9c]
Rusl@n: bets $6
vlaprok: folds
Uncalled bet ($6) returned to Rusl@n
Rusl@n collected $41.50 from pot
Rusl@n: doesn't show hand
*** SUMMARY ***
Total pot $42 | Rake $0.50
Board [7d 5c 4d As 9c]
Seat 2: vlaprok (button) (small blind) folded on the River
Seat 3: Rusl@n (big blind) collected ($41.50)


PokerStars Hand #173160788309:  Hold'em Limit ($3/$6 USD) - 2017/07/17 14:53:49 ET
Table 'Crux' 6-max Seat #3 is the button
Seat 3: Rusl@n ($150.20 in chips)
Seat 5: swesder ($178.30 in chips)
Rusl@n: posts small blind $1
swesder: posts big blind $3
*** HOLE CARDS ***
Rusl@n: raises $3 to $6
swesder: folds
Uncalled bet ($3) returned to Rusl@n
Rusl@n collected $6 from pot
Rusl@n: doesn't show hand
*** SUMMARY ***
Total pot $6 | Rake $0
Seat 3: Rusl@n (button) (small blind) collected ($6)
Seat 5: swesder (big blind) folded before Flop


PokerStars Hand #173160765511:  Hold'em Limit ($3/$6 USD) - 2017/07/17 14:53:21 ET
Table 'Crux' 6-max Seat #5 is the button
Seat 3: Rusl@n ($171.20 in chips)
Seat 5: swesder ($157.80 in chips)
swesder: posts small blind $1
vlaprok: is sitting out
Rusl@n: posts big blind $3
*** HOLE CARDS ***
swesder: raises $3 to $6
vlaprok leaves the table
Rusl@n: calls $3
*** FLOP *** [Ts 8d 4h]
Rusl@n: checks
swesder: bets $3
vlaprok joins the table at seat #6
Rusl@n: calls $3
*** TURN *** [Ts 8d 4h] [Kc]
Rusl@n: checks
swesder: bets $6
Rusl@n: calls $6
*** RIVER *** [Ts 8d 4h Kc] [4s]
Rusl@n: bets $6
swesder: calls $6
*** SHOW DOWN ***
Rusl@n: shows [8s 3s] (two pair, Eights and Fours)
swesder: shows [Kd 6h] (two pair, Kings and Fours)
swesder collected $41.50 from pot
*** SUMMARY ***
Total pot $42 | Rake $0.50
Board [Ts 8d 4h Kc 4s]
Seat 3: Rusl@n (big blind) showed [8s 3s] and lost with two pair, Eights and Fours
Seat 5: swesder (button) (small blind) showed [Kd 6h] and won ($41.50) with two pair, Kings and Fours


