PokerStars Hand #148252703509:  Hold'em Limit ($3/$6 USD) - 2016/02/04 19:18:47 ET
Table 'Cuffey' 6-max Seat #1 is the button
Seat 1: Zubasa07 ($500 in chips)
Seat 3: Thierry1735 ($120 in chips)
Zubasa07: posts small blind $1
Thierry1735: posts big blind $3
*** HOLE CARDS ***
Zubasa07: raises $3 to $6
Thierry1735: raises $3 to $9
Zubasa07: calls $3
*** FLOP *** [Qd 6h Qs]
Thierry1735: bets $3
Zubasa07: calls $3
*** TURN *** [Qd 6h Qs] [8s]
Thierry1735: bets $6
Zubasa07: calls $6
*** RIVER *** [Qd 6h Qs 8s] [7d]
Thierry1735: bets $6
Zubasa07: calls $6
*** SHOW DOWN ***
Thierry1735: shows [6c 6d] (a full house, Sixes full of Queens)
Zubasa07: mucks hand
Thierry1735 collected $47.50 from pot
*** SUMMARY ***
Total pot $48 | Rake $0.50
Board [Qd 6h Qs 8s 7d]
Seat 1: Zubasa07 (button) (small blind) mucked
Seat 3: Thierry1735 (big blind) showed [6c 6d] and won ($47.50) with a full house, Sixes full of Queens


PokerStars Hand #148252725437:  Hold'em Limit ($3/$6 USD) - 2016/02/04 19:19:19 ET
Table 'Cuffey' 6-max Seat #3 is the button
Seat 1: Zubasa07 ($476 in chips)
Seat 3: Thierry1735 ($143.50 in chips)
Thierry1735: posts small blind $1
Zubasa07: posts big blind $3
*** HOLE CARDS ***
Thierry1735: raises $3 to $6
Zubasa07: calls $3
*** FLOP *** [Th 2c 3h]
Zubasa07: checks
Thierry1735: bets $3
Zubasa07: raises $3 to $6
Thierry1735: raises $3 to $9
ToDaFelt joins the table at seat #4
Zubasa07: calls $3
*** TURN *** [Th 2c 3h] [2h]
Zubasa07: checks
Thierry1735: bets $6
Zubasa07: folds
Uncalled bet ($6) returned to Thierry1735
Thierry1735 collected $29.50 from pot
*** SUMMARY ***
Total pot $30 | Rake $0.50
Board [Th 2c 3h 2h]
Seat 1: Zubasa07 (big blind) folded on the Turn
Seat 3: Thierry1735 (button) (small blind) collected ($29.50)


PokerStars Hand #148252766407:  Hold'em Limit ($3/$6 USD) - 2016/02/04 19:20:19 ET
Table 'Cuffey' 6-max Seat #1 is the button
Seat 1: Zubasa07 ($461 in chips)
Seat 3: Thierry1735 ($158 in chips)
Zubasa07: posts small blind $1
Thierry1735: posts big blind $3
*** HOLE CARDS ***
Zubasa07: raises $3 to $6
Thierry1735: calls $3
*** FLOP *** [Kh Jc As]
Thierry1735: checks
Zubasa07: bets $3
Thierry1735: folds
Uncalled bet ($3) returned to Zubasa07
Zubasa07 collected $11.76 from pot
Zubasa07: doesn't show hand
*** SUMMARY ***
Total pot $12 | Rake $0.24
Board [Kh Jc As]
Seat 1: Zubasa07 (button) (small blind) collected ($11.76)
Seat 3: Thierry1735 (big blind) folded on the Flop


PokerStars Hand #148252978737:  Hold'em Limit ($3/$6 USD) - 2016/02/04 19:25:25 ET
Table 'Cuffey' 6-max Seat #5 is the button
Seat 4: ToDaFelt ($229.42 in chips)
Seat 5: Brama Br ($162.61 in chips)
Brama Br: posts small blind $1
Zubasa07: is sitting out
ToDaFelt: posts big blind $3
*** HOLE CARDS ***
Brama Br: folds
Uncalled bet ($2) returned to ToDaFelt
ToDaFelt collected $2 from pot
ToDaFelt: doesn't show hand
*** SUMMARY ***
Total pot $2 | Rake $0
Seat 4: ToDaFelt (big blind) collected ($2)
Seat 5: Brama Br (button) (small blind) folded before Flop


PokerStars Hand #148252983836:  Hold'em Limit ($3/$6 USD) - 2016/02/04 19:25:32 ET
Table 'Cuffey' 6-max Seat #4 is the button
Seat 4: ToDaFelt ($230.42 in chips)
Seat 5: Brama Br ($161.61 in chips)
ToDaFelt: posts small blind $1
Brama Br: posts big blind $3
*** HOLE CARDS ***
Zubasa07 leaves the table
ToDaFelt: raises $3 to $6
Brama Br: calls $3
*** FLOP *** [6s 7d 4c]
Brama Br: checks
ToDaFelt: bets $3
Brama Br: calls $3
*** TURN *** [6s 7d 4c] [Jh]
Brama Br: checks
ToDaFelt: bets $6
Brama Br: calls $6
*** RIVER *** [6s 7d 4c Jh] [2d]
Brama Br: checks
ToDaFelt: bets $6
Brama Br: folds
Uncalled bet ($6) returned to ToDaFelt
ToDaFelt collected $29.50 from pot
ToDaFelt: doesn't show hand
*** SUMMARY ***
Total pot $30 | Rake $0.50
Board [6s 7d 4c Jh 2d]
Seat 4: ToDaFelt (button) (small blind) collected ($29.50)
Seat 5: Brama Br (big blind) folded on the River


