PokerStars Hand #176849385644:  Hold'em Limit ($3/$6 USD) - 2017/10/13 3:23:57 ET
Table 'Cuffey' 6-max Seat #4 is the button
Seat 2: Korish9506 ($41.76 in chips)
Seat 4: Agrotait ($60 in chips)
Agrotait: posts small blind $1
Korish9506: posts big blind $3
*** HOLE CARDS ***
Agrotait: raises $3 to $6
Korish9506: folds
Uncalled bet ($3) returned to Agrotait
Agrotait collected $6 from pot
Agrotait: doesn't show hand
*** SUMMARY ***
Total pot $6 | Rake $0
Seat 2: Korish9506 (big blind) folded before Flop
Seat 4: Agrotait (button) (small blind) collected ($6)


PokerStars Hand #176849387920:  Hold'em Limit ($3/$6 USD) - 2017/10/13 3:24:05 ET
Table 'Cuffey' 6-max Seat #2 is the button
Seat 2: Korish9506 ($38.76 in chips)
Seat 4: Agrotait ($63 in chips)
Korish9506: posts small blind $1
Agrotait: posts big blind $3
*** HOLE CARDS ***
Korish9506: calls $2
Agrotait: checks
*** FLOP *** [Qc 8d 7h]
Agrotait: bets $3
Korish9506: folds
Uncalled bet ($3) returned to Agrotait
Agrotait collected $5.88 from pot
Agrotait: doesn't show hand
*** SUMMARY ***
Total pot $6 | Rake $0.12
Board [Qc 8d 7h]
Seat 2: Korish9506 (button) (small blind) folded on the Flop
Seat 4: Agrotait (big blind) collected ($5.88)


PokerStars Hand #176849376788:  Hold'em Limit ($3/$6 USD) - 2017/10/13 3:23:23 ET
Table 'Cuffey' 6-max Seat #2 is the button
Seat 2: Korish9506 ($36 in chips)
Seat 4: Agrotait ($66 in chips)
Korish9506: posts small blind $1
Agrotait: posts big blind $3
*** HOLE CARDS ***
Korish9506: calls $2
Agrotait: checks
*** FLOP *** [9h 4d Qh]
Agrotait: bets $3
Korish9506: calls $3
*** TURN *** [9h 4d Qh] [Kd]
Agrotait: checks
Korish9506: bets $6
Agrotait: folds
Uncalled bet ($6) returned to Korish9506
Korish9506 collected $11.76 from pot
*** SUMMARY ***
Total pot $12 | Rake $0.24
Board [9h 4d Qh Kd]
Seat 2: Korish9506 (button) (small blind) collected ($11.76)
Seat 4: Agrotait (big blind) folded on the Turn


PokerStars Hand #176849392533:  Hold'em Limit ($3/$6 USD) - 2017/10/13 3:24:23 ET
Table 'Cuffey' 6-max Seat #4 is the button
Seat 2: Korish9506 ($35.76 in chips)
Seat 4: Agrotait ($65.88 in chips)
Agrotait: posts small blind $1
Korish9506: posts big blind $3
*** HOLE CARDS ***
Agrotait: folds
Uncalled bet ($2) returned to Korish9506
Korish9506 collected $2 from pot
*** SUMMARY ***
Total pot $2 | Rake $0
Seat 2: Korish9506 (big blind) collected ($2)
Seat 4: Agrotait (button) (small blind) folded before Flop


PokerStars Hand #176849394392:  Hold'em Limit ($3/$6 USD) - 2017/10/13 3:24:30 ET
Table 'Cuffey' 6-max Seat #2 is the button
Seat 2: Korish9506 ($36.76 in chips)
Seat 4: Agrotait ($64.88 in chips)
Korish9506: posts small blind $1
Agrotait: posts big blind $3
*** HOLE CARDS ***
Korish9506: calls $2
Agrotait: checks
*** FLOP *** [Tc 4d Jd]
Agrotait: bets $3
Korish9506: calls $3
*** TURN *** [Tc 4d Jd] [Qd]
Agrotait: bets $6
Korish9506: calls $6
*** RIVER *** [Tc 4d Jd Qd] [Ts]
Agrotait: checks
Korish9506: checks
*** SHOW DOWN ***
Agrotait: shows [7c Kd] (a pair of Tens)
Korish9506: mucks hand
Agrotait collected $23.52 from pot
*** SUMMARY ***
Total pot $24 | Rake $0.48
Board [Tc 4d Jd Qd Ts]
Seat 2: Korish9506 (button) (small blind) mucked
Seat 4: Agrotait (big blind) showed [7c Kd] and won ($23.52) with a pair of Tens


PokerStars Hand #176849400910:  Hold'em Limit ($3/$6 USD) - 2017/10/13 3:24:55 ET
Table 'Cuffey' 6-max Seat #4 is the button
Seat 2: Korish9506 ($24.76 in chips)
Seat 4: Agrotait ($76.40 in chips)
Agrotait: posts small blind $1
Korish9506: posts big blind $3
*** HOLE CARDS ***
Velbor107 joins the table at seat #3
Agrotait: folds
Uncalled bet ($2) returned to Korish9506
Korish9506 collected $2 from pot
*** SUMMARY ***
Total pot $2 | Rake $0
Seat 2: Korish9506 (big blind) collected ($2)
Seat 4: Agrotait (button) (small blind) folded before Flop


PokerStars Hand #176849403956:  Hold'em Limit ($3/$6 USD) - 2017/10/13 3:25:07 ET
Table 'Cuffey' 6-max Seat #2 is the button
Seat 2: Korish9506 ($25.76 in chips)
Seat 4: Agrotait ($75.40 in chips)
Korish9506: posts small blind $1
Agrotait: posts big blind $3
*** HOLE CARDS ***
Korish9506: calls $2
Agrotait: checks
*** FLOP *** [Tc 5s 2h]
Agrotait: bets $3
Korish9506: calls $3
*** TURN *** [Tc 5s 2h] [As]
Agrotait: checks
Korish9506: bets $6
Agrotait: folds
Uncalled bet ($6) returned to Korish9506
Korish9506 collected $11.76 from pot
*** SUMMARY ***
Total pot $12 | Rake $0.24
Board [Tc 5s 2h As]
Seat 2: Korish9506 (button) (small blind) collected ($11.76)
Seat 4: Agrotait (big blind) folded on the Turn


PokerStars Hand #176849409101:  Hold'em Limit ($3/$6 USD) - 2017/10/13 3:25:27 ET
Table 'Cuffey' 6-max Seat #4 is the button
Seat 2: Korish9506 ($31.52 in chips)
Seat 4: Agrotait ($69.40 in chips)
Agrotait: posts small blind $1
Korish9506: posts big blind $3
*** HOLE CARDS ***
Agrotait: raises $3 to $6
Korish9506: calls $3
*** FLOP *** [7c Jh Js]
Korish9506: checks
Agrotait: bets $3
Korish9506: folds
Uncalled bet ($3) returned to Agrotait
Agrotait collected $11.76 from pot
Agrotait: doesn't show hand
*** SUMMARY ***
Total pot $12 | Rake $0.24
Board [7c Jh Js]
Seat 2: Korish9506 (big blind) folded on the Flop
Seat 4: Agrotait (button) (small blind) collected ($11.76)


PokerStars Hand #176849412690:  Hold'em Limit ($3/$6 USD) - 2017/10/13 3:25:41 ET
Table 'Cuffey' 6-max Seat #2 is the button
Seat 2: Korish9506 ($25.52 in chips)
Seat 4: Agrotait ($75.16 in chips)
Korish9506: posts small blind $1
Agrotait: posts big blind $3
*** HOLE CARDS ***
Korish9506: calls $2
Agrotait: checks
*** FLOP *** [Jc 5h Qs]
Agrotait: bets $3
Korish9506: folds
Uncalled bet ($3) returned to Agrotait
Agrotait collected $5.88 from pot
Agrotait: doesn't show hand
*** SUMMARY ***
Total pot $6 | Rake $0.12
Board [Jc 5h Qs]
Seat 2: Korish9506 (button) (small blind) folded on the Flop
Seat 4: Agrotait (big blind) collected ($5.88)


PokerStars Hand #176849415735:  Hold'em Limit ($3/$6 USD) - 2017/10/13 3:25:53 ET
Table 'Cuffey' 6-max Seat #4 is the button
Seat 2: Korish9506 ($22.52 in chips)
Seat 4: Agrotait ($78.04 in chips)
Agrotait: posts small blind $1
Korish9506: posts big blind $3
*** HOLE CARDS ***
Agrotait: raises $3 to $6
Korish9506: calls $3
*** FLOP *** [9c Th Js]
Korish9506: checks
Agrotait: bets $3
Korish9506: raises $3 to $6
Agrotait: calls $3
*** TURN *** [9c Th Js] [7h]
Korish9506: bets $6
Agrotait: calls $6
*** RIVER *** [9c Th Js 7h] [Ks]
Korish9506: checks
Agrotait: bets $6
Korish9506: calls $4.52 and is all-in
Uncalled bet ($1.48) returned to Agrotait
*** SHOW DOWN ***
Agrotait: shows [Qd 6h] (a straight, Nine to King)
Korish9506: shows [Ts 2s] (a pair of Tens)
Agrotait collected $44.54 from pot
*** SUMMARY ***
Total pot $45.04 | Rake $0.50
Board [9c Th Js 7h Ks]
Seat 2: Korish9506 (big blind) showed [Ts 2s] and lost with a pair of Tens
Seat 4: Agrotait (button) (small blind) showed [Qd 6h] and won ($44.54) with a straight, Nine to King


PokerStars Hand #176849431850:  Hold'em Limit ($3/$6 USD) - 2017/10/13 3:26:54 ET
Table 'Cuffey' 6-max Seat #2 is the button
Seat 2: Korish9506 ($42 in chips)
Seat 4: Agrotait ($100.06 in chips)
Korish9506: posts small blind $1
Agrotait: posts big blind $3
*** HOLE CARDS ***
Korish9506: calls $2
Agrotait: checks
*** FLOP *** [7h 9c 5s]
Agrotait: bets $3
Korish9506: calls $3
*** TURN *** [7h 9c 5s] [Ts]
Agrotait: checks
Korish9506: checks
*** RIVER *** [7h 9c 5s Ts] [6d]
Agrotait: checks
Korish9506: bets $6
Agrotait: folds
Uncalled bet ($6) returned to Korish9506
Korish9506 collected $11.76 from pot
*** SUMMARY ***
Total pot $12 | Rake $0.24
Board [7h 9c 5s Ts 6d]
Seat 2: Korish9506 (button) (small blind) collected ($11.76)
Seat 4: Agrotait (big blind) folded on the River


PokerStars Hand #176849438082:  Hold'em Limit ($3/$6 USD) - 2017/10/13 3:27:18 ET
Table 'Cuffey' 6-max Seat #4 is the button
Seat 2: Korish9506 ($47.76 in chips)
Seat 4: Agrotait ($94.06 in chips)
Agrotait: posts small blind $1
Korish9506: posts big blind $3
*** HOLE CARDS ***
Agrotait: raises $3 to $6
Korish9506: calls $3
*** FLOP *** [Qc 7h Kh]
Korish9506: checks
Agrotait: bets $3
Korish9506: folds
Uncalled bet ($3) returned to Agrotait
Agrotait collected $11.76 from pot
Agrotait: doesn't show hand
*** SUMMARY ***
Total pot $12 | Rake $0.24
Board [Qc 7h Kh]
Seat 2: Korish9506 (big blind) folded on the Flop
Seat 4: Agrotait (button) (small blind) collected ($11.76)


PokerStars Hand #176849442917:  Hold'em Limit ($3/$6 USD) - 2017/10/13 3:27:37 ET
Table 'Cuffey' 6-max Seat #2 is the button
Seat 2: Korish9506 ($41.76 in chips)
Seat 4: Agrotait ($99.82 in chips)
Korish9506: posts small blind $1
Agrotait: posts big blind $3
*** HOLE CARDS ***
Korish9506: calls $2
Agrotait: checks
*** FLOP *** [4d Tc Jd]
Agrotait: bets $3
Korish9506: folds
Uncalled bet ($3) returned to Agrotait
Agrotait collected $5.88 from pot
Agrotait: doesn't show hand
*** SUMMARY ***
Total pot $6 | Rake $0.12
Board [4d Tc Jd]
Seat 2: Korish9506 (button) (small blind) folded on the Flop
Seat 4: Agrotait (big blind) collected ($5.88)


PokerStars Hand #176849446560:  Hold'em Limit ($3/$6 USD) - 2017/10/13 3:27:51 ET
Table 'Cuffey' 6-max Seat #4 is the button
Seat 2: Korish9506 ($38.76 in chips)
Seat 4: Agrotait ($102.70 in chips)
Agrotait: posts small blind $1
Korish9506: posts big blind $3
*** HOLE CARDS ***
Agrotait: raises $3 to $6
Korish9506: folds
Uncalled bet ($3) returned to Agrotait
Agrotait collected $6 from pot
Agrotait: doesn't show hand
*** SUMMARY ***
Total pot $6 | Rake $0
Seat 2: Korish9506 (big blind) folded before Flop
Seat 4: Agrotait (button) (small blind) collected ($6)


PokerStars Hand #176849460579:  Hold'em Limit ($3/$6 USD) - 2017/10/13 3:28:45 ET
Table 'Cuffey' 6-max Seat #4 is the button
Seat 2: Korish9506 ($40.40 in chips)
Seat 4: Agrotait ($100.70 in chips)
Agrotait: posts small blind $1
Korish9506: posts big blind $3
*** HOLE CARDS ***
Agrotait: folds
Uncalled bet ($2) returned to Korish9506
Korish9506 collected $2 from pot
*** SUMMARY ***
Total pot $2 | Rake $0
Seat 2: Korish9506 (big blind) collected ($2)
Seat 4: Agrotait (button) (small blind) folded before Flop


PokerStars Hand #176849462111:  Hold'em Limit ($3/$6 USD) - 2017/10/13 3:28:51 ET
Table 'Cuffey' 6-max Seat #2 is the button
Seat 2: Korish9506 ($41.40 in chips)
Seat 4: Agrotait ($99.70 in chips)
Korish9506: posts small blind $1
Agrotait: posts big blind $3
*** HOLE CARDS ***
Korish9506: calls $2
Agrotait: checks
*** FLOP *** [6h 9c 6s]
Agrotait: bets $3
Korish9506: folds
Uncalled bet ($3) returned to Agrotait
Korish9506 leaves the table
Agrotait collected $5.88 from pot
Agrotait: doesn't show hand
*** SUMMARY ***
Total pot $6 | Rake $0.12
Board [6h 9c 6s]
Seat 2: Korish9506 (button) (small blind) folded on the Flop
Seat 4: Agrotait (big blind) collected ($5.88)


PokerStars Hand #176849459188:  Hold'em Limit ($3/$6 USD) - 2017/10/13 3:28:40 ET
Table 'Cuffey' 6-max Seat #2 is the button
Seat 2: Korish9506 ($41.40 in chips)
Seat 4: Agrotait ($99.70 in chips)
Korish9506: posts small blind $1
Agrotait: posts big blind $3
*** HOLE CARDS ***
Korish9506: folds
Uncalled bet ($2) returned to Agrotait
Agrotait collected $2 from pot
Agrotait: doesn't show hand
*** SUMMARY ***
Total pot $2 | Rake $0
Seat 2: Korish9506 (button) (small blind) folded before Flop
Seat 4: Agrotait (big blind) collected ($2)


PokerStars Hand #176849455734:  Hold'em Limit ($3/$6 USD) - 2017/10/13 3:28:26 ET
Table 'Cuffey' 6-max Seat #4 is the button
Seat 2: Korish9506 ($44.40 in chips)
Seat 4: Agrotait ($96.70 in chips)
Agrotait: posts small blind $1
Korish9506: posts big blind $3
*** HOLE CARDS ***
Agrotait: raises $3 to $6
Korish9506: folds
Uncalled bet ($3) returned to Agrotait
Agrotait collected $6 from pot
Agrotait: doesn't show hand
*** SUMMARY ***
Total pot $6 | Rake $0
Seat 2: Korish9506 (big blind) folded before Flop
Seat 4: Agrotait (button) (small blind) collected ($6)


