PokerStars Hand #150796675357:  Hold'em Limit ($3/$6 USD) - 2016/03/23 5:36:04 ET
Table 'Cuffey' 6-max Seat #3 is the button
Seat 3: iamhashman ($151.61 in chips)
Seat 4: VolkovDmitri ($120 in chips)
iamhashman: posts small blind $1
VolkovDmitri: posts big blind $3
*** HOLE CARDS ***
iamhashman: raises $3 to $6
VolkovDmitri: raises $3 to $9
iamhashman: calls $3
*** FLOP *** [Ac Ad Ah]
VolkovDmitri: bets $3
iamhashman: calls $3
*** TURN *** [Ac Ad Ah] [Jh]
VolkovDmitri: checks
iamhashman: checks
*** RIVER *** [Ac Ad Ah Jh] [5s]
VolkovDmitri: checks
iamhashman: bets $6
VolkovDmitri: folds
Uncalled bet ($6) returned to iamhashman
iamhashman collected $23.52 from pot
iamhashman: doesn't show hand
*** SUMMARY ***
Total pot $24 | Rake $0.48
Board [Ac Ad Ah Jh 5s]
Seat 3: iamhashman (button) (small blind) collected ($23.52)
Seat 4: VolkovDmitri (big blind) folded on the River


PokerStars Hand #150796690839:  Hold'em Limit ($3/$6 USD) - 2016/03/23 5:36:45 ET
Table 'Cuffey' 6-max Seat #4 is the button
Seat 3: iamhashman ($163.13 in chips)
Seat 4: VolkovDmitri ($120 in chips)
VolkovDmitri: posts small blind $1
iamhashman: posts big blind $3
*** HOLE CARDS ***
VolkovDmitri: raises $3 to $6
iamhashman: calls $3
*** FLOP *** [4c Qh Ts]
iamhashman: checks
VolkovDmitri: bets $3
iamhashman: folds
Uncalled bet ($3) returned to VolkovDmitri
VolkovDmitri collected $11.76 from pot
VolkovDmitri: doesn't show hand
*** SUMMARY ***
Total pot $12 | Rake $0.24
Board [4c Qh Ts]
Seat 3: iamhashman (big blind) folded on the Flop
Seat 4: VolkovDmitri (button) (small blind) collected ($11.76)


PokerStars Hand #150796696358:  Hold'em Limit ($3/$6 USD) - 2016/03/23 5:36:59 ET
Table 'Cuffey' 6-max Seat #3 is the button
Seat 3: iamhashman ($157.13 in chips)
Seat 4: VolkovDmitri ($125.76 in chips)
iamhashman: posts small blind $1
VolkovDmitri: posts big blind $3
*** HOLE CARDS ***
iamhashman: raises $3 to $6
VolkovDmitri: calls $3
*** FLOP *** [7s Qs 8c]
VolkovDmitri: bets $3
iamhashman: raises $3 to $6
VolkovDmitri: calls $3
*** TURN *** [7s Qs 8c] [Ts]
VolkovDmitri: checks
iamhashman: bets $6
VolkovDmitri: calls $6
*** RIVER *** [7s Qs 8c Ts] [4d]
VolkovDmitri: checks
iamhashman: bets $6
VolkovDmitri: calls $6
*** SHOW DOWN ***
iamhashman: shows [Kc Jc] (high card King)
VolkovDmitri: shows [6s 8h] (a pair of Eights)
VolkovDmitri collected $47.50 from pot
*** SUMMARY ***
Total pot $48 | Rake $0.50
Board [7s Qs 8c Ts 4d]
Seat 3: iamhashman (button) (small blind) showed [Kc Jc] and lost with high card King
Seat 4: VolkovDmitri (big blind) showed [6s 8h] and won ($47.50) with a pair of Eights


PokerStars Hand #150796714181:  Hold'em Limit ($3/$6 USD) - 2016/03/23 5:37:46 ET
Table 'Cuffey' 6-max Seat #4 is the button
Seat 3: iamhashman ($133.13 in chips)
Seat 4: VolkovDmitri ($149.26 in chips)
VolkovDmitri: posts small blind $1
iamhashman: posts big blind $3
*** HOLE CARDS ***
VolkovDmitri: raises $3 to $6
iamhashman: calls $3
*** FLOP *** [Qc Jd 5s]
HAL9QQQ joins the table at seat #1
iamhashman: checks
VolkovDmitri: bets $3
iamhashman: calls $3
*** TURN *** [Qc Jd 5s] [2h]
iamhashman: checks
VolkovDmitri: checks
*** RIVER *** [Qc Jd 5s 2h] [Ad]
iamhashman: bets $6
VolkovDmitri: folds
Uncalled bet ($6) returned to iamhashman
iamhashman collected $17.64 from pot
iamhashman: doesn't show hand
*** SUMMARY ***
Total pot $18 | Rake $0.36
Board [Qc Jd 5s 2h Ad]
Seat 3: iamhashman (big blind) collected ($17.64)
Seat 4: VolkovDmitri (button) (small blind) folded on the River


PokerStars Hand #150796728125:  Hold'em Limit ($3/$6 USD) - 2016/03/23 5:38:23 ET
Table 'Cuffey' 6-max Seat #3 is the button
Seat 3: iamhashman ($141.77 in chips)
Seat 4: VolkovDmitri ($140.26 in chips)
iamhashman: posts small blind $1
VolkovDmitri: posts big blind $3
*** HOLE CARDS ***
iamhashman: raises $3 to $6
VolkovDmitri: raises $3 to $9
iamhashman: calls $3
*** FLOP *** [As 8s Jc]
VolkovDmitri: bets $3
iamhashman: calls $3
*** TURN *** [As 8s Jc] [8c]
VolkovDmitri: bets $6
iamhashman: raises $6 to $12
VolkovDmitri: calls $6
*** RIVER *** [As 8s Jc 8c] [7h]
VolkovDmitri: bets $6
iamhashman: calls $6
*** SHOW DOWN ***
VolkovDmitri: shows [Kc Ah] (two pair, Aces and Eights)
iamhashman: shows [Jh Ad] (two pair, Aces and Jacks)
iamhashman collected $59.50 from pot
*** SUMMARY ***
Total pot $60 | Rake $0.50
Board [As 8s Jc 8c 7h]
Seat 3: iamhashman (button) (small blind) showed [Jh Ad] and won ($59.50) with two pair, Aces and Jacks
Seat 4: VolkovDmitri (big blind) showed [Kc Ah] and lost with two pair, Aces and Eights


PokerStars Hand #150796766299:  Hold'em Limit ($3/$6 USD) - 2016/03/23 5:40:03 ET
Table 'Cuffey' 6-max Seat #1 is the button
Seat 1: HAL9QQQ ($129.43 in chips)
Seat 4: VolkovDmitri ($120 in chips)
HAL9QQQ: posts small blind $1
iamhashman has timed out while being disconnected
iamhashman: is sitting out
VolkovDmitri: posts big blind $3
*** HOLE CARDS ***
HAL9QQQ: folds
Uncalled bet ($2) returned to VolkovDmitri
VolkovDmitri collected $2 from pot
VolkovDmitri: doesn't show hand
*** SUMMARY ***
Total pot $2 | Rake $0
Seat 1: HAL9QQQ (button) (small blind) folded before Flop
Seat 4: VolkovDmitri (big blind) collected ($2)


PokerStars Hand #150797073337:  Hold'em Limit ($3/$6 USD) - 2016/03/23 5:53:16 ET
Table 'Cuffey' 6-max Seat #5 is the button
Seat 5: yu1104 ($68.60 in chips)
Seat 6: Fetish73 ($104.66 in chips)
yu1104: posts small blind $1
Fetish73: posts big blind $3
*** HOLE CARDS ***
parnishka11 joins the table at seat #2
yu1104: raises $3 to $6
Fetish73: folds
Uncalled bet ($3) returned to yu1104
yu1104 collected $6 from pot
yu1104: doesn't show hand
*** SUMMARY ***
Total pot $6 | Rake $0
Seat 5: yu1104 (button) (small blind) collected ($6)
Seat 6: Fetish73 (big blind) folded before Flop


PokerStars Hand #150797071524:  Hold'em Limit ($3/$6 USD) - 2016/03/23 5:53:11 ET
Table 'Cuffey' 6-max Seat #6 is the button
Seat 5: yu1104 ($67.60 in chips)
Seat 6: Fetish73 ($105.66 in chips)
Fetish73: posts small blind $1
yu1104: posts big blind $3
*** HOLE CARDS ***
VolkovDmitri leaves the table
Fetish73: folds
Uncalled bet ($2) returned to yu1104
yu1104 collected $2 from pot
yu1104: doesn't show hand
*** SUMMARY ***
Total pot $2 | Rake $0
Seat 5: yu1104 (big blind) collected ($2)
Seat 6: Fetish73 (button) (small blind) folded before Flop


PokerStars Hand #150798266858:  Hold'em Limit ($3/$6 USD) - 2016/03/23 6:45:32 ET
Table 'Cuffey' 6-max Seat #4 is the button
Seat 4: manisped ($13.11 in chips)
Seat 6: Fetish73 ($170.92 in chips)
manisped: posts small blind $1
TbIP-TbIP 88: is sitting out
Fetish73: posts big blind $3
*** HOLE CARDS ***
manisped: raises $3 to $6
Fetish73: calls $3
*** FLOP *** [Ts 4h 7h]
Fetish73: checks
manisped: checks
*** TURN *** [Ts 4h 7h] [9s]
Fetish73: bets $6
kKANGA500 joins the table at seat #3
manisped: folds
Uncalled bet ($6) returned to Fetish73
Fetish73 collected $11.76 from pot
*** SUMMARY ***
Total pot $12 | Rake $0.24
Board [Ts 4h 7h 9s]
Seat 4: manisped (button) (small blind) folded on the Turn
Seat 6: Fetish73 (big blind) collected ($11.76)


