PokerStars Hand #147921633528:  Hold'em Limit ($3/$6 USD) - 2016/01/30 5:24:38 ET
Table 'Cuffey' 2-max Seat #2 is the button
Seat 1: hudecam ($30 in chips)
Seat 2: fifaliga ($36 in chips)
fifaliga: posts small blind $1
hudecam: posts big blind $3
*** HOLE CARDS ***
fifaliga: raises $3 to $6
hudecam: calls $3
*** FLOP *** [Jd Qd Ts]
hudecam: checks
fifaliga: bets $3
hudecam: raises $3 to $6
fifaliga: calls $3
*** TURN *** [Jd Qd Ts] [Tc]
hudecam: bets $6
fifaliga: raises $6 to $12
hudecam: raises $6 to $18 and is all-in
fifaliga: calls $6
*** RIVER *** [Jd Qd Ts Tc] [5h]
*** SHOW DOWN ***
hudecam: shows [Qh 8d] (two pair, Queens and Tens)
fifaliga: shows [Kd Kc] (two pair, Kings and Tens)
fifaliga collected $59.50 from pot
*** SUMMARY ***
Total pot $60 | Rake $0.50
Board [Jd Qd Ts Tc 5h]
Seat 1: hudecam (big blind) showed [Qh 8d] and lost with two pair, Queens and Tens
Seat 2: fifaliga (button) (small blind) showed [Kd Kc] and won ($59.50) with two pair, Kings and Tens


PokerStars Hand #147923952565:  Hold'em Limit ($3/$6 USD) - 2016/01/30 6:35:43 ET
Table 'Cuffey' 2-max Seat #1 is the button
Seat 1: kdcl ($55.10 in chips)
Seat 2: fifaliga ($120 in chips)
kdcl: posts small blind $1
fifaliga: posts big blind $3
*** HOLE CARDS ***
kdcl: folds
Uncalled bet ($2) returned to fifaliga
fifaliga collected $2 from pot
fifaliga: doesn't show hand
*** SUMMARY ***
Total pot $2 | Rake $0
Seat 1: kdcl (button) (small blind) folded before Flop
Seat 2: fifaliga (big blind) collected ($2)


PokerStars Hand #147923947851:  Hold'em Limit ($3/$6 USD) - 2016/01/30 6:35:35 ET
Table 'Cuffey' 2-max Seat #2 is the button
Seat 1: kdcl ($54.10 in chips)
Seat 2: fifaliga ($121 in chips)
fifaliga: posts small blind $1
kdcl: posts big blind $3
*** HOLE CARDS ***
fifaliga: folds
Uncalled bet ($2) returned to kdcl
kdcl collected $2 from pot
*** SUMMARY ***
Total pot $2 | Rake $0
Seat 1: kdcl (big blind) collected ($2)
Seat 2: fifaliga (button) (small blind) folded before Flop


PokerStars Hand #147923970434:  Hold'em Limit ($3/$6 USD) - 2016/01/30 6:36:14 ET
Table 'Cuffey' 2-max Seat #2 is the button
Seat 1: kdcl ($78.60 in chips)
Seat 2: fifaliga ($120 in chips)
fifaliga: posts small blind $1
kdcl: posts big blind $3
*** HOLE CARDS ***
fifaliga: folds
Uncalled bet ($2) returned to kdcl
kdcl collected $2 from pot
*** SUMMARY ***
Total pot $2 | Rake $0
Seat 1: kdcl (big blind) collected ($2)
Seat 2: fifaliga (button) (small blind) folded before Flop


PokerStars Hand #147923958462:  Hold'em Limit ($3/$6 USD) - 2016/01/30 6:35:53 ET
Table 'Cuffey' 2-max Seat #1 is the button
Seat 1: kdcl ($55.10 in chips)
Seat 2: fifaliga ($120 in chips)
kdcl: posts small blind $1
fifaliga: posts big blind $3
*** HOLE CARDS ***
kdcl: raises $3 to $6
fifaliga: calls $3
*** FLOP *** [Td 7c 4c]
fifaliga: checks
kdcl: bets $3
fifaliga: raises $3 to $6
kdcl: calls $3
*** TURN *** [Td 7c 4c] [4s]
fifaliga: bets $6
kdcl: raises $6 to $12
fifaliga: calls $6
*** RIVER *** [Td 7c 4c 4s] [Jh]
fifaliga: checks
kdcl: bets $6
fifaliga: folds
Uncalled bet ($6) returned to kdcl
kdcl collected $47.50 from pot
*** SUMMARY ***
Total pot $48 | Rake $0.50
Board [Td 7c 4c 4s Jh]
Seat 1: kdcl (button) (small blind) collected ($47.50)
Seat 2: fifaliga (big blind) folded on the River


PokerStars Hand #147923955504:  Hold'em Limit ($3/$6 USD) - 2016/01/30 6:35:48 ET
Table 'Cuffey' 2-max Seat #2 is the button
Seat 1: kdcl ($54.10 in chips)
Seat 2: fifaliga ($121 in chips)
fifaliga: posts small blind $1
kdcl: posts big blind $3
*** HOLE CARDS ***
fifaliga: folds
Uncalled bet ($2) returned to kdcl
kdcl collected $2 from pot
*** SUMMARY ***
Total pot $2 | Rake $0
Seat 1: kdcl (big blind) collected ($2)
Seat 2: fifaliga (button) (small blind) folded before Flop


