PokerStars Hand #147350022620:  Hold'em Limit ($3/$6 USD) - 2016/01/20 0:57:14 ET
Table 'Cuitlahuac' 2-max Seat #2 is the button
Seat 1: Rus29APX ($120 in chips)
Seat 2: vitalik1203 ($43.78 in chips)
vitalik1203: posts small blind $1
Rus29APX: posts big blind $3
*** HOLE CARDS ***
vitalik1203: raises $3 to $6
Rus29APX: calls $3
*** FLOP *** [5h Kd Qs]
Rus29APX: checks
vitalik1203: bets $3
Rus29APX: folds
Uncalled bet ($3) returned to vitalik1203
vitalik1203 collected $11.76 from pot
vitalik1203: doesn't show hand
*** SUMMARY ***
Total pot $12 | Rake $0.24
Board [5h Kd Qs]
Seat 1: Rus29APX (big blind) folded on the Flop
Seat 2: vitalik1203 (button) (small blind) collected ($11.76)


PokerStars Hand #147350047880:  Hold'em Limit ($3/$6 USD) - 2016/01/20 0:58:33 ET
Table 'Cuitlahuac' 2-max Seat #1 is the button
Seat 1: Rus29APX ($144.26 in chips)
Seat 2: vitalik1203 ($18.54 in chips)
Rus29APX: posts small blind $1
vitalik1203: posts big blind $3
*** HOLE CARDS ***
Rus29APX: folds
Uncalled bet ($2) returned to vitalik1203
vitalik1203 collected $2 from pot
vitalik1203: doesn't show hand
*** SUMMARY ***
Total pot $2 | Rake $0
Seat 1: Rus29APX (button) (small blind) folded before Flop
Seat 2: vitalik1203 (big blind) collected ($2)


PokerStars Hand #147350046343:  Hold'em Limit ($3/$6 USD) - 2016/01/20 0:58:27 ET
Table 'Cuitlahuac' 2-max Seat #2 is the button
Seat 1: Rus29APX ($147.26 in chips)
Seat 2: vitalik1203 ($15.54 in chips)
vitalik1203: posts small blind $1
Rus29APX: posts big blind $3
*** HOLE CARDS ***
vitalik1203: raises $3 to $6
Rus29APX: folds
Uncalled bet ($3) returned to vitalik1203
vitalik1203 collected $6 from pot
vitalik1203: doesn't show hand
*** SUMMARY ***
Total pot $6 | Rake $0
Seat 1: Rus29APX (big blind) folded before Flop
Seat 2: vitalik1203 (button) (small blind) collected ($6)


PokerStars Hand #147350039698:  Hold'em Limit ($3/$6 USD) - 2016/01/20 0:58:11 ET
Table 'Cuitlahuac' 2-max Seat #1 is the button
Seat 1: Rus29APX ($141.50 in chips)
Seat 2: vitalik1203 ($21.54 in chips)
Rus29APX: posts small blind $1
vitalik1203: posts big blind $3
*** HOLE CARDS ***
Rus29APX: raises $3 to $6
vitalik1203: calls $3
*** FLOP *** [Tc 4c 3c]
vitalik1203: checks
Rus29APX: bets $3
vitalik1203: folds
Uncalled bet ($3) returned to Rus29APX
Rus29APX collected $11.76 from pot
Rus29APX: doesn't show hand
*** SUMMARY ***
Total pot $12 | Rake $0.24
Board [Tc 4c 3c]
Seat 1: Rus29APX (button) (small blind) collected ($11.76)
Seat 2: vitalik1203 (big blind) folded on the Flop


PokerStars Hand #147350025807:  Hold'em Limit ($3/$6 USD) - 2016/01/20 0:57:27 ET
Table 'Cuitlahuac' 2-max Seat #1 is the button
Seat 1: Rus29APX ($114 in chips)
Seat 2: vitalik1203 ($49.54 in chips)
Rus29APX: posts small blind $1
vitalik1203: posts big blind $3
*** HOLE CARDS ***
Rus29APX: raises $3 to $6
vitalik1203: raises $3 to $9
Rus29APX: calls $3
*** FLOP *** [3s 5d 3c]
vitalik1203: bets $3
Rus29APX: raises $3 to $6
vitalik1203: calls $3
*** TURN *** [3s 5d 3c] [Kc]
vitalik1203: bets $6
Rus29APX: calls $6
*** RIVER *** [3s 5d 3c Kc] [Ad]
vitalik1203: bets $6
Rus29APX: raises $6 to $12
vitalik1203: folds
Uncalled bet ($6) returned to Rus29APX
Rus29APX collected $53.50 from pot
Rus29APX: doesn't show hand
*** SUMMARY ***
Total pot $54 | Rake $0.50
Board [3s 5d 3c Kc Ad]
Seat 1: Rus29APX (button) (small blind) collected ($53.50)
Seat 2: vitalik1203 (big blind) folded on the River


PokerStars Hand #147350055591:  Hold'em Limit ($3/$6 USD) - 2016/01/20 0:59:02 ET
Table 'Cuitlahuac' 2-max Seat #2 is the button
Seat 1: Rus29APX ($131.26 in chips)
Seat 2: vitalik1203 ($31.06 in chips)
vitalik1203: posts small blind $1
Rus29APX: posts big blind $3
*** HOLE CARDS ***
vitalik1203: raises $3 to $6
Rus29APX: calls $3
*** FLOP *** [Td 2h 8c]
Rus29APX: checks
vitalik1203: bets $3
Rus29APX: calls $3
*** TURN *** [Td 2h 8c] [3s]
Rus29APX: checks
vitalik1203: checks
*** RIVER *** [Td 2h 8c 3s] [Ks]
Rus29APX: bets $6
vitalik1203: folds
Uncalled bet ($6) returned to Rus29APX
Rus29APX collected $17.64 from pot
Rus29APX: doesn't show hand
*** SUMMARY ***
Total pot $18 | Rake $0.36
Board [Td 2h 8c 3s Ks]
Seat 1: Rus29APX (big blind) collected ($17.64)
Seat 2: vitalik1203 (button) (small blind) folded on the River


PokerStars Hand #147350052442:  Hold'em Limit ($3/$6 USD) - 2016/01/20 0:58:49 ET
Table 'Cuitlahuac' 2-max Seat #1 is the button
Seat 1: Rus29APX ($137.26 in chips)
Seat 2: vitalik1203 ($25.30 in chips)
Rus29APX: posts small blind $1
vitalik1203: posts big blind $3
*** HOLE CARDS ***
Rus29APX: raises $3 to $6
vitalik1203: calls $3
*** FLOP *** [4d Jh Jd]
vitalik1203: bets $3
Rus29APX: folds
Uncalled bet ($3) returned to vitalik1203
vitalik1203 collected $11.76 from pot
vitalik1203: doesn't show hand
*** SUMMARY ***
Total pot $12 | Rake $0.24
Board [4d Jh Jd]
Seat 1: Rus29APX (button) (small blind) folded on the Flop
Seat 2: vitalik1203 (big blind) collected ($11.76)


PokerStars Hand #147350049865:  Hold'em Limit ($3/$6 USD) - 2016/01/20 0:58:40 ET
Table 'Cuitlahuac' 2-max Seat #2 is the button
Seat 1: Rus29APX ($143.26 in chips)
Seat 2: vitalik1203 ($19.54 in chips)
vitalik1203: posts small blind $1
Rus29APX: posts big blind $3
*** HOLE CARDS ***
vitalik1203: raises $3 to $6
Rus29APX: calls $3
*** FLOP *** [Ks 4s 3h]
Rus29APX: checks
vitalik1203: bets $3
Rus29APX: folds
Uncalled bet ($3) returned to vitalik1203
vitalik1203 collected $11.76 from pot
vitalik1203: doesn't show hand
*** SUMMARY ***
Total pot $12 | Rake $0.24
Board [Ks 4s 3h]
Seat 1: Rus29APX (big blind) folded on the Flop
Seat 2: vitalik1203 (button) (small blind) collected ($11.76)


PokerStars Hand #147350061140:  Hold'em Limit ($3/$6 USD) - 2016/01/20 0:59:25 ET
Table 'Cuitlahuac' 2-max Seat #1 is the button
Seat 1: Rus29APX ($139.90 in chips)
Seat 2: vitalik1203 ($22.06 in chips)
Rus29APX: posts small blind $1
vitalik1203: posts big blind $3
*** HOLE CARDS ***
Rus29APX: raises $3 to $6
vitalik1203: calls $3
*** FLOP *** [8c Jh 8s]
vitalik1203: bets $3
Rus29APX: calls $3
*** TURN *** [8c Jh 8s] [7d]
vitalik1203: bets $6
Rus29APX: raises $6 to $12
vitalik1203: raises $1.06 to $13.06 and is all-in
Rus29APX: calls $1.06
*** RIVER *** [8c Jh 8s 7d] [8h]
*** SHOW DOWN ***
vitalik1203: shows [7h 3d] (a full house, Eights full of Sevens)
Rus29APX: shows [Ac 8d] (four of a kind, Eights)
Rus29APX collected $43.62 from pot
*** SUMMARY ***
Total pot $44.12 | Rake $0.50
Board [8c Jh 8s 7d 8h]
Seat 1: Rus29APX (button) (small blind) showed [Ac 8d] and won ($43.62) with four of a kind, Eights
Seat 2: vitalik1203 (big blind) showed [7h 3d] and lost with a full house, Eights full of Sevens


