PokerStars Hand #158865512601:  Hold'em Limit ($3/$6 USD) - 2016/09/20 14:40:48 ET
Table 'Cuitlahuac' 6-max Seat #5 is the button
Seat 1: Ag3r0n ($92.50 in chips)
Seat 5: Siwy56 ($79.67 in chips)
Siwy56: posts small blind $1
Ag3r0n: posts big blind $3
*** HOLE CARDS ***
Siwy56: calls $2
Ag3r0n: checks
*** FLOP *** [Qd 8c 9s]
Ag3r0n: checks
Siwy56: bets $3
Ag3r0n: folds
Uncalled bet ($3) returned to Siwy56
Siwy56 collected $5.88 from pot
Siwy56: doesn't show hand
*** SUMMARY ***
Total pot $6 | Rake $0.12
Board [Qd 8c 9s]
Seat 1: Ag3r0n (big blind) folded on the Flop
Seat 5: Siwy56 (button) (small blind) collected ($5.88)


PokerStars Hand #158865488854:  Hold'em Limit ($3/$6 USD) - 2016/09/20 14:40:20 ET
Table 'Cuitlahuac' 6-max Seat #1 is the button
Seat 1: Ag3r0n ($72 in chips)
Seat 5: Siwy56 ($100.67 in chips)
Ag3r0n: posts small blind $1
Siwy56: posts big blind $3
*** HOLE CARDS ***
Ag3r0n: raises $3 to $6
Siwy56: calls $3
*** FLOP *** [8c 4c Th]
Siwy56: checks
Ag3r0n: bets $3
Siwy56: calls $3
*** TURN *** [8c 4c Th] [6s]
Siwy56: checks
Ag3r0n: bets $6
Siwy56: calls $6
*** RIVER *** [8c 4c Th 6s] [Jd]
Siwy56: checks
Ag3r0n: bets $6
Siwy56: calls $6
*** SHOW DOWN ***
Ag3r0n: shows [7s Tc] (a pair of Tens)
Siwy56: mucks hand
Ag3r0n collected $41.50 from pot
*** SUMMARY ***
Total pot $42 | Rake $0.50
Board [8c 4c Th 6s Jd]
Seat 1: Ag3r0n (button) (small blind) showed [7s Tc] and won ($41.50) with a pair of Tens
Seat 5: Siwy56 (big blind) mucked


PokerStars Hand #158865574011:  Hold'em Limit ($3/$6 USD) - 2016/09/20 14:42:01 ET
Table 'Cuitlahuac' 6-max Seat #1 is the button
Seat 1: Ag3r0n ($95.01 in chips)
Seat 5: Siwy56 ($76.18 in chips)
Ag3r0n: posts small blind $1
Siwy56: posts big blind $3
*** HOLE CARDS ***
Ag3r0n: folds
Uncalled bet ($2) returned to Siwy56
Siwy56 collected $2 from pot
Siwy56: doesn't show hand
*** SUMMARY ***
Total pot $2 | Rake $0
Seat 1: Ag3r0n (button) (small blind) folded before Flop
Seat 5: Siwy56 (big blind) collected ($2)


PokerStars Hand #158865566173:  Hold'em Limit ($3/$6 USD) - 2016/09/20 14:41:52 ET
Table 'Cuitlahuac' 6-max Seat #5 is the button
Seat 1: Ag3r0n ($89.25 in chips)
Seat 5: Siwy56 ($82.18 in chips)
Siwy56: posts small blind $1
Ag3r0n: posts big blind $3
*** HOLE CARDS ***
Siwy56: calls $2
Ag3r0n: raises $3 to $6
Siwy56: calls $3
*** FLOP *** [As 6d Qh]
Ag3r0n: bets $3
Siwy56: folds
Uncalled bet ($3) returned to Ag3r0n
Ag3r0n collected $11.76 from pot
*** SUMMARY ***
Total pot $12 | Rake $0.24
Board [As 6d Qh]
Seat 1: Ag3r0n (big blind) collected ($11.76)
Seat 5: Siwy56 (button) (small blind) folded on the Flop


PokerStars Hand #158865560672:  Hold'em Limit ($3/$6 USD) - 2016/09/20 14:41:46 ET
Table 'Cuitlahuac' 6-max Seat #1 is the button
Seat 1: Ag3r0n ($86.25 in chips)
Seat 5: Siwy56 ($85.18 in chips)
Ag3r0n: posts small blind $1
Siwy56: posts big blind $3
*** HOLE CARDS ***
Ag3r0n: raises $3 to $6
Siwy56: folds
Uncalled bet ($3) returned to Ag3r0n
Ag3r0n collected $6 from pot
*** SUMMARY ***
Total pot $6 | Rake $0
Seat 1: Ag3r0n (button) (small blind) collected ($6)
Seat 5: Siwy56 (big blind) folded before Flop


PokerStars Hand #158865547325:  Hold'em Limit ($3/$6 USD) - 2016/09/20 14:41:30 ET
Table 'Cuitlahuac' 6-max Seat #5 is the button
Seat 1: Ag3r0n ($89.25 in chips)
Seat 5: Siwy56 ($82.30 in chips)
Siwy56: posts small blind $1
Ag3r0n: posts big blind $3
*** HOLE CARDS ***
Siwy56: calls $2
Ag3r0n: checks
*** FLOP *** [Ks 6c Jc]
Ag3r0n: checks
Siwy56: checks
*** TURN *** [Ks 6c Jc] [9c]
Ag3r0n: checks
Siwy56: checks
*** RIVER *** [Ks 6c Jc 9c] [9s]
Ag3r0n: checks
Siwy56: checks
*** SHOW DOWN ***
Ag3r0n: shows [3d 4s] (a pair of Nines)
Siwy56: shows [4h Ts] (a pair of Nines - King+Jack+Ten kicker)
Siwy56 collected $5.88 from pot
*** SUMMARY ***
Total pot $6 | Rake $0.12
Board [Ks 6c Jc 9c 9s]
Seat 1: Ag3r0n (big blind) showed [3d 4s] and lost with a pair of Nines
Seat 5: Siwy56 (button) (small blind) showed [4h Ts] and won ($5.88) with a pair of Nines


PokerStars Hand #158865527155:  Hold'em Limit ($3/$6 USD) - 2016/09/20 14:41:06 ET
Table 'Cuitlahuac' 6-max Seat #1 is the button
Seat 1: Ag3r0n ($89.50 in chips)
Seat 5: Siwy56 ($82.55 in chips)
Ag3r0n: posts small blind $1
Siwy56: posts big blind $3
*** HOLE CARDS ***
Ag3r0n: raises $3 to $6
Siwy56: calls $3
*** FLOP *** [6c 3d Kc]
Siwy56: bets $3
Ag3r0n: calls $3
*** TURN *** [6c 3d Kc] [5c]
Siwy56: bets $6
Ag3r0n: calls $6
*** RIVER *** [6c 3d Kc 5c] [7h]
Siwy56: bets $6
Ag3r0n: raises $6 to $12
Siwy56: raises $6 to $18
Ag3r0n: calls $6
*** SHOW DOWN ***
Siwy56: shows [4h 5d] (a straight, Three to Seven)
Ag3r0n: shows [4c 4d] (a straight, Three to Seven)
Siwy56 collected $32.75 from pot
Ag3r0n collected $32.75 from pot
*** SUMMARY ***
Total pot $66 | Rake $0.50
Board [6c 3d Kc 5c 7h]
Seat 1: Ag3r0n (button) (small blind) showed [4c 4d] and won ($32.75) with a straight, Three to Seven
Seat 5: Siwy56 (big blind) showed [4h 5d] and won ($32.75) with a straight, Three to Seven


PokerStars Hand #158865621805:  Hold'em Limit ($3/$6 USD) - 2016/09/20 14:42:58 ET
Table 'Cuitlahuac' 6-max Seat #5 is the button
Seat 1: Ag3r0n ($113.39 in chips)
Seat 5: Siwy56 ($57.18 in chips)
Siwy56: posts small blind $1
Ag3r0n: posts big blind $3
*** HOLE CARDS ***
Siwy56: raises $3 to $6
Ag3r0n: folds
Uncalled bet ($3) returned to Siwy56
Siwy56 collected $6 from pot
Siwy56: doesn't show hand
*** SUMMARY ***
Total pot $6 | Rake $0
Seat 1: Ag3r0n (big blind) folded before Flop
Seat 5: Siwy56 (button) (small blind) collected ($6)


PokerStars Hand #158865618164:  Hold'em Limit ($3/$6 USD) - 2016/09/20 14:42:54 ET
Table 'Cuitlahuac' 6-max Seat #1 is the button
Seat 1: Ag3r0n ($114.39 in chips)
Seat 5: Siwy56 ($56.18 in chips)
Ag3r0n: posts small blind $1
Siwy56: posts big blind $3
*** HOLE CARDS ***
Ag3r0n: folds
Uncalled bet ($2) returned to Siwy56
Siwy56 collected $2 from pot
Siwy56: doesn't show hand
*** SUMMARY ***
Total pot $2 | Rake $0
Seat 1: Ag3r0n (button) (small blind) folded before Flop
Seat 5: Siwy56 (big blind) collected ($2)


PokerStars Hand #158865612256:  Hold'em Limit ($3/$6 USD) - 2016/09/20 14:42:47 ET
Table 'Cuitlahuac' 6-max Seat #5 is the button
Seat 1: Ag3r0n ($117.39 in chips)
Seat 5: Siwy56 ($53.18 in chips)
Siwy56: posts small blind $1
Ag3r0n: posts big blind $3
*** HOLE CARDS ***
Siwy56: raises $3 to $6
Ag3r0n: folds
Uncalled bet ($3) returned to Siwy56
Siwy56 collected $6 from pot
Siwy56: doesn't show hand
*** SUMMARY ***
Total pot $6 | Rake $0
Seat 1: Ag3r0n (big blind) folded before Flop
Seat 5: Siwy56 (button) (small blind) collected ($6)


PokerStars Hand #158865596873:  Hold'em Limit ($3/$6 USD) - 2016/09/20 14:42:29 ET
Table 'Cuitlahuac' 6-max Seat #1 is the button
Seat 1: Ag3r0n ($96.89 in chips)
Seat 5: Siwy56 ($74.18 in chips)
Ag3r0n: posts small blind $1
Siwy56: posts big blind $3
*** HOLE CARDS ***
Ag3r0n: raises $3 to $6
Siwy56: calls $3
*** FLOP *** [6d Qd 6s]
Siwy56: bets $3
Ag3r0n: calls $3
*** TURN *** [6d Qd 6s] [9d]
Siwy56: bets $6
Ag3r0n: calls $6
*** RIVER *** [6d Qd 6s 9d] [7d]
Siwy56: bets $6
Ag3r0n: calls $6
*** SHOW DOWN ***
Siwy56: shows [7s Tc] (two pair, Sevens and Sixes)
Ag3r0n: shows [9h Qc] (two pair, Queens and Nines)
Ag3r0n collected $41.50 from pot
*** SUMMARY ***
Total pot $42 | Rake $0.50
Board [6d Qd 6s 9d 7d]
Seat 1: Ag3r0n (button) (small blind) showed [9h Qc] and won ($41.50) with two pair, Queens and Nines
Seat 5: Siwy56 (big blind) showed [7s Tc] and lost with two pair, Sevens and Sixes


PokerStars Hand #158865579551:  Hold'em Limit ($3/$6 USD) - 2016/09/20 14:42:08 ET
Table 'Cuitlahuac' 6-max Seat #5 is the button
Seat 1: Ag3r0n ($94.01 in chips)
Seat 5: Siwy56 ($77.18 in chips)
Siwy56: posts small blind $1
Ag3r0n: posts big blind $3
*** HOLE CARDS ***
Siwy56: calls $2
Ag3r0n: checks
*** FLOP *** [6s Kh Ts]
Ag3r0n: checks
Siwy56: checks
*** TURN *** [6s Kh Ts] [9s]
Ag3r0n: bets $6
Siwy56: folds
Uncalled bet ($6) returned to Ag3r0n
Ag3r0n collected $5.88 from pot
*** SUMMARY ***
Total pot $6 | Rake $0.12
Board [6s Kh Ts 9s]
Seat 1: Ag3r0n (big blind) collected ($5.88)
Seat 5: Siwy56 (button) (small blind) folded on the Turn


PokerStars Hand #158865671233:  Hold'em Limit ($3/$6 USD) - 2016/09/20 14:43:53 ET
Table 'Cuitlahuac' 6-max Seat #1 is the button
Seat 1: Ag3r0n ($91.15 in chips)
Seat 5: Siwy56 ($78.56 in chips)
Ag3r0n: posts small blind $1
Siwy56: posts big blind $3
*** HOLE CARDS ***
Ag3r0n: raises $3 to $6
Siwy56: calls $3
*** FLOP *** [Ad 9c 4d]
Siwy56: checks
Ag3r0n: bets $3
rainbow28 joins the table at seat #3
Siwy56: folds
Uncalled bet ($3) returned to Ag3r0n
Ag3r0n collected $11.76 from pot
*** SUMMARY ***
Total pot $12 | Rake $0.24
Board [Ad 9c 4d]
Seat 1: Ag3r0n (button) (small blind) collected ($11.76)
Seat 5: Siwy56 (big blind) folded on the Flop


PokerStars Hand #158865660631:  Hold'em Limit ($3/$6 USD) - 2016/09/20 14:43:41 ET
Table 'Cuitlahuac' 6-max Seat #5 is the button
Seat 1: Ag3r0n ($94.15 in chips)
Seat 5: Siwy56 ($75.68 in chips)
Siwy56: posts small blind $1
Ag3r0n: posts big blind $3
*** HOLE CARDS ***
Siwy56: calls $2
Ag3r0n: checks
*** FLOP *** [4s Jc 4h]
Ag3r0n: checks
Siwy56: bets $3
Ag3r0n: folds
Uncalled bet ($3) returned to Siwy56
Siwy56 collected $5.88 from pot
Siwy56: doesn't show hand
*** SUMMARY ***
Total pot $6 | Rake $0.12
Board [4s Jc 4h]
Seat 1: Ag3r0n (big blind) folded on the Flop
Seat 5: Siwy56 (button) (small blind) collected ($5.88)


PokerStars Hand #158865652697:  Hold'em Limit ($3/$6 USD) - 2016/09/20 14:43:35 ET
Table 'Cuitlahuac' 6-max Seat #1 is the button
Seat 1: Ag3r0n ($95.15 in chips)
Seat 5: Siwy56 ($74.68 in chips)
Ag3r0n: posts small blind $1
Siwy56: posts big blind $3
*** HOLE CARDS ***
Ag3r0n: folds
Uncalled bet ($2) returned to Siwy56
Siwy56 collected $2 from pot
Siwy56: doesn't show hand
*** SUMMARY ***
Total pot $2 | Rake $0
Seat 1: Ag3r0n (button) (small blind) folded before Flop
Seat 5: Siwy56 (big blind) collected ($2)


PokerStars Hand #158865644106:  Hold'em Limit ($3/$6 USD) - 2016/09/20 14:43:25 ET
Table 'Cuitlahuac' 6-max Seat #5 is the button
Seat 1: Ag3r0n ($89.39 in chips)
Seat 5: Siwy56 ($80.68 in chips)
Siwy56: posts small blind $1
Ag3r0n: posts big blind $3
*** HOLE CARDS ***
Siwy56: calls $2
Ag3r0n: raises $3 to $6
Siwy56: calls $3
*** FLOP *** [5h Qc Qs]
Ag3r0n: bets $3
Siwy56: folds
Uncalled bet ($3) returned to Ag3r0n
Ag3r0n collected $11.76 from pot
*** SUMMARY ***
Total pot $12 | Rake $0.24
Board [5h Qc Qs]
Seat 1: Ag3r0n (big blind) collected ($11.76)
Seat 5: Siwy56 (button) (small blind) folded on the Flop


PokerStars Hand #158865630389:  Hold'em Limit ($3/$6 USD) - 2016/09/20 14:43:08 ET
Table 'Cuitlahuac' 6-max Seat #1 is the button
Seat 1: Ag3r0n ($110.39 in chips)
Seat 5: Siwy56 ($60.18 in chips)
Ag3r0n: posts small blind $1
Siwy56: posts big blind $3
*** HOLE CARDS ***
Ag3r0n: raises $3 to $6
Siwy56: calls $3
*** FLOP *** [6d Ks Qc]
Siwy56: bets $3
Ag3r0n: calls $3
*** TURN *** [6d Ks Qc] [9h]
Siwy56: bets $6
Ag3r0n: calls $6
*** RIVER *** [6d Ks Qc 9h] [7h]
Siwy56: bets $6
Ag3r0n: calls $6
*** SHOW DOWN ***
Siwy56: shows [7d 6s] (two pair, Sevens and Sixes)
Ag3r0n: mucks hand
Siwy56 collected $41.50 from pot
*** SUMMARY ***
Total pot $42 | Rake $0.50
Board [6d Ks Qc 9h 7h]
Seat 1: Ag3r0n (button) (small blind) mucked
Seat 5: Siwy56 (big blind) showed [7d 6s] and won ($41.50) with two pair, Sevens and Sixes


PokerStars Hand #158865682450:  Hold'em Limit ($3/$6 USD) - 2016/09/20 14:44:07 ET
Table 'Cuitlahuac' 6-max Seat #5 is the button
Seat 1: Ag3r0n ($96.91 in chips)
Seat 5: Siwy56 ($72.56 in chips)
Siwy56: posts small blind $1
Ag3r0n: posts big blind $3
*** HOLE CARDS ***
Siwy56: raises $3 to $6
Ag3r0n: calls $3
*** FLOP *** [3s 7s 7c]
Ag3r0n: bets $3
Siwy56: calls $3
*** TURN *** [3s 7s 7c] [5c]
Ag3r0n: bets $6
Siwy56: calls $6
*** RIVER *** [3s 7s 7c 5c] [Ks]
Ag3r0n: checks
Siwy56: checks
*** SHOW DOWN ***
Ag3r0n: shows [2d Ad] (a pair of Sevens)
Siwy56: mucks hand
Ag3r0n collected $29.50 from pot
*** SUMMARY ***
Total pot $30 | Rake $0.50
Board [3s 7s 7c 5c Ks]
Seat 1: Ag3r0n (big blind) showed [2d Ad] and won ($29.50) with a pair of Sevens
Seat 5: Siwy56 (button) (small blind) mucked


PokerStars Hand #158865980153:  Hold'em Limit ($3/$6 USD) - 2016/09/20 14:49:59 ET
Table 'Cuitlahuac' 6-max Seat #3 is the button
Seat 1: Ag3r0n ($130.66 in chips)
Seat 3: rainbow28 ($158.07 in chips)
rainbow28: posts small blind $1
Ag3r0n: posts big blind $3
*** HOLE CARDS ***
rainbow28: raises $3 to $6
Ag3r0n: calls $3
*** FLOP *** [8d 4s 4h]
Ag3r0n: checks
rainbow28: bets $3
Ag3r0n: folds
Uncalled bet ($3) returned to rainbow28
rainbow28 collected $11.76 from pot
rainbow28: doesn't show hand
*** SUMMARY ***
Total pot $12 | Rake $0.24
Board [8d 4s 4h]
Seat 1: Ag3r0n (big blind) folded on the Flop
Seat 3: rainbow28 (button) (small blind) collected ($11.76)


PokerStars Hand #158865940416:  Hold'em Limit ($3/$6 USD) - 2016/09/20 14:49:12 ET
Table 'Cuitlahuac' 6-max Seat #3 is the button
Seat 1: Ag3r0n ($136.90 in chips)
Seat 3: rainbow28 ($152.55 in chips)
rainbow28: posts small blind $1
Zubasa07: is sitting out
Ag3r0n: posts big blind $3
*** HOLE CARDS ***
rainbow28: calls $2
Siwy56 leaves the table
Ag3r0n: raises $3 to $6
rainbow28: calls $3
*** FLOP *** [7h Td 7c]
Zubasa07 leaves the table
Ag3r0n: bets $3
rainbow28: folds
Uncalled bet ($3) returned to Ag3r0n
Ag3r0n collected $11.76 from pot
*** SUMMARY ***
Total pot $12 | Rake $0.24
Board [7h Td 7c]
Seat 1: Ag3r0n (big blind) collected ($11.76)
Seat 3: rainbow28 (button) (small blind) folded on the Flop


PokerStars Hand #158865959223:  Hold'em Limit ($3/$6 USD) - 2016/09/20 14:49:34 ET
Table 'Cuitlahuac' 6-max Seat #3 is the button
Seat 1: Ag3r0n ($145.66 in chips)
Seat 3: rainbow28 ($143.55 in chips)
rainbow28: posts small blind $1
Ag3r0n: posts big blind $3
*** HOLE CARDS ***
rainbow28: raises $3 to $6
Ag3r0n: folds
Uncalled bet ($3) returned to rainbow28
rainbow28 collected $6 from pot
rainbow28: doesn't show hand
*** SUMMARY ***
Total pot $6 | Rake $0
Seat 1: Ag3r0n (big blind) folded before Flop
Seat 3: rainbow28 (button) (small blind) collected ($6)


PokerStars Hand #158865953818:  Hold'em Limit ($3/$6 USD) - 2016/09/20 14:49:28 ET
Table 'Cuitlahuac' 6-max Seat #1 is the button
Seat 1: Ag3r0n ($142.66 in chips)
Seat 3: rainbow28 ($146.55 in chips)
Ag3r0n: posts small blind $1
rainbow28: posts big blind $3
*** HOLE CARDS ***
Ag3r0n: raises $3 to $6
rainbow28: folds
Uncalled bet ($3) returned to Ag3r0n
Ag3r0n collected $6 from pot
*** SUMMARY ***
Total pot $6 | Rake $0
Seat 1: Ag3r0n (button) (small blind) collected ($6)
Seat 3: rainbow28 (big blind) folded before Flop


PokerStars Hand #158865964294:  Hold'em Limit ($3/$6 USD) - 2016/09/20 14:49:41 ET
Table 'Cuitlahuac' 6-max Seat #1 is the button
Seat 1: Ag3r0n ($142.66 in chips)
Seat 3: rainbow28 ($146.55 in chips)
Ag3r0n: posts small blind $1
rainbow28: posts big blind $3
*** HOLE CARDS ***
Ag3r0n: raises $3 to $6
rainbow28: calls $3
*** FLOP *** [5h Qs 8h]
rainbow28: checks
Ag3r0n: bets $3
rainbow28: raises $3 to $6
Ag3r0n: calls $3
*** TURN *** [5h Qs 8h] [7s]
rainbow28: bets $6
Ag3r0n: folds
Uncalled bet ($6) returned to rainbow28
rainbow28 collected $23.52 from pot
rainbow28: doesn't show hand
*** SUMMARY ***
Total pot $24 | Rake $0.48
Board [5h Qs 8h 7s]
Seat 1: Ag3r0n (button) (small blind) folded on the Turn
Seat 3: rainbow28 (big blind) collected ($23.52)


PokerStars Hand #158865990854:  Hold'em Limit ($3/$6 USD) - 2016/09/20 14:50:12 ET
Table 'Cuitlahuac' 6-max Seat #1 is the button
Seat 1: Ag3r0n ($124.66 in chips)
Seat 3: rainbow28 ($163.83 in chips)
Ag3r0n: posts small blind $1
rainbow28: posts big blind $3
*** HOLE CARDS ***
Ag3r0n: raises $3 to $6
rainbow28: raises $3 to $9
Ag3r0n: raises $3 to $12
Betting is capped
rainbow28: calls $3
*** FLOP *** [2d 4s 5d]
rainbow28: checks
Ag3r0n: checks
*** TURN *** [2d 4s 5d] [6c]
rainbow28: checks
Ag3r0n: checks
*** RIVER *** [2d 4s 5d 6c] [Jc]
rainbow28: checks
Ag3r0n: checks
*** SHOW DOWN ***
rainbow28: shows [As Tc] (high card Ace)
Ag3r0n: mucks hand
rainbow28 collected $23.52 from pot
*** SUMMARY ***
Total pot $24 | Rake $0.48
Board [2d 4s 5d 6c Jc]
Seat 1: Ag3r0n (button) (small blind) mucked
Seat 3: rainbow28 (big blind) showed [As Tc] and won ($23.52) with high card Ace


PokerStars Hand #158866006585:  Hold'em Limit ($3/$6 USD) - 2016/09/20 14:50:31 ET
Table 'Cuitlahuac' 6-max Seat #3 is the button
Seat 1: Ag3r0n ($112.66 in chips)
Seat 3: rainbow28 ($175.35 in chips)
rainbow28: posts small blind $1
Ag3r0n: posts big blind $3
*** HOLE CARDS ***
rainbow28: raises $3 to $6
Ag3r0n: calls $3
*** FLOP *** [4d 2d Qc]
Ag3r0n: checks
rainbow28: bets $3
Ag3r0n: folds
Uncalled bet ($3) returned to rainbow28
rainbow28 collected $11.76 from pot
rainbow28: doesn't show hand
*** SUMMARY ***
Total pot $12 | Rake $0.24
Board [4d 2d Qc]
Seat 1: Ag3r0n (big blind) folded on the Flop
Seat 3: rainbow28 (button) (small blind) collected ($11.76)


PokerStars Hand #158866015331:  Hold'em Limit ($3/$6 USD) - 2016/09/20 14:50:41 ET
Table 'Cuitlahuac' 6-max Seat #1 is the button
Seat 1: Ag3r0n ($106.66 in chips)
Seat 3: rainbow28 ($181.11 in chips)
Ag3r0n: posts small blind $1
rainbow28: posts big blind $3
*** HOLE CARDS ***
Ag3r0n: raises $3 to $6
rainbow28: folds
Uncalled bet ($3) returned to Ag3r0n
Ag3r0n collected $6 from pot
*** SUMMARY ***
Total pot $6 | Rake $0
Seat 1: Ag3r0n (button) (small blind) collected ($6)
Seat 3: rainbow28 (big blind) folded before Flop


PokerStars Hand #158866020381:  Hold'em Limit ($3/$6 USD) - 2016/09/20 14:50:47 ET
Table 'Cuitlahuac' 6-max Seat #3 is the button
Seat 1: Ag3r0n ($109.66 in chips)
Seat 3: rainbow28 ($178.11 in chips)
rainbow28: posts small blind $1
Ag3r0n: posts big blind $3
*** HOLE CARDS ***
rainbow28: raises $3 to $6
Ag3r0n: calls $3
*** FLOP *** [7s 5s 7h]
Ag3r0n: checks
rainbow28: bets $3
Ag3r0n: calls $3
*** TURN *** [7s 5s 7h] [2d]
Ag3r0n: checks
rainbow28: bets $6
Ag3r0n: calls $6
*** RIVER *** [7s 5s 7h 2d] [8d]
Ag3r0n: checks
rainbow28: bets $6
Ag3r0n: calls $6
*** SHOW DOWN ***
rainbow28: shows [Ah Kd] (a pair of Sevens)
Ag3r0n: shows [Ac 2h] (two pair, Sevens and Deuces)
Ag3r0n collected $41.50 from pot
*** SUMMARY ***
Total pot $42 | Rake $0.50
Board [7s 5s 7h 2d 8d]
Seat 1: Ag3r0n (big blind) showed [Ac 2h] and won ($41.50) with two pair, Sevens and Deuces
Seat 3: rainbow28 (button) (small blind) showed [Ah Kd] and lost with a pair of Sevens


PokerStars Hand #158866039995:  Hold'em Limit ($3/$6 USD) - 2016/09/20 14:51:10 ET
Table 'Cuitlahuac' 6-max Seat #1 is the button
Seat 1: Ag3r0n ($130.16 in chips)
Seat 3: rainbow28 ($157.11 in chips)
Ag3r0n: posts small blind $1
rainbow28: posts big blind $3
*** HOLE CARDS ***
Ag3r0n: raises $3 to $6
rainbow28: folds
Uncalled bet ($3) returned to Ag3r0n
Ag3r0n collected $6 from pot
*** SUMMARY ***
Total pot $6 | Rake $0
Seat 1: Ag3r0n (button) (small blind) collected ($6)
Seat 3: rainbow28 (big blind) folded before Flop


PokerStars Hand #158866045042:  Hold'em Limit ($3/$6 USD) - 2016/09/20 14:51:16 ET
Table 'Cuitlahuac' 6-max Seat #3 is the button
Seat 1: Ag3r0n ($133.16 in chips)
Seat 3: rainbow28 ($154.11 in chips)
rainbow28: posts small blind $1
Ag3r0n: posts big blind $3
*** HOLE CARDS ***
rainbow28: calls $2
Ag3r0n: checks
*** FLOP *** [9d 9h Th]
Ag3r0n: bets $3
rainbow28: folds
Uncalled bet ($3) returned to Ag3r0n
Ag3r0n collected $5.88 from pot
*** SUMMARY ***
Total pot $6 | Rake $0.12
Board [9d 9h Th]
Seat 1: Ag3r0n (big blind) collected ($5.88)
Seat 3: rainbow28 (button) (small blind) folded on the Flop


PokerStars Hand #158866053784:  Hold'em Limit ($3/$6 USD) - 2016/09/20 14:51:26 ET
Table 'Cuitlahuac' 6-max Seat #1 is the button
Seat 1: Ag3r0n ($136.04 in chips)
Seat 3: rainbow28 ($151.11 in chips)
Ag3r0n: posts small blind $1
rainbow28: posts big blind $3
*** HOLE CARDS ***
Ag3r0n: raises $3 to $6
rainbow28: calls $3
*** FLOP *** [Kd 2c Ah]
rainbow28: bets $3
Ag3r0n: raises $3 to $6
rainbow28: calls $3
*** TURN *** [Kd 2c Ah] [Kh]
rainbow28: checks
Ag3r0n: checks
*** RIVER *** [Kd 2c Ah Kh] [Qh]
rainbow28: bets $6
Ag3r0n: folds
Uncalled bet ($6) returned to rainbow28
rainbow28 collected $23.52 from pot
rainbow28: doesn't show hand
*** SUMMARY ***
Total pot $24 | Rake $0.48
Board [Kd 2c Ah Kh Qh]
Seat 1: Ag3r0n (button) (small blind) folded on the River
Seat 3: rainbow28 (big blind) collected ($23.52)


PokerStars Hand #158866070001:  Hold'em Limit ($3/$6 USD) - 2016/09/20 14:51:45 ET
Table 'Cuitlahuac' 6-max Seat #3 is the button
Seat 1: Ag3r0n ($124.04 in chips)
Seat 3: rainbow28 ($162.63 in chips)
rainbow28: posts small blind $1
Ag3r0n: posts big blind $3
*** HOLE CARDS ***
rainbow28: calls $2
Ag3r0n: checks
*** FLOP *** [9c 9d 4s]
Ag3r0n: bets $3
rainbow28: raises $3 to $6
Ag3r0n: raises $3 to $9
rainbow28: calls $3
*** TURN *** [9c 9d 4s] [Th]
Ag3r0n: bets $6
rainbow28: folds
Uncalled bet ($6) returned to Ag3r0n
Ag3r0n collected $23.52 from pot
*** SUMMARY ***
Total pot $24 | Rake $0.48
Board [9c 9d 4s Th]
Seat 1: Ag3r0n (big blind) collected ($23.52)
Seat 3: rainbow28 (button) (small blind) folded on the Turn


PokerStars Hand #158866084719:  Hold'em Limit ($3/$6 USD) - 2016/09/20 14:52:03 ET
Table 'Cuitlahuac' 6-max Seat #1 is the button
Seat 1: Ag3r0n ($135.56 in chips)
Seat 3: rainbow28 ($150.63 in chips)
Ag3r0n: posts small blind $1
rainbow28: posts big blind $3
*** HOLE CARDS ***
Ag3r0n: raises $3 to $6
rainbow28: calls $3
*** FLOP *** [Jh 8s 8h]
rainbow28: checks
Ag3r0n: bets $3
rainbow28: calls $3
*** TURN *** [Jh 8s 8h] [4c]
rainbow28: checks
Ag3r0n: checks
*** RIVER *** [Jh 8s 8h 4c] [Jd]
rainbow28: bets $6
Ag3r0n: calls $6
*** SHOW DOWN ***
rainbow28: shows [9h Kh] (two pair, Jacks and Eights)
Ag3r0n: shows [As 9d] (two pair, Jacks and Eights - Ace kicker)
Ag3r0n collected $29.50 from pot
*** SUMMARY ***
Total pot $30 | Rake $0.50
Board [Jh 8s 8h 4c Jd]
Seat 1: Ag3r0n (button) (small blind) showed [As 9d] and won ($29.50) with two pair, Jacks and Eights
Seat 3: rainbow28 (big blind) showed [9h Kh] and lost with two pair, Jacks and Eights


PokerStars Hand #158866101655:  Hold'em Limit ($3/$6 USD) - 2016/09/20 14:52:23 ET
Table 'Cuitlahuac' 6-max Seat #3 is the button
Seat 1: Ag3r0n ($150.06 in chips)
Seat 3: rainbow28 ($135.63 in chips)
rainbow28: posts small blind $1
Ag3r0n: posts big blind $3
*** HOLE CARDS ***
rainbow28: folds
Uncalled bet ($2) returned to Ag3r0n
Ag3r0n collected $2 from pot
*** SUMMARY ***
Total pot $2 | Rake $0
Seat 1: Ag3r0n (big blind) collected ($2)
Seat 3: rainbow28 (button) (small blind) folded before Flop


PokerStars Hand #158866105742:  Hold'em Limit ($3/$6 USD) - 2016/09/20 14:52:27 ET
Table 'Cuitlahuac' 6-max Seat #1 is the button
Seat 1: Ag3r0n ($151.06 in chips)
Seat 3: rainbow28 ($134.63 in chips)
Ag3r0n: posts small blind $1
rainbow28: posts big blind $3
*** HOLE CARDS ***
Ag3r0n: raises $3 to $6
rainbow28: raises $3 to $9
Ag3r0n: calls $3
*** FLOP *** [Kh 7h 3h]
rainbow28: bets $3
Ag3r0n: folds
Uncalled bet ($3) returned to rainbow28
rainbow28 collected $17.64 from pot
rainbow28: doesn't show hand
*** SUMMARY ***
Total pot $18 | Rake $0.36
Board [Kh 7h 3h]
Seat 1: Ag3r0n (button) (small blind) folded on the Flop
Seat 3: rainbow28 (big blind) collected ($17.64)


PokerStars Hand #158866120628:  Hold'em Limit ($3/$6 USD) - 2016/09/20 14:52:45 ET
Table 'Cuitlahuac' 6-max Seat #3 is the button
Seat 1: Ag3r0n ($142.06 in chips)
Seat 3: rainbow28 ($143.27 in chips)
rainbow28: posts small blind $1
Ag3r0n: posts big blind $3
*** HOLE CARDS ***
rainbow28: calls $2
Ag3r0n: raises $3 to $6
rainbow28: calls $3
*** FLOP *** [8h Jc Kd]
Ag3r0n: bets $3
rainbow28: calls $3
*** TURN *** [8h Jc Kd] [Qd]
Ag3r0n: checks
rainbow28: checks
*** RIVER *** [8h Jc Kd Qd] [2c]
Ag3r0n: checks
rainbow28: checks
*** SHOW DOWN ***
Ag3r0n: shows [9c Ad] (high card Ace)
rainbow28: shows [Js Ts] (a pair of Jacks)
rainbow28 collected $17.64 from pot
*** SUMMARY ***
Total pot $18 | Rake $0.36
Board [8h Jc Kd Qd 2c]
Seat 1: Ag3r0n (big blind) showed [9c Ad] and lost with high card Ace
Seat 3: rainbow28 (button) (small blind) showed [Js Ts] and won ($17.64) with a pair of Jacks


PokerStars Hand #158866155661:  Hold'em Limit ($3/$6 USD) - 2016/09/20 14:53:26 ET
Table 'Cuitlahuac' 6-max Seat #3 is the button
Seat 1: Ag3r0n ($141.70 in chips)
Seat 3: rainbow28 ($142.91 in chips)
rainbow28: posts small blind $1
Ag3r0n: posts big blind $3
*** HOLE CARDS ***
rainbow28: raises $3 to $6
Ag3r0n: folds
Uncalled bet ($3) returned to rainbow28
rainbow28 collected $6 from pot
rainbow28: doesn't show hand
*** SUMMARY ***
Total pot $6 | Rake $0
Seat 1: Ag3r0n (big blind) folded before Flop
Seat 3: rainbow28 (button) (small blind) collected ($6)


PokerStars Hand #158866137388:  Hold'em Limit ($3/$6 USD) - 2016/09/20 14:53:04 ET
Table 'Cuitlahuac' 6-max Seat #1 is the button
Seat 1: Ag3r0n ($133.06 in chips)
Seat 3: rainbow28 ($151.91 in chips)
Ag3r0n: posts small blind $1
rainbow28: posts big blind $3
*** HOLE CARDS ***
Ag3r0n: raises $3 to $6
rainbow28: calls $3
*** FLOP *** [2h 6c 3s]
rainbow28: checks
Ag3r0n: bets $3
rainbow28: calls $3
*** TURN *** [2h 6c 3s] [8s]
rainbow28: checks
Ag3r0n: bets $6
rainbow28: folds
Uncalled bet ($6) returned to Ag3r0n
Ag3r0n collected $17.64 from pot
*** SUMMARY ***
Total pot $18 | Rake $0.36
Board [2h 6c 3s 8s]
Seat 1: Ag3r0n (button) (small blind) collected ($17.64)
Seat 3: rainbow28 (big blind) folded on the Turn


PokerStars Hand #158866160481:  Hold'em Limit ($3/$6 USD) - 2016/09/20 14:53:32 ET
Table 'Cuitlahuac' 6-max Seat #1 is the button
Seat 1: Ag3r0n ($138.70 in chips)
Seat 3: rainbow28 ($145.91 in chips)
Ag3r0n: posts small blind $1
rainbow28: posts big blind $3
*** HOLE CARDS ***
Ag3r0n: raises $3 to $6
rainbow28: calls $3
*** FLOP *** [7d Ad 8s]
rainbow28: bets $3
Ag3r0n: folds
Uncalled bet ($3) returned to rainbow28
rainbow28 collected $11.76 from pot
rainbow28: doesn't show hand
*** SUMMARY ***
Total pot $12 | Rake $0.24
Board [7d Ad 8s]
Seat 1: Ag3r0n (button) (small blind) folded on the Flop
Seat 3: rainbow28 (big blind) collected ($11.76)


PokerStars Hand #158866170065:  Hold'em Limit ($3/$6 USD) - 2016/09/20 14:53:43 ET
Table 'Cuitlahuac' 6-max Seat #3 is the button
Seat 1: Ag3r0n ($132.70 in chips)
Seat 3: rainbow28 ($151.67 in chips)
rainbow28: posts small blind $1
Ag3r0n: posts big blind $3
*** HOLE CARDS ***
rainbow28: folds
Uncalled bet ($2) returned to Ag3r0n
Ag3r0n collected $2 from pot
*** SUMMARY ***
Total pot $2 | Rake $0
Seat 1: Ag3r0n (big blind) collected ($2)
Seat 3: rainbow28 (button) (small blind) folded before Flop


PokerStars Hand #158866173967:  Hold'em Limit ($3/$6 USD) - 2016/09/20 14:53:47 ET
Table 'Cuitlahuac' 6-max Seat #1 is the button
Seat 1: Ag3r0n ($133.70 in chips)
Seat 3: rainbow28 ($150.67 in chips)
Ag3r0n: posts small blind $1
rainbow28: posts big blind $3
*** HOLE CARDS ***
Ag3r0n: raises $3 to $6
rainbow28: calls $3
*** FLOP *** [4s 7c Ac]
rainbow28: checks
Ag3r0n: bets $3
rainbow28: folds
Uncalled bet ($3) returned to Ag3r0n
Ag3r0n collected $11.76 from pot
*** SUMMARY ***
Total pot $12 | Rake $0.24
Board [4s 7c Ac]
Seat 1: Ag3r0n (button) (small blind) collected ($11.76)
Seat 3: rainbow28 (big blind) folded on the Flop


PokerStars Hand #158866191951:  Hold'em Limit ($3/$6 USD) - 2016/09/20 14:54:08 ET
Table 'Cuitlahuac' 6-max Seat #1 is the button
Seat 1: Ag3r0n ($140.46 in chips)
Seat 3: rainbow28 ($143.67 in chips)
Ag3r0n: posts small blind $1
rainbow28: posts big blind $3
*** HOLE CARDS ***
Ag3r0n: raises $3 to $6
rainbow28: folds
Uncalled bet ($3) returned to Ag3r0n
Ag3r0n collected $6 from pot
*** SUMMARY ***
Total pot $6 | Rake $0
Seat 1: Ag3r0n (button) (small blind) collected ($6)
Seat 3: rainbow28 (big blind) folded before Flop


PokerStars Hand #158866187695:  Hold'em Limit ($3/$6 USD) - 2016/09/20 14:54:04 ET
Table 'Cuitlahuac' 6-max Seat #3 is the button
Seat 1: Ag3r0n ($139.46 in chips)
Seat 3: rainbow28 ($144.67 in chips)
rainbow28: posts small blind $1
Ag3r0n: posts big blind $3
*** HOLE CARDS ***
Apanage joins the table at seat #4
rainbow28: folds
Uncalled bet ($2) returned to Ag3r0n
Ag3r0n collected $2 from pot
*** SUMMARY ***
Total pot $2 | Rake $0
Seat 1: Ag3r0n (big blind) collected ($2)
Seat 3: rainbow28 (button) (small blind) folded before Flop


PokerStars Hand #158871329654:  Hold'em Limit ($3/$6 USD) - 2016/09/20 16:34:19 ET
Table 'Cuitlahuac' 6-max Seat #1 is the button
Seat 1: Hi Im Alexey ($181.61 in chips)
Seat 3: Principesa ($68.74 in chips)
Hi Im Alexey: posts small blind $1
Principesa: posts big blind $3
*** HOLE CARDS ***
Hi Im Alexey: raises $3 to $6
Principesa: folds
Uncalled bet ($3) returned to Hi Im Alexey
Hi Im Alexey collected $6 from pot
*** SUMMARY ***
Total pot $6 | Rake $0
Seat 1: Hi Im Alexey (button) (small blind) collected ($6)
Seat 3: Principesa (big blind) folded before Flop


PokerStars Hand #158871291108:  Hold'em Limit ($3/$6 USD) - 2016/09/20 16:33:33 ET
Table 'Cuitlahuac' 6-max Seat #3 is the button
Seat 1: Hi Im Alexey ($146.11 in chips)
Seat 3: Principesa ($104.74 in chips)
Principesa: posts small blind $1
Hi Im Alexey: posts big blind $3
*** HOLE CARDS ***
Principesa: raises $3 to $6
Hi Im Alexey: raises $3 to $9
Principesa: calls $3
*** FLOP *** [3h 4d 8h]
Hi Im Alexey: bets $3
Principesa: calls $3
*** TURN *** [3h 4d 8h] [8c]
Hi Im Alexey: bets $6
Principesa: calls $6
*** RIVER *** [3h 4d 8h 8c] [5d]
Hi Im Alexey: bets $6
Principesa: raises $6 to $12
Hi Im Alexey: raises $6 to $18
Principesa: calls $6
*** SHOW DOWN ***
Hi Im Alexey: shows [6h 7h] (a straight, Four to Eight)
Principesa: mucks hand
Hi Im Alexey collected $71.50 from pot
*** SUMMARY ***
Total pot $72 | Rake $0.50
Board [3h 4d 8h 8c 5d]
Seat 1: Hi Im Alexey (big blind) showed [6h 7h] and won ($71.50) with a straight, Four to Eight
Seat 3: Principesa (button) (small blind) mucked


PokerStars Hand #158871275918:  Hold'em Limit ($3/$6 USD) - 2016/09/20 16:33:15 ET
Table 'Cuitlahuac' 6-max Seat #1 is the button
Seat 1: Hi Im Alexey ($155.11 in chips)
Seat 3: Principesa ($96.10 in chips)
Hi Im Alexey: posts small blind $1
Principesa: posts big blind $3
*** HOLE CARDS ***
Hi Im Alexey: raises $3 to $6
Principesa: raises $3 to $9
Hi Im Alexey: calls $3
*** FLOP *** [6c 2h 9d]
Principesa: bets $3
Hi Im Alexey: folds
Uncalled bet ($3) returned to Principesa
Principesa collected $17.64 from pot
Principesa: doesn't show hand
*** SUMMARY ***
Total pot $18 | Rake $0.36
Board [6c 2h 9d]
Seat 1: Hi Im Alexey (button) (small blind) folded on the Flop
Seat 3: Principesa (big blind) collected ($17.64)


PokerStars Hand #158871336543:  Hold'em Limit ($3/$6 USD) - 2016/09/20 16:34:27 ET
Table 'Cuitlahuac' 6-max Seat #3 is the button
Seat 1: Hi Im Alexey ($184.61 in chips)
Seat 3: Principesa ($65.74 in chips)
Principesa: posts small blind $1
Hi Im Alexey: posts big blind $3
*** HOLE CARDS ***
Principesa: raises $3 to $6
Hi Im Alexey: raises $3 to $9
Principesa: calls $3
*** FLOP *** [9d Th 2c]
Hi Im Alexey: bets $3
Principesa: calls $3
*** TURN *** [9d Th 2c] [Kh]
Hi Im Alexey: checks
Principesa: checks
*** RIVER *** [9d Th 2c Kh] [Td]
Hi Im Alexey: checks
Principesa: checks
*** SHOW DOWN ***
Hi Im Alexey: shows [As 5s] (a pair of Tens)
Principesa: mucks hand
Hi Im Alexey collected $23.52 from pot
*** SUMMARY ***
Total pot $24 | Rake $0.48
Board [9d Th 2c Kh Td]
Seat 1: Hi Im Alexey (big blind) showed [As 5s] and won ($23.52) with a pair of Tens
Seat 3: Principesa (button) (small blind) mucked


PokerStars Hand #158871418448:  Hold'em Limit ($3/$6 USD) - 2016/09/20 16:36:05 ET
Table 'Cuitlahuac' 6-max Seat #1 is the button
Seat 1: Hi Im Alexey ($204.63 in chips)
Seat 3: Principesa ($44.24 in chips)
Hi Im Alexey: posts small blind $1
Principesa: posts big blind $3
*** HOLE CARDS ***
Hi Im Alexey: raises $3 to $6
Principesa: folds
Uncalled bet ($3) returned to Hi Im Alexey
Hi Im Alexey collected $6 from pot
*** SUMMARY ***
Total pot $6 | Rake $0
Seat 1: Hi Im Alexey (button) (small blind) collected ($6)
Seat 3: Principesa (big blind) folded before Flop


PokerStars Hand #158871392677:  Hold'em Limit ($3/$6 USD) - 2016/09/20 16:35:34 ET
Table 'Cuitlahuac' 6-max Seat #3 is the button
Seat 1: Hi Im Alexey ($172.13 in chips)
Seat 3: Principesa ($77.24 in chips)
Principesa: posts small blind $1
Hi Im Alexey: posts big blind $3
*** HOLE CARDS ***
Principesa: raises $3 to $6
Hi Im Alexey: raises $3 to $9
Principesa: raises $3 to $12
Betting is capped
Hi Im Alexey: calls $3
*** FLOP *** [Ad 7h Ts]
Hi Im Alexey: bets $3
Principesa: raises $3 to $6
Hi Im Alexey: raises $3 to $9
Principesa: calls $3
*** TURN *** [Ad 7h Ts] [Jh]
Hi Im Alexey: bets $6
Principesa: calls $6
*** RIVER *** [Ad 7h Ts Jh] [3d]
Hi Im Alexey: bets $6
Principesa: calls $6
*** SHOW DOWN ***
Hi Im Alexey: shows [Ac 8c] (a pair of Aces)
Principesa: mucks hand
Hi Im Alexey collected $65.50 from pot
*** SUMMARY ***
Total pot $66 | Rake $0.50
Board [Ad 7h Ts Jh 3d]
Seat 1: Hi Im Alexey (big blind) showed [Ac 8c] and won ($65.50) with a pair of Aces
Seat 3: Principesa (button) (small blind) mucked


PokerStars Hand #158871365514:  Hold'em Limit ($3/$6 USD) - 2016/09/20 16:35:02 ET
Table 'Cuitlahuac' 6-max Seat #1 is the button
Seat 1: Hi Im Alexey ($196.13 in chips)
Seat 3: Principesa ($53.74 in chips)
Hi Im Alexey: posts small blind $1
Principesa: posts big blind $3
*** HOLE CARDS ***
Hi Im Alexey: raises $3 to $6
Principesa: raises $3 to $9
Hi Im Alexey: calls $3
*** FLOP *** [4s Td 4h]
Principesa: bets $3
Hi Im Alexey: calls $3
*** TURN *** [4s Td 4h] [Kh]
Principesa: bets $6
Hi Im Alexey: calls $6
*** RIVER *** [4s Td 4h Kh] [As]
Principesa: bets $6
Hi Im Alexey: calls $6
*** SHOW DOWN ***
Principesa: shows [Kc Ad] (two pair, Aces and Kings)
Hi Im Alexey: mucks hand
Principesa collected $47.50 from pot
*** SUMMARY ***
Total pot $48 | Rake $0.50
Board [4s Td 4h Kh As]
Seat 1: Hi Im Alexey (button) (small blind) mucked
Seat 3: Principesa (big blind) showed [Kc Ad] and won ($47.50) with two pair, Aces and Kings


PokerStars Hand #158871426168:  Hold'em Limit ($3/$6 USD) - 2016/09/20 16:36:14 ET
Table 'Cuitlahuac' 6-max Seat #3 is the button
Seat 1: Hi Im Alexey ($207.63 in chips)
Seat 3: Principesa ($41.24 in chips)
Principesa: posts small blind $1
Hi Im Alexey: posts big blind $3
*** HOLE CARDS ***
Principesa: raises $3 to $6
kurt183 joins the table at seat #4
Hi Im Alexey: calls $3
*** FLOP *** [Ts 6h 6c]
Alnikon joins the table at seat #2
Hi Im Alexey: checks
Principesa: bets $3
Hi Im Alexey: calls $3
*** TURN *** [Ts 6h 6c] [Js]
Hi Im Alexey: checks
Principesa: bets $6
Hi Im Alexey: calls $6
*** RIVER *** [Ts 6h 6c Js] [8c]
Hi Im Alexey: checks
Principesa: bets $6
Hi Im Alexey: calls $6
*** SHOW DOWN ***
Principesa: shows [Jh Kc] (two pair, Jacks and Sixes)
Hi Im Alexey: mucks hand
Principesa collected $41.50 from pot
*** SUMMARY ***
Total pot $42 | Rake $0.50
Board [Ts 6h 6c Js 8c]
Seat 1: Hi Im Alexey (big blind) mucked
Seat 3: Principesa (button) (small blind) showed [Jh Kc] and won ($41.50) with two pair, Jacks and Sixes


PokerStars Hand #158878316235:  Hold'em Limit ($3/$6 USD) - 2016/09/20 19:10:51 ET
Table 'Cuitlahuac' 6-max Seat #5 is the button
Seat 3: RaisemyNut$ ($312.09 in chips)
Seat 5: Hannibal2211 ($119.61 in chips)
Hannibal2211: posts small blind $1
ToDaFelt: is sitting out
RaisemyNut$: posts big blind $3
*** HOLE CARDS ***
ToDaFelt leaves the table
Hannibal2211: raises $3 to $6
RaisemyNut$: calls $3
*** FLOP *** [2d Ad 3s]
my genitals leaves the table
RaisemyNut$: bets $3
Hannibal2211: calls $3
*** TURN *** [2d Ad 3s] [Jh]
RaisemyNut$: bets $6
Hannibal2211: folds
Uncalled bet ($6) returned to RaisemyNut$
RaisemyNut$ collected $17.64 from pot
RaisemyNut$: doesn't show hand
*** SUMMARY ***
Total pot $18 | Rake $0.36
Board [2d Ad 3s Jh]
Seat 3: RaisemyNut$ (big blind) collected ($17.64)
Seat 5: Hannibal2211 (button) (small blind) folded on the Turn


PokerStars Hand #158878344303:  Hold'em Limit ($3/$6 USD) - 2016/09/20 19:11:38 ET
Table 'Cuitlahuac' 6-max Seat #3 is the button
Seat 3: RaisemyNut$ ($324.73 in chips)
Seat 5: Hannibal2211 ($106.61 in chips)
RaisemyNut$: posts small blind $1
Hannibal2211: posts big blind $3
*** HOLE CARDS ***
RaisemyNut$: folds
Uncalled bet ($2) returned to Hannibal2211
Hannibal2211 collected $2 from pot
*** SUMMARY ***
Total pot $2 | Rake $0
Seat 3: RaisemyNut$ (button) (small blind) folded before Flop
Seat 5: Hannibal2211 (big blind) collected ($2)


PokerStars Hand #158878340146:  Hold'em Limit ($3/$6 USD) - 2016/09/20 19:11:31 ET
Table 'Cuitlahuac' 6-max Seat #5 is the button
Seat 3: RaisemyNut$ ($323.73 in chips)
Seat 5: Hannibal2211 ($107.61 in chips)
Hannibal2211: posts small blind $1
RaisemyNut$: posts big blind $3
*** HOLE CARDS ***
Hannibal2211: folds
Uncalled bet ($2) returned to RaisemyNut$
RaisemyNut$ collected $2 from pot
RaisemyNut$: doesn't show hand
*** SUMMARY ***
Total pot $2 | Rake $0
Seat 3: RaisemyNut$ (big blind) collected ($2)
Seat 5: Hannibal2211 (button) (small blind) folded before Flop


PokerStars Hand #158878332929:  Hold'em Limit ($3/$6 USD) - 2016/09/20 19:11:19 ET
Table 'Cuitlahuac' 6-max Seat #3 is the button
Seat 3: RaisemyNut$ ($320.73 in chips)
Seat 5: Hannibal2211 ($110.61 in chips)
RaisemyNut$: posts small blind $1
Hannibal2211: posts big blind $3
*** HOLE CARDS ***
RaisemyNut$: raises $3 to $6
Hannibal2211: folds
Uncalled bet ($3) returned to RaisemyNut$
RaisemyNut$ collected $6 from pot
RaisemyNut$: doesn't show hand
*** SUMMARY ***
Total pot $6 | Rake $0
Seat 3: RaisemyNut$ (button) (small blind) collected ($6)
Seat 5: Hannibal2211 (big blind) folded before Flop


PokerStars Hand #158878371713:  Hold'em Limit ($3/$6 USD) - 2016/09/20 19:12:24 ET
Table 'Cuitlahuac' 6-max Seat #3 is the button
Seat 3: RaisemyNut$ ($347.23 in chips)
Seat 5: Hannibal2211 ($83.61 in chips)
RaisemyNut$: posts small blind $1
Hannibal2211: posts big blind $3
*** HOLE CARDS ***
RaisemyNut$: folds
Uncalled bet ($2) returned to Hannibal2211
Hannibal2211 collected $2 from pot
*** SUMMARY ***
Total pot $2 | Rake $0
Seat 3: RaisemyNut$ (button) (small blind) folded before Flop
Seat 5: Hannibal2211 (big blind) collected ($2)


PokerStars Hand #158878350499:  Hold'em Limit ($3/$6 USD) - 2016/09/20 19:11:49 ET
Table 'Cuitlahuac' 6-max Seat #5 is the button
Seat 3: RaisemyNut$ ($323.73 in chips)
Seat 5: Hannibal2211 ($107.61 in chips)
Hannibal2211: posts small blind $1
RaisemyNut$: posts big blind $3
*** HOLE CARDS ***
Hannibal2211: raises $3 to $6
RaisemyNut$: raises $3 to $9
Hannibal2211: calls $3
*** FLOP *** [Td Js 3d]
RaisemyNut$: bets $3
Hannibal2211: calls $3
*** TURN *** [Td Js 3d] [Jh]
RaisemyNut$: bets $6
Hannibal2211: calls $6
*** RIVER *** [Td Js 3d Jh] [4h]
RaisemyNut$: bets $6
Hannibal2211: calls $6
*** SHOW DOWN ***
RaisemyNut$: shows [Jc Qs] (three of a kind, Jacks)
Hannibal2211: mucks hand
RaisemyNut$ collected $47.50 from pot
*** SUMMARY ***
Total pot $48 | Rake $0.50
Board [Td Js 3d Jh 4h]
Seat 3: RaisemyNut$ (big blind) showed [Jc Qs] and won ($47.50) with three of a kind, Jacks
Seat 5: Hannibal2211 (button) (small blind) mucked


PokerStars Hand #158878376631:  Hold'em Limit ($3/$6 USD) - 2016/09/20 19:12:32 ET
Table 'Cuitlahuac' 6-max Seat #5 is the button
Seat 3: RaisemyNut$ ($346.23 in chips)
Seat 5: Hannibal2211 ($84.61 in chips)
Hannibal2211: posts small blind $1
RaisemyNut$: posts big blind $3
*** HOLE CARDS ***
Hannibal2211: raises $3 to $6
RaisemyNut$: calls $3
*** FLOP *** [3c Js 6s]
RaisemyNut$: checks
Hannibal2211: checks
*** TURN *** [3c Js 6s] [2c]
RaisemyNut$: bets $6
Hannibal2211: folds
Uncalled bet ($6) returned to RaisemyNut$
RaisemyNut$ collected $11.76 from pot
RaisemyNut$: doesn't show hand
*** SUMMARY ***
Total pot $12 | Rake $0.24
Board [3c Js 6s 2c]
Seat 3: RaisemyNut$ (big blind) collected ($11.76)
Seat 5: Hannibal2211 (button) (small blind) folded on the Turn


