PokerStars Hand #157689885134:  Hold'em Limit ($3/$6 USD) - 2016/08/24 15:18:49 ET
Table 'Cuitlahuac II' 6-max Seat #2 is the button
Seat 2: Hannibal2211 ($80.64 in chips)
Seat 5: TinaTurner72 ($112 in chips)
Hannibal2211: posts small blind $1
TinaTurner72: posts big blind $3
*** HOLE CARDS ***
Hannibal2211: raises $3 to $6
TinaTurner72: calls $3
*** FLOP *** [Ah Js 6s]
TinaTurner72: checks
Hannibal2211: bets $3
TinaTurner72: raises $3 to $6
Hannibal2211: calls $3
*** TURN *** [Ah Js 6s] [7s]
TinaTurner72: bets $6
Hannibal2211: calls $6
*** RIVER *** [Ah Js 6s 7s] [4d]
TinaTurner72: bets $6
Hannibal2211: calls $6
*** SHOW DOWN ***
TinaTurner72: shows [2s Ks] (a flush, King high)
Hannibal2211: mucks hand
TinaTurner72 collected $47.50 from pot
*** SUMMARY ***
Total pot $48 | Rake $0.50
Board [Ah Js 6s 7s 4d]
Seat 2: Hannibal2211 (button) (small blind) mucked
Seat 5: TinaTurner72 (big blind) showed [2s Ks] and won ($47.50) with a flush, King high


PokerStars Hand #157690558437:  Hold'em Limit ($3/$6 USD) - 2016/08/24 15:32:10 ET
Table 'Cuitlahuac II' 6-max Seat #2 is the button
Seat 2: Hannibal2211 ($72 in chips)
Seat 5: Hadart ($160.17 in chips)
Hannibal2211: posts small blind $1
Hadart: posts big blind $3
*** HOLE CARDS ***
Hannibal2211: raises $3 to $6
Hadart: calls $3
*** FLOP *** [9c 2s 7c]
Hadart: checks
Hannibal2211: bets $3
Hadart: folds
Uncalled bet ($3) returned to Hannibal2211
Hannibal2211 collected $11.76 from pot
*** SUMMARY ***
Total pot $12 | Rake $0.24
Board [9c 2s 7c]
Seat 2: Hannibal2211 (button) (small blind) collected ($11.76)
Seat 5: Hadart (big blind) folded on the Flop


PokerStars Hand #157690585579:  Hold'em Limit ($3/$6 USD) - 2016/08/24 15:32:42 ET
Table 'Cuitlahuac II' 6-max Seat #5 is the button
Seat 2: Hannibal2211 ($77.76 in chips)
Seat 5: Hadart ($154.17 in chips)
Hadart: posts small blind $1
Hannibal2211: posts big blind $3
*** HOLE CARDS ***
Hadart: folds
Uncalled bet ($2) returned to Hannibal2211
Hannibal2211 collected $2 from pot
*** SUMMARY ***
Total pot $2 | Rake $0
Seat 2: Hannibal2211 (big blind) collected ($2)
Seat 5: Hadart (button) (small blind) folded before Flop


PokerStars Hand #157690594574:  Hold'em Limit ($3/$6 USD) - 2016/08/24 15:32:53 ET
Table 'Cuitlahuac II' 6-max Seat #2 is the button
Seat 2: Hannibal2211 ($78.76 in chips)
Seat 5: Hadart ($153.17 in chips)
Hannibal2211: posts small blind $1
Hadart: posts big blind $3
*** HOLE CARDS ***
Hannibal2211: raises $3 to $6
Hadart: calls $3
*** FLOP *** [Jc Js 4s]
wxcvnb joins the table at seat #1
Hadart: checks
Hannibal2211: bets $3
Hadart: calls $3
*** TURN *** [Jc Js 4s] [6d]
Hadart: checks
Hannibal2211: checks
*** RIVER *** [Jc Js 4s 6d] [4d]
Hadart: bets $6
Hannibal2211: folds
Uncalled bet ($6) returned to Hadart
Hadart collected $17.64 from pot
Hadart: doesn't show hand
*** SUMMARY ***
Total pot $18 | Rake $0.36
Board [Jc Js 4s 6d 4d]
Seat 2: Hannibal2211 (button) (small blind) folded on the River
Seat 5: Hadart (big blind) collected ($17.64)


PokerStars Hand #157690580474:  Hold'em Limit ($3/$6 USD) - 2016/08/24 15:32:36 ET
Table 'Cuitlahuac II' 6-max Seat #2 is the button
Seat 2: Hannibal2211 ($78.76 in chips)
Seat 5: Hadart ($153.17 in chips)
Hannibal2211: posts small blind $1
Hadart: posts big blind $3
*** HOLE CARDS ***
Hannibal2211: folds
Uncalled bet ($2) returned to Hadart
Hadart collected $2 from pot
Hadart: doesn't show hand
*** SUMMARY ***
Total pot $2 | Rake $0
Seat 2: Hannibal2211 (button) (small blind) folded before Flop
Seat 5: Hadart (big blind) collected ($2)


PokerStars Hand #157690573518:  Hold'em Limit ($3/$6 USD) - 2016/08/24 15:32:28 ET
Table 'Cuitlahuac II' 6-max Seat #5 is the button
Seat 2: Hannibal2211 ($77.76 in chips)
Seat 5: Hadart ($154.17 in chips)
Hadart: posts small blind $1
Hannibal2211: posts big blind $3
*** HOLE CARDS ***
Hadart: folds
Uncalled bet ($2) returned to Hannibal2211
Hannibal2211 collected $2 from pot
*** SUMMARY ***
Total pot $2 | Rake $0
Seat 2: Hannibal2211 (big blind) collected ($2)
Seat 5: Hadart (button) (small blind) folded before Flop


