PokerStars Hand #148495339759:  Hold'em Limit ($3/$6 USD) - 2016/02/09 6:50:21 ET
Table 'Cunitza II' 6-max Seat #3 is the button
Seat 3: cbarnes ($232.93 in chips)
Seat 4: AzureCaper ($75 in chips)
cbarnes: posts small blind $1
AzureCaper: posts big blind $3
*** HOLE CARDS ***
cbarnes: folds
Uncalled bet ($2) returned to AzureCaper
AzureCaper collected $2 from pot
AzureCaper: doesn't show hand
*** SUMMARY ***
Total pot $2 | Rake $0
Seat 3: cbarnes (button) (small blind) folded before Flop
Seat 4: AzureCaper (big blind) collected ($2)


PokerStars Hand #148495332212:  Hold'em Limit ($3/$6 USD) - 2016/02/09 6:50:08 ET
Table 'Cunitza II' 6-max Seat #3 is the button
Seat 3: cbarnes ($230.17 in chips)
Seat 4: AzureCaper ($72 in chips)
cbarnes: posts small blind $1
AzureCaper: posts big blind $3
*** HOLE CARDS ***
cbarnes: raises $3 to $6
AzureCaper: calls $3
*** FLOP *** [Qc Ac Jc]
AzureCaper: checks
cbarnes: bets $3
AzureCaper: folds
Uncalled bet ($3) returned to cbarnes
cbarnes collected $11.76 from pot
cbarnes: doesn't show hand
*** SUMMARY ***
Total pot $12 | Rake $0.24
Board [Qc Ac Jc]
Seat 3: cbarnes (button) (small blind) collected ($11.76)
Seat 4: AzureCaper (big blind) folded on the Flop


PokerStars Hand #148495329403:  Hold'em Limit ($3/$6 USD) - 2016/02/09 6:50:03 ET
Table 'Cunitza II' 6-max Seat #4 is the button
Seat 3: cbarnes ($229.17 in chips)
Seat 4: AzureCaper ($72 in chips)
AzureCaper: posts small blind $1
cbarnes: posts big blind $3
*** HOLE CARDS ***
AzureCaper: folds
Uncalled bet ($2) returned to cbarnes
cbarnes collected $2 from pot
cbarnes: doesn't show hand
*** SUMMARY ***
Total pot $2 | Rake $0
Seat 3: cbarnes (big blind) collected ($2)
Seat 4: AzureCaper (button) (small blind) folded before Flop


PokerStars Hand #148495316526:  Hold'em Limit ($3/$6 USD) - 2016/02/09 6:49:40 ET
Table 'Cunitza II' 6-max Seat #3 is the button
Seat 3: cbarnes ($208.67 in chips)
Seat 4: AzureCaper ($72 in chips)
cbarnes: posts small blind $1
AzureCaper: posts big blind $3
*** HOLE CARDS ***
cbarnes: raises $3 to $6
AzureCaper: calls $3
*** FLOP *** [Jd 3d Kc]
AzureCaper: checks
cbarnes: bets $3
AzureCaper: calls $3
*** TURN *** [Jd 3d Kc] [7s]
AzureCaper: checks
cbarnes: bets $6
AzureCaper: calls $6
*** RIVER *** [Jd 3d Kc 7s] [6h]
AzureCaper: checks
cbarnes: bets $6
AzureCaper: calls $6
*** SHOW DOWN ***
cbarnes: shows [Ks 7d] (two pair, Kings and Sevens)
AzureCaper: mucks hand
cbarnes collected $41.50 from pot
*** SUMMARY ***
Total pot $42 | Rake $0.50
Board [Jd 3d Kc 7s 6h]
Seat 3: cbarnes (button) (small blind) showed [Ks 7d] and won ($41.50) with two pair, Kings and Sevens
Seat 4: AzureCaper (big blind) mucked


PokerStars Hand #148495306350:  Hold'em Limit ($3/$6 USD) - 2016/02/09 6:49:23 ET
Table 'Cunitza II' 6-max Seat #4 is the button
Seat 3: cbarnes ($200.03 in chips)
Seat 4: AzureCaper ($78.42 in chips)
AzureCaper: posts small blind $1
cbarnes: posts big blind $3
*** HOLE CARDS ***
AzureCaper: raises $3 to $6
cbarnes: calls $3
*** FLOP *** [7c 8s Ac]
cbarnes: checks
AzureCaper: bets $3
cbarnes: calls $3
*** TURN *** [7c 8s Ac] [2c]
cbarnes: checks
AzureCaper: checks
*** RIVER *** [7c 8s Ac 2c] [4s]
cbarnes: checks
AzureCaper: checks
*** SHOW DOWN ***
cbarnes: shows [3s 7s] (a pair of Sevens)
AzureCaper: mucks hand
cbarnes collected $17.64 from pot
*** SUMMARY ***
Total pot $18 | Rake $0.36
Board [7c 8s Ac 2c 4s]
Seat 3: cbarnes (big blind) showed [3s 7s] and won ($17.64) with a pair of Sevens
Seat 4: AzureCaper (button) (small blind) mucked


PokerStars Hand #148495378341:  Hold'em Limit ($3/$6 USD) - 2016/02/09 6:51:27 ET
Table 'Cunitza II' 6-max Seat #4 is the button
Seat 3: cbarnes ($201.45 in chips)
Seat 4: AzureCaper ($107.14 in chips)
AzureCaper: posts small blind $1
cbarnes: posts big blind $3
*** HOLE CARDS ***
AzureCaper: folds
Uncalled bet ($2) returned to cbarnes
cbarnes collected $2 from pot
cbarnes: doesn't show hand
*** SUMMARY ***
Total pot $2 | Rake $0
Seat 3: cbarnes (big blind) collected ($2)
Seat 4: AzureCaper (button) (small blind) folded before Flop


PokerStars Hand #148495370431:  Hold'em Limit ($3/$6 USD) - 2016/02/09 6:51:14 ET
Table 'Cunitza II' 6-max Seat #3 is the button
Seat 3: cbarnes ($210.45 in chips)
Seat 4: AzureCaper ($98.50 in chips)
cbarnes: posts small blind $1
AzureCaper: posts big blind $3
*** HOLE CARDS ***
cbarnes: raises $3 to $6
AzureCaper: calls $3
*** FLOP *** [6c Ah 6d]
AzureCaper: checks
cbarnes: bets $3
AzureCaper: raises $3 to $6
cbarnes: folds
Uncalled bet ($3) returned to AzureCaper
AzureCaper collected $17.64 from pot
AzureCaper: doesn't show hand
*** SUMMARY ***
Total pot $18 | Rake $0.36
Board [6c Ah 6d]
Seat 3: cbarnes (button) (small blind) folded on the Flop
Seat 4: AzureCaper (big blind) collected ($17.64)


PokerStars Hand #148495358397:  Hold'em Limit ($3/$6 USD) - 2016/02/09 6:50:53 ET
Table 'Cunitza II' 6-max Seat #4 is the button
Seat 3: cbarnes ($237.45 in chips)
Seat 4: AzureCaper ($72 in chips)
AzureCaper: posts small blind $1
cbarnes: posts big blind $3
*** HOLE CARDS ***
AzureCaper: raises $3 to $6
cbarnes: calls $3
*** FLOP *** [4d 4s 5d]
cbarnes: checks
AzureCaper: bets $3
cbarnes: calls $3
*** TURN *** [4d 4s 5d] [7h]
cbarnes: checks
AzureCaper: bets $6
cbarnes: raises $6 to $12
AzureCaper: calls $6
*** RIVER *** [4d 4s 5d 7h] [4h]
cbarnes: bets $6
AzureCaper: raises $6 to $12
cbarnes: folds
Uncalled bet ($6) returned to AzureCaper
AzureCaper collected $53.50 from pot
AzureCaper: doesn't show hand
*** SUMMARY ***
Total pot $54 | Rake $0.50
Board [4d 4s 5d 7h 4h]
Seat 3: cbarnes (big blind) folded on the River
Seat 4: AzureCaper (button) (small blind) collected ($53.50)


PokerStars Hand #148495349036:  Hold'em Limit ($3/$6 USD) - 2016/02/09 6:50:37 ET
Table 'Cunitza II' 6-max Seat #3 is the button
Seat 3: cbarnes ($225.93 in chips)
Seat 4: AzureCaper ($81.76 in chips)
cbarnes: posts small blind $1
AzureCaper: posts big blind $3
*** HOLE CARDS ***
cbarnes: raises $3 to $6
AzureCaper: calls $3
*** FLOP *** [9c Ks Th]
AzureCaper: checks
cbarnes: bets $3
AzureCaper: raises $3 to $6
cbarnes: calls $3
*** TURN *** [9c Ks Th] [Jh]
AzureCaper: checks
cbarnes: bets $6
AzureCaper: folds
Uncalled bet ($6) returned to cbarnes
cbarnes collected $23.52 from pot
cbarnes: doesn't show hand
*** SUMMARY ***
Total pot $24 | Rake $0.48
Board [9c Ks Th Jh]
Seat 3: cbarnes (button) (small blind) collected ($23.52)
Seat 4: AzureCaper (big blind) folded on the Turn


PokerStars Hand #148495343216:  Hold'em Limit ($3/$6 USD) - 2016/02/09 6:50:27 ET
Table 'Cunitza II' 6-max Seat #4 is the button
Seat 3: cbarnes ($231.93 in chips)
Seat 4: AzureCaper ($76 in chips)
AzureCaper: posts small blind $1
cbarnes: posts big blind $3
*** HOLE CARDS ***
AzureCaper: raises $3 to $6
cbarnes: calls $3
*** FLOP *** [Kh Js 2d]
cbarnes: checks
AzureCaper: bets $3
cbarnes: folds
Uncalled bet ($3) returned to AzureCaper
AzureCaper collected $11.76 from pot
AzureCaper: doesn't show hand
*** SUMMARY ***
Total pot $12 | Rake $0.24
Board [Kh Js 2d]
Seat 3: cbarnes (big blind) folded on the Flop
Seat 4: AzureCaper (button) (small blind) collected ($11.76)


PokerStars Hand #148495414458:  Hold'em Limit ($3/$6 USD) - 2016/02/09 6:52:30 ET
Table 'Cunitza II' 6-max Seat #4 is the button
Seat 3: cbarnes ($184.09 in chips)
Seat 4: AzureCaper ($123.64 in chips)
AzureCaper: posts small blind $1
cbarnes: posts big blind $3
*** HOLE CARDS ***
andrey0709 joins the table at seat #1
AzureCaper: raises $3 to $6
cbarnes: folds
Uncalled bet ($3) returned to AzureCaper
AzureCaper collected $6 from pot
AzureCaper: doesn't show hand
*** SUMMARY ***
Total pot $6 | Rake $0
Seat 3: cbarnes (big blind) folded before Flop
Seat 4: AzureCaper (button) (small blind) collected ($6)


PokerStars Hand #148495406967:  Hold'em Limit ($3/$6 USD) - 2016/02/09 6:52:17 ET
Table 'Cunitza II' 6-max Seat #3 is the button
Seat 3: cbarnes ($175.45 in chips)
Seat 4: AzureCaper ($132.64 in chips)
cbarnes: posts small blind $1
AzureCaper: posts big blind $3
*** HOLE CARDS ***
cbarnes: raises $3 to $6
AzureCaper: calls $3
*** FLOP *** [Jh 8d 6h]
AzureCaper: checks
cbarnes: bets $3
AzureCaper: calls $3
*** TURN *** [Jh 8d 6h] [Ks]
AzureCaper: checks
cbarnes: bets $6
AzureCaper: folds
Uncalled bet ($6) returned to cbarnes
cbarnes collected $17.64 from pot
cbarnes: doesn't show hand
*** SUMMARY ***
Total pot $18 | Rake $0.36
Board [Jh 8d 6h Ks]
Seat 3: cbarnes (button) (small blind) collected ($17.64)
Seat 4: AzureCaper (big blind) folded on the Turn


PokerStars Hand #148495394694:  Hold'em Limit ($3/$6 USD) - 2016/02/09 6:51:56 ET
Table 'Cunitza II' 6-max Seat #4 is the button
Seat 3: cbarnes ($205.45 in chips)
Seat 4: AzureCaper ($103.14 in chips)
AzureCaper: posts small blind $1
cbarnes: posts big blind $3
*** HOLE CARDS ***
AzureCaper: raises $3 to $6
cbarnes: raises $3 to $9
AzureCaper: calls $3
*** FLOP *** [5d 7c 4h]
cbarnes: bets $3
AzureCaper: calls $3
*** TURN *** [5d 7c 4h] [Kc]
cbarnes: bets $6
AzureCaper: raises $6 to $12
cbarnes: calls $6
*** RIVER *** [5d 7c 4h Kc] [2d]
cbarnes: checks
AzureCaper: bets $6
cbarnes: calls $6
*** SHOW DOWN ***
AzureCaper: shows [Jc Kd] (a pair of Kings)
cbarnes: mucks hand
AzureCaper collected $59.50 from pot
*** SUMMARY ***
Total pot $60 | Rake $0.50
Board [5d 7c 4h Kc 2d]
Seat 3: cbarnes (big blind) mucked
Seat 4: AzureCaper (button) (small blind) showed [Jc Kd] and won ($59.50) with a pair of Kings


PokerStars Hand #148495390430:  Hold'em Limit ($3/$6 USD) - 2016/02/09 6:51:48 ET
Table 'Cunitza II' 6-max Seat #3 is the button
Seat 3: cbarnes ($206.45 in chips)
Seat 4: AzureCaper ($102.14 in chips)
cbarnes: posts small blind $1
AzureCaper: posts big blind $3
*** HOLE CARDS ***
cbarnes: folds
Uncalled bet ($2) returned to AzureCaper
AzureCaper collected $2 from pot
AzureCaper: doesn't show hand
*** SUMMARY ***
Total pot $2 | Rake $0
Seat 3: cbarnes (button) (small blind) folded before Flop
Seat 4: AzureCaper (big blind) collected ($2)


PokerStars Hand #148495386820:  Hold'em Limit ($3/$6 USD) - 2016/02/09 6:51:42 ET
Table 'Cunitza II' 6-max Seat #4 is the button
Seat 3: cbarnes ($205.45 in chips)
Seat 4: AzureCaper ($103.14 in chips)
AzureCaper: posts small blind $1
cbarnes: posts big blind $3
*** HOLE CARDS ***
AzureCaper: folds
Uncalled bet ($2) returned to cbarnes
cbarnes collected $2 from pot
cbarnes: doesn't show hand
*** SUMMARY ***
Total pot $2 | Rake $0
Seat 3: cbarnes (big blind) collected ($2)
Seat 4: AzureCaper (button) (small blind) folded before Flop


PokerStars Hand #148495381144:  Hold'em Limit ($3/$6 USD) - 2016/02/09 6:51:32 ET
Table 'Cunitza II' 6-max Seat #3 is the button
Seat 3: cbarnes ($202.45 in chips)
Seat 4: AzureCaper ($106.14 in chips)
cbarnes: posts small blind $1
AzureCaper: posts big blind $3
*** HOLE CARDS ***
cbarnes: raises $3 to $6
AzureCaper: folds
Uncalled bet ($3) returned to cbarnes
cbarnes collected $6 from pot
cbarnes: doesn't show hand
*** SUMMARY ***
Total pot $6 | Rake $0
Seat 3: cbarnes (button) (small blind) collected ($6)
Seat 4: AzureCaper (big blind) folded before Flop


PokerStars Hand #148495417531:  Hold'em Limit ($3/$6 USD) - 2016/02/09 6:52:35 ET
Table 'Cunitza II' 6-max Seat #3 is the button
Seat 3: cbarnes ($181.09 in chips)
Seat 4: AzureCaper ($126.64 in chips)
cbarnes: posts small blind $1
AzureCaper: posts big blind $3
*** HOLE CARDS ***
cbarnes: folds
Uncalled bet ($2) returned to AzureCaper
AzureCaper collected $2 from pot
AzureCaper: doesn't show hand
*** SUMMARY ***
Total pot $2 | Rake $0
Seat 3: cbarnes (button) (small blind) folded before Flop
Seat 4: AzureCaper (big blind) collected ($2)


PokerStars Hand #148496177326:  Hold'em Limit ($3/$6 USD) - 2016/02/09 7:14:45 ET
Table 'Cunitza II' 6-max Seat #6 is the button
Seat 4: iskambil ($73 in chips)
Seat 6: TheWizKids ($137.82 in chips)
TheWizKids: posts small blind $1
iskambil: posts big blind $3
*** HOLE CARDS ***
TheWizKids: raises $3 to $6
iskambil: calls $3
*** FLOP *** [Ah Ks Jh]
iskambil: checks
TheWizKids: bets $3
iskambil: calls $3
*** TURN *** [Ah Ks Jh] [Ts]
iskambil: checks
TheWizKids: checks
*** RIVER *** [Ah Ks Jh Ts] [7d]
iskambil: checks
TheWizKids: checks
*** SHOW DOWN ***
iskambil: shows [8h Kd] (a pair of Kings)
TheWizKids: mucks hand
iskambil collected $17.64 from pot
*** SUMMARY ***
Total pot $18 | Rake $0.36
Board [Ah Ks Jh Ts 7d]
Seat 4: iskambil (big blind) showed [8h Kd] and won ($17.64) with a pair of Kings
Seat 6: TheWizKids (button) (small blind) mucked


PokerStars Hand #148496198670:  Hold'em Limit ($3/$6 USD) - 2016/02/09 7:15:20 ET
Table 'Cunitza II' 6-max Seat #6 is the button
Seat 4: iskambil ($69.64 in chips)
Seat 6: TheWizKids ($140.34 in chips)
TheWizKids: posts small blind $1
iskambil: posts big blind $3
*** HOLE CARDS ***
TheWizKids: raises $3 to $6
iskambil: raises $3 to $9
TheWizKids: folds
Uncalled bet ($3) returned to iskambil
iskambil collected $12 from pot
*** SUMMARY ***
Total pot $12 | Rake $0
Seat 4: iskambil (big blind) collected ($12)
Seat 6: TheWizKids (button) (small blind) folded before Flop


PokerStars Hand #148496186320:  Hold'em Limit ($3/$6 USD) - 2016/02/09 7:15:00 ET
Table 'Cunitza II' 6-max Seat #4 is the button
Seat 4: iskambil ($81.64 in chips)
Seat 6: TheWizKids ($128.82 in chips)
iskambil: posts small blind $1
TheWizKids: posts big blind $3
*** HOLE CARDS ***
iskambil: raises $3 to $6
TheWizKids: raises $3 to $9
iskambil: calls $3
*** FLOP *** [Tc 7c 4d]
TheWizKids: bets $3
iskambil: calls $3
*** TURN *** [Tc 7c 4d] [9d]
TheWizKids: bets $6
iskambil: folds
Uncalled bet ($6) returned to TheWizKids
TheWizKids collected $23.52 from pot
TheWizKids: doesn't show hand
*** SUMMARY ***
Total pot $24 | Rake $0.48
Board [Tc 7c 4d 9d]
Seat 4: iskambil (button) (small blind) folded on the Turn
Seat 6: TheWizKids (big blind) collected ($23.52)


PokerStars Hand #148496234139:  Hold'em Limit ($3/$6 USD) - 2016/02/09 7:16:19 ET
Table 'Cunitza II' 6-max Seat #4 is the button
Seat 4: iskambil ($53.64 in chips)
Seat 6: TheWizKids ($155.84 in chips)
iskambil: posts small blind $1
TheWizKids: posts big blind $3
*** HOLE CARDS ***
iskambil: raises $3 to $6
TheWizKids: calls $3
*** FLOP *** [8h Kd Ah]
TheWizKids: checks
iskambil: bets $3
TheWizKids: folds
Uncalled bet ($3) returned to iskambil
iskambil collected $11.76 from pot
*** SUMMARY ***
Total pot $12 | Rake $0.24
Board [8h Kd Ah]
Seat 4: iskambil (button) (small blind) collected ($11.76)
Seat 6: TheWizKids (big blind) folded on the Flop


PokerStars Hand #148496219882:  Hold'em Limit ($3/$6 USD) - 2016/02/09 7:15:56 ET
Table 'Cunitza II' 6-max Seat #6 is the button
Seat 4: iskambil ($74.64 in chips)
Seat 6: TheWizKids ($135.34 in chips)
TheWizKids: posts small blind $1
iskambil: posts big blind $3
*** HOLE CARDS ***
TheWizKids: raises $3 to $6
iskambil: calls $3
*** FLOP *** [7d 2s Jh]
iskambil: checks
TheWizKids: bets $3
iskambil: calls $3
*** TURN *** [7d 2s Jh] [2d]
iskambil: checks
TheWizKids: bets $6
iskambil: calls $6
*** RIVER *** [7d 2s Jh 2d] [8s]
iskambil: checks
TheWizKids: bets $6
iskambil: calls $6
*** SHOW DOWN ***
TheWizKids: shows [6s 6d] (two pair, Sixes and Deuces)
iskambil: mucks hand
TheWizKids collected $41.50 from pot
*** SUMMARY ***
Total pot $42 | Rake $0.50
Board [7d 2s Jh 2d 8s]
Seat 4: iskambil (big blind) mucked
Seat 6: TheWizKids (button) (small blind) showed [6s 6d] and won ($41.50) with two pair, Sixes and Deuces


PokerStars Hand #148496216707:  Hold'em Limit ($3/$6 USD) - 2016/02/09 7:15:50 ET
Table 'Cunitza II' 6-max Seat #4 is the button
Seat 4: iskambil ($75.64 in chips)
Seat 6: TheWizKids ($134.34 in chips)
iskambil: posts small blind $1
TheWizKids: posts big blind $3
*** HOLE CARDS ***
iskambil: folds
Uncalled bet ($2) returned to TheWizKids
TheWizKids collected $2 from pot
TheWizKids: doesn't show hand
*** SUMMARY ***
Total pot $2 | Rake $0
Seat 4: iskambil (button) (small blind) folded before Flop
Seat 6: TheWizKids (big blind) collected ($2)


PokerStars Hand #148496208822:  Hold'em Limit ($3/$6 USD) - 2016/02/09 7:15:37 ET
Table 'Cunitza II' 6-max Seat #6 is the button
Seat 4: iskambil ($78.64 in chips)
Seat 6: TheWizKids ($131.34 in chips)
TheWizKids: posts small blind $1
HAL9QQQ leaves the table
iskambil: posts big blind $3
*** HOLE CARDS ***
TheWizKids: raises $3 to $6
iskambil: folds
Uncalled bet ($3) returned to TheWizKids
TheWizKids collected $6 from pot
TheWizKids: doesn't show hand
*** SUMMARY ***
Total pot $6 | Rake $0
Seat 4: iskambil (big blind) folded before Flop
Seat 6: TheWizKids (button) (small blind) collected ($6)


PokerStars Hand #148496205514:  Hold'em Limit ($3/$6 USD) - 2016/02/09 7:15:32 ET
Table 'Cunitza II' 6-max Seat #4 is the button
Seat 4: iskambil ($75.64 in chips)
Seat 6: TheWizKids ($134.34 in chips)
iskambil: posts small blind $1
TheWizKids: posts big blind $3
*** HOLE CARDS ***
iskambil: raises $3 to $6
TheWizKids: folds
Uncalled bet ($3) returned to iskambil
iskambil collected $6 from pot
*** SUMMARY ***
Total pot $6 | Rake $0
Seat 4: iskambil (button) (small blind) collected ($6)
Seat 6: TheWizKids (big blind) folded before Flop


PokerStars Hand #148496253791:  Hold'em Limit ($3/$6 USD) - 2016/02/09 7:16:52 ET
Table 'Cunitza II' 6-max Seat #6 is the button
Seat 4: iskambil ($75.04 in chips)
Seat 6: TheWizKids ($133.84 in chips)
TheWizKids: posts small blind $1
iskambil: posts big blind $3
*** HOLE CARDS ***
TheWizKids: raises $3 to $6
iskambil: calls $3
*** FLOP *** [Qs 3s Qd]
iskambil: checks
TheWizKids: bets $3
iskambil: calls $3
*** TURN *** [Qs 3s Qd] [6c]
iskambil: checks
TheWizKids: checks
*** RIVER *** [Qs 3s Qd 6c] [Tc]
iskambil: bets $6
TheWizKids: raises $6 to $12
iskambil: raises $6 to $18
TheWizKids: calls $6
*** SHOW DOWN ***
iskambil: shows [2h Qh] (three of a kind, Queens)
TheWizKids: mucks hand
iskambil collected $53.50 from pot
*** SUMMARY ***
Total pot $54 | Rake $0.50
Board [Qs 3s Qd 6c Tc]
Seat 4: iskambil (big blind) showed [2h Qh] and won ($53.50) with three of a kind, Queens
Seat 6: TheWizKids (button) (small blind) mucked


PokerStars Hand #148496250938:  Hold'em Limit ($3/$6 USD) - 2016/02/09 7:16:47 ET
Table 'Cunitza II' 6-max Seat #4 is the button
Seat 4: iskambil ($72.04 in chips)
Seat 6: TheWizKids ($136.84 in chips)
iskambil: posts small blind $1
TheWizKids: posts big blind $3
*** HOLE CARDS ***
iskambil: raises $3 to $6
TheWizKids: folds
Uncalled bet ($3) returned to iskambil
iskambil collected $6 from pot
*** SUMMARY ***
Total pot $6 | Rake $0
Seat 4: iskambil (button) (small blind) collected ($6)
Seat 6: TheWizKids (big blind) folded before Flop


PokerStars Hand #148496248325:  Hold'em Limit ($3/$6 USD) - 2016/02/09 7:16:43 ET
Table 'Cunitza II' 6-max Seat #6 is the button
Seat 4: iskambil ($71.04 in chips)
Seat 6: TheWizKids ($137.84 in chips)
TheWizKids: posts small blind $1
iskambil: posts big blind $3
*** HOLE CARDS ***
TheWizKids: folds
Uncalled bet ($2) returned to iskambil
iskambil collected $2 from pot
*** SUMMARY ***
Total pot $2 | Rake $0
Seat 4: iskambil (big blind) collected ($2)
Seat 6: TheWizKids (button) (small blind) folded before Flop


PokerStars Hand #148496245207:  Hold'em Limit ($3/$6 USD) - 2016/02/09 7:16:37 ET
Table 'Cunitza II' 6-max Seat #4 is the button
Seat 4: iskambil ($68.04 in chips)
Seat 6: TheWizKids ($140.84 in chips)
iskambil: posts small blind $1
TheWizKids: posts big blind $3
*** HOLE CARDS ***
iskambil: raises $3 to $6
TheWizKids: folds
Uncalled bet ($3) returned to iskambil
iskambil collected $6 from pot
*** SUMMARY ***
Total pot $6 | Rake $0
Seat 4: iskambil (button) (small blind) collected ($6)
Seat 6: TheWizKids (big blind) folded before Flop


PokerStars Hand #148496239988:  Hold'em Limit ($3/$6 USD) - 2016/02/09 7:16:29 ET
Table 'Cunitza II' 6-max Seat #6 is the button
Seat 4: iskambil ($59.40 in chips)
Seat 6: TheWizKids ($149.84 in chips)
TheWizKids: posts small blind $1
iskambil: posts big blind $3
*** HOLE CARDS ***
TheWizKids: raises $3 to $6
iskambil: raises $3 to $9
TheWizKids: calls $3
*** FLOP *** [3d Kc As]
iskambil: bets $3
TheWizKids: folds
Uncalled bet ($3) returned to iskambil
iskambil collected $17.64 from pot
*** SUMMARY ***
Total pot $18 | Rake $0.36
Board [3d Kc As]
Seat 4: iskambil (big blind) collected ($17.64)
Seat 6: TheWizKids (button) (small blind) folded on the Flop


PokerStars Hand #148496276010:  Hold'em Limit ($3/$6 USD) - 2016/02/09 7:17:30 ET
Table 'Cunitza II' 6-max Seat #4 is the button
Seat 4: iskambil ($101.54 in chips)
Seat 6: TheWizKids ($106.84 in chips)
iskambil: posts small blind $1
TheWizKids: posts big blind $3
*** HOLE CARDS ***
iskambil: raises $3 to $6
TheWizKids: folds
Uncalled bet ($3) returned to iskambil
iskambil collected $6 from pot
*** SUMMARY ***
Total pot $6 | Rake $0
Seat 4: iskambil (button) (small blind) collected ($6)
Seat 6: TheWizKids (big blind) folded before Flop


