PokerStars Hand #145089217271:  Hold'em Limit ($3/$6 USD) - 2015/12/09 15:38:07 ET
Table 'Cupido III' 2-max Seat #1 is the button
Seat 1: TheGONo ($74 in chips)
Seat 2: swarfiga755 ($78.76 in chips)
TheGONo: posts small blind $1
swarfiga755: posts big blind $3
*** HOLE CARDS ***
TheGONo: raises $3 to $6
swarfiga755: folds
Uncalled bet ($3) returned to TheGONo
TheGONo collected $6 from pot
TheGONo: doesn't show hand
*** SUMMARY ***
Total pot $6 | Rake $0
Seat 1: TheGONo (button) (small blind) collected ($6)
Seat 2: swarfiga755 (big blind) folded before Flop


PokerStars Hand #145089207040:  Hold'em Limit ($3/$6 USD) - 2015/12/09 15:37:56 ET
Table 'Cupido III' 2-max Seat #2 is the button
Seat 1: TheGONo ($80 in chips)
Seat 2: swarfiga755 ($73 in chips)
swarfiga755: posts small blind $1
TheGONo: posts big blind $3
*** HOLE CARDS ***
swarfiga755: raises $3 to $6
TheGONo: calls $3
*** FLOP *** [Kc Ah Th]
TheGONo: checks
swarfiga755: bets $3
TheGONo: folds
Uncalled bet ($3) returned to swarfiga755
swarfiga755 collected $11.76 from pot
swarfiga755: doesn't show hand
*** SUMMARY ***
Total pot $12 | Rake $0.24
Board [Kc Ah Th]
Seat 1: TheGONo (big blind) folded on the Flop
Seat 2: swarfiga755 (button) (small blind) collected ($11.76)


PokerStars Hand #145089245362:  Hold'em Limit ($3/$6 USD) - 2015/12/09 15:38:36 ET
Table 'Cupido III' 2-max Seat #1 is the button
Seat 1: TheGONo ($59 in chips)
Seat 2: swarfiga755 ($93.26 in chips)
TheGONo: posts small blind $1
swarfiga755: posts big blind $3
*** HOLE CARDS ***
TheGONo: folds
Uncalled bet ($2) returned to swarfiga755
swarfiga755 collected $2 from pot
swarfiga755: doesn't show hand
*** SUMMARY ***
Total pot $2 | Rake $0
Seat 1: TheGONo (button) (small blind) folded before Flop
Seat 2: swarfiga755 (big blind) collected ($2)


PokerStars Hand #145089222614:  Hold'em Limit ($3/$6 USD) - 2015/12/09 15:38:13 ET
Table 'Cupido III' 2-max Seat #2 is the button
Seat 1: TheGONo ($77 in chips)
Seat 2: swarfiga755 ($75.76 in chips)
swarfiga755: posts small blind $1
TheGONo: posts big blind $3
*** HOLE CARDS ***
swarfiga755: raises $3 to $6
TheGONo: raises $3 to $9
swarfiga755: calls $3
*** FLOP *** [9d 5s Jh]
TheGONo: checks
swarfiga755: bets $3
TheGONo: calls $3
*** TURN *** [9d 5s Jh] [4h]
TheGONo: checks
swarfiga755: bets $6
TheGONo: calls $6
*** RIVER *** [9d 5s Jh 4h] [Qs]
TheGONo: checks
swarfiga755: checks
*** SHOW DOWN ***
TheGONo: shows [Th Ac] (high card Ace)
swarfiga755: shows [9h 7d] (a pair of Nines)
swarfiga755 collected $35.50 from pot
*** SUMMARY ***
Total pot $36 | Rake $0.50
Board [9d 5s Jh 4h Qs]
Seat 1: TheGONo (big blind) showed [Th Ac] and lost with high card Ace
Seat 2: swarfiga755 (button) (small blind) showed [9h 7d] and won ($35.50) with a pair of Nines


PokerStars Hand #145089250691:  Hold'em Limit ($3/$6 USD) - 2015/12/09 15:38:41 ET
Table 'Cupido III' 2-max Seat #2 is the button
Seat 1: TheGONo ($58 in chips)
Seat 2: swarfiga755 ($94.26 in chips)
swarfiga755: posts small blind $1
TheGONo: posts big blind $3
*** HOLE CARDS ***
swarfiga755: raises $3 to $6
TheGONo: calls $3
*** FLOP *** [7h 5s 7c]
TheGONo: checks
swarfiga755: bets $3
TheGONo: folds
Uncalled bet ($3) returned to swarfiga755
swarfiga755 collected $11.76 from pot
swarfiga755: doesn't show hand
*** SUMMARY ***
Total pot $12 | Rake $0.24
Board [7h 5s 7c]
Seat 1: TheGONo (big blind) folded on the Flop
Seat 2: swarfiga755 (button) (small blind) collected ($11.76)


PokerStars Hand #145089269441:  Hold'em Limit ($3/$6 USD) - 2015/12/09 15:39:01 ET
Table 'Cupido III' 2-max Seat #2 is the button
Seat 1: TheGONo ($78.01 in chips)
Seat 2: swarfiga755 ($101.02 in chips)
swarfiga755: posts small blind $1
TheGONo: posts big blind $3
*** HOLE CARDS ***
swarfiga755: raises $3 to $6
TheGONo: folds
Uncalled bet ($3) returned to swarfiga755
swarfiga755 collected $6 from pot
swarfiga755: doesn't show hand
*** SUMMARY ***
Total pot $6 | Rake $0
Seat 1: TheGONo (big blind) folded before Flop
Seat 2: swarfiga755 (button) (small blind) collected ($6)


PokerStars Hand #145089262218:  Hold'em Limit ($3/$6 USD) - 2015/12/09 15:38:53 ET
Table 'Cupido III' 2-max Seat #1 is the button
Seat 1: TheGONo ($52 in chips)
Seat 2: swarfiga755 ($100.02 in chips)
TheGONo: posts small blind $1
swarfiga755: posts big blind $3
*** HOLE CARDS ***
TheGONo: folds
Uncalled bet ($2) returned to swarfiga755
swarfiga755 collected $2 from pot
swarfiga755: doesn't show hand
*** SUMMARY ***
Total pot $2 | Rake $0
Seat 1: TheGONo (button) (small blind) folded before Flop
Seat 2: swarfiga755 (big blind) collected ($2)


PokerStars Hand #145089307896:  Hold'em Limit ($3/$6 USD) - 2015/12/09 15:39:40 ET
Table 'Cupido III' 2-max Seat #1 is the button
Seat 1: TheGONo ($89.51 in chips)
Seat 2: swarfiga755 ($88.78 in chips)
TheGONo: posts small blind $1
swarfiga755: posts big blind $3
*** HOLE CARDS ***
TheGONo: folds
Uncalled bet ($2) returned to swarfiga755
swarfiga755 collected $2 from pot
swarfiga755: doesn't show hand
*** SUMMARY ***
Total pot $2 | Rake $0
Seat 1: TheGONo (button) (small blind) folded before Flop
Seat 2: swarfiga755 (big blind) collected ($2)


PokerStars Hand #145089294183:  Hold'em Limit ($3/$6 USD) - 2015/12/09 15:39:26 ET
Table 'Cupido III' 2-max Seat #2 is the button
Seat 1: TheGONo ($95.51 in chips)
Seat 2: swarfiga755 ($83.02 in chips)
swarfiga755: posts small blind $1
TheGONo: posts big blind $3
*** HOLE CARDS ***
swarfiga755: raises $3 to $6
TheGONo: calls $3
*** FLOP *** [Qh 3c Th]
TheGONo: checks
swarfiga755: bets $3
TheGONo: folds
Uncalled bet ($3) returned to swarfiga755
swarfiga755 collected $11.76 from pot
swarfiga755: doesn't show hand
*** SUMMARY ***
Total pot $12 | Rake $0.24
Board [Qh 3c Th]
Seat 1: TheGONo (big blind) folded on the Flop
Seat 2: swarfiga755 (button) (small blind) collected ($11.76)


PokerStars Hand #145089344375:  Hold'em Limit ($3/$6 USD) - 2015/12/09 15:40:18 ET
Table 'Cupido III' 2-max Seat #1 is the button
Seat 1: TheGONo ($90.15 in chips)
Seat 2: swarfiga755 ($87.54 in chips)
TheGONo: posts small blind $1
swarfiga755: posts big blind $3
*** HOLE CARDS ***
TheGONo: folds
Uncalled bet ($2) returned to swarfiga755
swarfiga755 collected $2 from pot
swarfiga755: doesn't show hand
*** SUMMARY ***
Total pot $2 | Rake $0
Seat 1: TheGONo (button) (small blind) folded before Flop
Seat 2: swarfiga755 (big blind) collected ($2)


PokerStars Hand #145089335962:  Hold'em Limit ($3/$6 USD) - 2015/12/09 15:40:09 ET
Table 'Cupido III' 2-max Seat #2 is the button
Seat 1: TheGONo ($96.15 in chips)
Seat 2: swarfiga755 ($81.78 in chips)
swarfiga755: posts small blind $1
TheGONo: posts big blind $3
*** HOLE CARDS ***
swarfiga755: raises $3 to $6
TheGONo: calls $3
*** FLOP *** [3c 5h 2h]
TheGONo: checks
swarfiga755: bets $3
TheGONo: folds
Uncalled bet ($3) returned to swarfiga755
swarfiga755 collected $11.76 from pot
swarfiga755: doesn't show hand
*** SUMMARY ***
Total pot $12 | Rake $0.24
Board [3c 5h 2h]
Seat 1: TheGONo (big blind) folded on the Flop
Seat 2: swarfiga755 (button) (small blind) collected ($11.76)


PokerStars Hand #145089275111:  Hold'em Limit ($3/$6 USD) - 2015/12/09 15:39:06 ET
Table 'Cupido III' 2-max Seat #1 is the button
Seat 1: TheGONo ($75.01 in chips)
Seat 2: swarfiga755 ($104.02 in chips)
TheGONo: posts small blind $1
swarfiga755: posts big blind $3
*** HOLE CARDS ***
TheGONo: raises $3 to $6
swarfiga755: calls $3
*** FLOP *** [7d 8c 8h]
swarfiga755: checks
TheGONo: bets $3
swarfiga755: calls $3
*** TURN *** [7d 8c 8h] [Kc]
swarfiga755: checks
TheGONo: bets $6
swarfiga755: calls $6
*** RIVER *** [7d 8c 8h Kc] [3d]
swarfiga755: checks
TheGONo: bets $6
swarfiga755: calls $6
*** SHOW DOWN ***
TheGONo: shows [Kh Kd] (a full house, Kings full of Eights)
swarfiga755: mucks hand
TheGONo collected $41.50 from pot
*** SUMMARY ***
Total pot $42 | Rake $0.50
Board [7d 8c 8h Kc 3d]
Seat 1: TheGONo (button) (small blind) showed [Kh Kd] and won ($41.50) with a full house, Kings full of Eights
Seat 2: swarfiga755 (big blind) mucked


PokerStars Hand #145089330687:  Hold'em Limit ($3/$6 USD) - 2015/12/09 15:40:03 ET
Table 'Cupido III' 2-max Seat #1 is the button
Seat 1: TheGONo ($97.15 in chips)
Seat 2: swarfiga755 ($80.78 in chips)
TheGONo: posts small blind $1
swarfiga755: posts big blind $3
*** HOLE CARDS ***
TheGONo: folds
Uncalled bet ($2) returned to swarfiga755
swarfiga755 collected $2 from pot
swarfiga755: doesn't show hand
*** SUMMARY ***
Total pot $2 | Rake $0
Seat 1: TheGONo (button) (small blind) folded before Flop
Seat 2: swarfiga755 (big blind) collected ($2)


PokerStars Hand #145089312489:  Hold'em Limit ($3/$6 USD) - 2015/12/09 15:39:45 ET
Table 'Cupido III' 2-max Seat #2 is the button
Seat 1: TheGONo ($88.51 in chips)
Seat 2: swarfiga755 ($89.78 in chips)
swarfiga755: posts small blind $1
TheGONo: posts big blind $3
*** HOLE CARDS ***
swarfiga755: raises $3 to $6
TheGONo: calls $3
*** FLOP *** [Kd 2s Qc]
TheGONo: checks
swarfiga755: bets $3
TheGONo: calls $3
*** TURN *** [Kd 2s Qc] [6h]
TheGONo: checks
swarfiga755: checks
*** RIVER *** [Kd 2s Qc 6h] [8s]
TheGONo: bets $6
swarfiga755: folds
Uncalled bet ($6) returned to TheGONo
TheGONo collected $17.64 from pot
TheGONo: doesn't show hand
*** SUMMARY ***
Total pot $18 | Rake $0.36
Board [Kd 2s Qc 6h 8s]
Seat 1: TheGONo (big blind) collected ($17.64)
Seat 2: swarfiga755 (button) (small blind) folded on the River


PokerStars Hand #145089349127:  Hold'em Limit ($3/$6 USD) - 2015/12/09 15:40:23 ET
Table 'Cupido III' 2-max Seat #2 is the button
Seat 1: TheGONo ($89.15 in chips)
Seat 2: swarfiga755 ($88.54 in chips)
swarfiga755: posts small blind $1
TheGONo: posts big blind $3
*** HOLE CARDS ***
swarfiga755: raises $3 to $6
TheGONo: calls $3
*** FLOP *** [7c Qd Jc]
TheGONo: checks
swarfiga755: bets $3
TheGONo: folds
Uncalled bet ($3) returned to swarfiga755
swarfiga755 collected $11.76 from pot
swarfiga755: doesn't show hand
*** SUMMARY ***
Total pot $12 | Rake $0.24
Board [7c Qd Jc]
Seat 1: TheGONo (big blind) folded on the Flop
Seat 2: swarfiga755 (button) (small blind) collected ($11.76)


