PokerStars Hand #155111299342:  Hold'em Limit ($3/$6 USD) - 2016/06/23 16:02:47 ET
Table 'Cupido' 10-max Seat #6 is the button
Seat 5: Dron21200 ($24 in chips)
Seat 6: Ale4o ($125.88 in chips)
Ale4o: posts small blind $1
Dron21200: posts big blind $3
*** HOLE CARDS ***
Ale4o: raises $3 to $6
Dron21200: folds
Uncalled bet ($3) returned to Ale4o
Ale4o collected $6 from pot
Ale4o: doesn't show hand
*** SUMMARY ***
Total pot $6 | Rake $0
Seat 5: Dron21200 (big blind) folded before Flop
Seat 6: Ale4o (button) (small blind) collected ($6)


PokerStars Hand #155111290953:  Hold'em Limit ($3/$6 USD) - 2016/06/23 16:02:36 ET
Table 'Cupido' 10-max Seat #5 is the button
Seat 5: Dron21200 ($27 in chips)
Seat 6: Ale4o ($123 in chips)
Dron21200: posts small blind $1
Ale4o: posts big blind $3
*** HOLE CARDS ***
Dron21200: calls $2
Ale4o: checks
*** FLOP *** [Kh 2s 2d]
Ale4o: bets $3
Dron21200: folds
Uncalled bet ($3) returned to Ale4o
Ale4o collected $5.88 from pot
Ale4o: doesn't show hand
*** SUMMARY ***
Total pot $6 | Rake $0.12
Board [Kh 2s 2d]
Seat 5: Dron21200 (button) (small blind) folded on the Flop
Seat 6: Ale4o (big blind) collected ($5.88)


PokerStars Hand #155111284350:  Hold'em Limit ($3/$6 USD) - 2016/06/23 16:02:27 ET
Table 'Cupido' 10-max Seat #6 is the button
Seat 5: Dron21200 ($30 in chips)
Seat 6: Ale4o ($120 in chips)
Ale4o: posts small blind $1
Dron21200: posts big blind $3
*** HOLE CARDS ***
Ale4o: raises $3 to $6
Dron21200: folds
Uncalled bet ($3) returned to Ale4o
Ale4o collected $6 from pot
Ale4o: doesn't show hand
*** SUMMARY ***
Total pot $6 | Rake $0
Seat 5: Dron21200 (big blind) folded before Flop
Seat 6: Ale4o (button) (small blind) collected ($6)


PokerStars Hand #155111278890:  Hold'em Limit ($3/$6 USD) - 2016/06/23 16:02:21 ET
Table 'Cupido' 10-max Seat #5 is the button
Seat 5: Dron21200 ($31 in chips)
Seat 6: Ale4o ($119 in chips)
Dron21200: posts small blind $1
Ale4o: posts big blind $3
*** HOLE CARDS ***
Dron21200: folds
Uncalled bet ($2) returned to Ale4o
Ale4o collected $2 from pot
Ale4o: doesn't show hand
*** SUMMARY ***
Total pot $2 | Rake $0
Seat 5: Dron21200 (button) (small blind) folded before Flop
Seat 6: Ale4o (big blind) collected ($2)


PokerStars Hand #155111345917:  Hold'em Limit ($3/$6 USD) - 2016/06/23 16:03:47 ET
Table 'Cupido' 10-max Seat #5 is the button
Seat 5: Dron21200 ($40.14 in chips)
Seat 6: Ale4o ($108.88 in chips)
Dron21200: posts small blind $1
Ale4o: posts big blind $3
*** HOLE CARDS ***
Dron21200: raises $3 to $6
Ale4o: folds
Uncalled bet ($3) returned to Dron21200
Dron21200 collected $6 from pot
Dron21200: doesn't show hand
*** SUMMARY ***
Total pot $6 | Rake $0
Seat 5: Dron21200 (button) (small blind) collected ($6)
Seat 6: Ale4o (big blind) folded before Flop


PokerStars Hand #155111340734:  Hold'em Limit ($3/$6 USD) - 2016/06/23 16:03:40 ET
Table 'Cupido' 10-max Seat #6 is the button
Seat 5: Dron21200 ($43.14 in chips)
Seat 6: Ale4o ($105.88 in chips)
Ale4o: posts small blind $1
Dron21200: posts big blind $3
*** HOLE CARDS ***
Ale4o: raises $3 to $6
Dron21200: folds
Uncalled bet ($3) returned to Ale4o
Ale4o collected $6 from pot
Ale4o: doesn't show hand
*** SUMMARY ***
Total pot $6 | Rake $0
Seat 5: Dron21200 (big blind) folded before Flop
Seat 6: Ale4o (button) (small blind) collected ($6)


PokerStars Hand #155111335907:  Hold'em Limit ($3/$6 USD) - 2016/06/23 16:03:34 ET
Table 'Cupido' 10-max Seat #5 is the button
Seat 5: Dron21200 ($44.14 in chips)
Seat 6: Ale4o ($104.88 in chips)
Dron21200: posts small blind $1
Ale4o: posts big blind $3
*** HOLE CARDS ***
Dron21200: folds
Uncalled bet ($2) returned to Ale4o
Ale4o collected $2 from pot
Ale4o: doesn't show hand
*** SUMMARY ***
Total pot $2 | Rake $0
Seat 5: Dron21200 (button) (small blind) folded before Flop
Seat 6: Ale4o (big blind) collected ($2)


PokerStars Hand #155111319848:  Hold'em Limit ($3/$6 USD) - 2016/06/23 16:03:13 ET
Table 'Cupido' 10-max Seat #6 is the button
Seat 5: Dron21200 ($35.50 in chips)
Seat 6: Ale4o ($113.88 in chips)
Ale4o: posts small blind $1
Dron21200: posts big blind $3
*** HOLE CARDS ***
Ale4o: raises $3 to $6
Dron21200: calls $3
*** FLOP *** [Ad 3d Qh]
Dron21200: checks
Ale4o: bets $3
Dron21200: calls $3
*** TURN *** [Ad 3d Qh] [3c]
Dron21200: checks
Ale4o: checks
*** RIVER *** [Ad 3d Qh 3c] [Js]
Dron21200: bets $6
Ale4o: folds
Uncalled bet ($6) returned to Dron21200
Dron21200 collected $17.64 from pot
Dron21200: doesn't show hand
*** SUMMARY ***
Total pot $18 | Rake $0.36
Board [Ad 3d Qh 3c Js]
Seat 5: Dron21200 (big blind) collected ($17.64)
Seat 6: Ale4o (button) (small blind) folded on the River


PokerStars Hand #155111303773:  Hold'em Limit ($3/$6 USD) - 2016/06/23 16:02:53 ET
Table 'Cupido' 10-max Seat #5 is the button
Seat 5: Dron21200 ($21 in chips)
Seat 6: Ale4o ($128.88 in chips)
Dron21200: posts small blind $1
Ale4o: posts big blind $3
*** HOLE CARDS ***
Dron21200: calls $2
Ale4o: raises $3 to $6
Dron21200: calls $3
*** FLOP *** [Ts 2s 4h]
Ale4o: bets $3
Dron21200: calls $3
*** TURN *** [Ts 2s 4h] [7s]
Ale4o: bets $6
Dron21200: calls $6
*** RIVER *** [Ts 2s 4h 7s] [9h]
Ale4o: checks
Dron21200: checks
*** SHOW DOWN ***
Ale4o: shows [Ad 8s] (high card Ace)
Dron21200: shows [4d 5d] (a pair of Fours)
Dron21200 collected $29.50 from pot
*** SUMMARY ***
Total pot $30 | Rake $0.50
Board [Ts 2s 4h 7s 9h]
Seat 5: Dron21200 (button) (small blind) showed [4d 5d] and won ($29.50) with a pair of Fours
Seat 6: Ale4o (big blind) showed [Ad 8s] and lost with high card Ace


PokerStars Hand #155111370952:  Hold'em Limit ($3/$6 USD) - 2016/06/23 16:04:19 ET
Table 'Cupido' 10-max Seat #6 is the button
Seat 5: Dron21200 ($33.14 in chips)
Seat 6: Ale4o ($115.52 in chips)
Ale4o: posts small blind $1
Dron21200: posts big blind $3
*** HOLE CARDS ***
Ale4o: raises $3 to $6
Dron21200: calls $3
*** FLOP *** [Kc 4c Qh]
Dron21200: bets $3
Ale4o: folds
Uncalled bet ($3) returned to Dron21200
Dron21200 collected $11.76 from pot
*** SUMMARY ***
Total pot $12 | Rake $0.24
Board [Kc 4c Qh]
Seat 5: Dron21200 (big blind) collected ($11.76)
Seat 6: Ale4o (button) (small blind) folded on the Flop


PokerStars Hand #155111366391:  Hold'em Limit ($3/$6 USD) - 2016/06/23 16:04:14 ET
Table 'Cupido' 10-max Seat #5 is the button
Seat 5: Dron21200 ($34.14 in chips)
Seat 6: Ale4o ($114.52 in chips)
Dron21200: posts small blind $1
Ale4o: posts big blind $3
*** HOLE CARDS ***
Dron21200: folds
Uncalled bet ($2) returned to Ale4o
Ale4o collected $2 from pot
Ale4o: doesn't show hand
*** SUMMARY ***
Total pot $2 | Rake $0
Seat 5: Dron21200 (button) (small blind) folded before Flop
Seat 6: Ale4o (big blind) collected ($2)


PokerStars Hand #155111351601:  Hold'em Limit ($3/$6 USD) - 2016/06/23 16:03:54 ET
Table 'Cupido' 10-max Seat #6 is the button
Seat 5: Dron21200 ($43.14 in chips)
Seat 6: Ale4o ($105.88 in chips)
Ale4o: posts small blind $1
Dron21200: posts big blind $3
*** HOLE CARDS ***
Ale4o: raises $3 to $6
Dron21200: calls $3
*** FLOP *** [2c 2h Td]
Dron21200: checks
Ale4o: bets $3
Dron21200: calls $3
*** TURN *** [2c 2h Td] [4d]
Dron21200: checks
Ale4o: bets $6
Dron21200: folds
Uncalled bet ($6) returned to Ale4o
Ale4o collected $17.64 from pot
Ale4o: doesn't show hand
*** SUMMARY ***
Total pot $18 | Rake $0.36
Board [2c 2h Td 4d]
Seat 5: Dron21200 (big blind) folded on the Turn
Seat 6: Ale4o (button) (small blind) collected ($17.64)


PokerStars Hand #155111434485:  Hold'em Limit ($3/$6 USD) - 2016/06/23 16:05:41 ET
Table 'Cupido' 10-max Seat #5 is the button
Seat 5: Dron21200 ($28.54 in chips)
Seat 6: Ale4o ($119.02 in chips)
Dron21200: posts small blind $1
Ale4o: posts big blind $3
*** HOLE CARDS ***
Dron21200: folds
Uncalled bet ($2) returned to Ale4o
Ale4o collected $2 from pot
Ale4o: doesn't show hand
*** SUMMARY ***
Total pot $2 | Rake $0
Seat 5: Dron21200 (button) (small blind) folded before Flop
Seat 6: Ale4o (big blind) collected ($2)


PokerStars Hand #155111430141:  Hold'em Limit ($3/$6 USD) - 2016/06/23 16:05:35 ET
Table 'Cupido' 10-max Seat #6 is the button
Seat 5: Dron21200 ($27.54 in chips)
Seat 6: Ale4o ($120.02 in chips)
Ale4o: posts small blind $1
Dron21200: posts big blind $3
*** HOLE CARDS ***
Ale4o: folds
Uncalled bet ($2) returned to Dron21200
Dron21200 collected $2 from pot
Dron21200: doesn't show hand
*** SUMMARY ***
Total pot $2 | Rake $0
Seat 5: Dron21200 (big blind) collected ($2)
Seat 6: Ale4o (button) (small blind) folded before Flop


PokerStars Hand #155111425112:  Hold'em Limit ($3/$6 USD) - 2016/06/23 16:05:29 ET
Table 'Cupido' 10-max Seat #5 is the button
Seat 5: Dron21200 ($28.54 in chips)
Seat 6: Ale4o ($119.02 in chips)
Dron21200: posts small blind $1
Ale4o: posts big blind $3
*** HOLE CARDS ***
Dron21200: folds
Uncalled bet ($2) returned to Ale4o
Ale4o collected $2 from pot
Ale4o: doesn't show hand
*** SUMMARY ***
Total pot $2 | Rake $0
Seat 5: Dron21200 (button) (small blind) folded before Flop
Seat 6: Ale4o (big blind) collected ($2)


PokerStars Hand #155111419734:  Hold'em Limit ($3/$6 USD) - 2016/06/23 16:05:22 ET
Table 'Cupido' 10-max Seat #6 is the button
Seat 5: Dron21200 ($31.54 in chips)
Seat 6: Ale4o ($116.02 in chips)
Ale4o: posts small blind $1
Dron21200: posts big blind $3
*** HOLE CARDS ***
Ale4o: raises $3 to $6
Dron21200: folds
Uncalled bet ($3) returned to Ale4o
Ale4o collected $6 from pot
Ale4o: doesn't show hand
*** SUMMARY ***
Total pot $6 | Rake $0
Seat 5: Dron21200 (big blind) folded before Flop
Seat 6: Ale4o (button) (small blind) collected ($6)


PokerStars Hand #155111415255:  Hold'em Limit ($3/$6 USD) - 2016/06/23 16:05:16 ET
Table 'Cupido' 10-max Seat #5 is the button
Seat 5: Dron21200 ($32.54 in chips)
Seat 6: Ale4o ($115.02 in chips)
Dron21200: posts small blind $1
Ale4o: posts big blind $3
*** HOLE CARDS ***
Dron21200: folds
Uncalled bet ($2) returned to Ale4o
Ale4o collected $2 from pot
Ale4o: doesn't show hand
*** SUMMARY ***
Total pot $2 | Rake $0
Seat 5: Dron21200 (button) (small blind) folded before Flop
Seat 6: Ale4o (big blind) collected ($2)


PokerStars Hand #155111395609:  Hold'em Limit ($3/$6 USD) - 2016/06/23 16:04:51 ET
Table 'Cupido' 10-max Seat #6 is the button
Seat 5: Dron21200 ($47.54 in chips)
Seat 6: Ale4o ($100.52 in chips)
Ale4o: posts small blind $1
Dron21200: posts big blind $3
*** HOLE CARDS ***
Ale4o: raises $3 to $6
Dron21200: calls $3
*** FLOP *** [Ts 8s 3d]
Dron21200: checks
Ale4o: bets $3
Dron21200: calls $3
*** TURN *** [Ts 8s 3d] [Ks]
Dron21200: checks
Ale4o: bets $6
Dron21200: calls $6
*** RIVER *** [Ts 8s 3d Ks] [8h]
Dron21200: checks
Ale4o: checks
*** SHOW DOWN ***
Dron21200: shows [Jc 9d] (a pair of Eights)
Ale4o: shows [Kh 9s] (two pair, Kings and Eights)
Ale4o collected $29.50 from pot
*** SUMMARY ***
Total pot $30 | Rake $0.50
Board [Ts 8s 3d Ks 8h]
Seat 5: Dron21200 (big blind) showed [Jc 9d] and lost with a pair of Eights
Seat 6: Ale4o (button) (small blind) showed [Kh 9s] and won ($29.50) with two pair, Kings and Eights


PokerStars Hand #155111483794:  Hold'em Limit ($3/$6 USD) - 2016/06/23 16:06:43 ET
Table 'Cupido' 10-max Seat #6 is the button
Seat 5: Dron21200 ($20.18 in chips)
Seat 6: Ale4o ($126.42 in chips)
Ale4o: posts small blind $1
Dron21200: posts big blind $3
*** HOLE CARDS ***
Ale4o: raises $3 to $6
Dron21200: calls $3
*** FLOP *** [Kc 3c 2c]
Dron21200: checks
Ale4o: bets $3
Dron21200: calls $3
*** TURN *** [Kc 3c 2c] [3s]
Dron21200: checks
Ale4o: checks
*** RIVER *** [Kc 3c 2c 3s] [5s]
Dron21200: bets $6
Ale4o: folds
Uncalled bet ($6) returned to Dron21200
Dron21200 collected $17.64 from pot
Dron21200: doesn't show hand
*** SUMMARY ***
Total pot $18 | Rake $0.36
Board [Kc 3c 2c 3s 5s]
Seat 5: Dron21200 (big blind) collected ($17.64)
Seat 6: Ale4o (button) (small blind) folded on the River


PokerStars Hand #155111479483:  Hold'em Limit ($3/$6 USD) - 2016/06/23 16:06:38 ET
Table 'Cupido' 10-max Seat #5 is the button
Seat 5: Dron21200 ($21.18 in chips)
Seat 6: Ale4o ($125.42 in chips)
Dron21200: posts small blind $1
Ale4o: posts big blind $3
*** HOLE CARDS ***
Dron21200: folds
Uncalled bet ($2) returned to Ale4o
Ale4o collected $2 from pot
Ale4o: doesn't show hand
*** SUMMARY ***
Total pot $2 | Rake $0
Seat 5: Dron21200 (button) (small blind) folded before Flop
Seat 6: Ale4o (big blind) collected ($2)


PokerStars Hand #155111471075:  Hold'em Limit ($3/$6 USD) - 2016/06/23 16:06:27 ET
Table 'Cupido' 10-max Seat #6 is the button
Seat 5: Dron21200 ($27.18 in chips)
Seat 6: Ale4o ($119.66 in chips)
Ale4o: posts small blind $1
Dron21200: posts big blind $3
*** HOLE CARDS ***
Ale4o: raises $3 to $6
Dron21200: calls $3
*** FLOP *** [Kd 2h Qs]
Dron21200: checks
Ale4o: bets $3
Dron21200: folds
Uncalled bet ($3) returned to Ale4o
Ale4o collected $11.76 from pot
Ale4o: doesn't show hand
*** SUMMARY ***
Total pot $12 | Rake $0.24
Board [Kd 2h Qs]
Seat 5: Dron21200 (big blind) folded on the Flop
Seat 6: Ale4o (button) (small blind) collected ($11.76)


PokerStars Hand #155111459451:  Hold'em Limit ($3/$6 USD) - 2016/06/23 16:06:13 ET
Table 'Cupido' 10-max Seat #5 is the button
Seat 5: Dron21200 ($36.18 in chips)
Seat 6: Ale4o ($111.02 in chips)
Dron21200: posts small blind $1
Ale4o: posts big blind $3
*** HOLE CARDS ***
Dron21200: raises $3 to $6
Ale4o: calls $3
*** FLOP *** [7c 4s 5s]
Ale4o: bets $3
Dron21200: calls $3
*** TURN *** [7c 4s 5s] [Jc]
Ale4o: bets $6
Dron21200: folds
Uncalled bet ($6) returned to Ale4o
Ale4o collected $17.64 from pot
Ale4o: doesn't show hand
*** SUMMARY ***
Total pot $18 | Rake $0.36
Board [7c 4s 5s Jc]
Seat 5: Dron21200 (button) (small blind) folded on the Turn
Seat 6: Ale4o (big blind) collected ($17.64)


PokerStars Hand #155111439050:  Hold'em Limit ($3/$6 USD) - 2016/06/23 16:05:47 ET
Table 'Cupido' 10-max Seat #6 is the button
Seat 5: Dron21200 ($27.54 in chips)
Seat 6: Ale4o ($120.02 in chips)
Ale4o: posts small blind $1
Dron21200: posts big blind $3
*** HOLE CARDS ***
Ale4o: raises $3 to $6
Dron21200: calls $3
*** FLOP *** [Jc Qc Ts]
Dron21200: checks
Ale4o: bets $3
Dron21200: calls $3
*** TURN *** [Jc Qc Ts] [8s]
Dron21200: checks
Ale4o: checks
*** RIVER *** [Jc Qc Ts 8s] [5d]
Dron21200: bets $6
Ale4o: folds
Uncalled bet ($6) returned to Dron21200
Dron21200 collected $17.64 from pot
Dron21200: doesn't show hand
*** SUMMARY ***
Total pot $18 | Rake $0.36
Board [Jc Qc Ts 8s 5d]
Seat 5: Dron21200 (big blind) collected ($17.64)
Seat 6: Ale4o (button) (small blind) folded on the River


PokerStars Hand #155111529910:  Hold'em Limit ($3/$6 USD) - 2016/06/23 16:07:36 ET
Table 'Cupido' 10-max Seat #6 is the button
Seat 5: Dron21200 ($49.32 in chips)
Seat 6: Ale4o ($96.42 in chips)
Ale4o: posts small blind $1
Dron21200: posts big blind $3
*** HOLE CARDS ***
Ale4o: raises $3 to $6
Dron21200: calls $3
*** FLOP *** [Td 4c Qc]
Dron21200: checks
Ale4o: bets $3
Dron21200: calls $3
*** TURN *** [Td 4c Qc] [8c]
Dron21200: checks
Ale4o: bets $6
Dron21200: calls $6
*** RIVER *** [Td 4c Qc 8c] [Ac]
Dron21200: checks
Ale4o: checks
*** SHOW DOWN ***
Dron21200: shows [Jh 9s] (a straight, Eight to Queen)
Ale4o: mucks hand
Dron21200 collected $29.50 from pot
*** SUMMARY ***
Total pot $30 | Rake $0.50
Board [Td 4c Qc 8c Ac]
Seat 5: Dron21200 (big blind) showed [Jh 9s] and won ($29.50) with a straight, Eight to Queen
Seat 6: Ale4o (button) (small blind) mucked


PokerStars Hand #155111525895:  Hold'em Limit ($3/$6 USD) - 2016/06/23 16:07:31 ET
Table 'Cupido' 10-max Seat #5 is the button
Seat 5: Dron21200 ($50.32 in chips)
Seat 6: Ale4o ($95.42 in chips)
Dron21200: posts small blind $1
Ale4o: posts big blind $3
*** HOLE CARDS ***
Dron21200: folds
Uncalled bet ($2) returned to Ale4o
Ale4o collected $2 from pot
Ale4o: doesn't show hand
*** SUMMARY ***
Total pot $2 | Rake $0
Seat 5: Dron21200 (button) (small blind) folded before Flop
Seat 6: Ale4o (big blind) collected ($2)


PokerStars Hand #155111521799:  Hold'em Limit ($3/$6 USD) - 2016/06/23 16:07:26 ET
Table 'Cupido' 10-max Seat #6 is the button
Seat 5: Dron21200 ($49.32 in chips)
Seat 6: Ale4o ($96.42 in chips)
Ale4o: posts small blind $1
Dron21200: posts big blind $3
*** HOLE CARDS ***
Ale4o: folds
Uncalled bet ($2) returned to Dron21200
Dron21200 collected $2 from pot
Dron21200: doesn't show hand
*** SUMMARY ***
Total pot $2 | Rake $0
Seat 5: Dron21200 (big blind) collected ($2)
Seat 6: Ale4o (button) (small blind) folded before Flop


PokerStars Hand #155111503712:  Hold'em Limit ($3/$6 USD) - 2016/06/23 16:07:03 ET
Table 'Cupido' 10-max Seat #5 is the button
Seat 5: Dron21200 ($28.82 in chips)
Seat 6: Ale4o ($117.42 in chips)
Dron21200: posts small blind $1
Ale4o: posts big blind $3
*** HOLE CARDS ***
Dron21200: raises $3 to $6
Ale4o: calls $3
*** FLOP *** [3s 3c 2d]
Ale4o: checks
Dron21200: bets $3
Ale4o: calls $3
*** TURN *** [3s 3c 2d] [7d]
Ale4o: checks
Dron21200: checks
*** RIVER *** [3s 3c 2d 7d] [Kd]
Ale4o: bets $6
Dron21200: raises $6 to $12
Ale4o: calls $6
*** SHOW DOWN ***
Dron21200: shows [Kc Js] (two pair, Kings and Threes)
Ale4o: mucks hand
Dron21200 collected $41.50 from pot
*** SUMMARY ***
Total pot $42 | Rake $0.50
Board [3s 3c 2d 7d Kd]
Seat 5: Dron21200 (button) (small blind) showed [Kc Js] and won ($41.50) with two pair, Kings and Threes
Seat 6: Ale4o (big blind) mucked


PokerStars Hand #155111565107:  Hold'em Limit ($3/$6 USD) - 2016/06/23 16:08:21 ET
Table 'Cupido' 10-max Seat #6 is the button
Seat 5: Dron21200 ($62.82 in chips)
Seat 6: Ale4o ($82.42 in chips)
Ale4o: posts small blind $1
Dron21200: posts big blind $3
*** HOLE CARDS ***
Ale4o: raises $3 to $6
Dron21200: calls $3
*** FLOP *** [8s Ks 3c]
Dron21200: checks
Ale4o: bets $3
Dron21200: calls $3
*** TURN *** [8s Ks 3c] [Ah]
Dron21200: checks
Ale4o: bets $6
Dron21200: calls $6
*** RIVER *** [8s Ks 3c Ah] [6d]
Dron21200: checks
Ale4o: bets $6
Dron21200: calls $6
*** SHOW DOWN ***
Ale4o: shows [4h As] (a pair of Aces)
Dron21200: mucks hand
Ale4o collected $41.50 from pot
*** SUMMARY ***
Total pot $42 | Rake $0.50
Board [8s Ks 3c Ah 6d]
Seat 5: Dron21200 (big blind) mucked
Seat 6: Ale4o (button) (small blind) showed [4h As] and won ($41.50) with a pair of Aces


PokerStars Hand #155111559550:  Hold'em Limit ($3/$6 USD) - 2016/06/23 16:08:14 ET
Table 'Cupido' 10-max Seat #5 is the button
Seat 5: Dron21200 ($59.82 in chips)
Seat 6: Ale4o ($85.42 in chips)
Dron21200: posts small blind $1
Ale4o: posts big blind $3
*** HOLE CARDS ***
Dron21200: raises $3 to $6
Ale4o: folds
Uncalled bet ($3) returned to Dron21200
Dron21200 collected $6 from pot
Dron21200: doesn't show hand
*** SUMMARY ***
Total pot $6 | Rake $0
Seat 5: Dron21200 (button) (small blind) collected ($6)
Seat 6: Ale4o (big blind) folded before Flop


PokerStars Hand #155111553624:  Hold'em Limit ($3/$6 USD) - 2016/06/23 16:08:06 ET
Table 'Cupido' 10-max Seat #6 is the button
Seat 5: Dron21200 ($62.82 in chips)
Seat 6: Ale4o ($82.42 in chips)
Ale4o: posts small blind $1
Dron21200: posts big blind $3
*** HOLE CARDS ***
Ale4o: raises $3 to $6
Dron21200: folds
Uncalled bet ($3) returned to Ale4o
Ale4o collected $6 from pot
Ale4o: doesn't show hand
*** SUMMARY ***
Total pot $6 | Rake $0
Seat 5: Dron21200 (big blind) folded before Flop
Seat 6: Ale4o (button) (small blind) collected ($6)


PokerStars Hand #155111547791:  Hold'em Limit ($3/$6 USD) - 2016/06/23 16:07:59 ET
Table 'Cupido' 10-max Seat #5 is the button
Seat 5: Dron21200 ($63.82 in chips)
Seat 6: Ale4o ($81.42 in chips)
Dron21200: posts small blind $1
Ale4o: posts big blind $3
*** HOLE CARDS ***
Dron21200: folds
Uncalled bet ($2) returned to Ale4o
Ale4o collected $2 from pot
Ale4o: doesn't show hand
*** SUMMARY ***
Total pot $2 | Rake $0
Seat 5: Dron21200 (button) (small blind) folded before Flop
Seat 6: Ale4o (big blind) collected ($2)


PokerStars Hand #155111615801:  Hold'em Limit ($3/$6 USD) - 2016/06/23 16:09:26 ET
Table 'Cupido' 10-max Seat #5 is the button
Seat 5: Dron21200 ($41.58 in chips)
Seat 6: Ale4o ($102.68 in chips)
Dron21200: posts small blind $1
Ale4o: posts big blind $3
*** HOLE CARDS ***
Dron21200: folds
Uncalled bet ($2) returned to Ale4o
Ale4o collected $2 from pot
Ale4o: doesn't show hand
*** SUMMARY ***
Total pot $2 | Rake $0
Seat 5: Dron21200 (button) (small blind) folded before Flop
Seat 6: Ale4o (big blind) collected ($2)


PokerStars Hand #155111606683:  Hold'em Limit ($3/$6 USD) - 2016/06/23 16:09:14 ET
Table 'Cupido' 10-max Seat #6 is the button
Seat 5: Dron21200 ($47.58 in chips)
Seat 6: Ale4o ($96.92 in chips)
Ale4o: posts small blind $1
Dron21200: posts big blind $3
*** HOLE CARDS ***
Ale4o: raises $3 to $6
Dron21200: calls $3
*** FLOP *** [Qd 2c Jc]
Dron21200: checks
BrownieSpy joins the table at seat #7
Ale4o: bets $3
Dron21200: folds
Uncalled bet ($3) returned to Ale4o
Ale4o collected $11.76 from pot
Ale4o: doesn't show hand
*** SUMMARY ***
Total pot $12 | Rake $0.24
Board [Qd 2c Jc]
Seat 5: Dron21200 (big blind) folded on the Flop
Seat 6: Ale4o (button) (small blind) collected ($11.76)


PokerStars Hand #155111586773:  Hold'em Limit ($3/$6 USD) - 2016/06/23 16:08:49 ET
Table 'Cupido' 10-max Seat #5 is the button
Seat 5: Dron21200 ($41.82 in chips)
Seat 6: Ale4o ($102.92 in chips)
Dron21200: posts small blind $1
Ale4o: posts big blind $3
*** HOLE CARDS ***
Dron21200: calls $2
Ale4o: checks
*** FLOP *** [8c Td 5s]
Ale4o: checks
Dron21200: bets $3
Ale4o: calls $3
*** TURN *** [8c Td 5s] [2d]
Ale4o: checks
Dron21200: bets $6
Ale4o: folds
Uncalled bet ($6) returned to Dron21200
Dron21200 collected $11.76 from pot
Dron21200: doesn't show hand
*** SUMMARY ***
Total pot $12 | Rake $0.24
Board [8c Td 5s 2d]
Seat 5: Dron21200 (button) (small blind) collected ($11.76)
Seat 6: Ale4o (big blind) folded on the Turn


PokerStars Hand #155111707745:  Hold'em Limit ($3/$6 USD) - 2016/06/23 16:11:25 ET
Table 'Cupido' 10-max Seat #6 is the button
Seat 6: Ale4o ($69.68 in chips)
Seat 7: BrownieSpy ($86.28 in chips)
Ale4o: posts small blind $1
BrownieSpy: posts big blind $3
*** HOLE CARDS ***
Ale4o: raises $3 to $6
Dron21200 leaves the table
BrownieSpy: folds
Uncalled bet ($3) returned to Ale4o
Ale4o collected $6 from pot
Ale4o: doesn't show hand
*** SUMMARY ***
Total pot $6 | Rake $0
Seat 6: Ale4o (button) (small blind) collected ($6)
Seat 7: BrownieSpy (big blind) folded before Flop


