PokerStars Hand #147186452698:  Hold'em Limit ($3/$6 USD) - 2016/01/17 7:18:14 ET
Table 'Cupido' 6-max Seat #2 is the button
Seat 2: Paulllchen ($120 in chips)
Seat 4: Agrotait ($72 in chips)
Paulllchen: posts small blind $1
Agrotait: posts big blind $3
*** HOLE CARDS ***
Paulllchen: calls $2
Agrotait: raises $3 to $6
Paulllchen: calls $3
*** FLOP *** [Kc 2s Jh]
Agrotait: bets $3
Paulllchen: folds
Uncalled bet ($3) returned to Agrotait
Agrotait collected $11.76 from pot
Agrotait: doesn't show hand
*** SUMMARY ***
Total pot $12 | Rake $0.24
Board [Kc 2s Jh]
Seat 2: Paulllchen (button) (small blind) folded on the Flop
Seat 4: Agrotait (big blind) collected ($11.76)


PokerStars Hand #147186518977:  Hold'em Limit ($3/$6 USD) - 2016/01/17 7:19:53 ET
Table 'Cupido' 6-max Seat #2 is the button
Seat 2: Paulllchen ($62 in chips)
Seat 4: Agrotait ($129.26 in chips)
Paulllchen: posts small blind $1
Agrotait: posts big blind $3
*** HOLE CARDS ***
Paulllchen: folds
Uncalled bet ($2) returned to Agrotait
Agrotait collected $2 from pot
Agrotait: doesn't show hand
*** SUMMARY ***
Total pot $2 | Rake $0
Seat 2: Paulllchen (button) (small blind) folded before Flop
Seat 4: Agrotait (big blind) collected ($2)


PokerStars Hand #147186513514:  Hold'em Limit ($3/$6 USD) - 2016/01/17 7:19:45 ET
Table 'Cupido' 6-max Seat #4 is the button
Seat 2: Paulllchen ($65 in chips)
Seat 4: Agrotait ($126.26 in chips)
Agrotait: posts small blind $1
Paulllchen: posts big blind $3
*** HOLE CARDS ***
Agrotait: raises $3 to $6
Paulllchen: folds
Uncalled bet ($3) returned to Agrotait
Agrotait collected $6 from pot
Agrotait: doesn't show hand
*** SUMMARY ***
Total pot $6 | Rake $0
Seat 2: Paulllchen (big blind) folded before Flop
Seat 4: Agrotait (button) (small blind) collected ($6)


PokerStars Hand #147186510110:  Hold'em Limit ($3/$6 USD) - 2016/01/17 7:19:40 ET
Table 'Cupido' 6-max Seat #2 is the button
Seat 2: Paulllchen ($66 in chips)
Seat 4: Agrotait ($125.26 in chips)
Paulllchen: posts small blind $1
Agrotait: posts big blind $3
*** HOLE CARDS ***
Paulllchen: folds
Uncalled bet ($2) returned to Agrotait
Agrotait collected $2 from pot
*** SUMMARY ***
Total pot $2 | Rake $0
Seat 2: Paulllchen (button) (small blind) folded before Flop
Seat 4: Agrotait (big blind) collected ($2)


PokerStars Hand #147186481926:  Hold'em Limit ($3/$6 USD) - 2016/01/17 7:18:58 ET
Table 'Cupido' 6-max Seat #4 is the button
Seat 2: Paulllchen ($114 in chips)
Seat 4: Agrotait ($77.76 in chips)
Agrotait: posts small blind $1
Paulllchen: posts big blind $3
*** HOLE CARDS ***
Agrotait: raises $3 to $6
Paulllchen: calls $3
*** FLOP *** [8h 7c Jc]
Paulllchen: bets $3
Agrotait: raises $3 to $6
Paulllchen: calls $3
*** TURN *** [8h 7c Jc] [Th]
Paulllchen: checks
Agrotait: bets $6
Paulllchen: raises $6 to $12
Agrotait: raises $6 to $18
Paulllchen: raises $6 to $24
Betting is capped
Agrotait: calls $6
*** RIVER *** [8h 7c Jc Th] [8c]
Paulllchen: bets $6
Agrotait: raises $6 to $12
Paulllchen: calls $6
*** SHOW DOWN ***
Agrotait: shows [9c 6c] (a flush, Jack high)
Paulllchen: mucks hand
Agrotait collected $95.50 from pot
*** SUMMARY ***
Total pot $96 | Rake $0.50
Board [8h 7c Jc Th 8c]
Seat 2: Paulllchen (big blind) mucked
Seat 4: Agrotait (button) (small blind) showed [9c 6c] and won ($95.50) with a flush, Jack high


PokerStars Hand #147186549139:  Hold'em Limit ($3/$6 USD) - 2016/01/17 7:20:39 ET
Table 'Cupido' 6-max Seat #4 is the button
Seat 2: Paulllchen ($47 in chips)
Seat 4: Agrotait ($143.76 in chips)
Agrotait: posts small blind $1
Paulllchen: posts big blind $3
*** HOLE CARDS ***
Agrotait: raises $3 to $6
Paulllchen: calls $3
*** FLOP *** [2c 3d 3c]
Paulllchen: checks
Agrotait: checks
*** TURN *** [2c 3d 3c] [4h]
Paulllchen: bets $6
Agrotait: folds
Uncalled bet ($6) returned to Paulllchen
Paulllchen collected $11.76 from pot
*** SUMMARY ***
Total pot $12 | Rake $0.24
Board [2c 3d 3c 4h]
Seat 2: Paulllchen (big blind) collected ($11.76)
Seat 4: Agrotait (button) (small blind) folded on the Turn


PokerStars Hand #147186526213:  Hold'em Limit ($3/$6 USD) - 2016/01/17 7:20:04 ET
Table 'Cupido' 6-max Seat #2 is the button
Seat 2: Paulllchen ($62 in chips)
Seat 4: Agrotait ($129.26 in chips)
Paulllchen: posts small blind $1
Agrotait: posts big blind $3
*** HOLE CARDS ***
Paulllchen: raises $3 to $6
Agrotait: calls $3
*** FLOP *** [8c 9h 3d]
Agrotait: checks
Paulllchen: bets $3
Agrotait: calls $3
*** TURN *** [8c 9h 3d] [3s]
Agrotait: checks
Paulllchen: checks
*** RIVER *** [8c 9h 3d 3s] [7d]
Agrotait: bets $6
Paulllchen: calls $6
*** SHOW DOWN ***
Agrotait: shows [4c 3c] (three of a kind, Threes)
Paulllchen: mucks hand
Agrotait collected $29.50 from pot
*** SUMMARY ***
Total pot $30 | Rake $0.50
Board [8c 9h 3d 3s 7d]
Seat 2: Paulllchen (button) (small blind) mucked
Seat 4: Agrotait (big blind) showed [4c 3c] and won ($29.50) with three of a kind, Threes


PokerStars Hand #147186522274:  Hold'em Limit ($3/$6 USD) - 2016/01/17 7:19:58 ET
Table 'Cupido' 6-max Seat #4 is the button
Seat 2: Paulllchen ($61 in chips)
Seat 4: Agrotait ($130.26 in chips)
Agrotait: posts small blind $1
Paulllchen: posts big blind $3
*** HOLE CARDS ***
Agrotait: folds
Uncalled bet ($2) returned to Paulllchen
Paulllchen collected $2 from pot
*** SUMMARY ***
Total pot $2 | Rake $0
Seat 2: Paulllchen (big blind) collected ($2)
Seat 4: Agrotait (button) (small blind) folded before Flop


PokerStars Hand #147186586415:  Hold'em Limit ($3/$6 USD) - 2016/01/17 7:21:34 ET
Table 'Cupido' 6-max Seat #4 is the button
Seat 2: Paulllchen ($54.52 in chips)
Seat 4: Agrotait ($135.76 in chips)
Agrotait: posts small blind $1
Paulllchen: posts big blind $3
*** HOLE CARDS ***
Agrotait: raises $3 to $6
Paulllchen: folds
Uncalled bet ($3) returned to Agrotait
Agrotait collected $6 from pot
Agrotait: doesn't show hand
*** SUMMARY ***
Total pot $6 | Rake $0
Seat 2: Paulllchen (big blind) folded before Flop
Seat 4: Agrotait (button) (small blind) collected ($6)


PokerStars Hand #147186575784:  Hold'em Limit ($3/$6 USD) - 2016/01/17 7:21:18 ET
Table 'Cupido' 6-max Seat #2 is the button
Seat 2: Paulllchen ($48.76 in chips)
Seat 4: Agrotait ($141.76 in chips)
Paulllchen: posts small blind $1
Agrotait: posts big blind $3
*** HOLE CARDS ***
Paulllchen: raises $3 to $6
Agrotait: calls $3
*** FLOP *** [3s 6s 2s]
Agrotait: checks
Paulllchen: bets $3
Agrotait: folds
Uncalled bet ($3) returned to Paulllchen
Paulllchen collected $11.76 from pot
*** SUMMARY ***
Total pot $12 | Rake $0.24
Board [3s 6s 2s]
Seat 2: Paulllchen (button) (small blind) collected ($11.76)
Seat 4: Agrotait (big blind) folded on the Flop


PokerStars Hand #147186567605:  Hold'em Limit ($3/$6 USD) - 2016/01/17 7:21:06 ET
Table 'Cupido' 6-max Seat #4 is the button
Seat 2: Paulllchen ($51.76 in chips)
Seat 4: Agrotait ($138.76 in chips)
Agrotait: posts small blind $1
Paulllchen: posts big blind $3
*** HOLE CARDS ***
Agrotait: raises $3 to $6
Paulllchen: folds
Uncalled bet ($3) returned to Agrotait
Agrotait collected $6 from pot
Agrotait: doesn't show hand
*** SUMMARY ***
Total pot $6 | Rake $0
Seat 2: Paulllchen (big blind) folded before Flop
Seat 4: Agrotait (button) (small blind) collected ($6)


PokerStars Hand #147186564200:  Hold'em Limit ($3/$6 USD) - 2016/01/17 7:21:01 ET
Table 'Cupido' 6-max Seat #2 is the button
Seat 2: Paulllchen ($52.76 in chips)
Seat 4: Agrotait ($137.76 in chips)
Paulllchen: posts small blind $1
Agrotait: posts big blind $3
*** HOLE CARDS ***
Paulllchen: folds
Uncalled bet ($2) returned to Agrotait
Agrotait collected $2 from pot
Agrotait: doesn't show hand
*** SUMMARY ***
Total pot $2 | Rake $0
Seat 2: Paulllchen (button) (small blind) folded before Flop
Seat 4: Agrotait (big blind) collected ($2)


PokerStars Hand #147186606682:  Hold'em Limit ($3/$6 USD) - 2016/01/17 7:22:04 ET
Table 'Cupido' 6-max Seat #4 is the button
Seat 2: Paulllchen ($54.40 in chips)
Seat 4: Agrotait ($135.76 in chips)
Agrotait: posts small blind $1
Paulllchen: posts big blind $3
*** HOLE CARDS ***
Agrotait: raises $3 to $6
Paulllchen: calls $3
*** FLOP *** [Ks Ah 6h]
Paulllchen: checks
Agrotait: bets $3
Paulllchen: folds
Uncalled bet ($3) returned to Agrotait
Agrotait collected $11.76 from pot
Agrotait: doesn't show hand
*** SUMMARY ***
Total pot $12 | Rake $0.24
Board [Ks Ah 6h]
Seat 2: Paulllchen (big blind) folded on the Flop
Seat 4: Agrotait (button) (small blind) collected ($11.76)


PokerStars Hand #147186590085:  Hold'em Limit ($3/$6 USD) - 2016/01/17 7:21:40 ET
Table 'Cupido' 6-max Seat #2 is the button
Seat 2: Paulllchen ($51.52 in chips)
Seat 4: Agrotait ($138.76 in chips)
Paulllchen: posts small blind $1
Agrotait: posts big blind $3
*** HOLE CARDS ***
Paulllchen: calls $2
Agrotait: checks
*** FLOP *** [Kh Qh 6c]
Agrotait: checks
Paulllchen: bets $3
Agrotait: folds
Uncalled bet ($3) returned to Paulllchen
Paulllchen collected $5.88 from pot
*** SUMMARY ***
Total pot $6 | Rake $0.12
Board [Kh Qh 6c]
Seat 2: Paulllchen (button) (small blind) collected ($5.88)
Seat 4: Agrotait (big blind) folded on the Flop


PokerStars Hand #147186616819:  Hold'em Limit ($3/$6 USD) - 2016/01/17 7:22:19 ET
Table 'Cupido' 6-max Seat #2 is the button
Seat 2: Paulllchen ($48.40 in chips)
Seat 4: Agrotait ($141.52 in chips)
Paulllchen: posts small blind $1
Agrotait: posts big blind $3
*** HOLE CARDS ***
Paulllchen: raises $3 to $6
Agrotait: calls $3
*** FLOP *** [Jc 6h 9d]
Agrotait: checks
Paulllchen: checks
*** TURN *** [Jc 6h 9d] [3h]
harrydonkey joins the table at seat #6
Agrotait: bets $6
Paulllchen: calls $6
*** RIVER *** [Jc 6h 9d 3h] [9s]
Agrotait: checks
Paulllchen: bets $6
Agrotait: folds
Uncalled bet ($6) returned to Paulllchen
Paulllchen collected $23.52 from pot
*** SUMMARY ***
Total pot $24 | Rake $0.48
Board [Jc 6h 9d 3h 9s]
Seat 2: Paulllchen (button) (small blind) collected ($23.52)
Seat 4: Agrotait (big blind) folded on the River


