PokerStars Hand #153034862094:  Hold'em Limit ($3/$6 USD) - 2016/05/08 15:23:25 ET
Table 'Cupido' 6-max Seat #1 is the button
Seat 1: Velbor107 ($297.28 in chips)
Seat 2: pilah20 ($119.28 in chips)
Velbor107: posts small blind $1
pilah20: posts big blind $3
*** HOLE CARDS ***
Velbor107: folds
Uncalled bet ($2) returned to pilah20
pilah20 collected $2 from pot
pilah20: doesn't show hand
*** SUMMARY ***
Total pot $2 | Rake $0
Seat 1: Velbor107 (button) (small blind) folded before Flop
Seat 2: pilah20 (big blind) collected ($2)


PokerStars Hand #153034905575:  Hold'em Limit ($3/$6 USD) - 2016/05/08 15:24:07 ET
Table 'Cupido' 6-max Seat #2 is the button
Seat 1: Velbor107 ($310.78 in chips)
Seat 2: pilah20 ($104.92 in chips)
pilah20: posts small blind $1
Velbor107: posts big blind $3
*** HOLE CARDS ***
pilah20: raises $3 to $6
Velbor107: calls $3
*** FLOP *** [6h 3d 9s]
Velbor107: checks
pilah20: bets $3
Velbor107: raises $3 to $6
pilah20: calls $3
*** TURN *** [6h 3d 9s] [2h]
Velbor107: bets $6
pilah20: folds
Uncalled bet ($6) returned to Velbor107
Velbor107 collected $23.52 from pot
*** SUMMARY ***
Total pot $24 | Rake $0.48
Board [6h 3d 9s 2h]
Seat 1: Velbor107 (big blind) collected ($23.52)
Seat 2: pilah20 (button) (small blind) folded on the Turn


PokerStars Hand #153034884487:  Hold'em Limit ($3/$6 USD) - 2016/05/08 15:23:47 ET
Table 'Cupido' 6-max Seat #1 is the button
Seat 1: Velbor107 ($319.78 in chips)
Seat 2: pilah20 ($96.28 in chips)
Velbor107: posts small blind $1
pilah20: posts big blind $3
*** HOLE CARDS ***
Velbor107: raises $3 to $6
pilah20: calls $3
*** FLOP *** [Ks Qc 3s]
pilah20: checks
Velbor107: bets $3
pilah20: raises $3 to $6
Velbor107: folds
Uncalled bet ($3) returned to pilah20
pilah20 collected $17.64 from pot
pilah20: doesn't show hand
*** SUMMARY ***
Total pot $18 | Rake $0.36
Board [Ks Qc 3s]
Seat 1: Velbor107 (button) (small blind) folded on the Flop
Seat 2: pilah20 (big blind) collected ($17.64)


PokerStars Hand #153034867112:  Hold'em Limit ($3/$6 USD) - 2016/05/08 15:23:30 ET
Table 'Cupido' 6-max Seat #2 is the button
Seat 1: Velbor107 ($296.28 in chips)
Seat 2: pilah20 ($120.28 in chips)
pilah20: posts small blind $1
Velbor107: posts big blind $3
*** HOLE CARDS ***
pilah20: raises $3 to $6
Velbor107: calls $3
*** FLOP *** [2c 8c 4s]
Velbor107: checks
pilah20: bets $3
Velbor107: raises $3 to $6
pilah20: calls $3
*** TURN *** [2c 8c 4s] [Kc]
Velbor107: bets $6
pilah20: calls $6
*** RIVER *** [2c 8c 4s Kc] [4h]
Velbor107: bets $6
pilah20: calls $6
*** SHOW DOWN ***
Velbor107: shows [Ts 2s] (two pair, Fours and Deuces)
pilah20: mucks hand
Velbor107 collected $47.50 from pot
*** SUMMARY ***
Total pot $48 | Rake $0.50
Board [2c 8c 4s Kc 4h]
Seat 1: Velbor107 (big blind) showed [Ts 2s] and won ($47.50) with two pair, Fours and Deuces
Seat 2: pilah20 (button) (small blind) mucked


PokerStars Hand #153034954514:  Hold'em Limit ($3/$6 USD) - 2016/05/08 15:24:56 ET
Table 'Cupido' 6-max Seat #2 is the button
Seat 1: Velbor107 ($350.56 in chips)
Seat 2: pilah20 ($63.92 in chips)
pilah20: posts small blind $1
Velbor107: posts big blind $3
*** HOLE CARDS ***
pilah20: folds
Uncalled bet ($2) returned to Velbor107
Velbor107 collected $2 from pot
*** SUMMARY ***
Total pot $2 | Rake $0
Seat 1: Velbor107 (big blind) collected ($2)
Seat 2: pilah20 (button) (small blind) folded before Flop


PokerStars Hand #153034949131:  Hold'em Limit ($3/$6 USD) - 2016/05/08 15:24:50 ET
Table 'Cupido' 6-max Seat #1 is the button
Seat 1: Velbor107 ($351.56 in chips)
Seat 2: pilah20 ($62.92 in chips)
Velbor107: posts small blind $1
pilah20: posts big blind $3
*** HOLE CARDS ***
Velbor107: folds
Uncalled bet ($2) returned to pilah20
pilah20 collected $2 from pot
pilah20: doesn't show hand
*** SUMMARY ***
Total pot $2 | Rake $0
Seat 1: Velbor107 (button) (small blind) folded before Flop
Seat 2: pilah20 (big blind) collected ($2)


PokerStars Hand #153034937958:  Hold'em Limit ($3/$6 USD) - 2016/05/08 15:24:40 ET
Table 'Cupido' 6-max Seat #2 is the button
Seat 1: Velbor107 ($345.80 in chips)
Seat 2: pilah20 ($68.92 in chips)
pilah20: posts small blind $1
Velbor107: posts big blind $3
*** HOLE CARDS ***
pilah20: raises $3 to $6
Velbor107: calls $3
*** FLOP *** [4d 7c 3c]
Velbor107: checks
pilah20: checks
*** TURN *** [4d 7c 3c] [7h]
Velbor107: bets $6
pilah20: folds
Uncalled bet ($6) returned to Velbor107
Velbor107 collected $11.76 from pot
*** SUMMARY ***
Total pot $12 | Rake $0.24
Board [4d 7c 3c 7h]
Seat 1: Velbor107 (big blind) collected ($11.76)
Seat 2: pilah20 (button) (small blind) folded on the Turn


PokerStars Hand #153034918782:  Hold'em Limit ($3/$6 USD) - 2016/05/08 15:24:21 ET
Table 'Cupido' 6-max Seat #1 is the button
Seat 1: Velbor107 ($322.30 in chips)
Seat 2: pilah20 ($92.92 in chips)
Velbor107: posts small blind $1
pilah20: posts big blind $3
*** HOLE CARDS ***
Velbor107: raises $3 to $6
pilah20: calls $3
*** FLOP *** [Ah 6d 8h]
pilah20: checks
Velbor107: bets $3
pilah20: raises $3 to $6
Velbor107: calls $3
*** TURN *** [Ah 6d 8h] [2s]
pilah20: checks
Velbor107: bets $6
pilah20: calls $6
*** RIVER *** [Ah 6d 8h 2s] [Ac]
pilah20: checks
Velbor107: bets $6
pilah20: calls $6
*** SHOW DOWN ***
Velbor107: shows [As 4c] (three of a kind, Aces)
pilah20: mucks hand
Velbor107 collected $47.50 from pot
*** SUMMARY ***
Total pot $48 | Rake $0.50
Board [Ah 6d 8h 2s Ac]
Seat 1: Velbor107 (button) (small blind) showed [As 4c] and won ($47.50) with three of a kind, Aces
Seat 2: pilah20 (big blind) mucked


PokerStars Hand #153035024448:  Hold'em Limit ($3/$6 USD) - 2016/05/08 15:26:06 ET
Table 'Cupido' 6-max Seat #1 is the button
Seat 1: Velbor107 ($273.56 in chips)
Seat 2: pilah20 ($139.42 in chips)
Velbor107: posts small blind $1
pilah20: posts big blind $3
*** HOLE CARDS ***
Velbor107: raises $3 to $6
pilah20: folds
Uncalled bet ($3) returned to Velbor107
Velbor107 collected $6 from pot
*** SUMMARY ***
Total pot $6 | Rake $0
Seat 1: Velbor107 (button) (small blind) collected ($6)
Seat 2: pilah20 (big blind) folded before Flop


PokerStars Hand #153035019524:  Hold'em Limit ($3/$6 USD) - 2016/05/08 15:26:01 ET
Table 'Cupido' 6-max Seat #2 is the button
Seat 1: Velbor107 ($276.56 in chips)
Seat 2: pilah20 ($136.42 in chips)
pilah20: posts small blind $1
Velbor107: posts big blind $3
*** HOLE CARDS ***
pilah20: raises $3 to $6
Velbor107: folds
Uncalled bet ($3) returned to pilah20
pilah20 collected $6 from pot
pilah20: doesn't show hand
*** SUMMARY ***
Total pot $6 | Rake $0
Seat 1: Velbor107 (big blind) folded before Flop
Seat 2: pilah20 (button) (small blind) collected ($6)


PokerStars Hand #153034999719:  Hold'em Limit ($3/$6 USD) - 2016/05/08 15:25:42 ET
Table 'Cupido' 6-max Seat #1 is the button
Seat 1: Velbor107 ($306.56 in chips)
Seat 2: pilah20 ($106.92 in chips)
Velbor107: posts small blind $1
pilah20: posts big blind $3
*** HOLE CARDS ***
Velbor107: raises $3 to $6
pilah20: calls $3
*** FLOP *** [Qd 3d 6h]
pilah20: checks
Velbor107: bets $3
pilah20: raises $3 to $6
Velbor107: calls $3
*** TURN *** [Qd 3d 6h] [3c]
pilah20: bets $6
Velbor107: calls $6
*** RIVER *** [Qd 3d 6h 3c] [7d]
pilah20: bets $6
Velbor107: raises $6 to $12
pilah20: raises $6 to $18
Velbor107: folds
Uncalled bet ($6) returned to pilah20
pilah20 collected $59.50 from pot
pilah20: doesn't show hand
*** SUMMARY ***
Total pot $60 | Rake $0.50
Board [Qd 3d 6h 3c 7d]
Seat 1: Velbor107 (button) (small blind) folded on the River
Seat 2: pilah20 (big blind) collected ($59.50)


PokerStars Hand #153034985520:  Hold'em Limit ($3/$6 USD) - 2016/05/08 15:25:28 ET
Table 'Cupido' 6-max Seat #2 is the button
Seat 1: Velbor107 ($321.56 in chips)
Seat 2: pilah20 ($92.42 in chips)
pilah20: posts small blind $1
Velbor107: posts big blind $3
*** HOLE CARDS ***
pilah20: raises $3 to $6
Velbor107: calls $3
*** FLOP *** [8s 4s 8c]
Velbor107: checks
pilah20: bets $3
Velbor107: calls $3
*** TURN *** [8s 4s 8c] [7h]
Velbor107: checks
pilah20: checks
*** RIVER *** [8s 4s 8c 7h] [3c]
Velbor107: bets $6
pilah20: calls $6
*** SHOW DOWN ***
Velbor107: shows [6c 9h] (a pair of Eights)
pilah20: shows [5s Ac] (a pair of Eights - Ace kicker)
pilah20 collected $29.50 from pot
*** SUMMARY ***
Total pot $30 | Rake $0.50
Board [8s 4s 8c 7h 3c]
Seat 1: Velbor107 (big blind) showed [6c 9h] and lost with a pair of Eights
Seat 2: pilah20 (button) (small blind) showed [5s Ac] and won ($29.50) with a pair of Eights


PokerStars Hand #153034959092:  Hold'em Limit ($3/$6 USD) - 2016/05/08 15:25:00 ET
Table 'Cupido' 6-max Seat #1 is the button
Seat 1: Velbor107 ($351.56 in chips)
Seat 2: pilah20 ($62.92 in chips)
Velbor107: posts small blind $1
pilah20: posts big blind $3
*** HOLE CARDS ***
Velbor107: raises $3 to $6
pilah20: raises $3 to $9
Velbor107: calls $3
*** FLOP *** [8d Qd 5d]
pilah20: bets $3
Velbor107: calls $3
*** TURN *** [8d Qd 5d] [4h]
pilah20: checks
Velbor107: bets $6
pilah20: calls $6
*** RIVER *** [8d Qd 5d 4h] [Jc]
pilah20: checks
Velbor107: bets $6
pilah20: raises $6 to $12
Velbor107: calls $6
*** SHOW DOWN ***
pilah20: shows [9c Ts] (a straight, Eight to Queen)
Velbor107: mucks hand
pilah20 collected $59.50 from pot
*** SUMMARY ***
Total pot $60 | Rake $0.50
Board [8d Qd 5d 4h Jc]
Seat 1: Velbor107 (button) (small blind) mucked
Seat 2: pilah20 (big blind) showed [9c Ts] and won ($59.50) with a straight, Eight to Queen


PokerStars Hand #153035080995:  Hold'em Limit ($3/$6 USD) - 2016/05/08 15:27:02 ET
Table 'Cupido' 6-max Seat #1 is the button
Seat 1: Velbor107 ($237.32 in chips)
Seat 2: pilah20 ($174.42 in chips)
Velbor107: posts small blind $1
pilah20: posts big blind $3
*** HOLE CARDS ***
Velbor107: raises $3 to $6
pilah20: calls $3
*** FLOP *** [4c 7s 9d]
pilah20: checks
Velbor107: bets $3
pilah20: folds
Uncalled bet ($3) returned to Velbor107
Velbor107 collected $11.76 from pot
*** SUMMARY ***
Total pot $12 | Rake $0.24
Board [4c 7s 9d]
Seat 1: Velbor107 (button) (small blind) collected ($11.76)
Seat 2: pilah20 (big blind) folded on the Flop


PokerStars Hand #153035059416:  Hold'em Limit ($3/$6 USD) - 2016/05/08 15:26:41 ET
Table 'Cupido' 6-max Seat #2 is the button
Seat 1: Velbor107 ($267.32 in chips)
Seat 2: pilah20 ($144.92 in chips)
pilah20: posts small blind $1
Velbor107: posts big blind $3
*** HOLE CARDS ***
pilah20: raises $3 to $6
Velbor107: raises $3 to $9
pilah20: calls $3
*** FLOP *** [7s 3c 2c]
Velbor107: bets $3
pilah20: calls $3
*** TURN *** [7s 3c 2c] [2s]
Velbor107: bets $6
pilah20: raises $6 to $12
Velbor107: calls $6
*** RIVER *** [7s 3c 2c 2s] [9h]
Velbor107: checks
pilah20: bets $6
Velbor107: calls $6
*** SHOW DOWN ***
pilah20: shows [7c 6h] (two pair, Sevens and Deuces)
Velbor107: mucks hand
pilah20 collected $59.50 from pot
*** SUMMARY ***
Total pot $60 | Rake $0.50
Board [7s 3c 2c 2s 9h]
Seat 1: Velbor107 (big blind) mucked
Seat 2: pilah20 (button) (small blind) showed [7c 6h] and won ($59.50) with two pair, Sevens and Deuces


PokerStars Hand #153035050127:  Hold'em Limit ($3/$6 USD) - 2016/05/08 15:26:32 ET
Table 'Cupido' 6-max Seat #1 is the button
Seat 1: Velbor107 ($261.56 in chips)
Seat 2: pilah20 ($150.92 in chips)
Velbor107: posts small blind $1
pilah20: posts big blind $3
*** HOLE CARDS ***
Velbor107: raises $3 to $6
pilah20: calls $3
*** FLOP *** [Th 5d Qh]
pilah20: checks
Velbor107: bets $3
pilah20: folds
Uncalled bet ($3) returned to Velbor107
Velbor107 collected $11.76 from pot
*** SUMMARY ***
Total pot $12 | Rake $0.24
Board [Th 5d Qh]
Seat 1: Velbor107 (button) (small blind) collected ($11.76)
Seat 2: pilah20 (big blind) folded on the Flop


PokerStars Hand #153035035306:  Hold'em Limit ($3/$6 USD) - 2016/05/08 15:26:17 ET
Table 'Cupido' 6-max Seat #2 is the button
Seat 1: Velbor107 ($276.56 in chips)
Seat 2: pilah20 ($136.42 in chips)
pilah20: posts small blind $1
Velbor107: posts big blind $3
*** HOLE CARDS ***
pilah20: raises $3 to $6
Velbor107: raises $3 to $9
pilah20: calls $3
*** FLOP *** [Kh 7s 2s]
Velbor107: bets $3
pilah20: raises $3 to $6
Velbor107: calls $3
*** TURN *** [Kh 7s 2s] [5s]
Velbor107: checks
pilah20: bets $6
Velbor107: folds
Uncalled bet ($6) returned to pilah20
pilah20 collected $29.50 from pot
pilah20: doesn't show hand
*** SUMMARY ***
Total pot $30 | Rake $0.50
Board [Kh 7s 2s 5s]
Seat 1: Velbor107 (big blind) folded on the Turn
Seat 2: pilah20 (button) (small blind) collected ($29.50)


PokerStars Hand #153035140584:  Hold'em Limit ($3/$6 USD) - 2016/05/08 15:28:01 ET
Table 'Cupido' 6-max Seat #1 is the button
Seat 1: Velbor107 ($223.58 in chips)
Seat 2: pilah20 ($186.92 in chips)
Velbor107: posts small blind $1
pilah20: posts big blind $3
*** HOLE CARDS ***
Velbor107: raises $3 to $6
pilah20: calls $3
*** FLOP *** [6d 5s Jc]
pilah20: checks
Velbor107: bets $3
pilah20: raises $3 to $6
Velbor107: calls $3
*** TURN *** [6d 5s Jc] [9c]
pilah20: checks
Velbor107: bets $6
pilah20: calls $6
*** RIVER *** [6d 5s Jc 9c] [7d]
pilah20: checks
Velbor107: checks
*** SHOW DOWN ***
pilah20: shows [5h Qh] (a pair of Fives)
Velbor107: shows [6h Qc] (a pair of Sixes)
Velbor107 collected $35.50 from pot
*** SUMMARY ***
Total pot $36 | Rake $0.50
Board [6d 5s Jc 9c 7d]
Seat 1: Velbor107 (button) (small blind) showed [6h Qc] and won ($35.50) with a pair of Sixes
Seat 2: pilah20 (big blind) showed [5h Qh] and lost with a pair of Fives


PokerStars Hand #153035124609:  Hold'em Limit ($3/$6 USD) - 2016/05/08 15:27:45 ET
Table 'Cupido' 6-max Seat #2 is the button
Seat 1: Velbor107 ($206.08 in chips)
Seat 2: pilah20 ($204.92 in chips)
pilah20: posts small blind $1
Velbor107: posts big blind $3
*** HOLE CARDS ***
pilah20: raises $3 to $6
Velbor107: calls $3
*** FLOP *** [Th 8c 8h]
Velbor107: checks
pilah20: checks
*** TURN *** [Th 8c 8h] [8d]
Velbor107: bets $6
pilah20: calls $6
*** RIVER *** [Th 8c 8h 8d] [6d]
Velbor107: bets $6
pilah20: calls $6
*** SHOW DOWN ***
Velbor107: shows [6c Tc] (a full house, Eights full of Tens)
pilah20: mucks hand
Velbor107 collected $35.50 from pot
*** SUMMARY ***
Total pot $36 | Rake $0.50
Board [Th 8c 8h 8d 6d]
Seat 1: Velbor107 (big blind) showed [6c Tc] and won ($35.50) with a full house, Eights full of Tens
Seat 2: pilah20 (button) (small blind) mucked


PokerStars Hand #153035119127:  Hold'em Limit ($3/$6 USD) - 2016/05/08 15:27:40 ET
Table 'Cupido' 6-max Seat #1 is the button
Seat 1: Velbor107 ($207.08 in chips)
Seat 2: pilah20 ($203.92 in chips)
Velbor107: posts small blind $1
pilah20: posts big blind $3
*** HOLE CARDS ***
Velbor107: folds
Uncalled bet ($2) returned to pilah20
pilah20 collected $2 from pot
pilah20: doesn't show hand
*** SUMMARY ***
Total pot $2 | Rake $0
Seat 1: Velbor107 (button) (small blind) folded before Flop
Seat 2: pilah20 (big blind) collected ($2)


PokerStars Hand #153035088828:  Hold'em Limit ($3/$6 USD) - 2016/05/08 15:27:10 ET
Table 'Cupido' 6-max Seat #2 is the button
Seat 1: Velbor107 ($243.08 in chips)
Seat 2: pilah20 ($168.42 in chips)
pilah20: posts small blind $1
Velbor107: posts big blind $3
*** HOLE CARDS ***
pilah20: raises $3 to $6
Velbor107: calls $3
*** FLOP *** [Qs Th 6s]
Velbor107: checks
pilah20: bets $3
Velbor107: raises $3 to $6
pilah20: calls $3
*** TURN *** [Qs Th 6s] [Qd]
Velbor107: bets $6
pilah20: calls $6
*** RIVER *** [Qs Th 6s Qd] [4d]
Velbor107: bets $6
pilah20: raises $6 to $12
Velbor107: raises $6 to $18
pilah20: raises $6 to $24
Betting is capped
Velbor107: folds
Uncalled bet ($6) returned to pilah20
pilah20 collected $71.50 from pot
pilah20: doesn't show hand
*** SUMMARY ***
Total pot $72 | Rake $0.50
Board [Qs Th 6s Qd 4d]
Seat 1: Velbor107 (big blind) folded on the River
Seat 2: pilah20 (button) (small blind) collected ($71.50)


PokerStars Hand #153035201536:  Hold'em Limit ($3/$6 USD) - 2016/05/08 15:29:01 ET
Table 'Cupido' 6-max Seat #1 is the button
Seat 1: Velbor107 ($230.84 in chips)
Seat 2: pilah20 ($178.56 in chips)
Velbor107: posts small blind $1
pilah20: posts big blind $3
*** HOLE CARDS ***
Velbor107: raises $3 to $6
pilah20: raises $3 to $9
Velbor107: calls $3
*** FLOP *** [Ks 8d Jh]
pilah20: bets $3
Velbor107: raises $3 to $6
pilah20: calls $3
*** TURN *** [Ks 8d Jh] [4d]
pilah20: checks
Velbor107: bets $6
pilah20: calls $6
*** RIVER *** [Ks 8d Jh 4d] [7h]
pilah20: checks
Velbor107: bets $6
pilah20: folds
Uncalled bet ($6) returned to Velbor107
Velbor107 collected $41.50 from pot
*** SUMMARY ***
Total pot $42 | Rake $0.50
Board [Ks 8d Jh 4d 7h]
Seat 1: Velbor107 (button) (small blind) collected ($41.50)
Seat 2: pilah20 (big blind) folded on the River


PokerStars Hand #153035194197:  Hold'em Limit ($3/$6 USD) - 2016/05/08 15:28:54 ET
Table 'Cupido' 6-max Seat #2 is the button
Seat 1: Velbor107 ($233.84 in chips)
Seat 2: pilah20 ($175.56 in chips)
pilah20: posts small blind $1
Velbor107: posts big blind $3
*** HOLE CARDS ***
pilah20: raises $3 to $6
Velbor107: folds
Uncalled bet ($3) returned to pilah20
pilah20 collected $6 from pot
pilah20: doesn't show hand
*** SUMMARY ***
Total pot $6 | Rake $0
Seat 1: Velbor107 (big blind) folded before Flop
Seat 2: pilah20 (button) (small blind) collected ($6)


PokerStars Hand #153035185358:  Hold'em Limit ($3/$6 USD) - 2016/05/08 15:28:45 ET
Table 'Cupido' 6-max Seat #1 is the button
Seat 1: Velbor107 ($228.08 in chips)
Seat 2: pilah20 ($181.56 in chips)
Velbor107: posts small blind $1
pilah20: posts big blind $3
*** HOLE CARDS ***
Velbor107: raises $3 to $6
pilah20: calls $3
*** FLOP *** [As 4c Tc]
pilah20: checks
Velbor107: bets $3
pilah20: folds
Uncalled bet ($3) returned to Velbor107
Velbor107 collected $11.76 from pot
*** SUMMARY ***
Total pot $12 | Rake $0.24
Board [As 4c Tc]
Seat 1: Velbor107 (button) (small blind) collected ($11.76)
Seat 2: pilah20 (big blind) folded on the Flop


PokerStars Hand #153035178197:  Hold'em Limit ($3/$6 USD) - 2016/05/08 15:28:38 ET
Table 'Cupido' 6-max Seat #2 is the button
Seat 1: Velbor107 ($231.08 in chips)
Seat 2: pilah20 ($178.56 in chips)
pilah20: posts small blind $1
Velbor107: posts big blind $3
*** HOLE CARDS ***
pilah20: raises $3 to $6
Velbor107: folds
Uncalled bet ($3) returned to pilah20
pilah20 collected $6 from pot
pilah20: doesn't show hand
*** SUMMARY ***
Total pot $6 | Rake $0
Seat 1: Velbor107 (big blind) folded before Flop
Seat 2: pilah20 (button) (small blind) collected ($6)


PokerStars Hand #153035173419:  Hold'em Limit ($3/$6 USD) - 2016/05/08 15:28:33 ET
Table 'Cupido' 6-max Seat #1 is the button
Seat 1: Velbor107 ($232.08 in chips)
Seat 2: pilah20 ($177.56 in chips)
Velbor107: posts small blind $1
pilah20: posts big blind $3
*** HOLE CARDS ***
Velbor107: folds
Uncalled bet ($2) returned to pilah20
pilah20 collected $2 from pot
pilah20: doesn't show hand
*** SUMMARY ***
Total pot $2 | Rake $0
Seat 1: Velbor107 (button) (small blind) folded before Flop
Seat 2: pilah20 (big blind) collected ($2)


PokerStars Hand #153035157590:  Hold'em Limit ($3/$6 USD) - 2016/05/08 15:28:18 ET
Table 'Cupido' 6-max Seat #2 is the button
Seat 1: Velbor107 ($241.08 in chips)
Seat 2: pilah20 ($168.92 in chips)
pilah20: posts small blind $1
Velbor107: posts big blind $3
*** HOLE CARDS ***
pilah20: raises $3 to $6
Velbor107: calls $3
*** FLOP *** [4c 8c 6d]
Velbor107: checks
pilah20: bets $3
Velbor107: calls $3
*** TURN *** [4c 8c 6d] [6c]
Velbor107: checks
pilah20: bets $6
Velbor107: folds
Uncalled bet ($6) returned to pilah20
pilah20 collected $17.64 from pot
pilah20: doesn't show hand
*** SUMMARY ***
Total pot $18 | Rake $0.36
Board [4c 8c 6d 6c]
Seat 1: Velbor107 (big blind) folded on the Turn
Seat 2: pilah20 (button) (small blind) collected ($17.64)


PokerStars Hand #153035227340:  Hold'em Limit ($3/$6 USD) - 2016/05/08 15:29:27 ET
Table 'Cupido' 6-max Seat #1 is the button
Seat 1: Velbor107 ($248.34 in chips)
Seat 2: pilah20 ($160.56 in chips)
Velbor107: posts small blind $1
pilah20: posts big blind $3
*** HOLE CARDS ***
Velbor107: raises $3 to $6
pilah20: folds
Uncalled bet ($3) returned to Velbor107
Velbor107 collected $6 from pot
*** SUMMARY ***
Total pot $6 | Rake $0
Seat 1: Velbor107 (button) (small blind) collected ($6)
Seat 2: pilah20 (big blind) folded before Flop


PokerStars Hand #153035221083:  Hold'em Limit ($3/$6 USD) - 2016/05/08 15:29:21 ET
Table 'Cupido' 6-max Seat #2 is the button
Seat 1: Velbor107 ($251.34 in chips)
Seat 2: pilah20 ($157.56 in chips)
pilah20: posts small blind $1
Velbor107: posts big blind $3
*** HOLE CARDS ***
pilah20: raises $3 to $6
Velbor107: folds
Uncalled bet ($3) returned to pilah20
pilah20 collected $6 from pot
pilah20: doesn't show hand
*** SUMMARY ***
Total pot $6 | Rake $0
Seat 1: Velbor107 (big blind) folded before Flop
Seat 2: pilah20 (button) (small blind) collected ($6)


PokerStars Hand #153035249077:  Hold'em Limit ($3/$6 USD) - 2016/05/08 15:29:48 ET
Table 'Cupido' 6-max Seat #1 is the button
Seat 1: Velbor107 ($242.34 in chips)
Seat 2: pilah20 ($166.20 in chips)
Velbor107: posts small blind $1
pilah20: posts big blind $3
*** HOLE CARDS ***
Velbor107: folds
Uncalled bet ($2) returned to pilah20
pilah20 collected $2 from pot
pilah20: doesn't show hand
*** SUMMARY ***
Total pot $2 | Rake $0
Seat 1: Velbor107 (button) (small blind) folded before Flop
Seat 2: pilah20 (big blind) collected ($2)


PokerStars Hand #153035234957:  Hold'em Limit ($3/$6 USD) - 2016/05/08 15:29:35 ET
Table 'Cupido' 6-max Seat #2 is the button
Seat 1: Velbor107 ($251.34 in chips)
Seat 2: pilah20 ($157.56 in chips)
pilah20: posts small blind $1
Velbor107: posts big blind $3
*** HOLE CARDS ***
pilah20: raises $3 to $6
Velbor107: calls $3
*** FLOP *** [Ah 9h Js]
Velbor107: checks
pilah20: bets $3
Velbor107: calls $3
*** TURN *** [Ah 9h Js] [3d]
Velbor107: checks
pilah20: bets $6
Velbor107: folds
Uncalled bet ($6) returned to pilah20
pilah20 collected $17.64 from pot
pilah20: doesn't show hand
*** SUMMARY ***
Total pot $18 | Rake $0.36
Board [Ah 9h Js 3d]
Seat 1: Velbor107 (big blind) folded on the Turn
Seat 2: pilah20 (button) (small blind) collected ($17.64)


PokerStars Hand #153035253711:  Hold'em Limit ($3/$6 USD) - 2016/05/08 15:29:53 ET
Table 'Cupido' 6-max Seat #2 is the button
Seat 1: Velbor107 ($241.34 in chips)
Seat 2: pilah20 ($167.20 in chips)
pilah20: posts small blind $1
Velbor107: posts big blind $3
*** HOLE CARDS ***
pilah20: raises $3 to $6
Velbor107: folds
Uncalled bet ($3) returned to pilah20
pilah20 collected $6 from pot
pilah20: doesn't show hand
*** SUMMARY ***
Total pot $6 | Rake $0
Seat 1: Velbor107 (big blind) folded before Flop
Seat 2: pilah20 (button) (small blind) collected ($6)


PokerStars Hand #153035260281:  Hold'em Limit ($3/$6 USD) - 2016/05/08 15:30:00 ET
Table 'Cupido' 6-max Seat #1 is the button
Seat 1: Velbor107 ($238.34 in chips)
Seat 2: pilah20 ($170.20 in chips)
Velbor107: posts small blind $1
pilah20: posts big blind $3
*** HOLE CARDS ***
Velbor107: raises $3 to $6
pilah20: calls $3
*** FLOP *** [4h 2s Td]
pilah20: checks
Velbor107: bets $3
pilah20: folds
Uncalled bet ($3) returned to Velbor107
Velbor107 collected $11.76 from pot
*** SUMMARY ***
Total pot $12 | Rake $0.24
Board [4h 2s Td]
Seat 1: Velbor107 (button) (small blind) collected ($11.76)
Seat 2: pilah20 (big blind) folded on the Flop


PokerStars Hand #153035275479:  Hold'em Limit ($3/$6 USD) - 2016/05/08 15:30:16 ET
Table 'Cupido' 6-max Seat #2 is the button
Seat 1: Velbor107 ($244.10 in chips)
Seat 2: pilah20 ($164.20 in chips)
pilah20: posts small blind $1
Velbor107: posts big blind $3
*** HOLE CARDS ***
pilah20: raises $3 to $6
Velbor107: raises $3 to $9
pilah20: calls $3
*** FLOP *** [2s 5h 2h]
Velbor107: bets $3
pilah20: raises $3 to $6
Velbor107: calls $3
*** TURN *** [2s 5h 2h] [7c]
Velbor107: checks
pilah20: bets $6
Velbor107: raises $6 to $12
pilah20: calls $6
*** RIVER *** [2s 5h 2h 7c] [Js]
Velbor107: bets $6
pilah20: folds
Uncalled bet ($6) returned to Velbor107
Velbor107 collected $53.50 from pot
*** SUMMARY ***
Total pot $54 | Rake $0.50
Board [2s 5h 2h 7c Js]
Seat 1: Velbor107 (big blind) collected ($53.50)
Seat 2: pilah20 (button) (small blind) folded on the River


PokerStars Hand #153035296508:  Hold'em Limit ($3/$6 USD) - 2016/05/08 15:30:37 ET
Table 'Cupido' 6-max Seat #1 is the button
Seat 1: Velbor107 ($270.60 in chips)
Seat 2: pilah20 ($137.20 in chips)
Velbor107: posts small blind $1
pilah20: posts big blind $3
*** HOLE CARDS ***
Velbor107: raises $3 to $6
pilah20: calls $3
*** FLOP *** [2h 4s 7h]
pilah20: checks
Velbor107: bets $3
pilah20: calls $3
*** TURN *** [2h 4s 7h] [Jc]
pilah20: checks
Velbor107: checks
*** RIVER *** [2h 4s 7h Jc] [5s]
pilah20: checks
Velbor107: checks
*** SHOW DOWN ***
pilah20: shows [3c 3s] (a pair of Threes)
Velbor107: mucks hand
pilah20 collected $17.64 from pot
*** SUMMARY ***
Total pot $18 | Rake $0.36
Board [2h 4s 7h Jc 5s]
Seat 1: Velbor107 (button) (small blind) mucked
Seat 2: pilah20 (big blind) showed [3c 3s] and won ($17.64) with a pair of Threes


PokerStars Hand #153035313273:  Hold'em Limit ($3/$6 USD) - 2016/05/08 15:30:54 ET
Table 'Cupido' 6-max Seat #2 is the button
Seat 1: Velbor107 ($261.60 in chips)
Seat 2: pilah20 ($145.84 in chips)
pilah20: posts small blind $1
Velbor107: posts big blind $3
*** HOLE CARDS ***
pilah20: raises $3 to $6
Velbor107: raises $3 to $9
pilah20: calls $3
*** FLOP *** [9h Qd 2h]
Velbor107: bets $3
pilah20: folds
Uncalled bet ($3) returned to Velbor107
Velbor107 collected $17.64 from pot
*** SUMMARY ***
Total pot $18 | Rake $0.36
Board [9h Qd 2h]
Seat 1: Velbor107 (big blind) collected ($17.64)
Seat 2: pilah20 (button) (small blind) folded on the Flop


PokerStars Hand #153035323629:  Hold'em Limit ($3/$6 USD) - 2016/05/08 15:31:04 ET
Table 'Cupido' 6-max Seat #1 is the button
Seat 1: Velbor107 ($270.24 in chips)
Seat 2: pilah20 ($136.84 in chips)
Velbor107: posts small blind $1
pilah20: posts big blind $3
*** HOLE CARDS ***
Velbor107: folds
Uncalled bet ($2) returned to pilah20
pilah20 collected $2 from pot
pilah20: doesn't show hand
*** SUMMARY ***
Total pot $2 | Rake $0
Seat 1: Velbor107 (button) (small blind) folded before Flop
Seat 2: pilah20 (big blind) collected ($2)


PokerStars Hand #153035328599:  Hold'em Limit ($3/$6 USD) - 2016/05/08 15:31:09 ET
Table 'Cupido' 6-max Seat #2 is the button
Seat 1: Velbor107 ($269.24 in chips)
Seat 2: pilah20 ($137.84 in chips)
pilah20: posts small blind $1
Velbor107: posts big blind $3
*** HOLE CARDS ***
pilah20: raises $3 to $6
Velbor107: calls $3
*** FLOP *** [3s Ks 6h]
Velbor107: checks
pilah20: bets $3
Velbor107: raises $3 to $6
pilah20: calls $3
*** TURN *** [3s Ks 6h] [6d]
Velbor107: bets $6
pilah20: calls $6
*** RIVER *** [3s Ks 6h 6d] [3c]
Velbor107: bets $6
pilah20: calls $6
*** SHOW DOWN ***
Velbor107: shows [6c Th] (a full house, Sixes full of Threes)
pilah20: mucks hand
Velbor107 collected $47.50 from pot
*** SUMMARY ***
Total pot $48 | Rake $0.50
Board [3s Ks 6h 6d 3c]
Seat 1: Velbor107 (big blind) showed [6c Th] and won ($47.50) with a full house, Sixes full of Threes
Seat 2: pilah20 (button) (small blind) mucked


PokerStars Hand #153035353489:  Hold'em Limit ($3/$6 USD) - 2016/05/08 15:31:33 ET
Table 'Cupido' 6-max Seat #2 is the button
Seat 1: Velbor107 ($298.50 in chips)
Seat 2: pilah20 ($107.84 in chips)
pilah20: posts small blind $1
Velbor107: posts big blind $3
*** HOLE CARDS ***
pilah20: raises $3 to $6
Velbor107: calls $3
*** FLOP *** [3s Kh 5d]
Velbor107: checks
pilah20: bets $3
Velbor107: raises $3 to $6
pilah20: folds
Uncalled bet ($3) returned to Velbor107
Velbor107 collected $17.64 from pot
*** SUMMARY ***
Total pot $18 | Rake $0.36
Board [3s Kh 5d]
Seat 1: Velbor107 (big blind) collected ($17.64)
Seat 2: pilah20 (button) (small blind) folded on the Flop


PokerStars Hand #153035363961:  Hold'em Limit ($3/$6 USD) - 2016/05/08 15:31:44 ET
Table 'Cupido' 6-max Seat #1 is the button
Seat 1: Velbor107 ($307.14 in chips)
Seat 2: pilah20 ($98.84 in chips)
Velbor107: posts small blind $1
pilah20: posts big blind $3
*** HOLE CARDS ***
Velbor107: folds
Uncalled bet ($2) returned to pilah20
pilah20 collected $2 from pot
pilah20: doesn't show hand
*** SUMMARY ***
Total pot $2 | Rake $0
Seat 1: Velbor107 (button) (small blind) folded before Flop
Seat 2: pilah20 (big blind) collected ($2)


PokerStars Hand #153035368325:  Hold'em Limit ($3/$6 USD) - 2016/05/08 15:31:48 ET
Table 'Cupido' 6-max Seat #2 is the button
Seat 1: Velbor107 ($306.14 in chips)
Seat 2: pilah20 ($99.84 in chips)
pilah20: posts small blind $1
Velbor107: posts big blind $3
*** HOLE CARDS ***
pilah20: raises $3 to $6
Velbor107: calls $3
*** FLOP *** [2c Th 7d]
Velbor107: checks
pilah20: bets $3
Velbor107: raises $3 to $6
pilah20: calls $3
*** TURN *** [2c Th 7d] [4h]
Velbor107: bets $6
pilah20: calls $6
*** RIVER *** [2c Th 7d 4h] [6s]
Velbor107: checks
pilah20: checks
*** SHOW DOWN ***
Velbor107: shows [Ah 7c] (a pair of Sevens)
pilah20: mucks hand
Velbor107 collected $35.50 from pot
*** SUMMARY ***
Total pot $36 | Rake $0.50
Board [2c Th 7d 4h 6s]
Seat 1: Velbor107 (big blind) showed [Ah 7c] and won ($35.50) with a pair of Sevens
Seat 2: pilah20 (button) (small blind) mucked


PokerStars Hand #153035385078:  Hold'em Limit ($3/$6 USD) - 2016/05/08 15:32:05 ET
Table 'Cupido' 6-max Seat #1 is the button
Seat 1: Velbor107 ($323.64 in chips)
Seat 2: pilah20 ($81.84 in chips)
Velbor107: posts small blind $1
pilah20: posts big blind $3
*** HOLE CARDS ***
Velbor107: raises $3 to $6
pilah20: raises $3 to $9
Velbor107: calls $3
*** FLOP *** [Ts Jc Qc]
pilah20: bets $3
Velbor107: calls $3
*** TURN *** [Ts Jc Qc] [Qd]
pilah20: bets $6
Velbor107: calls $6
*** RIVER *** [Ts Jc Qc Qd] [7c]
pilah20: bets $6
Velbor107: calls $6
*** SHOW DOWN ***
pilah20: shows [Jd 5d] (two pair, Queens and Jacks)
Velbor107: shows [9d Js] (two pair, Queens and Jacks)
pilah20 collected $23.75 from pot
Velbor107 collected $23.75 from pot
*** SUMMARY ***
Total pot $48 | Rake $0.50
Board [Ts Jc Qc Qd 7c]
Seat 1: Velbor107 (button) (small blind) showed [9d Js] and won ($23.75) with two pair, Queens and Jacks
Seat 2: pilah20 (big blind) showed [Jd 5d] and won ($23.75) with two pair, Queens and Jacks


PokerStars Hand #153035343835:  Hold'em Limit ($3/$6 USD) - 2016/05/08 15:31:24 ET
Table 'Cupido' 6-max Seat #1 is the button
Seat 1: Velbor107 ($292.74 in chips)
Seat 2: pilah20 ($113.84 in chips)
Velbor107: posts small blind $1
pilah20: posts big blind $3
*** HOLE CARDS ***
Velbor107: raises $3 to $6
pilah20: calls $3
*** FLOP *** [Kc 7h 7d]
pilah20: checks
Velbor107: bets $3
pilah20: folds
Uncalled bet ($3) returned to Velbor107
Velbor107 collected $11.76 from pot
*** SUMMARY ***
Total pot $12 | Rake $0.24
Board [Kc 7h 7d]
Seat 1: Velbor107 (button) (small blind) collected ($11.76)
Seat 2: pilah20 (big blind) folded on the Flop


PokerStars Hand #153035401689:  Hold'em Limit ($3/$6 USD) - 2016/05/08 15:32:21 ET
Table 'Cupido' 6-max Seat #2 is the button
Seat 1: Velbor107 ($323.39 in chips)
Seat 2: pilah20 ($81.59 in chips)
pilah20: posts small blind $1
Velbor107: posts big blind $3
*** HOLE CARDS ***
pilah20: raises $3 to $6
Velbor107: calls $3
*** FLOP *** [Th 4s Jh]
Velbor107: checks
pilah20: checks
*** TURN *** [Th 4s Jh] [6h]
Velbor107: bets $6
pilah20: raises $6 to $12
Velbor107: raises $6 to $18
pilah20: calls $6
*** RIVER *** [Th 4s Jh 6h] [7s]
Velbor107: checks
pilah20: bets $6
Velbor107: calls $6
*** SHOW DOWN ***
pilah20: shows [5c 3s] (a straight, Three to Seven)
Velbor107: mucks hand
pilah20 collected $59.50 from pot
linocarrelli joins the table at seat #6
*** SUMMARY ***
Total pot $60 | Rake $0.50
Board [Th 4s Jh 6h 7s]
Seat 1: Velbor107 (big blind) mucked
Seat 2: pilah20 (button) (small blind) showed [5c 3s] and won ($59.50) with a straight, Three to Seven


PokerStars Hand #153035422208:  Hold'em Limit ($3/$6 USD) - 2016/05/08 15:32:42 ET
Table 'Cupido' 6-max Seat #1 is the button
Seat 1: Velbor107 ($293.39 in chips)
Seat 2: pilah20 ($111.09 in chips)
Velbor107: posts small blind $1
pilah20: posts big blind $3
*** HOLE CARDS ***
Velbor107: raises $3 to $6
pilah20: calls $3
*** FLOP *** [3d Tc 9s]
pilah20: checks
Velbor107: bets $3
pilah20: calls $3
*** TURN *** [3d Tc 9s] [Qh]
pilah20: checks
Velbor107: checks
*** RIVER *** [3d Tc 9s Qh] [8h]
pilah20: checks
Velbor107: bets $6
pilah20: calls $6
*** SHOW DOWN ***
Velbor107: shows [Td 7s] (a pair of Tens)
pilah20: mucks hand
Velbor107 collected $29.50 from pot
*** SUMMARY ***
Total pot $30 | Rake $0.50
Board [3d Tc 9s Qh 8h]
Seat 1: Velbor107 (button) (small blind) showed [Td 7s] and won ($29.50) with a pair of Tens
Seat 2: pilah20 (big blind) mucked


PokerStars Hand #153035549987:  Hold'em Limit ($3/$6 USD) - 2016/05/08 15:34:49 ET
Table 'Cupido' 6-max Seat #6 is the button
Seat 1: Velbor107 ($246.89 in chips)
Seat 6: linocarrelli ($254.59 in chips)
linocarrelli: posts small blind $1
Velbor107: posts big blind $3
*** HOLE CARDS ***
linocarrelli: folds
Uncalled bet ($2) returned to Velbor107
Velbor107 collected $2 from pot
*** SUMMARY ***
Total pot $2 | Rake $0
Seat 1: Velbor107 (big blind) collected ($2)
Seat 6: linocarrelli (button) (small blind) folded before Flop


PokerStars Hand #153035531937:  Hold'em Limit ($3/$6 USD) - 2016/05/08 15:34:31 ET
Table 'Cupido' 6-max Seat #1 is the button
Seat 1: Velbor107 ($258.89 in chips)
Seat 6: linocarrelli ($243.07 in chips)
Velbor107: posts small blind $1
pilah20: is sitting out
linocarrelli: posts big blind $3
*** HOLE CARDS ***
Velbor107: raises $3 to $6
linocarrelli: raises $3 to $9
Velbor107: calls $3
*** FLOP *** [8s Qh 6c]
pilah20 leaves the table
linocarrelli: bets $3
Velbor107: calls $3
*** TURN *** [8s Qh 6c] [8d]
linocarrelli: bets $6
Velbor107: folds
Uncalled bet ($6) returned to linocarrelli
linocarrelli collected $23.52 from pot
linocarrelli: doesn't show hand
*** SUMMARY ***
Total pot $24 | Rake $0.48
Board [8s Qh 6c 8d]
Seat 1: Velbor107 (button) (small blind) folded on the Turn
Seat 6: linocarrelli (big blind) collected ($23.52)


PokerStars Hand #153035557269:  Hold'em Limit ($3/$6 USD) - 2016/05/08 15:34:56 ET
Table 'Cupido' 6-max Seat #1 is the button
Seat 1: Velbor107 ($247.89 in chips)
Seat 6: linocarrelli ($253.59 in chips)
Velbor107: posts small blind $1
linocarrelli: posts big blind $3
*** HOLE CARDS ***
Velbor107: folds
Uncalled bet ($2) returned to linocarrelli
linocarrelli collected $2 from pot
*** SUMMARY ***
Total pot $2 | Rake $0
Seat 1: Velbor107 (button) (small blind) folded before Flop
Seat 6: linocarrelli (big blind) collected ($2)


PokerStars Hand #153035600218:  Hold'em Limit ($3/$6 USD) - 2016/05/08 15:35:40 ET
Table 'Cupido' 6-max Seat #1 is the button
Seat 1: Velbor107 ($228.89 in chips)
Seat 6: linocarrelli ($272.09 in chips)
Velbor107: posts small blind $1
linocarrelli: posts big blind $3
*** HOLE CARDS ***
Velbor107: folds
Uncalled bet ($2) returned to linocarrelli
linocarrelli collected $2 from pot
linocarrelli: doesn't show hand
*** SUMMARY ***
Total pot $2 | Rake $0
Seat 1: Velbor107 (button) (small blind) folded before Flop
Seat 6: linocarrelli (big blind) collected ($2)


PokerStars Hand #153035562156:  Hold'em Limit ($3/$6 USD) - 2016/05/08 15:35:01 ET
Table 'Cupido' 6-max Seat #6 is the button
Seat 1: Velbor107 ($246.89 in chips)
Seat 6: linocarrelli ($254.59 in chips)
linocarrelli: posts small blind $1
Velbor107: posts big blind $3
*** HOLE CARDS ***
linocarrelli: raises $3 to $6
Velbor107: calls $3
*** FLOP *** [Ks 8d 7h]
Velbor107: checks
linocarrelli: checks
*** TURN *** [Ks 8d 7h] [4c]
Velbor107: bets $6
linocarrelli: calls $6
*** RIVER *** [Ks 8d 7h 4c] [2h]
Velbor107: bets $6
linocarrelli: calls $6
*** SHOW DOWN ***
Velbor107: shows [6c 3c] (high card King)
linocarrelli: shows [Ad 4s] (a pair of Fours)
linocarrelli collected $35.50 from pot
*** SUMMARY ***
Total pot $36 | Rake $0.50
Board [Ks 8d 7h 4c 2h]
Seat 1: Velbor107 (big blind) showed [6c 3c] and lost with high card King
Seat 6: linocarrelli (button) (small blind) showed [Ad 4s] and won ($35.50) with a pair of Fours


PokerStars Hand #153035605385:  Hold'em Limit ($3/$6 USD) - 2016/05/08 15:35:45 ET
Table 'Cupido' 6-max Seat #6 is the button
Seat 1: Velbor107 ($227.89 in chips)
Seat 6: linocarrelli ($273.09 in chips)
linocarrelli: posts small blind $1
Velbor107: posts big blind $3
*** HOLE CARDS ***
linocarrelli: calls $2
Velbor107: checks
*** FLOP *** [9d 6h 5h]
Velbor107: checks
linocarrelli: bets $3
Velbor107: folds
Uncalled bet ($3) returned to linocarrelli
linocarrelli collected $5.88 from pot
linocarrelli: doesn't show hand
*** SUMMARY ***
Total pot $6 | Rake $0.12
Board [9d 6h 5h]
Seat 1: Velbor107 (big blind) folded on the Flop
Seat 6: linocarrelli (button) (small blind) collected ($5.88)


PokerStars Hand #153035616989:  Hold'em Limit ($3/$6 USD) - 2016/05/08 15:35:57 ET
Table 'Cupido' 6-max Seat #1 is the button
Seat 1: Velbor107 ($224.89 in chips)
Seat 6: linocarrelli ($275.97 in chips)
Velbor107: posts small blind $1
linocarrelli: posts big blind $3
*** HOLE CARDS ***
Velbor107: raises $3 to $6
linocarrelli: folds
Uncalled bet ($3) returned to Velbor107
linocarrelli leaves the table
Velbor107 collected $6 from pot
*** SUMMARY ***
Total pot $6 | Rake $0
Seat 1: Velbor107 (button) (small blind) collected ($6)
Seat 6: linocarrelli (big blind) folded before Flop


