PokerStars Hand #145058619715:  Hold'em Limit ($3/$6 USD) - 2015/12/09 1:15:16 ET
Table 'Cursa' 6-max Seat #6 is the button
Seat 3: FeiteFrank ($88.67 in chips)
Seat 6: scorpio04 ($72 in chips)
scorpio04: posts small blind $1
FeiteFrank: posts big blind $3
*** HOLE CARDS ***
scorpio04: raises $3 to $6
FeiteFrank: calls $3
*** FLOP *** [6c 6d Th]
FeiteFrank: checks
scorpio04: bets $3
FeiteFrank: folds
Uncalled bet ($3) returned to scorpio04
scorpio04 collected $11.76 from pot
scorpio04: doesn't show hand
*** SUMMARY ***
Total pot $12 | Rake $0.24
Board [6c 6d Th]
Seat 3: FeiteFrank (big blind) folded on the Flop
Seat 6: scorpio04 (button) (small blind) collected ($11.76)


PokerStars Hand #145058616148:  Hold'em Limit ($3/$6 USD) - 2015/12/09 1:15:03 ET
Table 'Cursa' 6-max Seat #3 is the button
Seat 3: FeiteFrank ($82.91 in chips)
Seat 6: scorpio04 ($72 in chips)
FeiteFrank: posts small blind $1
scorpio04: posts big blind $3
*** HOLE CARDS ***
FeiteFrank: raises $3 to $6
scorpio04: calls $3
*** FLOP *** [2d 8h Ac]
scorpio04: checks
FeiteFrank: bets $3
scorpio04: folds
Uncalled bet ($3) returned to FeiteFrank
FeiteFrank collected $11.76 from pot
*** SUMMARY ***
Total pot $12 | Rake $0.24
Board [2d 8h Ac]
Seat 3: FeiteFrank (button) (small blind) collected ($11.76)
Seat 6: scorpio04 (big blind) folded on the Flop


PokerStars Hand #145058614925:  Hold'em Limit ($3/$6 USD) - 2015/12/09 1:14:58 ET
Table 'Cursa' 6-max Seat #6 is the button
Seat 3: FeiteFrank ($81.91 in chips)
Seat 6: scorpio04 ($72 in chips)
scorpio04: posts small blind $1
FeiteFrank: posts big blind $3
*** HOLE CARDS ***
scorpio04: folds
Uncalled bet ($2) returned to FeiteFrank
FeiteFrank collected $2 from pot
*** SUMMARY ***
Total pot $2 | Rake $0
Seat 3: FeiteFrank (big blind) collected ($2)
Seat 6: scorpio04 (button) (small blind) folded before Flop


PokerStars Hand #145058612799:  Hold'em Limit ($3/$6 USD) - 2015/12/09 1:14:50 ET
Table 'Cursa' 6-max Seat #3 is the button
Seat 3: FeiteFrank ($78.91 in chips)
Seat 6: scorpio04 ($72 in chips)
FeiteFrank: posts small blind $1
Agrotait: is sitting out
HAL9QQQ: is sitting out
scorpio04: posts big blind $3
*** HOLE CARDS ***
FeiteFrank: raises $3 to $6
HAL9QQQ leaves the table
scorpio04: folds
Uncalled bet ($3) returned to FeiteFrank
FeiteFrank collected $6 from pot
*** SUMMARY ***
Total pot $6 | Rake $0
Seat 3: FeiteFrank (button) (small blind) collected ($6)
Seat 6: scorpio04 (big blind) folded before Flop


PokerStars Hand #145058621968:  Hold'em Limit ($3/$6 USD) - 2015/12/09 1:15:25 ET
Table 'Cursa' 6-max Seat #3 is the button
Seat 3: FeiteFrank ($82.67 in chips)
Seat 6: scorpio04 ($77.76 in chips)
FeiteFrank: posts small blind $1
scorpio04: posts big blind $3
*** HOLE CARDS ***
FeiteFrank: raises $3 to $6
scorpio04: calls $3
*** FLOP *** [Qc 3s Jc]
Agrotait leaves the table
scorpio04: checks
FeiteFrank: bets $3
scorpio04: calls $3
*** TURN *** [Qc 3s Jc] [Jd]
scorpio04: checks
FeiteFrank: bets $6
scorpio04: calls $6
*** RIVER *** [Qc 3s Jc Jd] [Qd]
scorpio04: checks
FeiteFrank: bets $6
scorpio04: folds
Uncalled bet ($6) returned to FeiteFrank
FeiteFrank collected $29.50 from pot
*** SUMMARY ***
Total pot $30 | Rake $0.50
Board [Qc 3s Jc Jd Qd]
Seat 3: FeiteFrank (button) (small blind) collected ($29.50)
Seat 6: scorpio04 (big blind) folded on the River


PokerStars Hand #145058627992:  Hold'em Limit ($3/$6 USD) - 2015/12/09 1:15:47 ET
Table 'Cursa' 6-max Seat #6 is the button
Seat 3: FeiteFrank ($97.17 in chips)
Seat 6: scorpio04 ($72 in chips)
scorpio04: posts small blind $1
FeiteFrank: posts big blind $3
*** HOLE CARDS ***
scorpio04: raises $3 to $6
FeiteFrank: calls $3
*** FLOP *** [Jh Ad 4c]
FeiteFrank: checks
scorpio04: bets $3
FeiteFrank: calls $3
*** TURN *** [Jh Ad 4c] [Th]
FeiteFrank: checks
scorpio04: checks
*** RIVER *** [Jh Ad 4c Th] [6d]
FeiteFrank: bets $6
scorpio04: calls $6
*** SHOW DOWN ***
FeiteFrank: shows [Jd 3s] (a pair of Jacks)
scorpio04: mucks hand
FeiteFrank collected $29.50 from pot
*** SUMMARY ***
Total pot $30 | Rake $0.50
Board [Jh Ad 4c Th 6d]
Seat 3: FeiteFrank (big blind) showed [Jd 3s] and won ($29.50) with a pair of Jacks
Seat 6: scorpio04 (button) (small blind) mucked


PokerStars Hand #145058643249:  Hold'em Limit ($3/$6 USD) - 2015/12/09 1:16:45 ET
Table 'Cursa' 6-max Seat #3 is the button
Seat 3: FeiteFrank ($111.67 in chips)
Seat 6: scorpio04 ($72 in chips)
FeiteFrank: posts small blind $1
scorpio04: posts big blind $3
*** HOLE CARDS ***
FeiteFrank: raises $3 to $6
scorpio04: calls $3
*** FLOP *** [5d Qd Kd]
scorpio04: checks
FeiteFrank: bets $3
_fayzulllo_ is disconnected
scorpio04: folds
Uncalled bet ($3) returned to FeiteFrank
FeiteFrank collected $11.76 from pot
*** SUMMARY ***
Total pot $12 | Rake $0.24
Board [5d Qd Kd]
Seat 3: FeiteFrank (button) (small blind) collected ($11.76)
Seat 6: scorpio04 (big blind) folded on the Flop


PokerStars Hand #145058703985:  Hold'em Limit ($3/$6 USD) - 2015/12/09 1:20:33 ET
Table 'Cursa' 6-max Seat #6 is the button
Seat 3: FeiteFrank ($139.05 in chips)
Seat 6: scorpio04 ($79.64 in chips)
scorpio04: posts small blind $1
ChOfW: is sitting out
FeiteFrank: posts big blind $3
*** HOLE CARDS ***
ChOfW leaves the table
scorpio04: raises $3 to $6
FeiteFrank: raises $3 to $9
scorpio04: calls $3
*** FLOP *** [Qs 6h 3d]
FeiteFrank: bets $3
scorpio04: calls $3
*** TURN *** [Qs 6h 3d] [9h]
FeiteFrank: bets $6
scorpio04: calls $6
*** RIVER *** [Qs 6h 3d 9h] [As]
FeiteFrank: bets $6
scorpio04: calls $6
*** SHOW DOWN ***
FeiteFrank: shows [9d Kd] (a pair of Nines)
scorpio04: mucks hand
FeiteFrank collected $47.50 from pot
*** SUMMARY ***
Total pot $48 | Rake $0.50
Board [Qs 6h 3d 9h As]
Seat 3: FeiteFrank (big blind) showed [9d Kd] and won ($47.50) with a pair of Nines
Seat 6: scorpio04 (button) (small blind) mucked


PokerStars Hand #145058710735:  Hold'em Limit ($3/$6 USD) - 2015/12/09 1:20:58 ET
Table 'Cursa' 6-max Seat #3 is the button
Seat 3: FeiteFrank ($162.55 in chips)
Seat 6: scorpio04 ($72 in chips)
FeiteFrank: posts small blind $1
scorpio04: posts big blind $3
*** HOLE CARDS ***
FeiteFrank: raises $3 to $6
scorpio04: calls $3
*** FLOP *** [Ad 6d 4s]
scorpio04: checks
FeiteFrank: bets $3
scorpio04: calls $3
*** TURN *** [Ad 6d 4s] [7h]
scorpio04: checks
FeiteFrank: bets $6
scorpio04: calls $6
*** RIVER *** [Ad 6d 4s 7h] [9s]
scorpio04: checks
FeiteFrank: bets $6
scorpio04: calls $6
*** SHOW DOWN ***
FeiteFrank: shows [Ac Tc] (a pair of Aces)
scorpio04: mucks hand
FeiteFrank collected $41.50 from pot
*** SUMMARY ***
Total pot $42 | Rake $0.50
Board [Ad 6d 4s 7h 9s]
Seat 3: FeiteFrank (button) (small blind) showed [Ac Tc] and won ($41.50) with a pair of Aces
Seat 6: scorpio04 (big blind) mucked


PokerStars Hand #145058715449:  Hold'em Limit ($3/$6 USD) - 2015/12/09 1:21:16 ET
Table 'Cursa' 6-max Seat #6 is the button
Seat 3: FeiteFrank ($183.05 in chips)
Seat 6: scorpio04 ($72 in chips)
scorpio04: posts small blind $1
FeiteFrank: posts big blind $3
*** HOLE CARDS ***
scorpio04: folds
Uncalled bet ($2) returned to FeiteFrank
FeiteFrank collected $2 from pot
*** SUMMARY ***
Total pot $2 | Rake $0
Seat 3: FeiteFrank (big blind) collected ($2)
Seat 6: scorpio04 (button) (small blind) folded before Flop


PokerStars Hand #145058719780:  Hold'em Limit ($3/$6 USD) - 2015/12/09 1:21:32 ET
Table 'Cursa' 6-max Seat #6 is the button
Seat 3: FeiteFrank ($183.05 in chips)
Seat 6: scorpio04 ($73 in chips)
scorpio04: posts small blind $1
FeiteFrank: posts big blind $3
*** HOLE CARDS ***
scorpio04: raises $3 to $6
FeiteFrank: calls $3
*** FLOP *** [Qs Tc 7d]
FeiteFrank: checks
scorpio04: bets $3
FeiteFrank: folds
Uncalled bet ($3) returned to scorpio04
scorpio04 collected $11.76 from pot
scorpio04: doesn't show hand
*** SUMMARY ***
Total pot $12 | Rake $0.24
Board [Qs Tc 7d]
Seat 3: FeiteFrank (big blind) folded on the Flop
Seat 6: scorpio04 (button) (small blind) collected ($11.76)


PokerStars Hand #145058723537:  Hold'em Limit ($3/$6 USD) - 2015/12/09 1:21:47 ET
Table 'Cursa' 6-max Seat #3 is the button
Seat 3: FeiteFrank ($177.05 in chips)
Seat 6: scorpio04 ($78.76 in chips)
FeiteFrank: posts small blind $1
scorpio04: posts big blind $3
*** HOLE CARDS ***
FeiteFrank: raises $3 to $6
scorpio04: calls $3
*** FLOP *** [Ad 7c Tc]
scorpio04: checks
FeiteFrank: bets $3
scorpio04: raises $3 to $6
FeiteFrank: calls $3
*** TURN *** [Ad 7c Tc] [Js]
scorpio04: checks
FeiteFrank: bets $6
scorpio04: calls $6
*** RIVER *** [Ad 7c Tc Js] [5h]
scorpio04: checks
FeiteFrank: bets $6
scorpio04: calls $6
*** SHOW DOWN ***
FeiteFrank: shows [2c Ah] (a pair of Aces)
scorpio04: mucks hand
FeiteFrank collected $47.50 from pot
*** SUMMARY ***
Total pot $48 | Rake $0.50
Board [Ad 7c Tc Js 5h]
Seat 3: FeiteFrank (button) (small blind) showed [2c Ah] and won ($47.50) with a pair of Aces
Seat 6: scorpio04 (big blind) mucked


PokerStars Hand #145058734222:  Hold'em Limit ($3/$6 USD) - 2015/12/09 1:22:26 ET
Table 'Cursa' 6-max Seat #6 is the button
Seat 3: FeiteFrank ($200.55 in chips)
Seat 6: scorpio04 ($72 in chips)
scorpio04: posts small blind $1
FeiteFrank: posts big blind $3
*** HOLE CARDS ***
scorpio04: folds
Uncalled bet ($2) returned to FeiteFrank
FeiteFrank collected $2 from pot
*** SUMMARY ***
Total pot $2 | Rake $0
Seat 3: FeiteFrank (big blind) collected ($2)
Seat 6: scorpio04 (button) (small blind) folded before Flop


PokerStars Hand #145058736770:  Hold'em Limit ($3/$6 USD) - 2015/12/09 1:22:36 ET
Table 'Cursa' 6-max Seat #6 is the button
Seat 3: FeiteFrank ($200.55 in chips)
Seat 6: scorpio04 ($73 in chips)
scorpio04: posts small blind $1
FeiteFrank: posts big blind $3
*** HOLE CARDS ***
scorpio04: raises $3 to $6
FeiteFrank: calls $3
*** FLOP *** [3s 2d 5d]
FeiteFrank: checks
scorpio04: bets $3
FeiteFrank: calls $3
*** TURN *** [3s 2d 5d] [6h]
FeiteFrank: checks
scorpio04: checks
*** RIVER *** [3s 2d 5d 6h] [6s]
FeiteFrank: bets $6
scorpio04: calls $6
*** SHOW DOWN ***
FeiteFrank: shows [Ah Th] (a pair of Sixes)
scorpio04: mucks hand
FeiteFrank collected $29.50 from pot
*** SUMMARY ***
Total pot $30 | Rake $0.50
Board [3s 2d 5d 6h 6s]
Seat 3: FeiteFrank (big blind) showed [Ah Th] and won ($29.50) with a pair of Sixes
Seat 6: scorpio04 (button) (small blind) mucked


PokerStars Hand #145058745231:  Hold'em Limit ($3/$6 USD) - 2015/12/09 1:23:07 ET
Table 'Cursa' 6-max Seat #3 is the button
Seat 3: FeiteFrank ($215.05 in chips)
Seat 6: scorpio04 ($72 in chips)
FeiteFrank: posts small blind $1
scorpio04: posts big blind $3
*** HOLE CARDS ***
FeiteFrank: raises $3 to $6
scorpio04: calls $3
*** FLOP *** [6s 2s Kc]
scorpio04: checks
FeiteFrank: bets $3
scorpio04: calls $3
*** TURN *** [6s 2s Kc] [3s]
scorpio04: checks
FeiteFrank: bets $6
scorpio04: calls $6
*** RIVER *** [6s 2s Kc 3s] [Jd]
scorpio04: checks
FeiteFrank: bets $6
scorpio04: calls $6
*** SHOW DOWN ***
FeiteFrank: shows [Kd 4s] (a pair of Kings)
scorpio04: mucks hand
FeiteFrank collected $41.50 from pot
*** SUMMARY ***
Total pot $42 | Rake $0.50
Board [6s 2s Kc 3s Jd]
Seat 3: FeiteFrank (button) (small blind) showed [Kd 4s] and won ($41.50) with a pair of Kings
Seat 6: scorpio04 (big blind) mucked


PokerStars Hand #145058756345:  Hold'em Limit ($3/$6 USD) - 2015/12/09 1:23:49 ET
Table 'Cursa' 6-max Seat #6 is the button
Seat 3: FeiteFrank ($235.55 in chips)
Seat 6: scorpio04 ($72 in chips)
scorpio04: posts small blind $1
FeiteFrank: posts big blind $3
*** HOLE CARDS ***
scorpio04: raises $3 to $6
FeiteFrank: calls $3
*** FLOP *** [Th Kd 4c]
FeiteFrank: checks
scorpio04: bets $3
FeiteFrank: folds
Uncalled bet ($3) returned to scorpio04
scorpio04 collected $11.76 from pot
scorpio04: doesn't show hand
*** SUMMARY ***
Total pot $12 | Rake $0.24
Board [Th Kd 4c]
Seat 3: FeiteFrank (big blind) folded on the Flop
Seat 6: scorpio04 (button) (small blind) collected ($11.76)


PokerStars Hand #145058760295:  Hold'em Limit ($3/$6 USD) - 2015/12/09 1:24:03 ET
Table 'Cursa' 6-max Seat #3 is the button
Seat 3: FeiteFrank ($229.55 in chips)
Seat 6: scorpio04 ($77.76 in chips)
FeiteFrank: posts small blind $1
scorpio04: posts big blind $3
*** HOLE CARDS ***
FeiteFrank: raises $3 to $6
scorpio04: raises $3 to $9
FeiteFrank: calls $3
*** FLOP *** [Td 4s 6h]
scorpio04: bets $3
FeiteFrank: raises $3 to $6
scorpio04: calls $3
*** TURN *** [Td 4s 6h] [Kh]
scorpio04: checks
FeiteFrank: checks
*** RIVER *** [Td 4s 6h Kh] [7c]
scorpio04: bets $6
FeiteFrank: calls $6
*** SHOW DOWN ***
scorpio04: shows [Ks Jd] (a pair of Kings)
FeiteFrank: mucks hand
scorpio04 collected $41.50 from pot
*** SUMMARY ***
Total pot $42 | Rake $0.50
Board [Td 4s 6h Kh 7c]
Seat 3: FeiteFrank (button) (small blind) mucked
Seat 6: scorpio04 (big blind) showed [Ks Jd] and won ($41.50) with a pair of Kings


PokerStars Hand #145058767064:  Hold'em Limit ($3/$6 USD) - 2015/12/09 1:24:29 ET
Table 'Cursa' 6-max Seat #6 is the button
Seat 3: FeiteFrank ($208.55 in chips)
Seat 6: scorpio04 ($98.26 in chips)
scorpio04: posts small blind $1
FeiteFrank: posts big blind $3
*** HOLE CARDS ***
scorpio04: raises $3 to $6
FeiteFrank: raises $3 to $9
scorpio04: calls $3
*** FLOP *** [5s Qh 2d]
FeiteFrank: bets $3
scorpio04: calls $3
*** TURN *** [5s Qh 2d] [7d]
FeiteFrank: bets $6
scorpio04: calls $6
*** RIVER *** [5s Qh 2d 7d] [Ks]
FeiteFrank: bets $6
scorpio04: calls $6
*** SHOW DOWN ***
FeiteFrank: shows [Ts Qd] (a pair of Queens)
scorpio04: mucks hand
FeiteFrank collected $47.50 from pot
*** SUMMARY ***
Total pot $48 | Rake $0.50
Board [5s Qh 2d 7d Ks]
Seat 3: FeiteFrank (big blind) showed [Ts Qd] and won ($47.50) with a pair of Queens
Seat 6: scorpio04 (button) (small blind) mucked


PokerStars Hand #145058774185:  Hold'em Limit ($3/$6 USD) - 2015/12/09 1:24:56 ET
Table 'Cursa' 6-max Seat #6 is the button
Seat 3: FeiteFrank ($231.05 in chips)
Seat 6: scorpio04 ($75.26 in chips)
scorpio04: posts small blind $1
FeiteFrank: posts big blind $3
*** HOLE CARDS ***
scorpio04: raises $3 to $6
FeiteFrank: calls $3
*** FLOP *** [4h 9c 8d]
FeiteFrank: checks
scorpio04: bets $3
FeiteFrank: calls $3
*** TURN *** [4h 9c 8d] [Th]
FeiteFrank: checks
scorpio04: checks
*** RIVER *** [4h 9c 8d Th] [2s]
FeiteFrank: bets $6
scorpio04: calls $6
*** SHOW DOWN ***
FeiteFrank: shows [Td As] (a pair of Tens)
scorpio04: mucks hand
FeiteFrank collected $29.50 from pot
*** SUMMARY ***
Total pot $30 | Rake $0.50
Board [4h 9c 8d Th 2s]
Seat 3: FeiteFrank (big blind) showed [Td As] and won ($29.50) with a pair of Tens
Seat 6: scorpio04 (button) (small blind) mucked


PokerStars Hand #145058780454:  Hold'em Limit ($3/$6 USD) - 2015/12/09 1:25:20 ET
Table 'Cursa' 6-max Seat #3 is the button
Seat 3: FeiteFrank ($245.55 in chips)
Seat 6: scorpio04 ($72 in chips)
FeiteFrank: posts small blind $1
scorpio04: posts big blind $3
*** HOLE CARDS ***
FeiteFrank: raises $3 to $6
scorpio04: calls $3
*** FLOP *** [2s Ad Tc]
scorpio04: checks
FeiteFrank: bets $3
scorpio04: folds
Uncalled bet ($3) returned to FeiteFrank
FeiteFrank collected $11.76 from pot
*** SUMMARY ***
Total pot $12 | Rake $0.24
Board [2s Ad Tc]
Seat 3: FeiteFrank (button) (small blind) collected ($11.76)
Seat 6: scorpio04 (big blind) folded on the Flop


PokerStars Hand #145058784199:  Hold'em Limit ($3/$6 USD) - 2015/12/09 1:25:34 ET
Table 'Cursa' 6-max Seat #6 is the button
Seat 3: FeiteFrank ($251.31 in chips)
Seat 6: scorpio04 ($72 in chips)
scorpio04: posts small blind $1
FeiteFrank: posts big blind $3
*** HOLE CARDS ***
scorpio04: raises $3 to $6
FeiteFrank: calls $3
*** FLOP *** [5s 4c 7h]
FeiteFrank: checks
scorpio04: bets $3
FeiteFrank: raises $3 to $6
scorpio04: calls $3
*** TURN *** [5s 4c 7h] [Ac]
FeiteFrank: bets $6
scorpio04: raises $6 to $12
FeiteFrank: calls $6
*** RIVER *** [5s 4c 7h Ac] [Th]
FeiteFrank: checks
scorpio04: bets $6
FeiteFrank: folds
Uncalled bet ($6) returned to scorpio04
scorpio04 collected $47.50 from pot
scorpio04: doesn't show hand
*** SUMMARY ***
Total pot $48 | Rake $0.50
Board [5s 4c 7h Ac Th]
Seat 3: FeiteFrank (big blind) folded on the River
Seat 6: scorpio04 (button) (small blind) collected ($47.50)


PokerStars Hand #145058792765:  Hold'em Limit ($3/$6 USD) - 2015/12/09 1:26:07 ET
Table 'Cursa' 6-max Seat #3 is the button
Seat 3: FeiteFrank ($227.31 in chips)
Seat 6: scorpio04 ($95.50 in chips)
FeiteFrank: posts small blind $1
scorpio04: posts big blind $3
*** HOLE CARDS ***
FeiteFrank: raises $3 to $6
scorpio04: raises $3 to $9
FeiteFrank: calls $3
*** FLOP *** [Jh 4d 5d]
scorpio04: bets $3
FeiteFrank: calls $3
*** TURN *** [Jh 4d 5d] [Ah]
scorpio04: bets $6
SuperShark joins the table at seat #2
FeiteFrank: calls $6
*** RIVER *** [Jh 4d 5d Ah] [8d]
scorpio04: bets $6
FeiteFrank: calls $6
*** SHOW DOWN ***
scorpio04: shows [Jc Ad] (two pair, Aces and Jacks)
FeiteFrank: mucks hand
scorpio04 collected $47.50 from pot
*** SUMMARY ***
Total pot $48 | Rake $0.50
Board [Jh 4d 5d Ah 8d]
Seat 3: FeiteFrank (button) (small blind) mucked
Seat 6: scorpio04 (big blind) showed [Jc Ad] and won ($47.50) with two pair, Aces and Jacks


PokerStars Hand #145058808724:  Hold'em Limit ($3/$6 USD) - 2015/12/09 1:27:07 ET
Table 'Cursa' 6-max Seat #2 is the button
Seat 2: SuperShark ($87.85 in chips)
Seat 6: scorpio04 ($138.74 in chips)
SuperShark: posts small blind $1
scorpio04: posts big blind $3
*** HOLE CARDS ***
SuperShark: raises $3 to $6
scorpio04: calls $3
*** FLOP *** [9d 9h 3h]
scorpio04: checks
SuperShark: bets $3
scorpio04: folds
Uncalled bet ($3) returned to SuperShark
SuperShark collected $11.76 from pot
*** SUMMARY ***
Total pot $12 | Rake $0.24
Board [9d 9h 3h]
Seat 2: SuperShark (button) (small blind) collected ($11.76)
Seat 6: scorpio04 (big blind) folded on the Flop


PokerStars Hand #145058814727:  Hold'em Limit ($3/$6 USD) - 2015/12/09 1:27:29 ET
Table 'Cursa' 6-max Seat #6 is the button
Seat 2: SuperShark ($93.61 in chips)
Seat 6: scorpio04 ($132.74 in chips)
scorpio04: posts small blind $1
SuperShark: posts big blind $3
*** HOLE CARDS ***
scorpio04: raises $3 to $6
SuperShark: calls $3
*** FLOP *** [8h 8s 4d]
SuperShark: checks
assitoni joins the table at seat #3
scorpio04: bets $3
SuperShark: folds
Uncalled bet ($3) returned to scorpio04
scorpio04 collected $11.76 from pot
scorpio04: doesn't show hand
*** SUMMARY ***
Total pot $12 | Rake $0.24
Board [8h 8s 4d]
Seat 2: SuperShark (big blind) folded on the Flop
Seat 6: scorpio04 (button) (small blind) collected ($11.76)


PokerStars Hand #145058888700:  Hold'em Limit ($3/$6 USD) - 2015/12/09 1:32:13 ET
Table 'Cursa' 6-max Seat #6 is the button
Seat 3: assitoni ($155.61 in chips)
Seat 6: scorpio04 ($234.53 in chips)
scorpio04: posts small blind $1
assitoni: posts big blind $3
*** HOLE CARDS ***
scorpio04: raises $3 to $6
SuperShark leaves the table
assitoni: folds
Uncalled bet ($3) returned to scorpio04
scorpio04 collected $6 from pot
scorpio04: doesn't show hand
*** SUMMARY ***
Total pot $6 | Rake $0
Seat 3: assitoni (big blind) folded before Flop
Seat 6: scorpio04 (button) (small blind) collected ($6)


PokerStars Hand #145058891538:  Hold'em Limit ($3/$6 USD) - 2015/12/09 1:32:24 ET
Table 'Cursa' 6-max Seat #3 is the button
Seat 3: assitoni ($152.61 in chips)
Seat 6: scorpio04 ($237.53 in chips)
assitoni: posts small blind $1
scorpio04: posts big blind $3
*** HOLE CARDS ***
assitoni: raises $3 to $6
scorpio04: raises $3 to $9
assitoni: calls $3
*** FLOP *** [7s As Jc]
scorpio04: bets $3
assitoni: calls $3
*** TURN *** [7s As Jc] [Jd]
scorpio04: checks
assitoni: bets $6
scorpio04: calls $6
*** RIVER *** [7s As Jc Jd] [5s]
scorpio04: checks
assitoni: checks
*** SHOW DOWN ***
scorpio04: shows [Ad Kd] (two pair, Aces and Jacks)
assitoni: mucks hand
scorpio04 collected $35.50 from pot
*** SUMMARY ***
Total pot $36 | Rake $0.50
Board [7s As Jc Jd 5s]
Seat 3: assitoni (button) (small blind) mucked
Seat 6: scorpio04 (big blind) showed [Ad Kd] and won ($35.50) with two pair, Aces and Jacks


