PokerStars Hand #151511297187:  Hold'em Limit ($3/$6 USD) - 2016/04/06 8:11:29 ET
Table 'Cyane II' 10-max Seat #6 is the button
Seat 5: ct-650 ($141 in chips)
Seat 6: robertass84 ($120 in chips)
robertass84: posts small blind $1
ct-650: posts big blind $3
*** HOLE CARDS ***
robertass84: raises $3 to $6
ct-650: calls $3
*** FLOP *** [9c 7s 5d]
ct-650: checks
robertass84: bets $3
ct-650: calls $3
*** TURN *** [9c 7s 5d] [Qs]
ct-650: checks
robertass84: bets $6
ct-650: folds
Uncalled bet ($6) returned to robertass84
robertass84 collected $17.64 from pot
robertass84: doesn't show hand
*** SUMMARY ***
Total pot $18 | Rake $0.36
Board [9c 7s 5d Qs]
Seat 5: ct-650 (big blind) folded on the Turn
Seat 6: robertass84 (button) (small blind) collected ($17.64)


PokerStars Hand #151517571450:  Hold'em Limit ($3/$6 USD) - 2016/04/06 11:04:46 ET
Table 'Cyane II' 10-max Seat #7 is the button
Seat 5: __P0o_P0o__ ($116.52 in chips)
Seat 7: owenheadch ($302.40 in chips)
owenheadch: posts small blind $1
__P0o_P0o__: posts big blind $3
*** HOLE CARDS ***
owenheadch: raises $3 to $6
__P0o_P0o__: calls $3
*** FLOP *** [2s 3h As]
__P0o_P0o__: checks
owenheadch: checks
*** TURN *** [2s 3h As] [7s]
__P0o_P0o__: bets $6
owenheadch: folds [Jc Kd]
Uncalled bet ($6) returned to __P0o_P0o__
__P0o_P0o__ collected $11.76 from pot
*** SUMMARY ***
Total pot $12 | Rake $0.24
Board [2s 3h As 7s]
Seat 5: __P0o_P0o__ (big blind) collected ($11.76)
Seat 7: owenheadch (button) (small blind) folded on the Turn


PokerStars Hand #151517561202:  Hold'em Limit ($3/$6 USD) - 2016/04/06 11:04:31 ET
Table 'Cyane II' 10-max Seat #5 is the button
Seat 5: __P0o_P0o__ ($128.52 in chips)
Seat 7: owenheadch ($290.88 in chips)
__P0o_P0o__: posts small blind $1
owenheadch: posts big blind $3
*** HOLE CARDS ***
__P0o_P0o__: raises $3 to $6
owenheadch: raises $3 to $9
__P0o_P0o__: calls $3
*** FLOP *** [7d 6c Kh]
owenheadch: checks
__P0o_P0o__: bets $3
owenheadch: calls $3
*** TURN *** [7d 6c Kh] [6d]
owenheadch: checks
__P0o_P0o__: checks
*** RIVER *** [7d 6c Kh 6d] [3s]
owenheadch: checks
__P0o_P0o__: checks
*** SHOW DOWN ***
owenheadch: shows [5h Ah] (a pair of Sixes)
__P0o_P0o__: mucks hand
owenheadch collected $23.52 from pot
*** SUMMARY ***
Total pot $24 | Rake $0.48
Board [7d 6c Kh 6d 3s]
Seat 5: __P0o_P0o__ (button) (small blind) mucked
Seat 7: owenheadch (big blind) showed [5h Ah] and won ($23.52) with a pair of Sixes


PokerStars Hand #151517552069:  Hold'em Limit ($3/$6 USD) - 2016/04/06 11:04:18 ET
Table 'Cyane II' 10-max Seat #7 is the button
Seat 5: __P0o_P0o__ ($131.52 in chips)
Seat 7: owenheadch ($288 in chips)
owenheadch: posts small blind $1
__P0o_P0o__: posts big blind $3
*** HOLE CARDS ***
owenheadch: calls $2
__P0o_P0o__: checks
*** FLOP *** [Jh 7s As]
__P0o_P0o__: checks
owenheadch: checks
*** TURN *** [Jh 7s As] [8d]
__P0o_P0o__: checks
owenheadch: bets $6
__P0o_P0o__: folds
Uncalled bet ($6) returned to owenheadch
owenheadch collected $5.88 from pot
owenheadch: doesn't show hand
*** SUMMARY ***
Total pot $6 | Rake $0.12
Board [Jh 7s As 8d]
Seat 5: __P0o_P0o__ (big blind) folded on the Turn
Seat 7: owenheadch (button) (small blind) collected ($5.88)


PokerStars Hand #151517617047:  Hold'em Limit ($3/$6 USD) - 2016/04/06 11:05:53 ET
Table 'Cyane II' 10-max Seat #7 is the button
Seat 5: __P0o_P0o__ ($129.56 in chips)
Seat 7: owenheadch ($287.92 in chips)
owenheadch: posts small blind $1
__P0o_P0o__: posts big blind $3
*** HOLE CARDS ***
owenheadch: calls $2
__P0o_P0o__: raises $3 to $6
owenheadch: calls $3
*** FLOP *** [9h Kc 5h]
__P0o_P0o__: bets $3
owenheadch: folds
Uncalled bet ($3) returned to __P0o_P0o__
__P0o_P0o__ collected $11.76 from pot
*** SUMMARY ***
Total pot $12 | Rake $0.24
Board [9h Kc 5h]
Seat 5: __P0o_P0o__ (big blind) collected ($11.76)
Seat 7: owenheadch (button) (small blind) folded on the Flop


PokerStars Hand #151517612087:  Hold'em Limit ($3/$6 USD) - 2016/04/06 11:05:45 ET
Table 'Cyane II' 10-max Seat #5 is the button
Seat 5: __P0o_P0o__ ($123.80 in chips)
Seat 7: owenheadch ($293.92 in chips)
__P0o_P0o__: posts small blind $1
owenheadch: posts big blind $3
*** HOLE CARDS ***
__P0o_P0o__: raises $3 to $6
owenheadch: calls $3
*** FLOP *** [Qh Ad 6d]
owenheadch: checks
__P0o_P0o__: bets $3
owenheadch: folds
Uncalled bet ($3) returned to __P0o_P0o__
__P0o_P0o__ collected $11.76 from pot
*** SUMMARY ***
Total pot $12 | Rake $0.24
Board [Qh Ad 6d]
Seat 5: __P0o_P0o__ (button) (small blind) collected ($11.76)
Seat 7: owenheadch (big blind) folded on the Flop


PokerStars Hand #151517601648:  Hold'em Limit ($3/$6 USD) - 2016/04/06 11:05:30 ET
Table 'Cyane II' 10-max Seat #7 is the button
Seat 5: __P0o_P0o__ ($135.80 in chips)
Seat 7: owenheadch ($282.40 in chips)
owenheadch: posts small blind $1
__P0o_P0o__: posts big blind $3
*** HOLE CARDS ***
owenheadch: raises $3 to $6
__P0o_P0o__: raises $3 to $9
owenheadch: raises $3 to $12
Betting is capped
__P0o_P0o__: calls $3
*** FLOP *** [6h 9d 7c]
__P0o_P0o__: checks
owenheadch: checks
*** TURN *** [6h 9d 7c] [2c]
__P0o_P0o__: checks
owenheadch: bets $6
__P0o_P0o__: folds
Uncalled bet ($6) returned to owenheadch
owenheadch collected $23.52 from pot
owenheadch: doesn't show hand
*** SUMMARY ***
Total pot $24 | Rake $0.48
Board [6h 9d 7c 2c]
Seat 5: __P0o_P0o__ (big blind) folded on the Turn
Seat 7: owenheadch (button) (small blind) collected ($23.52)


PokerStars Hand #151517598834:  Hold'em Limit ($3/$6 USD) - 2016/04/06 11:05:26 ET
Table 'Cyane II' 10-max Seat #5 is the button
Seat 5: __P0o_P0o__ ($136.80 in chips)
Seat 7: owenheadch ($281.40 in chips)
__P0o_P0o__: posts small blind $1
owenheadch: posts big blind $3
*** HOLE CARDS ***
__P0o_P0o__: folds
Uncalled bet ($2) returned to owenheadch
owenheadch collected $2 from pot
owenheadch: doesn't show hand
*** SUMMARY ***
Total pot $2 | Rake $0
Seat 5: __P0o_P0o__ (button) (small blind) folded before Flop
Seat 7: owenheadch (big blind) collected ($2)


PokerStars Hand #151517584332:  Hold'em Limit ($3/$6 USD) - 2016/04/06 11:05:05 ET
Table 'Cyane II' 10-max Seat #7 is the button
Seat 5: __P0o_P0o__ ($125.28 in chips)
Seat 7: owenheadch ($293.40 in chips)
owenheadch: posts small blind $1
__P0o_P0o__: posts big blind $3
*** HOLE CARDS ***
owenheadch: raises $3 to $6
__P0o_P0o__: calls $3
*** FLOP *** [Jd 2c Ah]
__P0o_P0o__: checks
owenheadch: bets $3
__P0o_P0o__: raises $3 to $6
owenheadch: calls $3
*** TURN *** [Jd 2c Ah] [6h]
__P0o_P0o__: bets $6
owenheadch: folds
Uncalled bet ($6) returned to __P0o_P0o__
__P0o_P0o__ collected $23.52 from pot
*** SUMMARY ***
Total pot $24 | Rake $0.48
Board [Jd 2c Ah 6h]
Seat 5: __P0o_P0o__ (big blind) collected ($23.52)
Seat 7: owenheadch (button) (small blind) folded on the Turn


PokerStars Hand #151517580625:  Hold'em Limit ($3/$6 USD) - 2016/04/06 11:05:00 ET
Table 'Cyane II' 10-max Seat #5 is the button
Seat 5: __P0o_P0o__ ($122.28 in chips)
Seat 7: owenheadch ($296.40 in chips)
__P0o_P0o__: posts small blind $1
owenheadch: posts big blind $3
*** HOLE CARDS ***
__P0o_P0o__: raises $3 to $6
owenheadch: folds
Uncalled bet ($3) returned to __P0o_P0o__
__P0o_P0o__ collected $6 from pot
*** SUMMARY ***
Total pot $6 | Rake $0
Seat 5: __P0o_P0o__ (button) (small blind) collected ($6)
Seat 7: owenheadch (big blind) folded before Flop


PokerStars Hand #151517655256:  Hold'em Limit ($3/$6 USD) - 2016/04/06 11:06:49 ET
Table 'Cyane II' 10-max Seat #5 is the button
Seat 5: __P0o_P0o__ ($120.82 in chips)
Seat 7: owenheadch ($295.06 in chips)
__P0o_P0o__: posts small blind $1
owenheadch: posts big blind $3
*** HOLE CARDS ***
__P0o_P0o__ said, "what ? ;)"
__P0o_P0o__: folds
Uncalled bet ($2) returned to owenheadch
owenheadch collected $2 from pot
owenheadch: doesn't show hand
*** SUMMARY ***
Total pot $2 | Rake $0
Seat 5: __P0o_P0o__ (button) (small blind) folded before Flop
Seat 7: owenheadch (big blind) collected ($2)


PokerStars Hand #151517650912:  Hold'em Limit ($3/$6 USD) - 2016/04/06 11:06:42 ET
Table 'Cyane II' 10-max Seat #7 is the button
Seat 5: __P0o_P0o__ ($119.82 in chips)
Seat 7: owenheadch ($296.06 in chips)
owenheadch: posts small blind $1
__P0o_P0o__: posts big blind $3
*** HOLE CARDS ***
owenheadch: folds
Uncalled bet ($2) returned to __P0o_P0o__
__P0o_P0o__ collected $2 from pot
*** SUMMARY ***
Total pot $2 | Rake $0
Seat 5: __P0o_P0o__ (big blind) collected ($2)
Seat 7: owenheadch (button) (small blind) folded before Flop


PokerStars Hand #151517640276:  Hold'em Limit ($3/$6 USD) - 2016/04/06 11:06:27 ET
Table 'Cyane II' 10-max Seat #5 is the button
Seat 5: __P0o_P0o__ ($149.82 in chips)
Seat 7: owenheadch ($266.56 in chips)
__P0o_P0o__: posts small blind $1
owenheadch: posts big blind $3
*** HOLE CARDS ***
owenheadch said, "lucky mron"
__P0o_P0o__: raises $3 to $6
owenheadch: calls $3
*** FLOP *** [4h Ts 5s]
owenheadch: checks
__P0o_P0o__: bets $3
owenheadch: raises $3 to $6
__P0o_P0o__: raises $3 to $9
owenheadch: raises $3 to $12
Betting is capped
__P0o_P0o__: calls $3
*** TURN *** [4h Ts 5s] [7d]
owenheadch: bets $6
__P0o_P0o__: calls $6
*** RIVER *** [4h Ts 5s 7d] [3d]
owenheadch: bets $6
__P0o_P0o__: calls $6
*** SHOW DOWN ***
owenheadch: shows [Qs 6s] (a straight, Three to Seven)
__P0o_P0o__: mucks hand
owenheadch collected $59.50 from pot
*** SUMMARY ***
Total pot $60 | Rake $0.50
Board [4h Ts 5s 7d 3d]
Seat 5: __P0o_P0o__ (button) (small blind) mucked
Seat 7: owenheadch (big blind) showed [Qs 6s] and won ($59.50) with a straight, Three to Seven


PokerStars Hand #151517628701:  Hold'em Limit ($3/$6 USD) - 2016/04/06 11:06:10 ET
Table 'Cyane II' 10-max Seat #7 is the button
Seat 5: __P0o_P0o__ ($126.32 in chips)
Seat 7: owenheadch ($290.56 in chips)
owenheadch: posts small blind $1
__P0o_P0o__: posts big blind $3
*** HOLE CARDS ***
owenheadch: raises $3 to $6
__P0o_P0o__: calls $3
*** FLOP *** [8s Qs 2c]
__P0o_P0o__: checks
owenheadch: bets $3
__P0o_P0o__: raises $3 to $6
owenheadch: calls $3
*** TURN *** [8s Qs 2c] [Qh]
__P0o_P0o__: bets $6
owenheadch: calls $6
*** RIVER *** [8s Qs 2c Qh] [Td]
__P0o_P0o__: bets $6
owenheadch: calls $6
*** SHOW DOWN ***
__P0o_P0o__: shows [8c Js] (two pair, Queens and Eights)
owenheadch: mucks hand
__P0o_P0o__ collected $47.50 from pot
*** SUMMARY ***
Total pot $48 | Rake $0.50
Board [8s Qs 2c Qh Td]
Seat 5: __P0o_P0o__ (big blind) showed [8c Js] and won ($47.50) with two pair, Queens and Eights
Seat 7: owenheadch (button) (small blind) mucked


PokerStars Hand #151517622557:  Hold'em Limit ($3/$6 USD) - 2016/04/06 11:06:01 ET
Table 'Cyane II' 10-max Seat #5 is the button
Seat 5: __P0o_P0o__ ($135.32 in chips)
Seat 7: owenheadch ($281.92 in chips)
__P0o_P0o__: posts small blind $1
owenheadch: posts big blind $3
*** HOLE CARDS ***
__P0o_P0o__: raises $3 to $6
owenheadch: raises $3 to $9
__P0o_P0o__: calls $3
*** FLOP *** [8h 2h 7h]
owenheadch: bets $3
__P0o_P0o__: folds
Uncalled bet ($3) returned to owenheadch
owenheadch collected $17.64 from pot
owenheadch: doesn't show hand
*** SUMMARY ***
Total pot $18 | Rake $0.36
Board [8h 2h 7h]
Seat 5: __P0o_P0o__ (button) (small blind) folded on the Flop
Seat 7: owenheadch (big blind) collected ($17.64)


PokerStars Hand #151517667376:  Hold'em Limit ($3/$6 USD) - 2016/04/06 11:07:07 ET
Table 'Cyane II' 10-max Seat #5 is the button
Seat 5: __P0o_P0o__ ($113.82 in chips)
Seat 7: owenheadch ($301.82 in chips)
__P0o_P0o__: posts small blind $1
owenheadch: posts big blind $3
*** HOLE CARDS ***
__P0o_P0o__: folds
Uncalled bet ($2) returned to owenheadch
owenheadch collected $2 from pot
owenheadch: doesn't show hand
*** SUMMARY ***
Total pot $2 | Rake $0
Seat 5: __P0o_P0o__ (button) (small blind) folded before Flop
Seat 7: owenheadch (big blind) collected ($2)


PokerStars Hand #151517659989:  Hold'em Limit ($3/$6 USD) - 2016/04/06 11:06:56 ET
Table 'Cyane II' 10-max Seat #7 is the button
Seat 5: __P0o_P0o__ ($119.82 in chips)
Seat 7: owenheadch ($296.06 in chips)
owenheadch: posts small blind $1
__P0o_P0o__: posts big blind $3
*** HOLE CARDS ***
owenheadch: raises $3 to $6
__P0o_P0o__: calls $3
*** FLOP *** [Js 6s 4s]
__P0o_P0o__: checks
owenheadch: checks
*** TURN *** [Js 6s 4s] [As]
__P0o_P0o__: checks
owenheadch: bets $6
__P0o_P0o__: folds
Uncalled bet ($6) returned to owenheadch
owenheadch collected $11.76 from pot
owenheadch: doesn't show hand
*** SUMMARY ***
Total pot $12 | Rake $0.24
Board [Js 6s 4s As]
Seat 5: __P0o_P0o__ (big blind) folded on the Turn
Seat 7: owenheadch (button) (small blind) collected ($11.76)


PokerStars Hand #151517670222:  Hold'em Limit ($3/$6 USD) - 2016/04/06 11:07:11 ET
Table 'Cyane II' 10-max Seat #7 is the button
Seat 5: __P0o_P0o__ ($112.82 in chips)
Seat 7: owenheadch ($302.82 in chips)
owenheadch: posts small blind $1
__P0o_P0o__: posts big blind $3
*** HOLE CARDS ***
owenheadch: folds
Uncalled bet ($2) returned to __P0o_P0o__
__P0o_P0o__ collected $2 from pot
*** SUMMARY ***
Total pot $2 | Rake $0
Seat 5: __P0o_P0o__ (big blind) collected ($2)
Seat 7: owenheadch (button) (small blind) folded before Flop


PokerStars Hand #151517677977:  Hold'em Limit ($3/$6 USD) - 2016/04/06 11:07:22 ET
Table 'Cyane II' 10-max Seat #7 is the button
Seat 5: __P0o_P0o__ ($119.58 in chips)
Seat 7: owenheadch ($295.82 in chips)
owenheadch: posts small blind $1
__P0o_P0o__: posts big blind $3
*** HOLE CARDS ***
owenheadch: raises $3 to $6
__P0o_P0o__: calls $3
*** FLOP *** [6h Kc 8s]
__P0o_P0o__: checks
owenheadch: bets $3
__P0o_P0o__: folds
Uncalled bet ($3) returned to owenheadch
owenheadch collected $11.76 from pot
owenheadch: doesn't show hand
*** SUMMARY ***
Total pot $12 | Rake $0.24
Board [6h Kc 8s]
Seat 5: __P0o_P0o__ (big blind) folded on the Flop
Seat 7: owenheadch (button) (small blind) collected ($11.76)


PokerStars Hand #151517672908:  Hold'em Limit ($3/$6 USD) - 2016/04/06 11:07:15 ET
Table 'Cyane II' 10-max Seat #5 is the button
Seat 5: __P0o_P0o__ ($113.82 in chips)
Seat 7: owenheadch ($301.82 in chips)
__P0o_P0o__: posts small blind $1
owenheadch: posts big blind $3
*** HOLE CARDS ***
__P0o_P0o__: raises $3 to $6
owenheadch: calls $3
*** FLOP *** [Ad Ks 6d]
owenheadch: checks
__P0o_P0o__: bets $3
owenheadch: folds
Uncalled bet ($3) returned to __P0o_P0o__
__P0o_P0o__ collected $11.76 from pot
*** SUMMARY ***
Total pot $12 | Rake $0.24
Board [Ad Ks 6d]
Seat 5: __P0o_P0o__ (button) (small blind) collected ($11.76)
Seat 7: owenheadch (big blind) folded on the Flop


PokerStars Hand #151517686426:  Hold'em Limit ($3/$6 USD) - 2016/04/06 11:07:35 ET
Table 'Cyane II' 10-max Seat #7 is the button
Seat 5: __P0o_P0o__ ($112.58 in chips)
Seat 7: owenheadch ($302.58 in chips)
owenheadch: posts small blind $1
__P0o_P0o__: posts big blind $3
*** HOLE CARDS ***
owenheadch: folds
Uncalled bet ($2) returned to __P0o_P0o__
__P0o_P0o__ collected $2 from pot
*** SUMMARY ***
Total pot $2 | Rake $0
Seat 5: __P0o_P0o__ (big blind) collected ($2)
Seat 7: owenheadch (button) (small blind) folded before Flop


PokerStars Hand #151517683162:  Hold'em Limit ($3/$6 USD) - 2016/04/06 11:07:30 ET
Table 'Cyane II' 10-max Seat #5 is the button
Seat 5: __P0o_P0o__ ($113.58 in chips)
Seat 7: owenheadch ($301.58 in chips)
__P0o_P0o__: posts small blind $1
owenheadch: posts big blind $3
*** HOLE CARDS ***
__P0o_P0o__: folds
Uncalled bet ($2) returned to owenheadch
owenheadch collected $2 from pot
owenheadch: doesn't show hand
*** SUMMARY ***
Total pot $2 | Rake $0
Seat 5: __P0o_P0o__ (button) (small blind) folded before Flop
Seat 7: owenheadch (big blind) collected ($2)


PokerStars Hand #151517692074:  Hold'em Limit ($3/$6 USD) - 2016/04/06 11:07:43 ET
Table 'Cyane II' 10-max Seat #7 is the button
Seat 5: __P0o_P0o__ ($112.58 in chips)
Seat 7: owenheadch ($302.58 in chips)
owenheadch: posts small blind $1
__P0o_P0o__: posts big blind $3
*** HOLE CARDS ***
owenheadch: raises $3 to $6
__P0o_P0o__: folds
Uncalled bet ($3) returned to owenheadch
owenheadch collected $6 from pot
owenheadch: doesn't show hand
*** SUMMARY ***
Total pot $6 | Rake $0
Seat 5: __P0o_P0o__ (big blind) folded before Flop
Seat 7: owenheadch (button) (small blind) collected ($6)


PokerStars Hand #151517689168:  Hold'em Limit ($3/$6 USD) - 2016/04/06 11:07:39 ET
Table 'Cyane II' 10-max Seat #5 is the button
Seat 5: __P0o_P0o__ ($113.58 in chips)
Seat 7: owenheadch ($301.58 in chips)
__P0o_P0o__: posts small blind $1
owenheadch: posts big blind $3
*** HOLE CARDS ***
__P0o_P0o__: folds
Uncalled bet ($2) returned to owenheadch
owenheadch collected $2 from pot
owenheadch: doesn't show hand
*** SUMMARY ***
Total pot $2 | Rake $0
Seat 5: __P0o_P0o__ (button) (small blind) folded before Flop
Seat 7: owenheadch (big blind) collected ($2)


PokerStars Hand #151517695056:  Hold'em Limit ($3/$6 USD) - 2016/04/06 11:07:47 ET
Table 'Cyane II' 10-max Seat #5 is the button
Seat 5: __P0o_P0o__ ($109.58 in chips)
Seat 7: owenheadch ($305.58 in chips)
__P0o_P0o__: posts small blind $1
owenheadch: posts big blind $3
*** HOLE CARDS ***
__P0o_P0o__: raises $3 to $6
owenheadch: raises $3 to $9
__P0o_P0o__: calls $3
*** FLOP *** [4d 3s 9s]
owenheadch: bets $3
__P0o_P0o__: calls $3
*** TURN *** [4d 3s 9s] [As]
owenheadch: bets $6
__P0o_P0o__: calls $6
*** RIVER *** [4d 3s 9s As] [Qh]
owenheadch: bets $6
__P0o_P0o__: calls $6
*** SHOW DOWN ***
owenheadch: shows [Kd Kh] (a pair of Kings)
__P0o_P0o__: mucks hand
owenheadch collected $47.50 from pot
*** SUMMARY ***
Total pot $48 | Rake $0.50
Board [4d 3s 9s As Qh]
Seat 5: __P0o_P0o__ (button) (small blind) mucked
Seat 7: owenheadch (big blind) showed [Kd Kh] and won ($47.50) with a pair of Kings


PokerStars Hand #151526012825:  Hold'em Limit ($3/$6 USD) - 2016/04/06 14:06:15 ET
Table 'Cyane II' 10-max Seat #6 is the button
Seat 5: Vadimychstar ($141.01 in chips)
Seat 6: Zubasa07 ($500 in chips)
Zubasa07: posts small blind $1
Vadimychstar: posts big blind $3
*** HOLE CARDS ***
Zubasa07: raises $3 to $6
Vadimychstar: folds
Uncalled bet ($3) returned to Zubasa07
Zubasa07 collected $6 from pot
Zubasa07: doesn't show hand
*** SUMMARY ***
Total pot $6 | Rake $0
Seat 5: Vadimychstar (big blind) folded before Flop
Seat 6: Zubasa07 (button) (small blind) collected ($6)


PokerStars Hand #151526084113:  Hold'em Limit ($3/$6 USD) - 2016/04/06 14:07:34 ET
Table 'Cyane II' 10-max Seat #5 is the button
Seat 5: Vadimychstar ($158.27 in chips)
Seat 6: Zubasa07 ($482 in chips)
Vadimychstar: posts small blind $1
Zubasa07: posts big blind $3
*** HOLE CARDS ***
Vadimychstar: folds
Uncalled bet ($2) returned to Zubasa07
Zubasa07 collected $2 from pot
Zubasa07: doesn't show hand
*** SUMMARY ***
Total pot $2 | Rake $0
Seat 5: Vadimychstar (button) (small blind) folded before Flop
Seat 6: Zubasa07 (big blind) collected ($2)


PokerStars Hand #151526061662:  Hold'em Limit ($3/$6 USD) - 2016/04/06 14:07:09 ET
Table 'Cyane II' 10-max Seat #6 is the button
Seat 5: Vadimychstar ($143.77 in chips)
Seat 6: Zubasa07 ($497 in chips)
Zubasa07: posts small blind $1
Vadimychstar: posts big blind $3
*** HOLE CARDS ***
Zubasa07: raises $3 to $6
Vadimychstar: calls $3
*** FLOP *** [Kd 9d Js]
Vadimychstar: checks
Zubasa07: bets $3
Vadimychstar: calls $3
*** TURN *** [Kd 9d Js] [6c]
Vadimychstar: checks
Zubasa07: checks
*** RIVER *** [Kd 9d Js 6c] [8h]
Vadimychstar: checks
Zubasa07: bets $6
Vadimychstar: calls $6
*** SHOW DOWN ***
Zubasa07: shows [5s 8c] (a pair of Eights)
Vadimychstar: shows [Td 9c] (a pair of Nines)
Vadimychstar collected $29.50 from pot
*** SUMMARY ***
Total pot $30 | Rake $0.50
Board [Kd 9d Js 6c 8h]
Seat 5: Vadimychstar (big blind) showed [Td 9c] and won ($29.50) with a pair of Nines
Seat 6: Zubasa07 (button) (small blind) showed [5s 8c] and lost with a pair of Eights


PokerStars Hand #151526033393:  Hold'em Limit ($3/$6 USD) - 2016/04/06 14:06:38 ET
Table 'Cyane II' 10-max Seat #5 is the button
Seat 5: Vadimychstar ($138.01 in chips)
Seat 6: Zubasa07 ($503 in chips)
Vadimychstar: posts small blind $1
Zubasa07: posts big blind $3
*** HOLE CARDS ***
Vadimychstar: raises $3 to $6
Zubasa07: calls $3
*** FLOP *** [6h 5s Kd]
Zubasa07: checks
Vadimychstar: bets $3
Zubasa07: folds
Uncalled bet ($3) returned to Vadimychstar
Vadimychstar collected $11.76 from pot
*** SUMMARY ***
Total pot $12 | Rake $0.24
Board [6h 5s Kd]
Seat 5: Vadimychstar (button) (small blind) collected ($11.76)
Seat 6: Zubasa07 (big blind) folded on the Flop


PokerStars Hand #151526088794:  Hold'em Limit ($3/$6 USD) - 2016/04/06 14:07:40 ET
Table 'Cyane II' 10-max Seat #6 is the button
Seat 5: Vadimychstar ($157.27 in chips)
Seat 6: Zubasa07 ($483 in chips)
Zubasa07: posts small blind $1
Vadimychstar: posts big blind $3
*** HOLE CARDS ***
Zubasa07: raises $3 to $6
Vadimychstar: calls $3
*** FLOP *** [Ah 3d 6c]
Vadimychstar: checks
Zubasa07: bets $3
Vadimychstar: calls $3
*** TURN *** [Ah 3d 6c] [8d]
Vadimychstar: checks
Zubasa07: checks
*** RIVER *** [Ah 3d 6c 8d] [9s]
Vadimychstar: checks
Zubasa07: checks
*** SHOW DOWN ***
Vadimychstar: shows [6h 4h] (a pair of Sixes)
Zubasa07: mucks hand
Vadimychstar collected $17.64 from pot
*** SUMMARY ***
Total pot $18 | Rake $0.36
Board [Ah 3d 6c 8d 9s]
Seat 5: Vadimychstar (big blind) showed [6h 4h] and won ($17.64) with a pair of Sixes
Seat 6: Zubasa07 (button) (small blind) mucked


PokerStars Hand #151526154295:  Hold'em Limit ($3/$6 USD) - 2016/04/06 14:08:53 ET
Table 'Cyane II' 10-max Seat #6 is the button
Seat 5: Vadimychstar ($156.91 in chips)
Seat 6: Zubasa07 ($482.64 in chips)
Zubasa07: posts small blind $1
Vadimychstar: posts big blind $3
*** HOLE CARDS ***
Zubasa07: folds
Uncalled bet ($2) returned to Vadimychstar
Vadimychstar collected $2 from pot
*** SUMMARY ***
Total pot $2 | Rake $0
Seat 5: Vadimychstar (big blind) collected ($2)
Seat 6: Zubasa07 (button) (small blind) folded before Flop


PokerStars Hand #151526119292:  Hold'em Limit ($3/$6 USD) - 2016/04/06 14:08:14 ET
Table 'Cyane II' 10-max Seat #5 is the button
Seat 5: Vadimychstar ($165.91 in chips)
Seat 6: Zubasa07 ($474 in chips)
Vadimychstar: posts small blind $1
Zubasa07: posts big blind $3
*** HOLE CARDS ***
Vadimychstar: raises $3 to $6
Zubasa07: calls $3
*** FLOP *** [Ts 7d Kh]
Zubasa07: checks
Vadimychstar: bets $3
Zubasa07: calls $3
*** TURN *** [Ts 7d Kh] [8d]
Zubasa07: checks
Vadimychstar: checks
*** RIVER *** [Ts 7d Kh 8d] [8h]
Zubasa07: bets $6
Vadimychstar: folds
Uncalled bet ($6) returned to Zubasa07
Zubasa07 collected $17.64 from pot
Zubasa07: doesn't show hand
*** SUMMARY ***
Total pot $18 | Rake $0.36
Board [Ts 7d Kh 8d 8h]
Seat 5: Vadimychstar (button) (small blind) folded on the River
Seat 6: Zubasa07 (big blind) collected ($17.64)


PokerStars Hand #151526158581:  Hold'em Limit ($3/$6 USD) - 2016/04/06 14:08:58 ET
Table 'Cyane II' 10-max Seat #5 is the button
Seat 5: Vadimychstar ($157.91 in chips)
Seat 6: Zubasa07 ($481.64 in chips)
Vadimychstar: posts small blind $1
Zubasa07: posts big blind $3
*** HOLE CARDS ***
Vadimychstar: raises $3 to $6
Zubasa07: calls $3
*** FLOP *** [3h 8c 2c]
Zubasa07: checks
Vadimychstar: bets $3
Zubasa07: calls $3
*** TURN *** [3h 8c 2c] [Ad]
Zubasa07: checks
Vadimychstar: bets $6
Zubasa07: folds
Uncalled bet ($6) returned to Vadimychstar
Vadimychstar collected $17.64 from pot
*** SUMMARY ***
Total pot $18 | Rake $0.36
Board [3h 8c 2c Ad]
Seat 5: Vadimychstar (button) (small blind) collected ($17.64)
Seat 6: Zubasa07 (big blind) folded on the Turn


PokerStars Hand #151526190998:  Hold'em Limit ($3/$6 USD) - 2016/04/06 14:09:34 ET
Table 'Cyane II' 10-max Seat #6 is the button
Seat 5: Vadimychstar ($166.55 in chips)
Seat 6: Zubasa07 ($472.64 in chips)
Zubasa07: posts small blind $1
Vadimychstar: posts big blind $3
*** HOLE CARDS ***
Zubasa07: raises $3 to $6
Vadimychstar: calls $3
*** FLOP *** [Ah Kc 2s]
Vadimychstar: checks
Zubasa07: bets $3
Vadimychstar: raises $3 to $6
Zubasa07: calls $3
*** TURN *** [Ah Kc 2s] [Jd]
Vadimychstar: bets $6
Zubasa07: calls $6
*** RIVER *** [Ah Kc 2s Jd] [8d]
Vadimychstar: checks
Zubasa07: checks
*** SHOW DOWN ***
Vadimychstar: shows [7d Qc] (high card Ace)
Zubasa07: shows [Ks 4s] (a pair of Kings)
Zubasa07 collected $35.50 from pot
*** SUMMARY ***
Total pot $36 | Rake $0.50
Board [Ah Kc 2s Jd 8d]
Seat 5: Vadimychstar (big blind) showed [7d Qc] and lost with high card Ace
Seat 6: Zubasa07 (button) (small blind) showed [Ks 4s] and won ($35.50) with a pair of Kings


PokerStars Hand #151526227069:  Hold'em Limit ($3/$6 USD) - 2016/04/06 14:10:15 ET
Table 'Cyane II' 10-max Seat #5 is the button
Seat 5: Vadimychstar ($148.55 in chips)
Seat 6: Zubasa07 ($490.14 in chips)
Vadimychstar: posts small blind $1
Zubasa07: posts big blind $3
*** HOLE CARDS ***
Vadimychstar: raises $3 to $6
Zubasa07: raises $3 to $9
Vadimychstar: calls $3
*** FLOP *** [Qc 7c Th]
Zubasa07: bets $3
Vadimychstar: calls $3
*** TURN *** [Qc 7c Th] [4c]
Zubasa07: bets $6
Vadimychstar: calls $6
*** RIVER *** [Qc 7c Th 4c] [Qh]
Zubasa07: checks
Vadimychstar: checks
*** SHOW DOWN ***
Zubasa07: shows [8h 7d] (two pair, Queens and Sevens)
Vadimychstar: shows [7s 6c] (two pair, Queens and Sevens)
Zubasa07 collected $17.75 from pot
Vadimychstar collected $17.75 from pot
*** SUMMARY ***
Total pot $36 | Rake $0.50
Board [Qc 7c Th 4c Qh]
Seat 5: Vadimychstar (button) (small blind) showed [7s 6c] and won ($17.75) with two pair, Queens and Sevens
Seat 6: Zubasa07 (big blind) showed [8h 7d] and won ($17.75) with two pair, Queens and Sevens


PokerStars Hand #151526255425:  Hold'em Limit ($3/$6 USD) - 2016/04/06 14:10:47 ET
Table 'Cyane II' 10-max Seat #6 is the button
Seat 5: Vadimychstar ($148.30 in chips)
Seat 6: Zubasa07 ($489.89 in chips)
Zubasa07: posts small blind $1
Vadimychstar: posts big blind $3
*** HOLE CARDS ***
Zubasa07: raises $3 to $6
Vadimychstar: calls $3
*** FLOP *** [2c Js 9s]
Vadimychstar: checks
Zubasa07: bets $3
Vadimychstar: folds
Uncalled bet ($3) returned to Zubasa07
Zubasa07 collected $11.76 from pot
Zubasa07: doesn't show hand
*** SUMMARY ***
Total pot $12 | Rake $0.24
Board [2c Js 9s]
Seat 5: Vadimychstar (big blind) folded on the Flop
Seat 6: Zubasa07 (button) (small blind) collected ($11.76)


PokerStars Hand #151526271873:  Hold'em Limit ($3/$6 USD) - 2016/04/06 14:11:05 ET
Table 'Cyane II' 10-max Seat #5 is the button
Seat 5: Vadimychstar ($142.30 in chips)
Seat 6: Zubasa07 ($495.65 in chips)
Vadimychstar: posts small blind $1
Zubasa07: posts big blind $3
*** HOLE CARDS ***
Vadimychstar: raises $3 to $6
Zubasa07: calls $3
*** FLOP *** [8d 2d 7d]
Zubasa07: checks
Vadimychstar: checks
*** TURN *** [8d 2d 7d] [8s]
Zubasa07: checks
Vadimychstar: bets $6
Zubasa07: calls $6
*** RIVER *** [8d 2d 7d 8s] [Js]
Zubasa07: checks
Vadimychstar: bets $6
Zubasa07: folds
Uncalled bet ($6) returned to Vadimychstar
Vadimychstar collected $23.52 from pot
*** SUMMARY ***
Total pot $24 | Rake $0.48
Board [8d 2d 7d 8s Js]
Seat 5: Vadimychstar (button) (small blind) collected ($23.52)
Seat 6: Zubasa07 (big blind) folded on the River


PokerStars Hand #151526319199:  Hold'em Limit ($3/$6 USD) - 2016/04/06 14:11:59 ET
Table 'Cyane II' 10-max Seat #6 is the button
Seat 5: Vadimychstar ($153.82 in chips)
Seat 6: Zubasa07 ($483.65 in chips)
Zubasa07: posts small blind $1
Vadimychstar: posts big blind $3
*** HOLE CARDS ***
Zubasa07: raises $3 to $6
Vadimychstar: raises $3 to $9
Zubasa07: calls $3
*** FLOP *** [8d 7c 9c]
Vadimychstar: bets $3
Zubasa07: calls $3
*** TURN *** [8d 7c 9c] [4c]
Vadimychstar: bets $6
Zubasa07: calls $6
*** RIVER *** [8d 7c 9c 4c] [5h]
Vadimychstar: bets $6
Zubasa07: folds
Uncalled bet ($6) returned to Vadimychstar
Vadimychstar collected $35.50 from pot
*** SUMMARY ***
Total pot $36 | Rake $0.50
Board [8d 7c 9c 4c 5h]
Seat 5: Vadimychstar (big blind) collected ($35.50)
Seat 6: Zubasa07 (button) (small blind) folded on the River


PokerStars Hand #151526362285:  Hold'em Limit ($3/$6 USD) - 2016/04/06 14:12:47 ET
Table 'Cyane II' 10-max Seat #5 is the button
Seat 5: Vadimychstar ($171.32 in chips)
Seat 6: Zubasa07 ($465.65 in chips)
Vadimychstar: posts small blind $1
Zubasa07: posts big blind $3
*** HOLE CARDS ***
Vadimychstar: raises $3 to $6
Zubasa07: calls $3
*** FLOP *** [4h 6c Ac]
Zubasa07: checks
Vadimychstar: bets $3
Zubasa07: raises $3 to $6
Vadimychstar: calls $3
*** TURN *** [4h 6c Ac] [Th]
Zubasa07: bets $6
Vadimychstar: folds
Uncalled bet ($6) returned to Zubasa07
Zubasa07 collected $23.52 from pot
Zubasa07: doesn't show hand
*** SUMMARY ***
Total pot $24 | Rake $0.48
Board [4h 6c Ac Th]
Seat 5: Vadimychstar (button) (small blind) folded on the Turn
Seat 6: Zubasa07 (big blind) collected ($23.52)


PokerStars Hand #151526430125:  Hold'em Limit ($3/$6 USD) - 2016/04/06 14:13:54 ET
Table 'Cyane II' 10-max Seat #5 is the button
Seat 5: Vadimychstar ($188.82 in chips)
Seat 6: Zubasa07 ($447.17 in chips)
Vadimychstar: posts small blind $1
Zubasa07: posts big blind $3
*** HOLE CARDS ***
Vadimychstar: raises $3 to $6
RazvanDej joins the table at seat #4
Zubasa07: folds
Uncalled bet ($3) returned to Vadimychstar
Vadimychstar collected $6 from pot
*** SUMMARY ***
Total pot $6 | Rake $0
Seat 5: Vadimychstar (button) (small blind) collected ($6)
Seat 6: Zubasa07 (big blind) folded before Flop


PokerStars Hand #151526399756:  Hold'em Limit ($3/$6 USD) - 2016/04/06 14:13:20 ET
Table 'Cyane II' 10-max Seat #6 is the button
Seat 5: Vadimychstar ($159.32 in chips)
Seat 6: Zubasa07 ($477.17 in chips)
Zubasa07: posts small blind $1
Vadimychstar: posts big blind $3
*** HOLE CARDS ***
Zubasa07: raises $3 to $6
Vadimychstar: raises $3 to $9
Zubasa07: calls $3
*** FLOP *** [6d 4d 3d]
Vadimychstar: bets $3
Zubasa07: calls $3
*** TURN *** [6d 4d 3d] [6s]
Vadimychstar: bets $6
Zubasa07: raises $6 to $12
Vadimychstar: calls $6
*** RIVER *** [6d 4d 3d 6s] [Ah]
Vadimychstar: bets $6
Zubasa07: calls $6
*** SHOW DOWN ***
Vadimychstar: shows [Ts Ac] (two pair, Aces and Sixes)
Zubasa07: mucks hand
Vadimychstar collected $59.50 from pot
*** SUMMARY ***
Total pot $60 | Rake $0.50
Board [6d 4d 3d 6s Ah]
Seat 5: Vadimychstar (big blind) showed [Ts Ac] and won ($59.50) with two pair, Aces and Sixes
Seat 6: Zubasa07 (button) (small blind) mucked


PokerStars Hand #151529892507:  Hold'em Limit ($3/$6 USD) - 2016/04/06 15:19:24 ET
Table 'Cyane II' 10-max Seat #7 is the button
Seat 6: Zubasa07 ($513.54 in chips)
Seat 7: Piparipoker ($50.54 in chips)
Piparipoker: posts small blind $1
Zubasa07: posts big blind $3
*** HOLE CARDS ***
Piparipoker: folds
Uncalled bet ($2) returned to Zubasa07
Zubasa07 collected $2 from pot
Zubasa07: doesn't show hand
*** SUMMARY ***
Total pot $2 | Rake $0
Seat 6: Zubasa07 (big blind) collected ($2)
Seat 7: Piparipoker (button) (small blind) folded before Flop


PokerStars Hand #151529868191:  Hold'em Limit ($3/$6 USD) - 2016/04/06 15:18:58 ET
Table 'Cyane II' 10-max Seat #6 is the button
Seat 6: Zubasa07 ($507.78 in chips)
Seat 7: Piparipoker ($56.54 in chips)
Zubasa07: posts small blind $1
Piparipoker: posts big blind $3
*** HOLE CARDS ***
Piparipoker said, "lucky donk"
Zubasa07: raises $3 to $6
Piparipoker: calls $3
*** FLOP *** [6d 9d Qh]
Piparipoker: checks
Zubasa07: bets $3
Piparipoker: folds
Uncalled bet ($3) returned to Zubasa07
Zubasa07 collected $11.76 from pot
Zubasa07: doesn't show hand
*** SUMMARY ***
Total pot $12 | Rake $0.24
Board [6d 9d Qh]
Seat 6: Zubasa07 (button) (small blind) collected ($11.76)
Seat 7: Piparipoker (big blind) folded on the Flop


PokerStars Hand #151529861069:  Hold'em Limit ($3/$6 USD) - 2016/04/06 15:18:50 ET
Table 'Cyane II' 10-max Seat #7 is the button
Seat 6: Zubasa07 ($510.78 in chips)
Seat 7: Piparipoker ($53.54 in chips)
Piparipoker: posts small blind $1
Zubasa07: posts big blind $3
*** HOLE CARDS ***
Piparipoker said, "omfg"
Piparipoker: raises $3 to $6
Zubasa07: folds
Uncalled bet ($3) returned to Piparipoker
Piparipoker collected $6 from pot
Piparipoker: doesn't show hand
*** SUMMARY ***
Total pot $6 | Rake $0
Seat 6: Zubasa07 (big blind) folded before Flop
Seat 7: Piparipoker (button) (small blind) collected ($6)


PokerStars Hand #151529814892:  Hold'em Limit ($3/$6 USD) - 2016/04/06 15:17:59 ET
Table 'Cyane II' 10-max Seat #6 is the button
Seat 6: Zubasa07 ($463.28 in chips)
Seat 7: Piparipoker ($101.54 in chips)
Zubasa07: posts small blind $1
Piparipoker: posts big blind $3
*** HOLE CARDS ***
Zubasa07: raises $3 to $6
Piparipoker: raises $3 to $9
Zubasa07: calls $3
*** FLOP *** [2d 2c 9h]
Piparipoker: bets $3
Zubasa07: calls $3
*** TURN *** [2d 2c 9h] [3d]
Piparipoker: bets $6
Zubasa07: raises $6 to $12
Piparipoker: raises $6 to $18
Zubasa07: raises $6 to $24
Betting is capped
Piparipoker: calls $6
*** RIVER *** [2d 2c 9h 3d] [2s]
Piparipoker: bets $6
Zubasa07: raises $6 to $12
Piparipoker: calls $6
*** SHOW DOWN ***
Zubasa07: shows [2h 5h] (four of a kind, Deuces)
Piparipoker: mucks hand
Zubasa07 collected $95.50 from pot
*** SUMMARY ***
Total pot $96 | Rake $0.50
Board [2d 2c 9h 3d 2s]
Seat 6: Zubasa07 (button) (small blind) showed [2h 5h] and won ($95.50) with four of a kind, Deuces
Seat 7: Piparipoker (big blind) mucked


PokerStars Hand #151529897439:  Hold'em Limit ($3/$6 USD) - 2016/04/06 15:19:30 ET
Table 'Cyane II' 10-max Seat #6 is the button
Seat 6: Zubasa07 ($514.54 in chips)
Seat 7: Piparipoker ($49.54 in chips)
Zubasa07: posts small blind $1
Piparipoker: posts big blind $3
*** HOLE CARDS ***
Zubasa07: raises $3 to $6
Piparipoker: calls $3
*** FLOP *** [5c 7d 6h]
Piparipoker: checks
Zubasa07: bets $3
Piparipoker: calls $3
*** TURN *** [5c 7d 6h] [6s]
Piparipoker: checks
Zubasa07: bets $6
Piparipoker: raises $6 to $12
Zubasa07: calls $6
*** RIVER *** [5c 7d 6h 6s] [9d]
DirtyDouble2 joins the table at seat #8
Piparipoker: bets $6
Zubasa07: folds
Uncalled bet ($6) returned to Piparipoker
Piparipoker collected $41.50 from pot
*** SUMMARY ***
Total pot $42 | Rake $0.50
Board [5c 7d 6h 6s 9d]
Seat 6: Zubasa07 (button) (small blind) folded on the River
Seat 7: Piparipoker (big blind) collected ($41.50)


PokerStars Hand #151530336408:  Hold'em Limit ($3/$6 USD) - 2016/04/06 15:27:35 ET
Table 'Cyane II' 10-max Seat #8 is the button
Seat 7: Piparipoker ($95.76 in chips)
Seat 8: DirtyDouble2 ($3.30 in chips)
DirtyDouble2: posts small blind $1
Zubasa07: is sitting out
Piparipoker: posts big blind $3
*** HOLE CARDS ***
DirtyDouble2: raises $0.30 to $3.30 and is all-in
Piparipoker: calls $0.30
*** FLOP *** [4d Qh Td]
*** TURN *** [4d Qh Td] [5d]
Zubasa07 leaves the table
*** RIVER *** [4d Qh Td 5d] [9h]
*** SHOW DOWN ***
Piparipoker: shows [Th 3c] (a pair of Tens)
DirtyDouble2: shows [Ah 5c] (a pair of Fives)
Piparipoker collected $6.47 from pot
*** SUMMARY ***
Total pot $6.60 | Rake $0.13
Board [4d Qh Td 5d 9h]
Seat 7: Piparipoker (big blind) showed [Th 3c] and won ($6.47) with a pair of Tens
Seat 8: DirtyDouble2 (button) (small blind) showed [Ah 5c] and lost with a pair of Fives


