PokerStars Hand #164453934866:  Hold'em Limit ($3/$6 USD) - 2017/01/12 11:02:18 ET
Table 'Cyane' 6-max Seat #4 is the button
Seat 3: u9iiiK ($111.40 in chips)
Seat 4: TbIP-TbIP 88 ($72 in chips)
TbIP-TbIP 88: posts small blind $1
u9iiiK: posts big blind $3
*** HOLE CARDS ***
TbIP-TbIP 88: folds
Uncalled bet ($2) returned to u9iiiK
u9iiiK collected $2 from pot
u9iiiK: doesn't show hand
*** SUMMARY ***
Total pot $2 | Rake $0
Seat 3: u9iiiK (big blind) collected ($2)
Seat 4: TbIP-TbIP 88 (button) (small blind) folded before Flop


PokerStars Hand #164453916032:  Hold'em Limit ($3/$6 USD) - 2017/01/12 11:01:54 ET
Table 'Cyane' 6-max Seat #3 is the button
Seat 3: u9iiiK ($105.64 in chips)
Seat 4: TbIP-TbIP 88 ($72 in chips)
u9iiiK: posts small blind $1
TbIP-TbIP 88: posts big blind $3
*** HOLE CARDS ***
u9iiiK: raises $3 to $6
TbIP-TbIP 88: calls $3
*** FLOP *** [8c Kd 4d]
TbIP-TbIP 88: checks
u9iiiK: bets $3
TbIP-TbIP 88: folds
Uncalled bet ($3) returned to u9iiiK
u9iiiK collected $11.76 from pot
u9iiiK: doesn't show hand
*** SUMMARY ***
Total pot $12 | Rake $0.24
Board [8c Kd 4d]
Seat 3: u9iiiK (button) (small blind) collected ($11.76)
Seat 4: TbIP-TbIP 88 (big blind) folded on the Flop


PokerStars Hand #164453958905:  Hold'em Limit ($3/$6 USD) - 2017/01/12 11:02:49 ET
Table 'Cyane' 6-max Seat #4 is the button
Seat 3: u9iiiK ($123.92 in chips)
Seat 4: TbIP-TbIP 88 ($72 in chips)
TbIP-TbIP 88: posts small blind $1
u9iiiK: posts big blind $3
*** HOLE CARDS ***
TbIP-TbIP 88: raises $3 to $6
u9iiiK: calls $3
*** FLOP *** [5c Qs 9s]
u9iiiK: checks
TbIP-TbIP 88: bets $3
u9iiiK: calls $3
*** TURN *** [5c Qs 9s] [Qc]
u9iiiK: checks
TbIP-TbIP 88: bets $6
u9iiiK: folds
Uncalled bet ($6) returned to TbIP-TbIP 88
TbIP-TbIP 88 collected $17.64 from pot
TbIP-TbIP 88: doesn't show hand
*** SUMMARY ***
Total pot $18 | Rake $0.36
Board [5c Qs 9s Qc]
Seat 3: u9iiiK (big blind) folded on the Turn
Seat 4: TbIP-TbIP 88 (button) (small blind) collected ($17.64)


PokerStars Hand #164453938920:  Hold'em Limit ($3/$6 USD) - 2017/01/12 11:02:24 ET
Table 'Cyane' 6-max Seat #3 is the button
Seat 3: u9iiiK ($112.40 in chips)
Seat 4: TbIP-TbIP 88 ($72 in chips)
u9iiiK: posts small blind $1
TbIP-TbIP 88: posts big blind $3
*** HOLE CARDS ***
u9iiiK: raises $3 to $6
TbIP-TbIP 88: calls $3
*** FLOP *** [Jh Js Ad]
TbIP-TbIP 88: checks
u9iiiK: checks
*** TURN *** [Jh Js Ad] [7d]
TbIP-TbIP 88: checks
u9iiiK: bets $6
TbIP-TbIP 88: calls $6
*** RIVER *** [Jh Js Ad 7d] [Td]
TbIP-TbIP 88: checks
u9iiiK: bets $6
TbIP-TbIP 88: folds
Uncalled bet ($6) returned to u9iiiK
u9iiiK collected $23.52 from pot
u9iiiK: doesn't show hand
*** SUMMARY ***
Total pot $24 | Rake $0.48
Board [Jh Js Ad 7d Td]
Seat 3: u9iiiK (button) (small blind) collected ($23.52)
Seat 4: TbIP-TbIP 88 (big blind) folded on the River


PokerStars Hand #164453981495:  Hold'em Limit ($3/$6 USD) - 2017/01/12 11:03:18 ET
Table 'Cyane' 6-max Seat #3 is the button
Seat 3: u9iiiK ($114.92 in chips)
Seat 4: TbIP-TbIP 88 ($80.64 in chips)
u9iiiK: posts small blind $1
TbIP-TbIP 88: posts big blind $3
*** HOLE CARDS ***
u9iiiK: raises $3 to $6
TbIP-TbIP 88: calls $3
*** FLOP *** [4c 2c Kc]
TbIP-TbIP 88: checks
u9iiiK: bets $3
TbIP-TbIP 88: folds
Uncalled bet ($3) returned to u9iiiK
u9iiiK collected $11.76 from pot
u9iiiK: doesn't show hand
*** SUMMARY ***
Total pot $12 | Rake $0.24
Board [4c 2c Kc]
Seat 3: u9iiiK (button) (small blind) collected ($11.76)
Seat 4: TbIP-TbIP 88 (big blind) folded on the Flop


PokerStars Hand #164453994239:  Hold'em Limit ($3/$6 USD) - 2017/01/12 11:03:35 ET
Table 'Cyane' 6-max Seat #4 is the button
Seat 3: u9iiiK ($120.68 in chips)
Seat 4: TbIP-TbIP 88 ($74.64 in chips)
TbIP-TbIP 88: posts small blind $1
u9iiiK: posts big blind $3
*** HOLE CARDS ***
B_loJkl joins the table at seat #5
TbIP-TbIP 88: folds
Uncalled bet ($2) returned to u9iiiK
u9iiiK collected $2 from pot
u9iiiK: doesn't show hand
*** SUMMARY ***
Total pot $2 | Rake $0
Seat 3: u9iiiK (big blind) collected ($2)
Seat 4: TbIP-TbIP 88 (button) (small blind) folded before Flop


PokerStars Hand #164453999917:  Hold'em Limit ($3/$6 USD) - 2017/01/12 11:03:42 ET
Table 'Cyane' 6-max Seat #3 is the button
Seat 3: u9iiiK ($121.68 in chips)
Seat 4: TbIP-TbIP 88 ($73.64 in chips)
u9iiiK: posts small blind $1
TbIP-TbIP 88: posts big blind $3
*** HOLE CARDS ***
u9iiiK: raises $3 to $6
TbIP-TbIP 88: folds
Uncalled bet ($3) returned to u9iiiK
u9iiiK collected $6 from pot
u9iiiK: doesn't show hand
*** SUMMARY ***
Total pot $6 | Rake $0
Seat 3: u9iiiK (button) (small blind) collected ($6)
Seat 4: TbIP-TbIP 88 (big blind) folded before Flop


PokerStars Hand #164457093413:  Hold'em Limit ($3/$6 USD) - 2017/01/12 12:07:50 ET
Table 'Cyane' 6-max Seat #5 is the button
Seat 1: sokol-max-PS ($109.84 in chips)
Seat 5: nicmct ($104.25 in chips)
nicmct: posts small blind $1
sokol-max-PS: posts big blind $3
*** HOLE CARDS ***
nicmct: raises $3 to $6
sokol-max-PS: folds
Uncalled bet ($3) returned to nicmct
nicmct collected $6 from pot
*** SUMMARY ***
Total pot $6 | Rake $0
Seat 1: sokol-max-PS (big blind) folded before Flop
Seat 5: nicmct (button) (small blind) collected ($6)


PokerStars Hand #164457070729:  Hold'em Limit ($3/$6 USD) - 2017/01/12 12:07:23 ET
Table 'Cyane' 6-max Seat #1 is the button
Seat 1: sokol-max-PS ($124.84 in chips)
Seat 5: nicmct ($89.75 in chips)
sokol-max-PS: posts small blind $1
B_loJkl: is sitting out
nicmct: posts big blind $3
*** HOLE CARDS ***
B_loJkl leaves the table
B_loJkl joins the table at seat #2
sokol-max-PS: raises $3 to $6
nicmct: calls $3
*** FLOP *** [As Qd 9c]
nicmct: checks
sokol-max-PS: bets $3
nicmct: calls $3
*** TURN *** [As Qd 9c] [7c]
nicmct: checks
sokol-max-PS: bets $6
nicmct: calls $6
*** RIVER *** [As Qd 9c 7c] [Td]
nicmct: checks
sokol-max-PS: checks
*** SHOW DOWN ***
nicmct: shows [6h Qs] (a pair of Queens)
sokol-max-PS: mucks hand
nicmct collected $29.50 from pot
*** SUMMARY ***
Total pot $30 | Rake $0.50
Board [As Qd 9c 7c Td]
Seat 1: sokol-max-PS (button) (small blind) mucked
Seat 5: nicmct (big blind) showed [6h Qs] and won ($29.50) with a pair of Queens


PokerStars Hand #164462437328:  Hold'em Limit ($3/$6 USD) - 2017/01/12 13:47:02 ET
Table 'Cyane' 6-max Seat #3 is the button
Seat 2: ABATAPP ($63.88 in chips)
Seat 3: Chessnok ($182.35 in chips)
Chessnok: posts small blind $1
ABATAPP: posts big blind $3
*** HOLE CARDS ***
Chessnok: raises $3 to $6
ABATAPP: calls $3
*** FLOP *** [2s 2h Ah]
ABATAPP: checks
Chessnok: bets $3
ABATAPP: folds
Uncalled bet ($3) returned to Chessnok
Chessnok collected $11.76 from pot
Chessnok: doesn't show hand
*** SUMMARY ***
Total pot $12 | Rake $0.24
Board [2s 2h Ah]
Seat 2: ABATAPP (big blind) folded on the Flop
Seat 3: Chessnok (button) (small blind) collected ($11.76)


