PokerStars Hand #159997040340:  Hold'em Limit ($3/$6 USD) - 2016/10/16 2:52:15 ET
Table 'Cyane' 10-max Seat #6 is the button
Seat 6: vavosik ($474.20 in chips)
Seat 7: Agrotait ($63 in chips)
vavosik: posts small blind $1
Agrotait: posts big blind $3
*** HOLE CARDS ***
vavosik: raises $3 to $6
Agrotait: calls $3
*** FLOP *** [8d 7h Kd]
Agrotait: checks
vavosik: bets $3
Agrotait: calls $3
*** TURN *** [8d 7h Kd] [2h]
Agrotait: checks
vavosik: bets $6
Plot0077 joins the table at seat #3
Agrotait: calls $6
*** RIVER *** [8d 7h Kd 2h] [7c]
Agrotait: checks
vavosik: bets $6
Agrotait: calls $6
*** SHOW DOWN ***
vavosik: shows [Jd Kc] (two pair, Kings and Sevens)
Agrotait: mucks hand
vavosik collected $41.50 from pot
*** SUMMARY ***
Total pot $42 | Rake $0.50
Board [8d 7h Kd 2h 7c]
Seat 6: vavosik (button) (small blind) showed [Jd Kc] and won ($41.50) with two pair, Kings and Sevens
Seat 7: Agrotait (big blind) mucked


PokerStars Hand #159997035036:  Hold'em Limit ($3/$6 USD) - 2016/10/16 2:51:56 ET
Table 'Cyane' 10-max Seat #7 is the button
Seat 6: vavosik ($465.56 in chips)
Seat 7: Agrotait ($72 in chips)
Agrotait: posts small blind $1
vavosik: posts big blind $3
*** HOLE CARDS ***
Agrotait: raises $3 to $6
vavosik: calls $3
*** FLOP *** [Qc Ad Kh]
vavosik: checks
Agrotait: bets $3
vavosik: calls $3
*** TURN *** [Qc Ad Kh] [Jd]
vavosik: checks
Agrotait: checks
*** RIVER *** [Qc Ad Kh Jd] [5c]
vavosik: checks
Agrotait: checks
*** SHOW DOWN ***
vavosik: shows [3d Qs] (a pair of Queens)
Agrotait: mucks hand
vavosik collected $17.64 from pot
*** SUMMARY ***
Total pot $18 | Rake $0.36
Board [Qc Ad Kh Jd 5c]
Seat 6: vavosik (big blind) showed [3d Qs] and won ($17.64) with a pair of Queens
Seat 7: Agrotait (button) (small blind) mucked


PokerStars Hand #159997024008:  Hold'em Limit ($3/$6 USD) - 2016/10/16 2:51:16 ET
Table 'Cyane' 10-max Seat #6 is the button
Seat 6: vavosik ($433.06 in chips)
Seat 7: Agrotait ($72 in chips)
vavosik: posts small blind $1
Agrotait: posts big blind $3
*** HOLE CARDS ***
vavosik: raises $3 to $6
Agrotait: raises $3 to $9
vavosik: raises $3 to $12
Betting is capped
Agrotait: calls $3
*** FLOP *** [9h Qh 8c]
Agrotait: checks
vavosik: bets $3
Agrotait: raises $3 to $6
vavosik: raises $3 to $9
Agrotait: calls $3
*** TURN *** [9h Qh 8c] [3c]
Agrotait: checks
vavosik: bets $6
Agrotait: calls $6
*** RIVER *** [9h Qh 8c 3c] [6s]
Agrotait: checks
vavosik: bets $6
Agrotait: calls $6
*** SHOW DOWN ***
vavosik: shows [Qc Ks] (a pair of Queens)
Agrotait: mucks hand
vavosik collected $65.50 from pot
*** SUMMARY ***
Total pot $66 | Rake $0.50
Board [9h Qh 8c 3c 6s]
Seat 6: vavosik (button) (small blind) showed [Qc Ks] and won ($65.50) with a pair of Queens
Seat 7: Agrotait (big blind) mucked


