PokerStars Hand #153950404099:  Hold'em Limit ($3/$6 USD) - 2016/05/28 7:25:37 ET
Table 'Cyane' 6-max Seat #5 is the button
Seat 5: canplaypoker ($103.23 in chips)
Seat 6: beng_51 ($102.46 in chips)
canplaypoker: posts small blind $1
beng_51: posts big blind $3
*** HOLE CARDS ***
canplaypoker: folds
Uncalled bet ($2) returned to beng_51
beng_51 collected $2 from pot
*** SUMMARY ***
Total pot $2 | Rake $0
Seat 5: canplaypoker (button) (small blind) folded before Flop
Seat 6: beng_51 (big blind) collected ($2)


PokerStars Hand #153950401339:  Hold'em Limit ($3/$6 USD) - 2016/05/28 7:25:31 ET
Table 'Cyane' 6-max Seat #6 is the button
Seat 5: canplaypoker ($102.23 in chips)
Seat 6: beng_51 ($103.46 in chips)
beng_51: posts small blind $1
TbIP-TbIP 88: is sitting out
ABATAPP: is sitting out
canplaypoker: posts big blind $3
*** HOLE CARDS ***
beng_51: folds
Uncalled bet ($2) returned to canplaypoker
canplaypoker collected $2 from pot
canplaypoker: doesn't show hand
*** SUMMARY ***
Total pot $2 | Rake $0
Seat 5: canplaypoker (big blind) collected ($2)
Seat 6: beng_51 (button) (small blind) folded before Flop


