PokerStars Hand #167760704176:  Hold'em Limit ($3/$6 USD) - 2017/03/18 12:47:57 ET
Table 'Cybele' 6-max Seat #4 is the button
Seat 4: AzureCaper ($94.50 in chips)
Seat 5: happyshine88 ($98 in chips)
AzureCaper: posts small blind $1
happyshine88: posts big blind $3
*** HOLE CARDS ***
AzureCaper: raises $3 to $6
happyshine88: calls $3
*** FLOP *** [2s 2d 3h]
happyshine88: checks
AzureCaper: bets $3
happyshine88: calls $3
*** TURN *** [2s 2d 3h] [8d]
happyshine88: checks
AzureCaper: bets $6
happyshine88: calls $6
*** RIVER *** [2s 2d 3h 8d] [4s]
happyshine88: checks
AzureCaper: checks
*** SHOW DOWN ***
happyshine88: shows [Kc 6c] (a pair of Deuces)
AzureCaper: shows [As 3c] (two pair, Threes and Deuces)
AzureCaper collected $29.50 from pot
*** SUMMARY ***
Total pot $30 | Rake $0.50
Board [2s 2d 3h 8d 4s]
Seat 4: AzureCaper (button) (small blind) showed [As 3c] and won ($29.50) with two pair, Threes and Deuces
Seat 5: happyshine88 (big blind) showed [Kc 6c] and lost with a pair of Deuces


PokerStars Hand #167760733865:  Hold'em Limit ($3/$6 USD) - 2017/03/18 12:48:36 ET
Table 'Cybele' 6-max Seat #4 is the button
Seat 4: AzureCaper ($106 in chips)
Seat 5: happyshine88 ($86 in chips)
AzureCaper: posts small blind $1
happyshine88: posts big blind $3
*** HOLE CARDS ***
AzureCaper: raises $3 to $6
happyshine88: calls $3
*** FLOP *** [Ac 5s 7c]
happyshine88: checks
AzureCaper: bets $3
happyshine88: calls $3
*** TURN *** [Ac 5s 7c] [8c]
happyshine88: checks
AzureCaper: checks
*** RIVER *** [Ac 5s 7c 8c] [3s]
happyshine88: checks
AzureCaper: checks
*** SHOW DOWN ***
happyshine88: shows [Kh 5c] (a pair of Fives)
AzureCaper: mucks hand
happyshine88 collected $17.64 from pot
*** SUMMARY ***
Total pot $18 | Rake $0.36
Board [Ac 5s 7c 8c 3s]
Seat 4: AzureCaper (button) (small blind) mucked
Seat 5: happyshine88 (big blind) showed [Kh 5c] and won ($17.64) with a pair of Fives


PokerStars Hand #167760792874:  Hold'em Limit ($3/$6 USD) - 2017/03/18 12:49:55 ET
Table 'Cybele' 6-max Seat #5 is the button
Seat 4: AzureCaper ($79 in chips)
Seat 5: happyshine88 ($112.14 in chips)
happyshine88: posts small blind $1
AzureCaper: posts big blind $3
*** HOLE CARDS ***
happyshine88: raises $3 to $6
AzureCaper: calls $3
*** FLOP *** [Jc 2c 4h]
AzureCaper: checks
happyshine88: checks
*** TURN *** [Jc 2c 4h] [Kc]
AzureCaper: bets $6
happyshine88: raises $6 to $12
AzureCaper: calls $6
*** RIVER *** [Jc 2c 4h Kc] [8d]
AzureCaper: checks
happyshine88: bets $6
AzureCaper: folds
Uncalled bet ($6) returned to happyshine88
happyshine88 collected $35.50 from pot
happyshine88: doesn't show hand
*** SUMMARY ***
Total pot $36 | Rake $0.50
Board [Jc 2c 4h Kc 8d]
Seat 4: AzureCaper (big blind) folded on the River
Seat 5: happyshine88 (button) (small blind) collected ($35.50)


PokerStars Hand #167760787352:  Hold'em Limit ($3/$6 USD) - 2017/03/18 12:49:47 ET
Table 'Cybele' 6-max Seat #4 is the button
Seat 4: AzureCaper ($80 in chips)
Seat 5: happyshine88 ($111.14 in chips)
AzureCaper: posts small blind $1
happyshine88: posts big blind $3
*** HOLE CARDS ***
AzureCaper: folds
Uncalled bet ($2) returned to happyshine88
happyshine88 collected $2 from pot
happyshine88: doesn't show hand
*** SUMMARY ***
Total pot $2 | Rake $0
Seat 4: AzureCaper (button) (small blind) folded before Flop
Seat 5: happyshine88 (big blind) collected ($2)


PokerStars Hand #167760782223:  Hold'em Limit ($3/$6 USD) - 2017/03/18 12:49:41 ET
Table 'Cybele' 6-max Seat #5 is the button
Seat 4: AzureCaper ($79 in chips)
Seat 5: happyshine88 ($112.14 in chips)
happyshine88: posts small blind $1
AzureCaper: posts big blind $3
*** HOLE CARDS ***
happyshine88: folds
Uncalled bet ($2) returned to AzureCaper
AzureCaper collected $2 from pot
AzureCaper: doesn't show hand
*** SUMMARY ***
Total pot $2 | Rake $0
Seat 4: AzureCaper (big blind) collected ($2)
Seat 5: happyshine88 (button) (small blind) folded before Flop


PokerStars Hand #167760757924:  Hold'em Limit ($3/$6 USD) - 2017/03/18 12:49:08 ET
Table 'Cybele' 6-max Seat #4 is the button
Seat 4: AzureCaper ($94 in chips)
Seat 5: happyshine88 ($97.64 in chips)
AzureCaper: posts small blind $1
happyshine88: posts big blind $3
*** HOLE CARDS ***
AzureCaper: raises $3 to $6
happyshine88: calls $3
*** FLOP *** [3s 9d Kh]
happyshine88: checks
AzureCaper: bets $3
happyshine88: calls $3
*** TURN *** [3s 9d Kh] [6h]
happyshine88: checks
AzureCaper: checks
*** RIVER *** [3s 9d Kh 6h] [3c]
happyshine88: bets $6
AzureCaper: calls $6
*** SHOW DOWN ***
happyshine88: shows [9s Th] (two pair, Nines and Threes)
AzureCaper: mucks hand
happyshine88 collected $29.50 from pot
*** SUMMARY ***
Total pot $30 | Rake $0.50
Board [3s 9d Kh 6h 3c]
Seat 4: AzureCaper (button) (small blind) mucked
Seat 5: happyshine88 (big blind) showed [9s Th] and won ($29.50) with two pair, Nines and Threes


PokerStars Hand #167760855922:  Hold'em Limit ($3/$6 USD) - 2017/03/18 12:51:18 ET
Table 'Cybele' 6-max Seat #5 is the button
Seat 4: AzureCaper ($94.50 in chips)
Seat 5: happyshine88 ($115.28 in chips)
happyshine88: posts small blind $1
AzureCaper: posts big blind $3
*** HOLE CARDS ***
happyshine88: raises $3 to $6
AzureCaper: folds
Uncalled bet ($3) returned to happyshine88
happyshine88 collected $6 from pot
happyshine88: doesn't show hand
*** SUMMARY ***
Total pot $6 | Rake $0
Seat 4: AzureCaper (big blind) folded before Flop
Seat 5: happyshine88 (button) (small blind) collected ($6)


PokerStars Hand #167760851376:  Hold'em Limit ($3/$6 USD) - 2017/03/18 12:51:11 ET
Table 'Cybele' 6-max Seat #4 is the button
Seat 4: AzureCaper ($95.50 in chips)
Seat 5: happyshine88 ($114.28 in chips)
AzureCaper: posts small blind $1
happyshine88: posts big blind $3
*** HOLE CARDS ***
AzureCaper: folds
Uncalled bet ($2) returned to happyshine88
happyshine88 collected $2 from pot
happyshine88: doesn't show hand
*** SUMMARY ***
Total pot $2 | Rake $0
Seat 4: AzureCaper (button) (small blind) folded before Flop
Seat 5: happyshine88 (big blind) collected ($2)


PokerStars Hand #167760834061:  Hold'em Limit ($3/$6 USD) - 2017/03/18 12:50:49 ET
Table 'Cybele' 6-max Seat #5 is the button
Seat 4: AzureCaper ($72 in chips)
Seat 5: happyshine88 ($138.28 in chips)
happyshine88: posts small blind $1
AzureCaper: posts big blind $3
*** HOLE CARDS ***
happyshine88: raises $3 to $6
AzureCaper: raises $3 to $9
happyshine88: calls $3
*** FLOP *** [4s Jh 4d]
AzureCaper: bets $3
happyshine88: calls $3
*** TURN *** [4s Jh 4d] [6d]
AzureCaper: bets $6
happyshine88: calls $6
*** RIVER *** [4s Jh 4d 6d] [3c]
AzureCaper: bets $6
happyshine88: calls $6
*** SHOW DOWN ***
AzureCaper: shows [9d 9s] (two pair, Nines and Fours)
happyshine88: mucks hand
AzureCaper collected $47.50 from pot
*** SUMMARY ***
Total pot $48 | Rake $0.50
Board [4s Jh 4d 6d 3c]
Seat 4: AzureCaper (big blind) showed [9d 9s] and won ($47.50) with two pair, Nines and Fours
Seat 5: happyshine88 (button) (small blind) mucked


PokerStars Hand #167760812238:  Hold'em Limit ($3/$6 USD) - 2017/03/18 12:50:20 ET
Table 'Cybele' 6-max Seat #4 is the button
Seat 4: AzureCaper ($72 in chips)
Seat 5: happyshine88 ($129.64 in chips)
AzureCaper: posts small blind $1
happyshine88: posts big blind $3
*** HOLE CARDS ***
AzureCaper: raises $3 to $6
happyshine88: calls $3
*** FLOP *** [Ts Js 5s]
happyshine88: checks
AzureCaper: bets $3
happyshine88: calls $3
*** TURN *** [Ts Js 5s] [3s]
happyshine88: checks
AzureCaper: checks
*** RIVER *** [Ts Js 5s 3s] [7h]
happyshine88: bets $6
AzureCaper: folds
Uncalled bet ($6) returned to happyshine88
happyshine88 collected $17.64 from pot
happyshine88: doesn't show hand
*** SUMMARY ***
Total pot $18 | Rake $0.36
Board [Ts Js 5s 3s 7h]
Seat 4: AzureCaper (button) (small blind) folded on the River
Seat 5: happyshine88 (big blind) collected ($17.64)


PokerStars Hand #167760877516:  Hold'em Limit ($3/$6 USD) - 2017/03/18 12:51:46 ET
Table 'Cybele' 6-max Seat #4 is the button
Seat 4: AzureCaper ($91.50 in chips)
Seat 5: happyshine88 ($118.28 in chips)
AzureCaper: posts small blind $1
happyshine88: posts big blind $3
*** HOLE CARDS ***
LouisB joins the table at seat #6
AzureCaper: folds
Uncalled bet ($2) returned to happyshine88
happyshine88 collected $2 from pot
happyshine88: doesn't show hand
*** SUMMARY ***
Total pot $2 | Rake $0
Seat 4: AzureCaper (button) (small blind) folded before Flop
Seat 5: happyshine88 (big blind) collected ($2)


PokerStars Hand #167760870486:  Hold'em Limit ($3/$6 USD) - 2017/03/18 12:51:37 ET
Table 'Cybele' 6-max Seat #5 is the button
Seat 4: AzureCaper ($94.50 in chips)
Seat 5: happyshine88 ($115.28 in chips)
happyshine88: posts small blind $1
AzureCaper: posts big blind $3
*** HOLE CARDS ***
happyshine88: raises $3 to $6
AzureCaper: folds
Uncalled bet ($3) returned to happyshine88
happyshine88 collected $6 from pot
happyshine88: doesn't show hand
*** SUMMARY ***
Total pot $6 | Rake $0
Seat 4: AzureCaper (big blind) folded before Flop
Seat 5: happyshine88 (button) (small blind) collected ($6)


PokerStars Hand #167760862405:  Hold'em Limit ($3/$6 USD) - 2017/03/18 12:51:26 ET
Table 'Cybele' 6-max Seat #4 is the button
Seat 4: AzureCaper ($91.50 in chips)
Seat 5: happyshine88 ($118.28 in chips)
AzureCaper: posts small blind $1
happyshine88: posts big blind $3
*** HOLE CARDS ***
AzureCaper: raises $3 to $6
happyshine88: folds
Uncalled bet ($3) returned to AzureCaper
AzureCaper collected $6 from pot
AzureCaper: doesn't show hand
*** SUMMARY ***
Total pot $6 | Rake $0
Seat 4: AzureCaper (button) (small blind) collected ($6)
Seat 5: happyshine88 (big blind) folded before Flop


PokerStars Hand #167761088946:  Hold'em Limit ($3/$6 USD) - 2017/03/18 12:56:49 ET
Table 'Cybele' 6-max Seat #6 is the button
Seat 5: happyshine88 ($125.53 in chips)
Seat 6: LouisB ($92.65 in chips)
LouisB: posts small blind $1
AzureCaper: is sitting out
happyshine88: posts big blind $3
*** HOLE CARDS ***
AzureCaper leaves the table
LouisB: folds
Uncalled bet ($2) returned to happyshine88
happyshine88 collected $2 from pot
happyshine88: doesn't show hand
*** SUMMARY ***
Total pot $2 | Rake $0
Seat 5: happyshine88 (big blind) collected ($2)
Seat 6: LouisB (button) (small blind) folded before Flop


PokerStars Hand #167761102298:  Hold'em Limit ($3/$6 USD) - 2017/03/18 12:57:12 ET
Table 'Cybele' 6-max Seat #5 is the button
Seat 5: happyshine88 ($126.53 in chips)
Seat 6: LouisB ($91.65 in chips)
happyshine88: posts small blind $1
LouisB: posts big blind $3
*** HOLE CARDS ***
happyshine88: raises $3 to $6
LouisB: raises $3 to $9
happyshine88: calls $3
*** FLOP *** [9d Qs 2s]
LouisB: bets $3
happyshine88: calls $3
*** TURN *** [9d Qs 2s] [8c]
LouisB: bets $6
happyshine88: calls $6
*** RIVER *** [9d Qs 2s 8c] [4s]
LouisB: bets $6
happyshine88: calls $6
*** SHOW DOWN ***
LouisB: shows [Ks Qh] (a pair of Queens)
happyshine88: mucks hand
LouisB collected $47.50 from pot
*** SUMMARY ***
Total pot $48 | Rake $0.50
Board [9d Qs 2s 8c 4s]
Seat 5: happyshine88 (button) (small blind) mucked
Seat 6: LouisB (big blind) showed [Ks Qh] and won ($47.50) with a pair of Queens


