PokerStars Hand #161144655262:  Hold'em Limit ($3/$6 USD) - 2016/11/09 11:57:10 ET
Table 'Cybele II' 6-max Seat #5 is the button
Seat 5: denn69 ($73.49 in chips)
Seat 6: B_loJkl ($147.76 in chips)
denn69: posts small blind $1
B_loJkl: posts big blind $3
*** HOLE CARDS ***
denn69: folds
Uncalled bet ($2) returned to B_loJkl
B_loJkl collected $2 from pot
B_loJkl: doesn't show hand
*** SUMMARY ***
Total pot $2 | Rake $0
Seat 5: denn69 (button) (small blind) folded before Flop
Seat 6: B_loJkl (big blind) collected ($2)


PokerStars Hand #161144640717:  Hold'em Limit ($3/$6 USD) - 2016/11/09 11:56:47 ET
Table 'Cybele II' 6-max Seat #6 is the button
Seat 5: denn69 ($37 in chips)
Seat 6: B_loJkl ($156.76 in chips)
B_loJkl: posts small blind $1
denn69: posts big blind $3
*** HOLE CARDS ***
B_loJkl: raises $3 to $6
denn69: calls $3
*** FLOP *** [Tc 6s 5d]
denn69: checks
B_loJkl: bets $3
denn69: calls $3
*** TURN *** [Tc 6s 5d] [9s]
denn69: checks
B_loJkl: checks
*** RIVER *** [Tc 6s 5d 9s] [Qd]
denn69: bets $6
RockKillerTY joins the table at seat #1
B_loJkl: folds
Uncalled bet ($6) returned to denn69
denn69 collected $17.64 from pot
denn69: doesn't show hand
*** SUMMARY ***
Total pot $18 | Rake $0.36
Board [Tc 6s 5d 9s Qd]
Seat 5: denn69 (big blind) collected ($17.64)
Seat 6: B_loJkl (button) (small blind) folded on the River


PokerStars Hand #161144638020:  Hold'em Limit ($3/$6 USD) - 2016/11/09 11:56:43 ET
Table 'Cybele II' 6-max Seat #5 is the button
Seat 5: denn69 ($38 in chips)
Seat 6: B_loJkl ($155.76 in chips)
denn69: posts small blind $1
B_loJkl: posts big blind $3
*** HOLE CARDS ***
denn69: folds
Uncalled bet ($2) returned to B_loJkl
B_loJkl collected $2 from pot
B_loJkl: doesn't show hand
*** SUMMARY ***
Total pot $2 | Rake $0
Seat 5: denn69 (button) (small blind) folded before Flop
Seat 6: B_loJkl (big blind) collected ($2)


PokerStars Hand #161144628965:  Hold'em Limit ($3/$6 USD) - 2016/11/09 11:56:29 ET
Table 'Cybele II' 6-max Seat #6 is the button
Seat 5: denn69 ($44 in chips)
Seat 6: B_loJkl ($150 in chips)
B_loJkl: posts small blind $1
denn69: posts big blind $3
*** HOLE CARDS ***
B_loJkl: raises $3 to $6
denn69: calls $3
*** FLOP *** [2h 8h Ah]
denn69: checks
B_loJkl: bets $3
denn69: folds
Uncalled bet ($3) returned to B_loJkl
B_loJkl collected $11.76 from pot
B_loJkl: doesn't show hand
*** SUMMARY ***
Total pot $12 | Rake $0.24
Board [2h 8h Ah]
Seat 5: denn69 (big blind) folded on the Flop
Seat 6: B_loJkl (button) (small blind) collected ($11.76)


PokerStars Hand #161152951243:  Hold'em Limit ($3/$6 USD) - 2016/11/09 14:39:56 ET
Table 'Cybele II' 6-max Seat #1 is the button
Seat 1: Hi Im Alexey ($84.18 in chips)
Seat 5: tedros404 ($246.99 in chips)
Hi Im Alexey: posts small blind $1
Chessnok: is sitting out
tedros404: posts big blind $3
*** HOLE CARDS ***
Hi Im Alexey: raises $3 to $6
tedros404: calls $3
*** FLOP *** [Jd 4s 4h]
tedros404: bets $3
Hi Im Alexey: calls $3
*** TURN *** [Jd 4s 4h] [6c]
tedros404: bets $6
Hi Im Alexey: raises $6 to $12
tedros404: calls $6
*** RIVER *** [Jd 4s 4h 6c] [8s]
tedros404: checks
Hi Im Alexey: checks
*** SHOW DOWN ***
tedros404: shows [Qs Js] (two pair, Jacks and Fours)
Hi Im Alexey: mucks hand
tedros404 collected $41.50 from pot
*** SUMMARY ***
Total pot $42 | Rake $0.50
Board [Jd 4s 4h 6c 8s]
Seat 1: Hi Im Alexey (button) (small blind) mucked
Seat 5: tedros404 (big blind) showed [Qs Js] and won ($41.50) with two pair, Jacks and Fours


PokerStars Hand #161153021704:  Hold'em Limit ($3/$6 USD) - 2016/11/09 14:41:12 ET
Table 'Cybele II' 6-max Seat #5 is the button
Seat 1: Hi Im Alexey ($72 in chips)
Seat 5: tedros404 ($267.49 in chips)
tedros404: posts small blind $1
Hi Im Alexey: posts big blind $3
*** HOLE CARDS ***
tedros404: calls $2
Hi Im Alexey: raises $3 to $6
tedros404: calls $3
*** FLOP *** [Kc 5s Tc]
Hi Im Alexey: bets $3
tedros404: raises $3 to $6
Hi Im Alexey: calls $3
*** TURN *** [Kc 5s Tc] [6s]
Hi Im Alexey: checks
tedros404: checks
*** RIVER *** [Kc 5s Tc 6s] [3h]
Hi Im Alexey: bets $6
tedros404: folds
Uncalled bet ($6) returned to Hi Im Alexey
Hi Im Alexey collected $23.52 from pot
*** SUMMARY ***
Total pot $24 | Rake $0.48
Board [Kc 5s Tc 6s 3h]
Seat 1: Hi Im Alexey (big blind) collected ($23.52)
Seat 5: tedros404 (button) (small blind) folded on the River


PokerStars Hand #161153112301:  Hold'em Limit ($3/$6 USD) - 2016/11/09 14:42:51 ET
Table 'Cybele II' 6-max Seat #5 is the button
Seat 1: Hi Im Alexey ($104.02 in chips)
Seat 5: tedros404 ($234.49 in chips)
tedros404: posts small blind $1
Hi Im Alexey: posts big blind $3
*** HOLE CARDS ***
tedros404: folds
Uncalled bet ($2) returned to Hi Im Alexey
Hi Im Alexey collected $2 from pot
*** SUMMARY ***
Total pot $2 | Rake $0
Seat 1: Hi Im Alexey (big blind) collected ($2)
Seat 5: tedros404 (button) (small blind) folded before Flop


PokerStars Hand #161153080886:  Hold'em Limit ($3/$6 USD) - 2016/11/09 14:42:16 ET
Table 'Cybele II' 6-max Seat #1 is the button
Seat 1: Hi Im Alexey ($83.52 in chips)
Seat 5: tedros404 ($255.49 in chips)
Hi Im Alexey: posts small blind $1
tedros404: posts big blind $3
*** HOLE CARDS ***
Hi Im Alexey: raises $3 to $6
tedros404: calls $3
*** FLOP *** [3d 8s 7h]
tedros404: checks
Hi Im Alexey: bets $3
tedros404: calls $3
*** TURN *** [3d 8s 7h] [6s]
tedros404: checks
Hi Im Alexey: bets $6
tedros404: calls $6
*** RIVER *** [3d 8s 7h 6s] [2h]
tedros404: bets $6
hairy1961 joins the table at seat #2
Hi Im Alexey: calls $6
*** SHOW DOWN ***
tedros404: shows [Qc 6h] (a pair of Sixes)
Hi Im Alexey: shows [8c Qs] (a pair of Eights)
Hi Im Alexey collected $41.50 from pot
*** SUMMARY ***
Total pot $42 | Rake $0.50
Board [3d 8s 7h 6s 2h]
Seat 1: Hi Im Alexey (button) (small blind) showed [8c Qs] and won ($41.50) with a pair of Eights
Seat 5: tedros404 (big blind) showed [Qc 6h] and lost with a pair of Sixes


PokerStars Hand #161157202919:  Hold'em Limit ($3/$6 USD) - 2016/11/09 15:55:29 ET
Table 'Cybele II' 6-max Seat #5 is the button
Seat 1: Hi Im Alexey ($107.22 in chips)
Seat 5: supersjakie ($90.93 in chips)
supersjakie: posts small blind $1
RaisemyNut$: is sitting out
Hi Im Alexey: posts big blind $3
*** HOLE CARDS ***
RaisemyNut$ leaves the table
supersjakie: folds
Uncalled bet ($2) returned to Hi Im Alexey
vestimokrec leaves the table
Hi Im Alexey collected $2 from pot
*** SUMMARY ***
Total pot $2 | Rake $0
Seat 1: Hi Im Alexey (big blind) collected ($2)
Seat 5: supersjakie (button) (small blind) folded before Flop


PokerStars Hand #161157211878:  Hold'em Limit ($3/$6 USD) - 2016/11/09 15:55:41 ET
Table 'Cybele II' 6-max Seat #1 is the button
Seat 1: Hi Im Alexey ($108.22 in chips)
Seat 5: supersjakie ($89.93 in chips)
Hi Im Alexey: posts small blind $1
supersjakie: posts big blind $3
*** HOLE CARDS ***
Hi Im Alexey: raises $3 to $6
supersjakie: calls $3
*** FLOP *** [3d Qd Ac]
supersjakie: checks
Hi Im Alexey: bets $3
supersjakie: folds
Uncalled bet ($3) returned to Hi Im Alexey
Hi Im Alexey collected $11.76 from pot
*** SUMMARY ***
Total pot $12 | Rake $0.24
Board [3d Qd Ac]
Seat 1: Hi Im Alexey (button) (small blind) collected ($11.76)
Seat 5: supersjakie (big blind) folded on the Flop


PokerStars Hand #161157229341:  Hold'em Limit ($3/$6 USD) - 2016/11/09 15:56:04 ET
Table 'Cybele II' 6-max Seat #5 is the button
Seat 1: Hi Im Alexey ($113.98 in chips)
Seat 5: supersjakie ($83.93 in chips)
supersjakie: posts small blind $1
Hi Im Alexey: posts big blind $3
*** HOLE CARDS ***
supersjakie: raises $3 to $6
Hi Im Alexey: calls $3
*** FLOP *** [3d 8h Jc]
Hi Im Alexey: checks
supersjakie: bets $3
Hi Im Alexey: raises $3 to $6
supersjakie: calls $3
*** TURN *** [3d 8h Jc] [7c]
Hi Im Alexey: bets $6
supersjakie: calls $6
*** RIVER *** [3d 8h Jc 7c] [6s]
Hi Im Alexey: bets $6
supersjakie: calls $6
*** SHOW DOWN ***
Hi Im Alexey: shows [2h Qh] (high card Queen)
supersjakie: shows [As 8s] (a pair of Eights)
supersjakie collected $47.50 from pot
*** SUMMARY ***
Total pot $48 | Rake $0.50
Board [3d 8h Jc 7c 6s]
Seat 1: Hi Im Alexey (big blind) showed [2h Qh] and lost with high card Queen
Seat 5: supersjakie (button) (small blind) showed [As 8s] and won ($47.50) with a pair of Eights


