PokerStars Hand #144727481947:  Hold'em Limit ($3/$6 USD) - 2015/12/02 15:57:48 ET
Table 'Cybele' 6-max Seat #1 is the button
Seat 1: mdif ($137.26 in chips)
Seat 6: Adic80 ($102 in chips)
mdif: posts small blind $1
Adic80: posts big blind $3
*** HOLE CARDS ***
mdif: raises $3 to $6
Adic80: raises $3 to $9
mdif: calls $3
*** FLOP *** [9c Qs 9s]
bugsbubble joins the table at seat #2
Adic80: bets $3
mdif: calls $3
*** TURN *** [9c Qs 9s] [Ks]
Adic80: bets $6
mdif: raises $6 to $12
Adic80: folds
Uncalled bet ($6) returned to mdif
mdif collected $35.50 from pot
mdif: doesn't show hand
*** SUMMARY ***
Total pot $36 | Rake $0.50
Board [9c Qs 9s Ks]
Seat 1: mdif (button) (small blind) collected ($35.50)
Seat 6: Adic80 (big blind) folded on the Turn


PokerStars Hand #144727476331:  Hold'em Limit ($3/$6 USD) - 2015/12/02 15:57:41 ET
Table 'Cybele' 6-max Seat #6 is the button
Seat 1: mdif ($140.26 in chips)
Seat 6: Adic80 ($99 in chips)
Adic80: posts small blind $1
mdif: posts big blind $3
*** HOLE CARDS ***
Adic80: raises $3 to $6
mdif: folds
Uncalled bet ($3) returned to Adic80
Adic80 collected $6 from pot
Adic80: doesn't show hand
*** SUMMARY ***
Total pot $6 | Rake $0
Seat 1: mdif (big blind) folded before Flop
Seat 6: Adic80 (button) (small blind) collected ($6)


PokerStars Hand #144727496904:  Hold'em Limit ($3/$6 USD) - 2015/12/02 15:58:08 ET
Table 'Cybele' 6-max Seat #6 is the button
Seat 1: mdif ($154.76 in chips)
Seat 6: Adic80 ($84 in chips)
Adic80: posts small blind $1
mdif: posts big blind $3
*** HOLE CARDS ***
Adic80: raises $3 to $6
mdif: raises $3 to $9
Adic80: calls $3
*** FLOP *** [5d 4h 6c]
mdif: bets $3
Adic80: calls $3
*** TURN *** [5d 4h 6c] [Qd]
mdif: bets $6
Adic80: raises $6 to $12
mdif: folds
Uncalled bet ($6) returned to Adic80
Adic80 collected $35.50 from pot
Adic80: doesn't show hand
*** SUMMARY ***
Total pot $36 | Rake $0.50
Board [5d 4h 6c Qd]
Seat 1: mdif (big blind) folded on the Turn
Seat 6: Adic80 (button) (small blind) collected ($35.50)


PokerStars Hand #144729872224:  Hold'em Limit ($3/$6 USD) - 2015/12/02 16:39:12 ET
Table 'Cybele' 6-max Seat #5 is the button
Seat 1: mdif ($215.74 in chips)
Seat 5: eurooppa50 ($510.89 in chips)
eurooppa50: posts small blind $1
mdif: posts big blind $3
*** HOLE CARDS ***
eurooppa50: folds
Uncalled bet ($2) returned to mdif
mdif collected $2 from pot
mdif: doesn't show hand
*** SUMMARY ***
Total pot $2 | Rake $0
Seat 1: mdif (big blind) collected ($2)
Seat 5: eurooppa50 (button) (small blind) folded before Flop


PokerStars Hand #144729854844:  Hold'em Limit ($3/$6 USD) - 2015/12/02 16:38:54 ET
Table 'Cybele' 6-max Seat #1 is the button
Seat 1: mdif ($224.74 in chips)
Seat 5: eurooppa50 ($502.25 in chips)
mdif: posts small blind $1
karambakilla: is sitting out
alexslep: is sitting out
eurooppa50: posts big blind $3
*** HOLE CARDS ***
alexslep leaves the table
karambakilla leaves the table
mdif: raises $3 to $6
eurooppa50: raises $3 to $9
mdif: calls $3
*** FLOP *** [Tc 8c Qs]
eurooppa50: bets $3
mdif: folds
Uncalled bet ($3) returned to eurooppa50
eurooppa50 collected $17.64 from pot
eurooppa50: doesn't show hand
*** SUMMARY ***
Total pot $18 | Rake $0.36
Board [Tc 8c Qs]
Seat 1: mdif (button) (small blind) folded on the Flop
Seat 5: eurooppa50 (big blind) collected ($17.64)


PokerStars Hand #144729898814:  Hold'em Limit ($3/$6 USD) - 2015/12/02 16:39:40 ET
Table 'Cybele' 6-max Seat #1 is the button
Seat 1: mdif ($216.74 in chips)
Seat 5: eurooppa50 ($509.89 in chips)
mdif: posts small blind $1
eurooppa50: posts big blind $3
*** HOLE CARDS ***
mdif: folds
Uncalled bet ($2) returned to eurooppa50
eurooppa50 collected $2 from pot
eurooppa50: doesn't show hand
*** SUMMARY ***
Total pot $2 | Rake $0
Seat 1: mdif (button) (small blind) folded before Flop
Seat 5: eurooppa50 (big blind) collected ($2)


PokerStars Hand #144729943296:  Hold'em Limit ($3/$6 USD) - 2015/12/02 16:40:27 ET
Table 'Cybele' 6-max Seat #5 is the button
Seat 1: mdif ($244.24 in chips)
Seat 5: eurooppa50 ($481.89 in chips)
eurooppa50: posts small blind $1
mdif: posts big blind $3
*** HOLE CARDS ***
eurooppa50: folds
Uncalled bet ($2) returned to mdif
mdif collected $2 from pot
mdif: doesn't show hand
*** SUMMARY ***
Total pot $2 | Rake $0
Seat 1: mdif (big blind) collected ($2)
Seat 5: eurooppa50 (button) (small blind) folded before Flop


PokerStars Hand #144729937473:  Hold'em Limit ($3/$6 USD) - 2015/12/02 16:40:21 ET
Table 'Cybele' 6-max Seat #1 is the button
Seat 1: mdif ($245.24 in chips)
Seat 5: eurooppa50 ($480.89 in chips)
mdif: posts small blind $1
eurooppa50: posts big blind $3
*** HOLE CARDS ***
mdif: folds
Uncalled bet ($2) returned to eurooppa50
eurooppa50 collected $2 from pot
*** SUMMARY ***
Total pot $2 | Rake $0
Seat 1: mdif (button) (small blind) folded before Flop
Seat 5: eurooppa50 (big blind) collected ($2)


PokerStars Hand #144729903871:  Hold'em Limit ($3/$6 USD) - 2015/12/02 16:39:45 ET
Table 'Cybele' 6-max Seat #5 is the button
Seat 1: mdif ($215.74 in chips)
Seat 5: eurooppa50 ($510.89 in chips)
eurooppa50: posts small blind $1
mdif: posts big blind $3
*** HOLE CARDS ***
eurooppa50: raises $3 to $6
mdif: raises $3 to $9
eurooppa50: raises $3 to $12
Betting is capped
mdif: calls $3
*** FLOP *** [9d 4c Jd]
mdif: checks
eurooppa50: bets $3
mdif: raises $3 to $6
eurooppa50: calls $3
*** TURN *** [9d 4c Jd] [9s]
mdif: bets $6
eurooppa50: calls $6
*** RIVER *** [9d 4c Jd 9s] [2h]
mdif: bets $6
eurooppa50: calls $6
*** SHOW DOWN ***
mdif: shows [Qd Qs] (two pair, Queens and Nines)
eurooppa50: mucks hand
mdif collected $59.50 from pot
*** SUMMARY ***
Total pot $60 | Rake $0.50
Board [9d 4c Jd 9s 2h]
Seat 1: mdif (big blind) showed [Qd Qs] and won ($59.50) with two pair, Queens and Nines
Seat 5: eurooppa50 (button) (small blind) mucked


PokerStars Hand #144729981896:  Hold'em Limit ($3/$6 USD) - 2015/12/02 16:41:07 ET
Table 'Cybele' 6-max Seat #1 is the button
Seat 1: mdif ($252 in chips)
Seat 5: eurooppa50 ($473.89 in chips)
mdif: posts small blind $1
eurooppa50: posts big blind $3
*** HOLE CARDS ***
mdif: folds
Uncalled bet ($2) returned to eurooppa50
eurooppa50 collected $2 from pot
eurooppa50: doesn't show hand
*** SUMMARY ***
Total pot $2 | Rake $0
Seat 1: mdif (button) (small blind) folded before Flop
Seat 5: eurooppa50 (big blind) collected ($2)


PokerStars Hand #144729975540:  Hold'em Limit ($3/$6 USD) - 2015/12/02 16:41:01 ET
Table 'Cybele' 6-max Seat #5 is the button
Seat 1: mdif ($251 in chips)
Seat 5: eurooppa50 ($474.89 in chips)
eurooppa50: posts small blind $1
mdif: posts big blind $3
*** HOLE CARDS ***
eurooppa50: folds
Uncalled bet ($2) returned to mdif
mdif collected $2 from pot
mdif: doesn't show hand
*** SUMMARY ***
Total pot $2 | Rake $0
Seat 1: mdif (big blind) collected ($2)
Seat 5: eurooppa50 (button) (small blind) folded before Flop


PokerStars Hand #144729970695:  Hold'em Limit ($3/$6 USD) - 2015/12/02 16:40:56 ET
Table 'Cybele' 6-max Seat #1 is the button
Seat 1: mdif ($252 in chips)
Seat 5: eurooppa50 ($473.89 in chips)
mdif: posts small blind $1
eurooppa50: posts big blind $3
*** HOLE CARDS ***
mdif: folds
Uncalled bet ($2) returned to eurooppa50
eurooppa50 collected $2 from pot
eurooppa50: doesn't show hand
*** SUMMARY ***
Total pot $2 | Rake $0
Seat 1: mdif (button) (small blind) folded before Flop
Seat 5: eurooppa50 (big blind) collected ($2)


PokerStars Hand #144729964976:  Hold'em Limit ($3/$6 USD) - 2015/12/02 16:40:50 ET
Table 'Cybele' 6-max Seat #5 is the button
Seat 1: mdif ($251 in chips)
Seat 5: eurooppa50 ($474.89 in chips)
eurooppa50: posts small blind $1
mdif: posts big blind $3
*** HOLE CARDS ***
eurooppa50: folds
Uncalled bet ($2) returned to mdif
mdif collected $2 from pot
mdif: doesn't show hand
*** SUMMARY ***
Total pot $2 | Rake $0
Seat 1: mdif (big blind) collected ($2)
Seat 5: eurooppa50 (button) (small blind) folded before Flop


PokerStars Hand #144729948805:  Hold'em Limit ($3/$6 USD) - 2015/12/02 16:40:33 ET
Table 'Cybele' 6-max Seat #1 is the button
Seat 1: mdif ($245.24 in chips)
Seat 5: eurooppa50 ($480.89 in chips)
mdif: posts small blind $1
bugsbubble was removed from the table for failing to post
eurooppa50: posts big blind $3
*** HOLE CARDS ***
mdif: raises $3 to $6
eurooppa50: calls $3
*** FLOP *** [Th As Ac]
eurooppa50: checks
mdif: bets $3
eurooppa50: folds
Uncalled bet ($3) returned to mdif
mdif collected $11.76 from pot
mdif: doesn't show hand
*** SUMMARY ***
Total pot $12 | Rake $0.24
Board [Th As Ac]
Seat 1: mdif (button) (small blind) collected ($11.76)
Seat 5: eurooppa50 (big blind) folded on the Flop


PokerStars Hand #144729987018:  Hold'em Limit ($3/$6 USD) - 2015/12/02 16:41:13 ET
Table 'Cybele' 6-max Seat #5 is the button
Seat 1: mdif ($251 in chips)
Seat 5: eurooppa50 ($474.89 in chips)
eurooppa50: posts small blind $1
mdif: posts big blind $3
*** HOLE CARDS ***
eurooppa50: raises $3 to $6
mdif: calls $3
*** FLOP *** [Qs 6c 7h]
mdif: checks
eurooppa50: bets $3
mdif: calls $3
*** TURN *** [Qs 6c 7h] [Ac]
mdif: checks
eurooppa50: bets $6
mdif: folds
Uncalled bet ($6) returned to eurooppa50
eurooppa50 collected $17.64 from pot
eurooppa50: doesn't show hand
*** SUMMARY ***
Total pot $18 | Rake $0.36
Board [Qs 6c 7h Ac]
Seat 1: mdif (big blind) folded on the Turn
Seat 5: eurooppa50 (button) (small blind) collected ($17.64)


PokerStars Hand #144730043246:  Hold'em Limit ($3/$6 USD) - 2015/12/02 16:42:12 ET
Table 'Cybele' 6-max Seat #5 is the button
Seat 1: mdif ($247.76 in chips)
Seat 5: eurooppa50 ($477.53 in chips)
eurooppa50: posts small blind $1
mdif: posts big blind $3
*** HOLE CARDS ***
eurooppa50: folds
Uncalled bet ($2) returned to mdif
mdif collected $2 from pot
mdif: doesn't show hand
*** SUMMARY ***
Total pot $2 | Rake $0
Seat 1: mdif (big blind) collected ($2)
Seat 5: eurooppa50 (button) (small blind) folded before Flop


PokerStars Hand #144730039077:  Hold'em Limit ($3/$6 USD) - 2015/12/02 16:42:07 ET
Table 'Cybele' 6-max Seat #1 is the button
Seat 1: mdif ($248.76 in chips)
Seat 5: eurooppa50 ($476.53 in chips)
mdif: posts small blind $1
eurooppa50: posts big blind $3
*** HOLE CARDS ***
mdif: folds
Uncalled bet ($2) returned to eurooppa50
eurooppa50 collected $2 from pot
eurooppa50: doesn't show hand
*** SUMMARY ***
Total pot $2 | Rake $0
Seat 1: mdif (button) (small blind) folded before Flop
Seat 5: eurooppa50 (big blind) collected ($2)


PokerStars Hand #144730033344:  Hold'em Limit ($3/$6 USD) - 2015/12/02 16:42:01 ET
Table 'Cybele' 6-max Seat #5 is the button
Seat 1: mdif ($247.76 in chips)
Seat 5: eurooppa50 ($477.53 in chips)
eurooppa50: posts small blind $1
mdif: posts big blind $3
*** HOLE CARDS ***
eurooppa50: folds
Uncalled bet ($2) returned to mdif
mdif collected $2 from pot
mdif: doesn't show hand
*** SUMMARY ***
Total pot $2 | Rake $0
Seat 1: mdif (big blind) collected ($2)
Seat 5: eurooppa50 (button) (small blind) folded before Flop


PokerStars Hand #144730017232:  Hold'em Limit ($3/$6 USD) - 2015/12/02 16:41:44 ET
Table 'Cybele' 6-max Seat #1 is the button
Seat 1: mdif ($242 in chips)
Seat 5: eurooppa50 ($483.53 in chips)
mdif: posts small blind $1
eurooppa50: posts big blind $3
*** HOLE CARDS ***
mdif: raises $3 to $6
eurooppa50: calls $3
*** FLOP *** [6h Kd 3c]
eurooppa50: checks
mdif: bets $3
eurooppa50: folds
Uncalled bet ($3) returned to mdif
mdif collected $11.76 from pot
mdif: doesn't show hand
*** SUMMARY ***
Total pot $12 | Rake $0.24
Board [6h Kd 3c]
Seat 1: mdif (button) (small blind) collected ($11.76)
Seat 5: eurooppa50 (big blind) folded on the Flop


PokerStars Hand #144730079231:  Hold'em Limit ($3/$6 USD) - 2015/12/02 16:42:49 ET
Table 'Cybele' 6-max Seat #5 is the button
Seat 1: mdif ($251.76 in chips)
Seat 5: eurooppa50 ($473.53 in chips)
eurooppa50: posts small blind $1
mdif: posts big blind $3
*** HOLE CARDS ***
eurooppa50: raises $3 to $6
mdif: calls $3
*** FLOP *** [7c 5s Kc]
mdif: checks
eurooppa50: bets $3
mdif: raises $3 to $6
eurooppa50: calls $3
*** TURN *** [7c 5s Kc] [7s]
mdif: bets $6
eurooppa50: calls $6
*** RIVER *** [7c 5s Kc 7s] [9s]
mdif: bets $6
eurooppa50: calls $6
*** SHOW DOWN ***
mdif: shows [8c Ks] (two pair, Kings and Sevens)
eurooppa50: mucks hand
mdif collected $47.50 from pot
*** SUMMARY ***
Total pot $48 | Rake $0.50
Board [7c 5s Kc 7s 9s]
Seat 1: mdif (big blind) showed [8c Ks] and won ($47.50) with two pair, Kings and Sevens
Seat 5: eurooppa50 (button) (small blind) mucked


PokerStars Hand #144730049613:  Hold'em Limit ($3/$6 USD) - 2015/12/02 16:42:19 ET
Table 'Cybele' 6-max Seat #1 is the button
Seat 1: mdif ($248.76 in chips)
Seat 5: eurooppa50 ($476.53 in chips)
mdif: posts small blind $1
eurooppa50: posts big blind $3
*** HOLE CARDS ***
mdif: raises $3 to $6
eurooppa50: folds
Uncalled bet ($3) returned to mdif
mdif collected $6 from pot
mdif: doesn't show hand
*** SUMMARY ***
Total pot $6 | Rake $0
Seat 1: mdif (button) (small blind) collected ($6)
Seat 5: eurooppa50 (big blind) folded before Flop


PokerStars Hand #144730166010:  Hold'em Limit ($3/$6 USD) - 2015/12/02 16:44:21 ET
Table 'Cybele' 6-max Seat #1 is the button
Seat 1: mdif ($325.26 in chips)
Seat 5: eurooppa50 ($398.53 in chips)
mdif: posts small blind $1
eurooppa50: posts big blind $3
*** HOLE CARDS ***
mdif: raises $3 to $6
eurooppa50: calls $3
*** FLOP *** [4s 9s 7d]
eurooppa50: bets $3
mdif: folds
Uncalled bet ($3) returned to eurooppa50
eurooppa50 collected $11.76 from pot
eurooppa50: doesn't show hand
*** SUMMARY ***
Total pot $12 | Rake $0.24
Board [4s 9s 7d]
Seat 1: mdif (button) (small blind) folded on the Flop
Seat 5: eurooppa50 (big blind) collected ($11.76)


PokerStars Hand #144730135908:  Hold'em Limit ($3/$6 USD) - 2015/12/02 16:43:49 ET
Table 'Cybele' 6-max Seat #5 is the button
Seat 1: mdif ($301.76 in chips)
Seat 5: eurooppa50 ($422.53 in chips)
eurooppa50: posts small blind $1
mdif: posts big blind $3
*** HOLE CARDS ***
eurooppa50: raises $3 to $6
mdif: calls $3
*** FLOP *** [6d 2c 3s]
mdif: checks
eurooppa50: bets $3
mdif: raises $3 to $6
eurooppa50: calls $3
*** TURN *** [6d 2c 3s] [3d]
mdif: bets $6
eurooppa50: calls $6
*** RIVER *** [6d 2c 3s 3d] [Qd]
mdif: bets $6
eurooppa50: calls $6
*** SHOW DOWN ***
mdif: shows [3h 2h] (a full house, Threes full of Deuces)
eurooppa50: mucks hand
mdif collected $47.50 from pot
*** SUMMARY ***
Total pot $48 | Rake $0.50
Board [6d 2c 3s 3d Qd]
Seat 1: mdif (big blind) showed [3h 2h] and won ($47.50) with a full house, Threes full of Deuces
Seat 5: eurooppa50 (button) (small blind) mucked


PokerStars Hand #144730106106:  Hold'em Limit ($3/$6 USD) - 2015/12/02 16:43:18 ET
Table 'Cybele' 6-max Seat #1 is the button
Seat 1: mdif ($275.26 in chips)
Seat 5: eurooppa50 ($449.53 in chips)
mdif: posts small blind $1
eurooppa50: posts big blind $3
*** HOLE CARDS ***
mdif: raises $3 to $6
eurooppa50: calls $3
*** FLOP *** [Js Qh 2c]
eurooppa50: bets $3
mdif: calls $3
*** TURN *** [Js Qh 2c] [Kd]
eurooppa50: bets $6
mdif: raises $6 to $12
eurooppa50: calls $6
*** RIVER *** [Js Qh 2c Kd] [5d]
eurooppa50: checks
mdif: bets $6
eurooppa50: calls $6
*** SHOW DOWN ***
mdif: shows [As Kh] (a pair of Kings)
eurooppa50: mucks hand
mdif collected $53.50 from pot
*** SUMMARY ***
Total pot $54 | Rake $0.50
Board [Js Qh 2c Kd 5d]
Seat 1: mdif (button) (small blind) showed [As Kh] and won ($53.50) with a pair of Kings
Seat 5: eurooppa50 (big blind) mucked


PokerStars Hand #144730215436:  Hold'em Limit ($3/$6 USD) - 2015/12/02 16:45:13 ET
Table 'Cybele' 6-max Seat #5 is the button
Seat 1: mdif ($303.26 in chips)
Seat 5: eurooppa50 ($419.79 in chips)
eurooppa50: posts small blind $1
mdif: posts big blind $3
*** HOLE CARDS ***
eurooppa50: raises $3 to $6
mdif: calls $3
*** FLOP *** [2h 7c Qc]
mdif: checks
eurooppa50: bets $3
mdif: raises $3 to $6
eurooppa50: calls $3
*** TURN *** [2h 7c Qc] [4s]
mdif: bets $6
eurooppa50: calls $6
*** RIVER *** [2h 7c Qc 4s] [2d]
mdif: bets $6
eurooppa50: calls $6
*** SHOW DOWN ***
mdif: shows [Kc 7s] (two pair, Sevens and Deuces)
eurooppa50: mucks hand
mdif collected $47.50 from pot
*** SUMMARY ***
Total pot $48 | Rake $0.50
Board [2h 7c Qc 4s 2d]
Seat 1: mdif (big blind) showed [Kc 7s] and won ($47.50) with two pair, Sevens and Deuces
Seat 5: eurooppa50 (button) (small blind) mucked


PokerStars Hand #144730210461:  Hold'em Limit ($3/$6 USD) - 2015/12/02 16:45:08 ET
Table 'Cybele' 6-max Seat #1 is the button
Seat 1: mdif ($304.26 in chips)
Seat 5: eurooppa50 ($418.79 in chips)
mdif: posts small blind $1
eurooppa50: posts big blind $3
*** HOLE CARDS ***
mdif: folds
Uncalled bet ($2) returned to eurooppa50
eurooppa50 collected $2 from pot
eurooppa50: doesn't show hand
*** SUMMARY ***
Total pot $2 | Rake $0
Seat 1: mdif (button) (small blind) folded before Flop
Seat 5: eurooppa50 (big blind) collected ($2)


PokerStars Hand #144730183887:  Hold'em Limit ($3/$6 USD) - 2015/12/02 16:44:40 ET
Table 'Cybele' 6-max Seat #5 is the button
Seat 1: mdif ($319.26 in chips)
Seat 5: eurooppa50 ($404.29 in chips)
eurooppa50: posts small blind $1
mdif: posts big blind $3
*** HOLE CARDS ***
eurooppa50: raises $3 to $6
mdif: calls $3
*** FLOP *** [4s 8h Th]
mdif: checks
eurooppa50: bets $3
mdif: calls $3
*** TURN *** [4s 8h Th] [3c]
mdif: checks
eurooppa50: bets $6
mdif: calls $6
*** RIVER *** [4s 8h Th 3c] [Tc]
mdif: checks
eurooppa50: bets $6
mdif: folds
Uncalled bet ($6) returned to eurooppa50
eurooppa50 collected $29.50 from pot
eurooppa50: doesn't show hand
*** SUMMARY ***
Total pot $30 | Rake $0.50
Board [4s 8h Th 3c Tc]
Seat 1: mdif (big blind) folded on the River
Seat 5: eurooppa50 (button) (small blind) collected ($29.50)


PokerStars Hand #144730283763:  Hold'em Limit ($3/$6 USD) - 2015/12/02 16:46:26 ET
Table 'Cybele' 6-max Seat #5 is the button
Seat 1: mdif ($315.76 in chips)
Seat 5: eurooppa50 ($406.31 in chips)
eurooppa50: posts small blind $1
mdif: posts big blind $3
*** HOLE CARDS ***
eurooppa50: raises $3 to $6
mdif: folds
Uncalled bet ($3) returned to eurooppa50
eurooppa50 collected $6 from pot
eurooppa50: doesn't show hand
*** SUMMARY ***
Total pot $6 | Rake $0
Seat 1: mdif (big blind) folded before Flop
Seat 5: eurooppa50 (button) (small blind) collected ($6)


PokerStars Hand #144730279337:  Hold'em Limit ($3/$6 USD) - 2015/12/02 16:46:21 ET
Table 'Cybele' 6-max Seat #1 is the button
Seat 1: mdif ($316.76 in chips)
Seat 5: eurooppa50 ($405.31 in chips)
mdif: posts small blind $1
eurooppa50: posts big blind $3
*** HOLE CARDS ***
mdif: folds
Uncalled bet ($2) returned to eurooppa50
eurooppa50 collected $2 from pot
eurooppa50: doesn't show hand
*** SUMMARY ***
Total pot $2 | Rake $0
Seat 1: mdif (button) (small blind) folded before Flop
Seat 5: eurooppa50 (big blind) collected ($2)


PokerStars Hand #144730273792:  Hold'em Limit ($3/$6 USD) - 2015/12/02 16:46:15 ET
Table 'Cybele' 6-max Seat #5 is the button
Seat 1: mdif ($315.76 in chips)
Seat 5: eurooppa50 ($406.31 in chips)
eurooppa50: posts small blind $1
mdif: posts big blind $3
*** HOLE CARDS ***
eurooppa50: folds
Uncalled bet ($2) returned to mdif
mdif collected $2 from pot
mdif: doesn't show hand
*** SUMMARY ***
Total pot $2 | Rake $0
Seat 1: mdif (big blind) collected ($2)
Seat 5: eurooppa50 (button) (small blind) folded before Flop


PokerStars Hand #144730259782:  Hold'em Limit ($3/$6 USD) - 2015/12/02 16:46:00 ET
Table 'Cybele' 6-max Seat #1 is the button
Seat 1: mdif ($321.76 in chips)
Seat 5: eurooppa50 ($400.55 in chips)
mdif: posts small blind $1
eurooppa50: posts big blind $3
*** HOLE CARDS ***
mdif: raises $3 to $6
eurooppa50: calls $3
*** FLOP *** [5d Td 9s]
eurooppa50: bets $3
mdif: folds
Uncalled bet ($3) returned to eurooppa50
eurooppa50 collected $11.76 from pot
eurooppa50: doesn't show hand
*** SUMMARY ***
Total pot $12 | Rake $0.24
Board [5d Td 9s]
Seat 1: mdif (button) (small blind) folded on the Flop
Seat 5: eurooppa50 (big blind) collected ($11.76)


PokerStars Hand #144730254817:  Hold'em Limit ($3/$6 USD) - 2015/12/02 16:45:55 ET
Table 'Cybele' 6-max Seat #5 is the button
Seat 1: mdif ($320.76 in chips)
Seat 5: eurooppa50 ($401.55 in chips)
eurooppa50: posts small blind $1
mdif: posts big blind $3
*** HOLE CARDS ***
eurooppa50: folds
Uncalled bet ($2) returned to mdif
mdif collected $2 from pot
mdif: doesn't show hand
*** SUMMARY ***
Total pot $2 | Rake $0
Seat 1: mdif (big blind) collected ($2)
Seat 5: eurooppa50 (button) (small blind) folded before Flop


PokerStars Hand #144730238155:  Hold'em Limit ($3/$6 USD) - 2015/12/02 16:45:38 ET
Table 'Cybele' 6-max Seat #1 is the button
Seat 1: mdif ($326.76 in chips)
Seat 5: eurooppa50 ($395.79 in chips)
mdif: posts small blind $1
eurooppa50: posts big blind $3
*** HOLE CARDS ***
mdif: raises $3 to $6
eurooppa50: calls $3
*** FLOP *** [8d Ks 3s]
eurooppa50: bets $3
mdif: folds
Uncalled bet ($3) returned to eurooppa50
eurooppa50 collected $11.76 from pot
eurooppa50: doesn't show hand
*** SUMMARY ***
Total pot $12 | Rake $0.24
Board [8d Ks 3s]
Seat 1: mdif (button) (small blind) folded on the Flop
Seat 5: eurooppa50 (big blind) collected ($11.76)


PokerStars Hand #144730294798:  Hold'em Limit ($3/$6 USD) - 2015/12/02 16:46:37 ET
Table 'Cybele' 6-max Seat #1 is the button
Seat 1: mdif ($312.76 in chips)
Seat 5: eurooppa50 ($409.31 in chips)
mdif: posts small blind $1
eurooppa50: posts big blind $3
*** HOLE CARDS ***
mdif: raises $3 to $6
eurooppa50: folds
Uncalled bet ($3) returned to mdif
mdif collected $6 from pot
mdif: doesn't show hand
*** SUMMARY ***
Total pot $6 | Rake $0
Seat 1: mdif (button) (small blind) collected ($6)
Seat 5: eurooppa50 (big blind) folded before Flop


PokerStars Hand #144730302584:  Hold'em Limit ($3/$6 USD) - 2015/12/02 16:46:45 ET
Table 'Cybele' 6-max Seat #5 is the button
Seat 1: mdif ($315.76 in chips)
Seat 5: eurooppa50 ($406.31 in chips)
eurooppa50: posts small blind $1
mdif: posts big blind $3
*** HOLE CARDS ***
eurooppa50: raises $3 to $6
mdif: raises $3 to $9
eurooppa50: calls $3
*** FLOP *** [2d 9h 3s]
mdif: bets $3
eurooppa50: calls $3
*** TURN *** [2d 9h 3s] [Jd]
mdif: checks
eurooppa50: bets $6
mdif: calls $6
*** RIVER *** [2d 9h 3s Jd] [Kc]
mdif: checks
eurooppa50: bets $6
mdif: calls $6
*** SHOW DOWN ***
eurooppa50: shows [Js Th] (a pair of Jacks)
mdif: mucks hand
eurooppa50 collected $47.50 from pot
*** SUMMARY ***
Total pot $48 | Rake $0.50
Board [2d 9h 3s Jd Kc]
Seat 1: mdif (big blind) mucked
Seat 5: eurooppa50 (button) (small blind) showed [Js Th] and won ($47.50) with a pair of Jacks


PokerStars Hand #144730334035:  Hold'em Limit ($3/$6 USD) - 2015/12/02 16:47:19 ET
Table 'Cybele' 6-max Seat #1 is the button
Seat 1: mdif ($291.76 in chips)
Seat 5: eurooppa50 ($429.81 in chips)
mdif: posts small blind $1
eurooppa50: posts big blind $3
*** HOLE CARDS ***
mdif: raises $3 to $6
eurooppa50: raises $3 to $9
mdif: calls $3
*** FLOP *** [Kh 2s Tc]
eurooppa50: bets $3
mdif: calls $3
*** TURN *** [Kh 2s Tc] [Jh]
eurooppa50: bets $6
mdif: calls $6
*** RIVER *** [Kh 2s Tc Jh] [5c]
eurooppa50: bets $6
mdif: calls $6
*** SHOW DOWN ***
eurooppa50: shows [Js As] (a pair of Jacks)
mdif: mucks hand
eurooppa50 collected $47.50 from pot
*** SUMMARY ***
Total pot $48 | Rake $0.50
Board [Kh 2s Tc Jh 5c]
Seat 1: mdif (button) (small blind) mucked
Seat 5: eurooppa50 (big blind) showed [Js As] and won ($47.50) with a pair of Jacks


PokerStars Hand #144730360247:  Hold'em Limit ($3/$6 USD) - 2015/12/02 16:47:47 ET
Table 'Cybele' 6-max Seat #5 is the button
Seat 1: mdif ($267.76 in chips)
Seat 5: eurooppa50 ($453.31 in chips)
eurooppa50: posts small blind $1
mdif: posts big blind $3
*** HOLE CARDS ***
eurooppa50: folds
Uncalled bet ($2) returned to mdif
mdif collected $2 from pot
mdif: doesn't show hand
*** SUMMARY ***
Total pot $2 | Rake $0
Seat 1: mdif (big blind) collected ($2)
Seat 5: eurooppa50 (button) (small blind) folded before Flop


PokerStars Hand #144730400555:  Hold'em Limit ($3/$6 USD) - 2015/12/02 16:48:30 ET
Table 'Cybele' 6-max Seat #5 is the button
Seat 1: mdif ($254.76 in chips)
Seat 5: eurooppa50 ($465.71 in chips)
eurooppa50: posts small blind $1
mdif: posts big blind $3
*** HOLE CARDS ***
eurooppa50: raises $3 to $6
mdif: folds
Uncalled bet ($3) returned to eurooppa50
eurooppa50 collected $6 from pot
eurooppa50: doesn't show hand
*** SUMMARY ***
Total pot $6 | Rake $0
Seat 1: mdif (big blind) folded before Flop
Seat 5: eurooppa50 (button) (small blind) collected ($6)


PokerStars Hand #144730386766:  Hold'em Limit ($3/$6 USD) - 2015/12/02 16:48:15 ET
Table 'Cybele' 6-max Seat #1 is the button
Seat 1: mdif ($263.76 in chips)
Seat 5: eurooppa50 ($457.07 in chips)
mdif: posts small blind $1
eurooppa50: posts big blind $3
*** HOLE CARDS ***
mdif: raises $3 to $6
eurooppa50: raises $3 to $9
mdif: calls $3
*** FLOP *** [Td As 4c]
eurooppa50: bets $3
mdif: folds
Uncalled bet ($3) returned to eurooppa50
eurooppa50 collected $17.64 from pot
eurooppa50: doesn't show hand
*** SUMMARY ***
Total pot $18 | Rake $0.36
Board [Td As 4c]
Seat 1: mdif (button) (small blind) folded on the Flop
Seat 5: eurooppa50 (big blind) collected ($17.64)


PokerStars Hand #144730380713:  Hold'em Limit ($3/$6 USD) - 2015/12/02 16:48:08 ET
Table 'Cybele' 6-max Seat #5 is the button
Seat 1: mdif ($262.76 in chips)
Seat 5: eurooppa50 ($458.07 in chips)
eurooppa50: posts small blind $1
mdif: posts big blind $3
*** HOLE CARDS ***
eurooppa50: folds
Uncalled bet ($2) returned to mdif
mdif collected $2 from pot
mdif: doesn't show hand
*** SUMMARY ***
Total pot $2 | Rake $0
Seat 1: mdif (big blind) collected ($2)
Seat 5: eurooppa50 (button) (small blind) folded before Flop


PokerStars Hand #144730366604:  Hold'em Limit ($3/$6 USD) - 2015/12/02 16:47:53 ET
Table 'Cybele' 6-max Seat #1 is the button
Seat 1: mdif ($268.76 in chips)
Seat 5: eurooppa50 ($452.31 in chips)
mdif: posts small blind $1
eurooppa50: posts big blind $3
*** HOLE CARDS ***
mdif: raises $3 to $6
eurooppa50: calls $3
*** FLOP *** [4h Qh Tc]
eurooppa50: bets $3
mdif: folds
Uncalled bet ($3) returned to eurooppa50
eurooppa50 collected $11.76 from pot
eurooppa50: doesn't show hand
*** SUMMARY ***
Total pot $12 | Rake $0.24
Board [4h Qh Tc]
Seat 1: mdif (button) (small blind) folded on the Flop
Seat 5: eurooppa50 (big blind) collected ($11.76)


PokerStars Hand #144730408225:  Hold'em Limit ($3/$6 USD) - 2015/12/02 16:48:38 ET
Table 'Cybele' 6-max Seat #1 is the button
Seat 1: mdif ($251.76 in chips)
Seat 5: eurooppa50 ($468.71 in chips)
mdif: posts small blind $1
eurooppa50: posts big blind $3
*** HOLE CARDS ***
mdif: raises $3 to $6
eurooppa50: calls $3
*** FLOP *** [7h Qs Ad]
eurooppa50: checks
mdif: bets $3
eurooppa50: folds
Uncalled bet ($3) returned to mdif
mdif collected $11.76 from pot
mdif: doesn't show hand
*** SUMMARY ***
Total pot $12 | Rake $0.24
Board [7h Qs Ad]
Seat 1: mdif (button) (small blind) collected ($11.76)
Seat 5: eurooppa50 (big blind) folded on the Flop


PokerStars Hand #144730424627:  Hold'em Limit ($3/$6 USD) - 2015/12/02 16:48:56 ET
Table 'Cybele' 6-max Seat #5 is the button
Seat 1: mdif ($257.52 in chips)
Seat 5: eurooppa50 ($462.71 in chips)
eurooppa50: posts small blind $1
mdif: posts big blind $3
*** HOLE CARDS ***
eurooppa50: raises $3 to $6
mdif: calls $3
*** FLOP *** [Jd Qd 4h]
mdif: checks
eurooppa50: bets $3
mdif: folds
Uncalled bet ($3) returned to eurooppa50
eurooppa50 collected $11.76 from pot
eurooppa50: doesn't show hand
*** SUMMARY ***
Total pot $12 | Rake $0.24
Board [Jd Qd 4h]
Seat 1: mdif (big blind) folded on the Flop
Seat 5: eurooppa50 (button) (small blind) collected ($11.76)


PokerStars Hand #144730446874:  Hold'em Limit ($3/$6 USD) - 2015/12/02 16:49:19 ET
Table 'Cybele' 6-max Seat #1 is the button
Seat 1: mdif ($251.52 in chips)
Seat 5: eurooppa50 ($468.47 in chips)
mdif: posts small blind $1
eurooppa50: posts big blind $3
*** HOLE CARDS ***
mdif: raises $3 to $6
eurooppa50: calls $3
*** FLOP *** [2d 9s 7h]
eurooppa50: bets $3
mdif: calls $3
*** TURN *** [2d 9s 7h] [2c]
eurooppa50: bets $6
mdif: calls $6
*** RIVER *** [2d 9s 7h 2c] [Ah]
eurooppa50: bets $6
mdif: calls $6
*** SHOW DOWN ***
eurooppa50: shows [9c Kd] (two pair, Nines and Deuces)
mdif: mucks hand
eurooppa50 collected $41.50 from pot
*** SUMMARY ***
Total pot $42 | Rake $0.50
Board [2d 9s 7h 2c Ah]
Seat 1: mdif (button) (small blind) mucked
Seat 5: eurooppa50 (big blind) showed [9c Kd] and won ($41.50) with two pair, Nines and Deuces


PokerStars Hand #144730472205:  Hold'em Limit ($3/$6 USD) - 2015/12/02 16:49:47 ET
Table 'Cybele' 6-max Seat #5 is the button
Seat 1: mdif ($230.52 in chips)
Seat 5: eurooppa50 ($488.97 in chips)
eurooppa50: posts small blind $1
mdif: posts big blind $3
*** HOLE CARDS ***
eurooppa50: folds
Uncalled bet ($2) returned to mdif
mdif collected $2 from pot
mdif: doesn't show hand
*** SUMMARY ***
Total pot $2 | Rake $0
Seat 1: mdif (big blind) collected ($2)
Seat 5: eurooppa50 (button) (small blind) folded before Flop


PokerStars Hand #144730502620:  Hold'em Limit ($3/$6 USD) - 2015/12/02 16:50:20 ET
Table 'Cybele' 6-max Seat #5 is the button
Seat 1: mdif ($240.16 in chips)
Seat 5: eurooppa50 ($478.97 in chips)
eurooppa50: posts small blind $1
mdif: posts big blind $3
*** HOLE CARDS ***
eurooppa50: folds
Uncalled bet ($2) returned to mdif
mdif collected $2 from pot
mdif: doesn't show hand
*** SUMMARY ***
Total pot $2 | Rake $0
Seat 1: mdif (big blind) collected ($2)
Seat 5: eurooppa50 (button) (small blind) folded before Flop


PokerStars Hand #144730477433:  Hold'em Limit ($3/$6 USD) - 2015/12/02 16:49:52 ET
Table 'Cybele' 6-max Seat #1 is the button
Seat 1: mdif ($231.52 in chips)
Seat 5: eurooppa50 ($487.97 in chips)
mdif: posts small blind $1
eurooppa50: posts big blind $3
*** HOLE CARDS ***
mdif: raises $3 to $6
eurooppa50: calls $3
*** FLOP *** [2s Qc 8c]
eurooppa50: bets $3
mdif: calls $3
*** TURN *** [2s Qc 8c] [6s]
eurooppa50: checks
mdif: bets $6
eurooppa50: folds
Uncalled bet ($6) returned to mdif
mdif collected $17.64 from pot
mdif: doesn't show hand
*** SUMMARY ***
Total pot $18 | Rake $0.36
Board [2s Qc 8c 6s]
Seat 1: mdif (button) (small blind) collected ($17.64)
Seat 5: eurooppa50 (big blind) folded on the Turn


PokerStars Hand #144730533857:  Hold'em Limit ($3/$6 USD) - 2015/12/02 16:50:53 ET
Table 'Cybele' 6-max Seat #5 is the button
Seat 1: mdif ($211.16 in chips)
Seat 5: eurooppa50 ($507.47 in chips)
eurooppa50: posts small blind $1
mdif: posts big blind $3
*** HOLE CARDS ***
eurooppa50: folds
Uncalled bet ($2) returned to mdif
mdif collected $2 from pot
mdif: doesn't show hand
*** SUMMARY ***
Total pot $2 | Rake $0
Seat 1: mdif (big blind) collected ($2)
Seat 5: eurooppa50 (button) (small blind) folded before Flop


PokerStars Hand #144730508054:  Hold'em Limit ($3/$6 USD) - 2015/12/02 16:50:25 ET
Table 'Cybele' 6-max Seat #1 is the button
Seat 1: mdif ($241.16 in chips)
Seat 5: eurooppa50 ($477.97 in chips)
mdif: posts small blind $1
eurooppa50: posts big blind $3
*** HOLE CARDS ***
mdif: raises $3 to $6
eurooppa50: raises $3 to $9
mdif: calls $3
*** FLOP *** [7h 2s 5s]
eurooppa50: bets $3
mdif: calls $3
*** TURN *** [7h 2s 5s] [7d]
eurooppa50: bets $6
mdif: raises $6 to $12
eurooppa50: calls $6
*** RIVER *** [7h 2s 5s 7d] [Qs]
eurooppa50: bets $6
mdif: calls $6
*** SHOW DOWN ***
eurooppa50: shows [Js 8s] (a flush, Queen high)
mdif: mucks hand
eurooppa50 collected $59.50 from pot
*** SUMMARY ***
Total pot $60 | Rake $0.50
Board [7h 2s 5s 7d Qs]
Seat 1: mdif (button) (small blind) mucked
Seat 5: eurooppa50 (big blind) showed [Js 8s] and won ($59.50) with a flush, Queen high


