PokerStars Hand #176164949667:  Hold'em Limit ($3/$6 USD) - 2017/09/26 18:11:00 ET
Table 'Cybele III' 6-max Seat #6 is the button
Seat 4: Actionni13 ($150 in chips)
Seat 6: maksi670 ($116.17 in chips)
maksi670: posts small blind $1
Actionni13: posts big blind $3
*** HOLE CARDS ***
maksi670: folds
Uncalled bet ($2) returned to Actionni13
Actionni13 collected $2 from pot
Actionni13: doesn't show hand
*** SUMMARY ***
Total pot $2 | Rake $0
Seat 4: Actionni13 (big blind) collected ($2)
Seat 6: maksi670 (button) (small blind) folded before Flop


PokerStars Hand #176164931983:  Hold'em Limit ($3/$6 USD) - 2017/09/26 18:10:34 ET
Table 'Cybele III' 6-max Seat #4 is the button
Seat 4: Actionni13 ($157.50 in chips)
Seat 6: maksi670 ($95.67 in chips)
Actionni13: posts small blind $1
maksi670: posts big blind $3
*** HOLE CARDS ***
Actionni13: raises $3 to $6
maksi670: calls $3
*** FLOP *** [Ac Qd 8d]
maksi670: checks
Actionni13: bets $3
maksi670: calls $3
*** TURN *** [Ac Qd 8d] [Js]
maksi670: checks
Actionni13: bets $6
maksi670: raises $6 to $12
Actionni13: calls $6
*** RIVER *** [Ac Qd 8d Js] [2s]
maksi670: bets $6
Actionni13: folds
Uncalled bet ($6) returned to maksi670
maksi670 collected $41.50 from pot
*** SUMMARY ***
Total pot $42 | Rake $0.50
Board [Ac Qd 8d Js 2s]
Seat 4: Actionni13 (button) (small blind) folded on the River
Seat 6: maksi670 (big blind) collected ($41.50)


PokerStars Hand #176164928426:  Hold'em Limit ($3/$6 USD) - 2017/09/26 18:10:29 ET
Table 'Cybele III' 6-max Seat #6 is the button
Seat 4: Actionni13 ($156.50 in chips)
Seat 6: maksi670 ($96.67 in chips)
maksi670: posts small blind $1
Actionni13: posts big blind $3
*** HOLE CARDS ***
maksi670: folds
Uncalled bet ($2) returned to Actionni13
Actionni13 collected $2 from pot
Actionni13: doesn't show hand
*** SUMMARY ***
Total pot $2 | Rake $0
Seat 4: Actionni13 (big blind) collected ($2)
Seat 6: maksi670 (button) (small blind) folded before Flop


PokerStars Hand #176164911972:  Hold'em Limit ($3/$6 USD) - 2017/09/26 18:10:06 ET
Table 'Cybele III' 6-max Seat #4 is the button
Seat 4: Actionni13 ($165.50 in chips)
Seat 6: maksi670 ($88.03 in chips)
Actionni13: posts small blind $1
maksi670: posts big blind $3
*** HOLE CARDS ***
Actionni13: raises $3 to $6
maksi670: calls $3
*** FLOP *** [Th As Qd]
maksi670: bets $3
Actionni13: calls $3
*** TURN *** [Th As Qd] [Jh]
maksi670: checks
Actionni13: checks
*** RIVER *** [Th As Qd Jh] [6c]
maksi670: bets $6
Actionni13: folds
Uncalled bet ($6) returned to maksi670
maksi670 collected $17.64 from pot
*** SUMMARY ***
Total pot $18 | Rake $0.36
Board [Th As Qd Jh 6c]
Seat 4: Actionni13 (button) (small blind) folded on the River
Seat 6: maksi670 (big blind) collected ($17.64)


PokerStars Hand #176164979556:  Hold'em Limit ($3/$6 USD) - 2017/09/26 18:11:43 ET
Table 'Cybele III' 6-max Seat #6 is the button
Seat 4: Actionni13 ($152.76 in chips)
Seat 6: maksi670 ($113.05 in chips)
maksi670: posts small blind $1
Actionni13: posts big blind $3
*** HOLE CARDS ***
maksi670: calls $2
Actionni13: checks
*** FLOP *** [3d 5d 9h]
Actionni13: bets $3
maksi670: calls $3
*** TURN *** [3d 5d 9h] [7s]
Actionni13: bets $6
maksi670: calls $6
*** RIVER *** [3d 5d 9h 7s] [4h]
Actionni13: checks
maksi670: bets $6
Actionni13: folds
Uncalled bet ($6) returned to maksi670
maksi670 collected $23.52 from pot
*** SUMMARY ***
Total pot $24 | Rake $0.48
Board [3d 5d 9h 7s 4h]
Seat 4: Actionni13 (big blind) folded on the River
Seat 6: maksi670 (button) (small blind) collected ($23.52)


PokerStars Hand #176164976181:  Hold'em Limit ($3/$6 USD) - 2017/09/26 18:11:38 ET
Table 'Cybele III' 6-max Seat #4 is the button
Seat 4: Actionni13 ($153.76 in chips)
Seat 6: maksi670 ($112.05 in chips)
Actionni13: posts small blind $1
maksi670: posts big blind $3
*** HOLE CARDS ***
Actionni13: folds
Uncalled bet ($2) returned to maksi670
maksi670 collected $2 from pot
*** SUMMARY ***
Total pot $2 | Rake $0
Seat 4: Actionni13 (button) (small blind) folded before Flop
Seat 6: maksi670 (big blind) collected ($2)


PokerStars Hand #176164962232:  Hold'em Limit ($3/$6 USD) - 2017/09/26 18:11:18 ET
Table 'Cybele III' 6-max Seat #6 is the button
Seat 4: Actionni13 ($156.76 in chips)
Seat 6: maksi670 ($109.17 in chips)
maksi670: posts small blind $1
Actionni13: posts big blind $3
*** HOLE CARDS ***
maksi670: calls $2
Actionni13: checks
*** FLOP *** [Ac Th 7s]
Actionni13: checks
maksi670: checks
*** TURN *** [Ac Th 7s] [8d]
Actionni13: checks
maksi670: bets $6
Actionni13: folds
Uncalled bet ($6) returned to maksi670
maksi670 collected $5.88 from pot
*** SUMMARY ***
Total pot $6 | Rake $0.12
Board [Ac Th 7s 8d]
Seat 4: Actionni13 (big blind) folded on the Turn
Seat 6: maksi670 (button) (small blind) collected ($5.88)


PokerStars Hand #176164953500:  Hold'em Limit ($3/$6 USD) - 2017/09/26 18:11:05 ET
Table 'Cybele III' 6-max Seat #4 is the button
Seat 4: Actionni13 ($151 in chips)
Seat 6: maksi670 ($115.17 in chips)
Actionni13: posts small blind $1
maksi670: posts big blind $3
*** HOLE CARDS ***
Actionni13: raises $3 to $6
maksi670: calls $3
*** FLOP *** [9s Ad Kc]
maksi670: checks
Actionni13: bets $3
maksi670: folds
Uncalled bet ($3) returned to Actionni13
Actionni13 collected $11.76 from pot
Actionni13: doesn't show hand
*** SUMMARY ***
Total pot $12 | Rake $0.24
Board [9s Ad Kc]
Seat 4: Actionni13 (button) (small blind) collected ($11.76)
Seat 6: maksi670 (big blind) folded on the Flop


PokerStars Hand #176165029414:  Hold'em Limit ($3/$6 USD) - 2017/09/26 18:12:55 ET
Table 'Cybele III' 6-max Seat #6 is the button
Seat 4: Actionni13 ($150 in chips)
Seat 6: maksi670 ($140.85 in chips)
maksi670: posts small blind $1
Actionni13: posts big blind $3
*** HOLE CARDS ***
maksi670: calls $2
Actionni13: checks
*** FLOP *** [7c 7s 4c]
Actionni13: checks
maksi670: bets $3
kismespit joins the table at seat #3
Actionni13: folds
Uncalled bet ($3) returned to maksi670
maksi670 collected $5.88 from pot
*** SUMMARY ***
Total pot $6 | Rake $0.12
Board [7c 7s 4c]
Seat 4: Actionni13 (big blind) folded on the Flop
Seat 6: maksi670 (button) (small blind) collected ($5.88)


PokerStars Hand #176165014267:  Hold'em Limit ($3/$6 USD) - 2017/09/26 18:12:33 ET
Table 'Cybele III' 6-max Seat #4 is the button
Seat 4: Actionni13 ($151 in chips)
Seat 6: maksi670 ($132.21 in chips)
Actionni13: posts small blind $1
maksi670: posts big blind $3
*** HOLE CARDS ***
Actionni13: raises $3 to $6
maksi670: calls $3
*** FLOP *** [Qs Th 3c]
maksi670: checks
Actionni13: bets $3
maksi670: calls $3
*** TURN *** [Qs Th 3c] [9s]
maksi670: checks
Actionni13: checks
*** RIVER *** [Qs Th 3c 9s] [7s]
maksi670: checks
Actionni13: checks
*** SHOW DOWN ***
maksi670: shows [5d Ah] (high card Ace)
Actionni13: mucks hand
maksi670 collected $17.64 from pot
*** SUMMARY ***
Total pot $18 | Rake $0.36
Board [Qs Th 3c 9s 7s]
Seat 4: Actionni13 (button) (small blind) mucked
Seat 6: maksi670 (big blind) showed [5d Ah] and won ($17.64) with high card Ace


PokerStars Hand #176165010818:  Hold'em Limit ($3/$6 USD) - 2017/09/26 18:12:28 ET
Table 'Cybele III' 6-max Seat #6 is the button
Seat 4: Actionni13 ($150 in chips)
Seat 6: maksi670 ($133.21 in chips)
maksi670: posts small blind $1
Actionni13: posts big blind $3
*** HOLE CARDS ***
maksi670: folds
Uncalled bet ($2) returned to Actionni13
Actionni13 collected $2 from pot
Actionni13: doesn't show hand
*** SUMMARY ***
Total pot $2 | Rake $0
Seat 4: Actionni13 (big blind) collected ($2)
Seat 6: maksi670 (button) (small blind) folded before Flop


PokerStars Hand #176164994688:  Hold'em Limit ($3/$6 USD) - 2017/09/26 18:12:05 ET
Table 'Cybele III' 6-max Seat #4 is the button
Seat 4: Actionni13 ($150 in chips)
Seat 6: maksi670 ($124.57 in chips)
Actionni13: posts small blind $1
maksi670: posts big blind $3
*** HOLE CARDS ***
Actionni13: raises $3 to $6
maksi670: calls $3
*** FLOP *** [9s 2c Th]
maksi670: checks
Actionni13: bets $3
maksi670: calls $3
*** TURN *** [9s 2c Th] [6c]
maksi670: checks
Actionni13: checks
*** RIVER *** [9s 2c Th 6c] [5h]
maksi670: checks
Actionni13: checks
*** SHOW DOWN ***
maksi670: shows [2s 7s] (a pair of Deuces)
Actionni13: mucks hand
maksi670 collected $17.64 from pot
*** SUMMARY ***
Total pot $18 | Rake $0.36
Board [9s 2c Th 6c 5h]
Seat 4: Actionni13 (button) (small blind) mucked
Seat 6: maksi670 (big blind) showed [2s 7s] and won ($17.64) with a pair of Deuces


PokerStars Hand #176165042057:  Hold'em Limit ($3/$6 USD) - 2017/09/26 18:13:14 ET
Table 'Cybele III' 6-max Seat #4 is the button
Seat 4: Actionni13 ($150 in chips)
Seat 6: maksi670 ($143.73 in chips)
Actionni13: posts small blind $1
maksi670: posts big blind $3
*** HOLE CARDS ***
Actionni13: raises $3 to $6
maksi670: calls $3
*** FLOP *** [Kc 4h 5d]
maksi670: checks
Actionni13: bets $3
maksi670: folds
Uncalled bet ($3) returned to Actionni13
Actionni13 collected $11.76 from pot
Actionni13: doesn't show hand
*** SUMMARY ***
Total pot $12 | Rake $0.24
Board [Kc 4h 5d]
Seat 4: Actionni13 (button) (small blind) collected ($11.76)
Seat 6: maksi670 (big blind) folded on the Flop


