PokerStars Hand #149039481030:  Hold'em Limit ($3/$6 USD) - 2016/02/18 19:31:54 ET
Table 'Cybele III' 6-max Seat #6 is the button
Seat 4: MissEKAmouse ($120 in chips)
Seat 6: drillertag10 ($23.26 in chips)
drillertag10: posts small blind $1
Necromadx: is sitting out
Chessnok: is sitting out
MissEKAmouse: posts big blind $3
*** HOLE CARDS ***
drillertag10: folds
Uncalled bet ($2) returned to MissEKAmouse
MissEKAmouse collected $2 from pot
MissEKAmouse: doesn't show hand
*** SUMMARY ***
Total pot $2 | Rake $0
Seat 4: MissEKAmouse (big blind) collected ($2)
Seat 6: drillertag10 (button) (small blind) folded before Flop


PokerStars Hand #149039484687:  Hold'em Limit ($3/$6 USD) - 2016/02/18 19:31:59 ET
Table 'Cybele III' 6-max Seat #4 is the button
Seat 4: MissEKAmouse ($121 in chips)
Seat 6: drillertag10 ($22.26 in chips)
MissEKAmouse: posts small blind $1
drillertag10: posts big blind $3
*** HOLE CARDS ***
Necromadx leaves the table
MissEKAmouse: raises $3 to $6
drillertag10: calls $3
*** FLOP *** [2c 7s 8d]
drillertag10: checks
MissEKAmouse: bets $3
drillertag10: folds
Uncalled bet ($3) returned to MissEKAmouse
MissEKAmouse collected $11.76 from pot
MissEKAmouse: doesn't show hand
*** SUMMARY ***
Total pot $12 | Rake $0.24
Board [2c 7s 8d]
Seat 4: MissEKAmouse (button) (small blind) collected ($11.76)
Seat 6: drillertag10 (big blind) folded on the Flop


PokerStars Hand #149042743991:  Hold'em Limit ($3/$6 USD) - 2016/02/18 21:14:43 ET
Table 'Cybele III' 6-max Seat #5 is the button
Seat 2: aloven ($275.22 in chips)
Seat 5: aless284 ($183.62 in chips)
aless284: posts small blind $1
wkfatboy: is sitting out
aloven: posts big blind $3
*** HOLE CARDS ***
aless284: raises $3 to $6
aloven: calls $3
*** FLOP *** [8c Kc 7h]
aloven: checks
aless284: bets $3
aloven: calls $3
*** TURN *** [8c Kc 7h] [Td]
aloven: checks
aless284: checks
*** RIVER *** [8c Kc 7h Td] [Js]
aloven: checks
aless284: bets $6
aloven: folds
Uncalled bet ($6) returned to aless284
aless284 collected $17.64 from pot
aless284: doesn't show hand
*** SUMMARY ***
Total pot $18 | Rake $0.36
Board [8c Kc 7h Td Js]
Seat 2: aloven (big blind) folded on the River
Seat 5: aless284 (button) (small blind) collected ($17.64)


PokerStars Hand #149042762159:  Hold'em Limit ($3/$6 USD) - 2016/02/18 21:15:23 ET
Table 'Cybele III' 6-max Seat #2 is the button
Seat 2: aloven ($266.22 in chips)
Seat 5: aless284 ($192.26 in chips)
aloven: posts small blind $1
aless284: posts big blind $3
*** HOLE CARDS ***
aloven: raises $3 to $6
aless284: folds
Uncalled bet ($3) returned to aloven
aloven collected $6 from pot
aloven: doesn't show hand
*** SUMMARY ***
Total pot $6 | Rake $0
Seat 2: aloven (button) (small blind) collected ($6)
Seat 5: aless284 (big blind) folded before Flop


PokerStars Hand #149042759085:  Hold'em Limit ($3/$6 USD) - 2016/02/18 21:15:16 ET
Table 'Cybele III' 6-max Seat #5 is the button
Seat 2: aloven ($269.22 in chips)
Seat 5: aless284 ($189.26 in chips)
aless284: posts small blind $1
aloven: posts big blind $3
*** HOLE CARDS ***
aless284: raises $3 to $6
aloven: folds
Uncalled bet ($3) returned to aless284
aless284 collected $6 from pot
aless284: doesn't show hand
*** SUMMARY ***
Total pot $6 | Rake $0
Seat 2: aloven (big blind) folded before Flop
Seat 5: aless284 (button) (small blind) collected ($6)


PokerStars Hand #149042754524:  Hold'em Limit ($3/$6 USD) - 2016/02/18 21:15:06 ET
Table 'Cybele III' 6-max Seat #2 is the button
Seat 2: aloven ($266.22 in chips)
Seat 5: aless284 ($192.26 in chips)
aloven: posts small blind $1
aless284: posts big blind $3
*** HOLE CARDS ***
aloven: raises $3 to $6
aless284: folds
Uncalled bet ($3) returned to aloven
aloven collected $6 from pot
aloven: doesn't show hand
*** SUMMARY ***
Total pot $6 | Rake $0
Seat 2: aloven (button) (small blind) collected ($6)
Seat 5: aless284 (big blind) folded before Flop


