PokerStars Hand #158190334932:  Hold'em Limit ($3/$6 USD) - 2016/09/05 9:12:11 ET
Table 'Cybele' 6-max Seat #5 is the button
Seat 4: Actionni13 ($150 in chips)
Seat 5: CrongCrong ($121 in chips)
CrongCrong: posts small blind $1
Actionni13: posts big blind $3
*** HOLE CARDS ***
CrongCrong: folds
Uncalled bet ($2) returned to Actionni13
Actionni13 collected $2 from pot
Actionni13: doesn't show hand
*** SUMMARY ***
Total pot $2 | Rake $0
Seat 4: Actionni13 (big blind) collected ($2)
Seat 5: CrongCrong (button) (small blind) folded before Flop


PokerStars Hand #158190327811:  Hold'em Limit ($3/$6 USD) - 2016/09/05 9:11:57 ET
Table 'Cybele' 6-max Seat #4 is the button
Seat 4: Actionni13 ($150 in chips)
Seat 5: CrongCrong ($120 in chips)
Actionni13: posts small blind $1
CrongCrong: posts big blind $3
*** HOLE CARDS ***
Actionni13: folds
Uncalled bet ($2) returned to CrongCrong
CrongCrong collected $2 from pot
CrongCrong: doesn't show hand
*** SUMMARY ***
Total pot $2 | Rake $0
Seat 4: Actionni13 (button) (small blind) folded before Flop
Seat 5: CrongCrong (big blind) collected ($2)


PokerStars Hand #158190346581:  Hold'em Limit ($3/$6 USD) - 2016/09/05 9:12:32 ET
Table 'Cybele' 6-max Seat #5 is the button
Seat 4: Actionni13 ($156.76 in chips)
Seat 5: CrongCrong ($114 in chips)
CrongCrong: posts small blind $1
Actionni13: posts big blind $3
*** HOLE CARDS ***
CrongCrong: raises $3 to $6
Actionni13: raises $3 to $9
CrongCrong: raises $3 to $12
Betting is capped
Actionni13: calls $3
*** FLOP *** [7d 9d Qs]
Actionni13: checks
CrongCrong: bets $3
Actionni13: calls $3
*** TURN *** [7d 9d Qs] [6d]
Actionni13: checks
CrongCrong: bets $6
Actionni13: calls $6
*** RIVER *** [7d 9d Qs 6d] [8s]
Actionni13: checks
CrongCrong: bets $6
Actionni13: folds
Uncalled bet ($6) returned to CrongCrong
CrongCrong collected $41.50 from pot
CrongCrong: doesn't show hand
*** SUMMARY ***
Total pot $42 | Rake $0.50
Board [7d 9d Qs 6d 8s]
Seat 4: Actionni13 (big blind) folded on the River
Seat 5: CrongCrong (button) (small blind) collected ($41.50)


PokerStars Hand #158190339044:  Hold'em Limit ($3/$6 USD) - 2016/09/05 9:12:18 ET
Table 'Cybele' 6-max Seat #4 is the button
Seat 4: Actionni13 ($151 in chips)
Seat 5: CrongCrong ($120 in chips)
Actionni13: posts small blind $1
CrongCrong: posts big blind $3
*** HOLE CARDS ***
Actionni13: raises $3 to $6
CrongCrong: calls $3
*** FLOP *** [2h As 2c]
CrongCrong: checks
Actionni13: bets $3
CrongCrong: folds
Uncalled bet ($3) returned to Actionni13
Actionni13 collected $11.76 from pot
Actionni13: doesn't show hand
*** SUMMARY ***
Total pot $12 | Rake $0.24
Board [2h As 2c]
Seat 4: Actionni13 (button) (small blind) collected ($11.76)
Seat 5: CrongCrong (big blind) folded on the Flop


PokerStars Hand #158190391514:  Hold'em Limit ($3/$6 USD) - 2016/09/05 9:13:54 ET
Table 'Cybele' 6-max Seat #4 is the button
Seat 4: Actionni13 ($150 in chips)
Seat 5: CrongCrong ($146 in chips)
Actionni13: posts small blind $1
CrongCrong: posts big blind $3
*** HOLE CARDS ***
Actionni13: raises $3 to $6
CrongCrong: calls $3
*** FLOP *** [8h Ah 2c]
CrongCrong: checks
Actionni13: bets $3
CrongCrong: calls $3
*** TURN *** [8h Ah 2c] [7s]
CrongCrong: checks
Actionni13: bets $6
CrongCrong: raises $6 to $12
Actionni13: folds
Uncalled bet ($6) returned to CrongCrong
CrongCrong collected $29.50 from pot
CrongCrong: doesn't show hand
*** SUMMARY ***
Total pot $30 | Rake $0.50
Board [8h Ah 2c 7s]
Seat 4: Actionni13 (button) (small blind) folded on the Turn
Seat 5: CrongCrong (big blind) collected ($29.50)


PokerStars Hand #158190376117:  Hold'em Limit ($3/$6 USD) - 2016/09/05 9:13:26 ET
Table 'Cybele' 6-max Seat #5 is the button
Seat 4: Actionni13 ($153 in chips)
Seat 5: CrongCrong ($131.50 in chips)
CrongCrong: posts small blind $1
Actionni13: posts big blind $3
*** HOLE CARDS ***
CrongCrong: raises $3 to $6
Actionni13: raises $3 to $9
CrongCrong: raises $3 to $12
Betting is capped
Actionni13: calls $3
*** FLOP *** [As 7d 4c]
Actionni13: checks
CrongCrong: bets $3
Actionni13: calls $3
*** TURN *** [As 7d 4c] [5d]
Actionni13: checks
CrongCrong: bets $6
Actionni13: folds
Uncalled bet ($6) returned to CrongCrong
CrongCrong collected $29.50 from pot
CrongCrong: doesn't show hand
*** SUMMARY ***
Total pot $30 | Rake $0.50
Board [As 7d 4c 5d]
Seat 4: Actionni13 (big blind) folded on the Turn
Seat 5: CrongCrong (button) (small blind) collected ($29.50)


PokerStars Hand #158190371723:  Hold'em Limit ($3/$6 USD) - 2016/09/05 9:13:17 ET
Table 'Cybele' 6-max Seat #4 is the button
Seat 4: Actionni13 ($150 in chips)
Seat 5: CrongCrong ($134.50 in chips)
Actionni13: posts small blind $1
CrongCrong: posts big blind $3
*** HOLE CARDS ***
Actionni13: raises $3 to $6
CrongCrong: folds
Uncalled bet ($3) returned to Actionni13
Actionni13 collected $6 from pot
Actionni13: doesn't show hand
*** SUMMARY ***
Total pot $6 | Rake $0
Seat 4: Actionni13 (button) (small blind) collected ($6)
Seat 5: CrongCrong (big blind) folded before Flop


PokerStars Hand #158190400464:  Hold'em Limit ($3/$6 USD) - 2016/09/05 9:14:10 ET
Table 'Cybele' 6-max Seat #5 is the button
Seat 4: Actionni13 ($150 in chips)
Seat 5: CrongCrong ($160.50 in chips)
CrongCrong: posts small blind $1
Actionni13: posts big blind $3
*** HOLE CARDS ***
CrongCrong: folds
Uncalled bet ($2) returned to Actionni13
Actionni13 collected $2 from pot
Actionni13: doesn't show hand
*** SUMMARY ***
Total pot $2 | Rake $0
Seat 4: Actionni13 (big blind) collected ($2)
Seat 5: CrongCrong (button) (small blind) folded before Flop


PokerStars Hand #158190403751:  Hold'em Limit ($3/$6 USD) - 2016/09/05 9:14:16 ET
Table 'Cybele' 6-max Seat #4 is the button
Seat 4: Actionni13 ($151 in chips)
Seat 5: CrongCrong ($159.50 in chips)
Actionni13: posts small blind $1
CrongCrong: posts big blind $3
*** HOLE CARDS ***
Actionni13: raises $3 to $6
CrongCrong: calls $3
*** FLOP *** [4h 7c 2h]
CrongCrong: bets $3
Actionni13: calls $3
*** TURN *** [4h 7c 2h] [Jc]
CrongCrong: checks
Actionni13: checks
*** RIVER *** [4h 7c 2h Jc] [5d]
CrongCrong: bets $6
Actionni13: calls $6
*** SHOW DOWN ***
CrongCrong: shows [7d 4d] (two pair, Sevens and Fours)
Actionni13: mucks hand
CrongCrong collected $29.50 from pot
*** SUMMARY ***
Total pot $30 | Rake $0.50
Board [4h 7c 2h Jc 5d]
Seat 4: Actionni13 (button) (small blind) mucked
Seat 5: CrongCrong (big blind) showed [7d 4d] and won ($29.50) with two pair, Sevens and Fours


PokerStars Hand #158190414784:  Hold'em Limit ($3/$6 USD) - 2016/09/05 9:14:36 ET
Table 'Cybele' 6-max Seat #5 is the button
Seat 4: Actionni13 ($150 in chips)
Seat 5: CrongCrong ($174 in chips)
CrongCrong: posts small blind $1
Actionni13: posts big blind $3
*** HOLE CARDS ***
CrongCrong: raises $3 to $6
Actionni13: calls $3
*** FLOP *** [3c Ts Ac]
Actionni13: checks
CrongCrong: bets $3
Actionni13: folds
Uncalled bet ($3) returned to CrongCrong
CrongCrong collected $11.76 from pot
CrongCrong: doesn't show hand
*** SUMMARY ***
Total pot $12 | Rake $0.24
Board [3c Ts Ac]
Seat 4: Actionni13 (big blind) folded on the Flop
Seat 5: CrongCrong (button) (small blind) collected ($11.76)


PokerStars Hand #158190441744:  Hold'em Limit ($3/$6 USD) - 2016/09/05 9:15:25 ET
Table 'Cybele' 6-max Seat #5 is the button
Seat 4: Actionni13 ($150 in chips)
Seat 5: CrongCrong ($194.26 in chips)
CrongCrong: posts small blind $1
Actionni13: posts big blind $3
*** HOLE CARDS ***
CrongCrong: folds
Uncalled bet ($2) returned to Actionni13
Actionni13 collected $2 from pot
Actionni13: doesn't show hand
*** SUMMARY ***
Total pot $2 | Rake $0
Seat 4: Actionni13 (big blind) collected ($2)
Seat 5: CrongCrong (button) (small blind) folded before Flop


PokerStars Hand #158190456367:  Hold'em Limit ($3/$6 USD) - 2016/09/05 9:15:51 ET
Table 'Cybele' 6-max Seat #5 is the button
Seat 4: Actionni13 ($150 in chips)
Seat 5: CrongCrong ($201.90 in chips)
CrongCrong: posts small blind $1
Actionni13: posts big blind $3
*** HOLE CARDS ***
CrongCrong: folds
Uncalled bet ($2) returned to Actionni13
Actionni13 collected $2 from pot
Actionni13: doesn't show hand
*** SUMMARY ***
Total pot $2 | Rake $0
Seat 4: Actionni13 (big blind) collected ($2)
Seat 5: CrongCrong (button) (small blind) folded before Flop


PokerStars Hand #158190445454:  Hold'em Limit ($3/$6 USD) - 2016/09/05 9:15:32 ET
Table 'Cybele' 6-max Seat #4 is the button
Seat 4: Actionni13 ($151 in chips)
Seat 5: CrongCrong ($193.26 in chips)
Actionni13: posts small blind $1
CrongCrong: posts big blind $3
*** HOLE CARDS ***
Actionni13: raises $3 to $6
CrongCrong: raises $3 to $9
Actionni13: calls $3
*** FLOP *** [Th 7h 8h]
CrongCrong: bets $3
Actionni13: folds
Uncalled bet ($3) returned to CrongCrong
CrongCrong collected $17.64 from pot
CrongCrong: doesn't show hand
*** SUMMARY ***
Total pot $18 | Rake $0.36
Board [Th 7h 8h]
Seat 4: Actionni13 (button) (small blind) folded on the Flop
Seat 5: CrongCrong (big blind) collected ($17.64)


PokerStars Hand #158190424310:  Hold'em Limit ($3/$6 USD) - 2016/09/05 9:14:53 ET
Table 'Cybele' 6-max Seat #4 is the button
Seat 4: Actionni13 ($150 in chips)
Seat 5: CrongCrong ($179.76 in chips)
Actionni13: posts small blind $1
CrongCrong: posts big blind $3
*** HOLE CARDS ***
Actionni13: raises $3 to $6
CrongCrong: calls $3
*** FLOP *** [Ks 3c Ac]
CrongCrong: checks
Actionni13: bets $3
CrongCrong: calls $3
*** TURN *** [Ks 3c Ac] [7c]
CrongCrong: checks
Actionni13: checks
*** RIVER *** [Ks 3c Ac 7c] [2h]
CrongCrong: bets $6
Actionni13: calls $6
*** SHOW DOWN ***
CrongCrong: shows [6d Ah] (a pair of Aces)
Actionni13: mucks hand
CrongCrong collected $29.50 from pot
*** SUMMARY ***
Total pot $30 | Rake $0.50
Board [Ks 3c Ac 7c 2h]
Seat 4: Actionni13 (button) (small blind) mucked
Seat 5: CrongCrong (big blind) showed [6d Ah] and won ($29.50) with a pair of Aces


PokerStars Hand #158190461442:  Hold'em Limit ($3/$6 USD) - 2016/09/05 9:16:01 ET
Table 'Cybele' 6-max Seat #4 is the button
Seat 4: Actionni13 ($151 in chips)
Seat 5: CrongCrong ($200.90 in chips)
Actionni13: posts small blind $1
CrongCrong: posts big blind $3
*** HOLE CARDS ***
Actionni13: raises $3 to $6
CrongCrong: calls $3
*** FLOP *** [5h 6h Jh]
CrongCrong: checks
Actionni13: bets $3
CrongCrong: calls $3
*** TURN *** [5h 6h Jh] [Th]
CrongCrong: checks
Actionni13: bets $6
CrongCrong: calls $6
*** RIVER *** [5h 6h Jh Th] [As]
CrongCrong: checks
Actionni13: checks
*** SHOW DOWN ***
CrongCrong: shows [7h 8d] (a flush, Jack high)
Actionni13: mucks hand
CrongCrong collected $29.50 from pot
*** SUMMARY ***
Total pot $30 | Rake $0.50
Board [5h 6h Jh Th As]
Seat 4: Actionni13 (button) (small blind) mucked
Seat 5: CrongCrong (big blind) showed [7h 8d] and won ($29.50) with a flush, Jack high


PokerStars Hand #158190476933:  Hold'em Limit ($3/$6 USD) - 2016/09/05 9:16:29 ET
Table 'Cybele' 6-max Seat #5 is the button
Seat 4: Actionni13 ($150 in chips)
Seat 5: CrongCrong ($215.40 in chips)
CrongCrong: posts small blind $1
Actionni13: posts big blind $3
*** HOLE CARDS ***
CrongCrong: raises $3 to $6
Actionni13: calls $3
*** FLOP *** [9c Qd Qc]
Actionni13: checks
HAL9QQQ joins the table at seat #1
CrongCrong: bets $3
Actionni13: folds
Uncalled bet ($3) returned to CrongCrong
CrongCrong collected $11.76 from pot
CrongCrong: doesn't show hand
*** SUMMARY ***
Total pot $12 | Rake $0.24
Board [9c Qd Qc]
Seat 4: Actionni13 (big blind) folded on the Flop
Seat 5: CrongCrong (button) (small blind) collected ($11.76)


PokerStars Hand #158190484244:  Hold'em Limit ($3/$6 USD) - 2016/09/05 9:16:42 ET
Table 'Cybele' 6-max Seat #4 is the button
Seat 4: Actionni13 ($150 in chips)
Seat 5: CrongCrong ($221.16 in chips)
Actionni13: posts small blind $1
CrongCrong: posts big blind $3
*** HOLE CARDS ***
Actionni13: raises $3 to $6
CrongCrong: raises $3 to $9
Actionni13: calls $3
*** FLOP *** [4s Ah Jh]
CrongCrong: bets $3
Actionni13: calls $3
*** TURN *** [4s Ah Jh] [Ks]
CrongCrong: checks
Actionni13: bets $6
CrongCrong: calls $6
*** RIVER *** [4s Ah Jh Ks] [3c]
CrongCrong: checks
Actionni13: bets $6
CrongCrong: calls $6
*** SHOW DOWN ***
Actionni13: shows [4h Ac] (two pair, Aces and Fours)
CrongCrong: mucks hand
Actionni13 collected $47.50 from pot
*** SUMMARY ***
Total pot $48 | Rake $0.50
Board [4s Ah Jh Ks 3c]
Seat 4: Actionni13 (button) (small blind) showed [4h Ac] and won ($47.50) with two pair, Aces and Fours
Seat 5: CrongCrong (big blind) mucked


