PokerStars Hand #169138817868:  Hold'em Limit ($3/$6 USD) - 2017/04/16 17:02:57 ET
Table 'Cydonia II' 10-max Seat #10 is the button
Seat 9: GoliafUa ($158.52 in chips)
Seat 10: Snyadovski ($79.50 in chips)
Snyadovski: posts small blind $1
GoliafUa: posts big blind $3
*** HOLE CARDS ***
Snyadovski: calls $2
GoliafUa: checks
*** FLOP *** [Tc 8d 8s]
GoliafUa: bets $3
Snyadovski: raises $3 to $6
GoliafUa: calls $3
*** TURN *** [Tc 8d 8s] [Kd]
GoliafUa: checks
Snyadovski: bets $6
GoliafUa: folds
Uncalled bet ($6) returned to Snyadovski
Snyadovski collected $17.64 from pot
Snyadovski: doesn't show hand
*** SUMMARY ***
Total pot $18 | Rake $0.36
Board [Tc 8d 8s Kd]
Seat 9: GoliafUa (big blind) folded on the Turn
Seat 10: Snyadovski (button) (small blind) collected ($17.64)


PokerStars Hand #169138832899:  Hold'em Limit ($3/$6 USD) - 2017/04/16 17:03:14 ET
Table 'Cydonia II' 10-max Seat #9 is the button
Seat 9: GoliafUa ($149.52 in chips)
Seat 10: Snyadovski ($88.14 in chips)
GoliafUa: posts small blind $1
Snyadovski: posts big blind $3
*** HOLE CARDS ***
GoliafUa: raises $3 to $6
Snyadovski: calls $3
*** FLOP *** [3d 6s 7s]
Snyadovski: checks
GoliafUa: bets $3
Snyadovski: calls $3
*** TURN *** [3d 6s 7s] [8c]
Zubasa07 joins the table at seat #1
Snyadovski: bets $6
GoliafUa: calls $6
*** RIVER *** [3d 6s 7s 8c] [3c]
Snyadovski: bets $6
GoliafUa: folds
Uncalled bet ($6) returned to Snyadovski
Snyadovski collected $29.50 from pot
Snyadovski: doesn't show hand
*** SUMMARY ***
Total pot $30 | Rake $0.50
Board [3d 6s 7s 8c 3c]
Seat 9: GoliafUa (button) (small blind) folded on the River
Seat 10: Snyadovski (big blind) collected ($29.50)


