PokerStars Hand #159889030919:  Hold'em Limit ($3/$6 USD) - 2016/10/13 16:26:24 ET
Table 'Cydonia' 6-max Seat #3 is the button
Seat 3: koalis3 ($64.38 in chips)
Seat 6: MoNaLiZa13 ($26.02 in chips)
koalis3: posts small blind $1
MoNaLiZa13: posts big blind $3
*** HOLE CARDS ***
koalis3: raises $3 to $6
ToDaFelt joins the table at seat #1
MoNaLiZa13: raises $3 to $9
koalis3: folds
Uncalled bet ($3) returned to MoNaLiZa13
MoNaLiZa13 collected $12 from pot
MoNaLiZa13: doesn't show hand
*** SUMMARY ***
Total pot $12 | Rake $0
Seat 3: koalis3 (button) (small blind) folded before Flop
Seat 6: MoNaLiZa13 (big blind) collected ($12)


PokerStars Hand #159889091428:  Hold'em Limit ($3/$6 USD) - 2016/10/13 16:27:31 ET
Table 'Cydonia' 6-max Seat #3 is the button
Seat 3: koalis3 ($72.88 in chips)
Seat 6: MoNaLiZa13 ($17.02 in chips)
koalis3: posts small blind $1
MoNaLiZa13: posts big blind $3
*** HOLE CARDS ***
koalis3: raises $3 to $6
MoNaLiZa13: calls $3
*** FLOP *** [Qs Qc 4d]
MoNaLiZa13: checks
koalis3: bets $3
MoNaLiZa13: calls $3
*** TURN *** [Qs Qc 4d] [4c]
MoNaLiZa13: checks
koalis3: bets $6
MoNaLiZa13: raises $2.02 to $8.02 and is all-in
koalis3: folds
Uncalled bet ($2.02) returned to MoNaLiZa13
MoNaLiZa13 collected $29.50 from pot
MoNaLiZa13: doesn't show hand
*** SUMMARY ***
Total pot $30 | Rake $0.50
Board [Qs Qc 4d 4c]
Seat 3: koalis3 (button) (small blind) folded on the Turn
Seat 6: MoNaLiZa13 (big blind) collected ($29.50)


PokerStars Hand #159889076274:  Hold'em Limit ($3/$6 USD) - 2016/10/13 16:27:14 ET
Table 'Cydonia' 6-max Seat #6 is the button
Seat 3: koalis3 ($58.38 in chips)
Seat 6: MoNaLiZa13 ($32.02 in chips)
MoNaLiZa13: posts small blind $1
koalis3: posts big blind $3
*** HOLE CARDS ***
MoNaLiZa13: calls $2
koalis3: raises $3 to $6
MoNaLiZa13: calls $3
*** FLOP *** [7h 7d 9c]
koalis3: bets $3
MoNaLiZa13: calls $3
*** TURN *** [7h 7d 9c] [Ad]
koalis3: bets $6
MoNaLiZa13: calls $6
*** RIVER *** [7h 7d 9c Ad] [Qs]
koalis3: bets $6
MoNaLiZa13: folds
Uncalled bet ($6) returned to koalis3
koalis3 collected $29.50 from pot
koalis3: doesn't show hand
*** SUMMARY ***
Total pot $30 | Rake $0.50
Board [7h 7d 9c Ad Qs]
Seat 3: koalis3 (big blind) collected ($29.50)
Seat 6: MoNaLiZa13 (button) (small blind) folded on the River


PokerStars Hand #159889115480:  Hold'em Limit ($3/$6 USD) - 2016/10/13 16:27:58 ET
Table 'Cydonia' 6-max Seat #6 is the button
Seat 3: koalis3 ($57.88 in chips)
Seat 6: MoNaLiZa13 ($31.52 in chips)
MoNaLiZa13: posts small blind $1
koalis3: posts big blind $3
*** HOLE CARDS ***
MoNaLiZa13: calls $2
koalis3: raises $3 to $6
MoNaLiZa13: raises $3 to $9
koalis3: calls $3
*** FLOP *** [3c 8s 8c]
koalis3: checks
MoNaLiZa13: bets $3
koalis3: folds
Uncalled bet ($3) returned to MoNaLiZa13
MoNaLiZa13 collected $17.64 from pot
MoNaLiZa13: doesn't show hand
*** SUMMARY ***
Total pot $18 | Rake $0.36
Board [3c 8s 8c]
Seat 3: koalis3 (big blind) folded on the Flop
Seat 6: MoNaLiZa13 (button) (small blind) collected ($17.64)


PokerStars Hand #159889128456:  Hold'em Limit ($3/$6 USD) - 2016/10/13 16:28:16 ET
Table 'Cydonia' 6-max Seat #3 is the button
Seat 3: koalis3 ($48.88 in chips)
Seat 6: MoNaLiZa13 ($40.16 in chips)
koalis3: posts small blind $1
MoNaLiZa13: posts big blind $3
*** HOLE CARDS ***
koalis3: calls $2
MoNaLiZa13: checks
*** FLOP *** [6d Kc Kh]
MoNaLiZa13: checks
koalis3: bets $3
MoNaLiZa13: calls $3
*** TURN *** [6d Kc Kh] [3c]
MoNaLiZa13: checks
koalis3: bets $6
MoNaLiZa13: calls $6
*** RIVER *** [6d Kc Kh 3c] [8h]
MoNaLiZa13: checks
koalis3: bets $6
MoNaLiZa13: calls $6
*** SHOW DOWN ***
koalis3: shows [3s 8s] (two pair, Kings and Eights)
MoNaLiZa13: mucks hand
koalis3 collected $35.50 from pot
*** SUMMARY ***
Total pot $36 | Rake $0.50
Board [6d Kc Kh 3c 8h]
Seat 3: koalis3 (button) (small blind) showed [3s 8s] and won ($35.50) with two pair, Kings and Eights
Seat 6: MoNaLiZa13 (big blind) mucked


PokerStars Hand #159889158593:  Hold'em Limit ($3/$6 USD) - 2016/10/13 16:28:48 ET
Table 'Cydonia' 6-max Seat #6 is the button
Seat 3: koalis3 ($66.38 in chips)
Seat 6: MoNaLiZa13 ($22.16 in chips)
MoNaLiZa13: posts small blind $1
koalis3: posts big blind $3
*** HOLE CARDS ***
MoNaLiZa13: calls $2
koalis3: raises $3 to $6
MoNaLiZa13: calls $3
*** FLOP *** [8d 3d Qc]
koalis3: bets $3
MoNaLiZa13: calls $3
*** TURN *** [8d 3d Qc] [3c]
koalis3: bets $6
MoNaLiZa13: calls $6
*** RIVER *** [8d 3d Qc 3c] [Js]
koalis3: bets $6
MoNaLiZa13: raises $1.16 to $7.16 and is all-in
koalis3: folds
Uncalled bet ($1.16) returned to MoNaLiZa13
MoNaLiZa13 collected $41.50 from pot
MoNaLiZa13: doesn't show hand
*** SUMMARY ***
Total pot $42 | Rake $0.50
Board [8d 3d Qc 3c Js]
Seat 3: koalis3 (big blind) folded on the River
Seat 6: MoNaLiZa13 (button) (small blind) collected ($41.50)


PokerStars Hand #159889176162:  Hold'em Limit ($3/$6 USD) - 2016/10/13 16:29:07 ET
Table 'Cydonia' 6-max Seat #3 is the button
Seat 3: koalis3 ($45.38 in chips)
Seat 6: MoNaLiZa13 ($42.66 in chips)
koalis3: posts small blind $1
MoNaLiZa13: posts big blind $3
*** HOLE CARDS ***
koalis3: calls $2
MoNaLiZa13: checks
*** FLOP *** [Qh 2s 5h]
MoNaLiZa13: checks
koalis3: bets $3
MoNaLiZa13: calls $3
*** TURN *** [Qh 2s 5h] [7d]
MoNaLiZa13: checks
koalis3: bets $6
MoNaLiZa13: folds
Uncalled bet ($6) returned to koalis3
koalis3 collected $11.76 from pot
koalis3: doesn't show hand
*** SUMMARY ***
Total pot $12 | Rake $0.24
Board [Qh 2s 5h 7d]
Seat 3: koalis3 (button) (small blind) collected ($11.76)
Seat 6: MoNaLiZa13 (big blind) folded on the Turn


PokerStars Hand #159889204271:  Hold'em Limit ($3/$6 USD) - 2016/10/13 16:29:39 ET
Table 'Cydonia' 6-max Seat #6 is the button
Seat 3: koalis3 ($51.14 in chips)
Seat 6: MoNaLiZa13 ($36.66 in chips)
MoNaLiZa13: posts small blind $1
koalis3: posts big blind $3
*** HOLE CARDS ***
MoNaLiZa13: calls $2
koalis3: raises $3 to $6
MoNaLiZa13: calls $3
*** FLOP *** [8c 9c 7h]
koalis3: bets $3
MoNaLiZa13: calls $3
*** TURN *** [8c 9c 7h] [Jc]
koalis3: bets $6
MoNaLiZa13: calls $6
*** RIVER *** [8c 9c 7h Jc] [Ks]
koalis3: bets $6
MoNaLiZa13: folds
Uncalled bet ($6) returned to koalis3
koalis3 collected $29.50 from pot
koalis3: doesn't show hand
*** SUMMARY ***
Total pot $30 | Rake $0.50
Board [8c 9c 7h Jc Ks]
Seat 3: koalis3 (big blind) collected ($29.50)
Seat 6: MoNaLiZa13 (button) (small blind) folded on the River


PokerStars Hand #159889253608:  Hold'em Limit ($3/$6 USD) - 2016/10/13 16:30:35 ET
Table 'Cydonia' 6-max Seat #6 is the button
Seat 3: koalis3 ($53.64 in chips)
Seat 6: MoNaLiZa13 ($33.18 in chips)
MoNaLiZa13: posts small blind $1
koalis3: posts big blind $3
*** HOLE CARDS ***
MoNaLiZa13: raises $3 to $6
koalis3: calls $3
*** FLOP *** [9h 6h 7s]
koalis3: bets $3
MoNaLiZa13: calls $3
*** TURN *** [9h 6h 7s] [Ts]
koalis3: bets $6
MoNaLiZa13: calls $6
*** RIVER *** [9h 6h 7s Ts] [3d]
koalis3: bets $6
MoNaLiZa13: folds
Uncalled bet ($6) returned to koalis3
koalis3 collected $29.50 from pot
koalis3: doesn't show hand
*** SUMMARY ***
Total pot $30 | Rake $0.50
Board [9h 6h 7s Ts 3d]
Seat 3: koalis3 (big blind) collected ($29.50)
Seat 6: MoNaLiZa13 (button) (small blind) folded on the River


PokerStars Hand #159889274148:  Hold'em Limit ($3/$6 USD) - 2016/10/13 16:30:58 ET
Table 'Cydonia' 6-max Seat #3 is the button
Seat 3: koalis3 ($68.14 in chips)
Seat 6: MoNaLiZa13 ($18.18 in chips)
koalis3: posts small blind $1
MoNaLiZa13: posts big blind $3
*** HOLE CARDS ***
koalis3: calls $2
MoNaLiZa13: raises $3 to $6
koalis3: calls $3
*** FLOP *** [Ts Qc 6s]
MoNaLiZa13: bets $3
koalis3: calls $3
*** TURN *** [Ts Qc 6s] [2d]
LordBorzi II joins the table at seat #5
MoNaLiZa13: bets $6
koalis3: folds
Uncalled bet ($6) returned to MoNaLiZa13
MoNaLiZa13 collected $17.64 from pot
MoNaLiZa13: doesn't show hand
*** SUMMARY ***
Total pot $18 | Rake $0.36
Board [Ts Qc 6s 2d]
Seat 3: koalis3 (button) (small blind) folded on the Turn
Seat 6: MoNaLiZa13 (big blind) collected ($17.64)


PokerStars Hand #159889234659:  Hold'em Limit ($3/$6 USD) - 2016/10/13 16:30:13 ET
Table 'Cydonia' 6-max Seat #3 is the button
Seat 3: koalis3 ($65.64 in chips)
Seat 6: MoNaLiZa13 ($21.66 in chips)
koalis3: posts small blind $1
MoNaLiZa13: posts big blind $3
*** HOLE CARDS ***
koalis3: raises $3 to $6
MoNaLiZa13: raises $3 to $9
koalis3: calls $3
*** FLOP *** [4d Qd 2d]
MoNaLiZa13: bets $3
koalis3: calls $3
*** TURN *** [4d Qd 2d] [8s]
MoNaLiZa13: bets $6
koalis3: folds
Uncalled bet ($6) returned to MoNaLiZa13
MoNaLiZa13 collected $23.52 from pot
MoNaLiZa13: doesn't show hand
*** SUMMARY ***
Total pot $24 | Rake $0.48
Board [4d Qd 2d 8s]
Seat 3: koalis3 (button) (small blind) folded on the Turn
Seat 6: MoNaLiZa13 (big blind) collected ($23.52)


PokerStars Hand #159889342506:  Hold'em Limit ($3/$6 USD) - 2016/10/13 16:32:15 ET
Table 'Cydonia' 6-max Seat #6 is the button
Seat 3: koalis3 ($59.14 in chips)
Seat 6: MoNaLiZa13 ($26.82 in chips)
MoNaLiZa13: posts small blind $1
koalis3: posts big blind $3
*** HOLE CARDS ***
MoNaLiZa13: calls $2
koalis3: raises $3 to $6
MoNaLiZa13: calls $3
*** FLOP *** [3c Kd 7c]
koalis3: bets $3
MoNaLiZa13: calls $3
*** TURN *** [3c Kd 7c] [Jh]
koalis3: bets $6
MoNaLiZa13: calls $6
*** RIVER *** [3c Kd 7c Jh] [Tc]
koalis3: bets $6
MoNaLiZa13: folds
Uncalled bet ($6) returned to koalis3
koalis3 collected $29.50 from pot
koalis3: doesn't show hand
*** SUMMARY ***
Total pot $30 | Rake $0.50
Board [3c Kd 7c Jh Tc]
Seat 3: koalis3 (big blind) collected ($29.50)
Seat 6: MoNaLiZa13 (button) (small blind) folded on the River


PokerStars Hand #159889377960:  Hold'em Limit ($3/$6 USD) - 2016/10/13 16:32:56 ET
Table 'Cydonia' 6-max Seat #6 is the button
Seat 3: koalis3 ($64.64 in chips)
Seat 6: MoNaLiZa13 ($20.46 in chips)
MoNaLiZa13: posts small blind $1
koalis3: posts big blind $3
*** HOLE CARDS ***
MoNaLiZa13: raises $3 to $6
koalis3: raises $3 to $9
MoNaLiZa13: calls $3
*** FLOP *** [Kd 4h Ks]
koalis3: bets $3
MoNaLiZa13: calls $3
*** TURN *** [Kd 4h Ks] [3h]
koalis3: bets $6
MoNaLiZa13: folds
Uncalled bet ($6) returned to koalis3
koalis3 collected $23.52 from pot
koalis3: doesn't show hand
*** SUMMARY ***
Total pot $24 | Rake $0.48
Board [Kd 4h Ks 3h]
Seat 3: koalis3 (big blind) collected ($23.52)
Seat 6: MoNaLiZa13 (button) (small blind) folded on the Turn


PokerStars Hand #159889357036:  Hold'em Limit ($3/$6 USD) - 2016/10/13 16:32:31 ET
Table 'Cydonia' 6-max Seat #3 is the button
Seat 3: koalis3 ($73.64 in chips)
Seat 6: MoNaLiZa13 ($11.82 in chips)
koalis3: posts small blind $1
MoNaLiZa13: posts big blind $3
*** HOLE CARDS ***
koalis3: raises $3 to $6
MoNaLiZa13: calls $3
*** FLOP *** [3d 5s 3h]
MoNaLiZa13: checks
koalis3: bets $3
MoNaLiZa13: calls $3
*** TURN *** [3d 5s 3h] [3s]
MoNaLiZa13: checks
koalis3: checks
*** RIVER *** [3d 5s 3h 3s] [7c]
MoNaLiZa13: bets $2.82 and is all-in
koalis3: folds
Uncalled bet ($2.82) returned to MoNaLiZa13
MoNaLiZa13 collected $17.64 from pot
MoNaLiZa13: doesn't show hand
*** SUMMARY ***
Total pot $18 | Rake $0.36
Board [3d 5s 3h 3s 7c]
Seat 3: koalis3 (button) (small blind) folded on the River
Seat 6: MoNaLiZa13 (big blind) collected ($17.64)


PokerStars Hand #159889428016:  Hold'em Limit ($3/$6 USD) - 2016/10/13 16:33:54 ET
Table 'Cydonia' 6-max Seat #3 is the button
Seat 3: koalis3 ($73.70 in chips)
Seat 6: MoNaLiZa13 ($10.70 in chips)
koalis3: posts small blind $1
MoNaLiZa13: posts big blind $3
*** HOLE CARDS ***
koalis3: raises $3 to $6
MoNaLiZa13: calls $3
*** FLOP *** [4d Ks Jd]
MoNaLiZa13: checks
koalis3: bets $3
MoNaLiZa13: folds
Uncalled bet ($3) returned to koalis3
koalis3 collected $11.76 from pot
koalis3: doesn't show hand
*** SUMMARY ***
Total pot $12 | Rake $0.24
Board [4d Ks Jd]
Seat 3: koalis3 (button) (small blind) collected ($11.76)
Seat 6: MoNaLiZa13 (big blind) folded on the Flop


PokerStars Hand #159889409827:  Hold'em Limit ($3/$6 USD) - 2016/10/13 16:33:32 ET
Table 'Cydonia' 6-max Seat #6 is the button
Seat 3: koalis3 ($79.16 in chips)
Seat 6: MoNaLiZa13 ($5.46 in chips)
MoNaLiZa13: posts small blind $1
koalis3: posts big blind $3
*** HOLE CARDS ***
MoNaLiZa13: raises $2.46 to $5.46 and is all-in
koalis3: calls $2.46
*** FLOP *** [Kd Qh Ts]
*** TURN *** [Kd Qh Ts] [6d]
*** RIVER *** [Kd Qh Ts 6d] [2d]
*** SHOW DOWN ***
koalis3: shows [4h Ac] (high card Ace)
MoNaLiZa13: shows [Qc 4s] (a pair of Queens)
MoNaLiZa13 collected $10.70 from pot
*** SUMMARY ***
Total pot $10.92 | Rake $0.22
Board [Kd Qh Ts 6d 2d]
Seat 3: koalis3 (big blind) showed [4h Ac] and lost with high card Ace
Seat 6: MoNaLiZa13 (button) (small blind) showed [Qc 4s] and won ($10.70) with a pair of Queens


PokerStars Hand #159889403336:  Hold'em Limit ($3/$6 USD) - 2016/10/13 16:33:24 ET
Table 'Cydonia' 6-max Seat #3 is the button
Seat 3: koalis3 ($76.16 in chips)
Seat 6: MoNaLiZa13 ($8.46 in chips)
koalis3: posts small blind $1
MoNaLiZa13: posts big blind $3
*** HOLE CARDS ***
koalis3: raises $3 to $6
MoNaLiZa13: folds
Uncalled bet ($3) returned to koalis3
koalis3 collected $6 from pot
koalis3: doesn't show hand
*** SUMMARY ***
Total pot $6 | Rake $0
Seat 3: koalis3 (button) (small blind) collected ($6)
Seat 6: MoNaLiZa13 (big blind) folded before Flop


PokerStars Hand #159889473757:  Hold'em Limit ($3/$6 USD) - 2016/10/13 16:34:46 ET
Table 'Cydonia' 6-max Seat #3 is the button
Seat 3: koalis3 ($77.07 in chips)
Seat 6: MoNaLiZa13 ($6.05 in chips)
koalis3: posts small blind $1
MoNaLiZa13: posts big blind $3
*** HOLE CARDS ***
koalis3: raises $3 to $6
MoNaLiZa13: raises $0.05 to $6.05 and is all-in
koalis3: calls $0.05
*** FLOP *** [7s Qh 7h]
*** TURN *** [7s Qh 7h] [9s]
*** RIVER *** [7s Qh 7h 9s] [Ts]
*** SHOW DOWN ***
MoNaLiZa13: shows [Kh Th] (two pair, Tens and Sevens)
koalis3: shows [Qd 4h] (two pair, Queens and Sevens)
koalis3 collected $11.86 from pot
*** SUMMARY ***
Total pot $12.10 | Rake $0.24
Board [7s Qh 7h 9s Ts]
Seat 3: koalis3 (button) (small blind) showed [Qd 4h] and won ($11.86) with two pair, Queens and Sevens
Seat 6: MoNaLiZa13 (big blind) showed [Kh Th] and lost with two pair, Tens and Sevens


PokerStars Hand #159889462296:  Hold'em Limit ($3/$6 USD) - 2016/10/13 16:34:32 ET
Table 'Cydonia' 6-max Seat #6 is the button
Seat 3: koalis3 ($65.55 in chips)
Seat 6: MoNaLiZa13 ($18.05 in chips)
MoNaLiZa13: posts small blind $1
koalis3: posts big blind $3
*** HOLE CARDS ***
MoNaLiZa13: raises $3 to $6
koalis3: raises $3 to $9
MoNaLiZa13: raises $3 to $12
Betting is capped
koalis3: calls $3
*** FLOP *** [Td 8h Jd]
koalis3: bets $3
MoNaLiZa13: folds
Uncalled bet ($3) returned to koalis3
koalis3 collected $23.52 from pot
koalis3: doesn't show hand
*** SUMMARY ***
Total pot $24 | Rake $0.48
Board [Td 8h Jd]
Seat 3: koalis3 (big blind) collected ($23.52)
Seat 6: MoNaLiZa13 (button) (small blind) folded on the Flop


PokerStars Hand #159889449994:  Hold'em Limit ($3/$6 USD) - 2016/10/13 16:34:19 ET
Table 'Cydonia' 6-max Seat #3 is the button
Seat 3: koalis3 ($74.76 in chips)
Seat 6: MoNaLiZa13 ($9.21 in chips)
koalis3: posts small blind $1
MoNaLiZa13: posts big blind $3
*** HOLE CARDS ***
koalis3: raises $3 to $6
MoNaLiZa13: raises $3 to $9
koalis3: raises $3 to $12
Betting is capped
MoNaLiZa13: calls $0.21 and is all-in
Uncalled bet ($2.79) returned to koalis3
*** FLOP *** [4s Th 3h]
*** TURN *** [4s Th 3h] [Jd]
*** RIVER *** [4s Th 3h Jd] [As]
*** SHOW DOWN ***
MoNaLiZa13: shows [7c Ad] (a pair of Aces)
koalis3: shows [Qc 9d] (high card Ace)
MoNaLiZa13 collected $18.05 from pot
*** SUMMARY ***
Total pot $18.42 | Rake $0.37
Board [4s Th 3h Jd As]
Seat 3: koalis3 (button) (small blind) showed [Qc 9d] and lost with high card Ace
Seat 6: MoNaLiZa13 (big blind) showed [7c Ad] and won ($18.05) with a pair of Aces


