PokerStars Hand #157911752065:  Hold'em Limit ($3/$6 USD) - 2016/08/29 19:05:11 ET
Table 'Cygnus' 6-max Seat #1 is the button
Seat 1: Mordnilap ($80.64 in chips)
Seat 4: Actionni13 ($150 in chips)
Mordnilap: posts small blind $1
Actionni13: posts big blind $3
*** HOLE CARDS ***
Mordnilap: raises $3 to $6
Actionni13: raises $3 to $9
Mordnilap: calls $3
*** FLOP *** [Ad As Ts]
Actionni13: bets $3
Mordnilap: raises $3 to $6
Actionni13: calls $3
*** TURN *** [Ad As Ts] [Qh]
Actionni13: checks
Mordnilap: bets $6
Actionni13: calls $6
*** RIVER *** [Ad As Ts Qh] [2h]
Actionni13: checks
Mordnilap: bets $6
Actionni13: calls $6
*** SHOW DOWN ***
Mordnilap: shows [Ac 2c] (a full house, Aces full of Deuces)
Actionni13: mucks hand
Mordnilap collected $53.50 from pot
*** SUMMARY ***
Total pot $54 | Rake $0.50
Board [Ad As Ts Qh 2h]
Seat 1: Mordnilap (button) (small blind) showed [Ac 2c] and won ($53.50) with a full house, Aces full of Deuces
Seat 4: Actionni13 (big blind) mucked


PokerStars Hand #157911732557:  Hold'em Limit ($3/$6 USD) - 2016/08/29 19:04:39 ET
Table 'Cygnus' 6-max Seat #4 is the button
Seat 1: Mordnilap ($72 in chips)
Seat 4: Actionni13 ($151 in chips)
Actionni13: posts small blind $1
Mordnilap: posts big blind $3
*** HOLE CARDS ***
Actionni13: raises $3 to $6
Mordnilap: calls $3
*** FLOP *** [6c Td 3s]
Mordnilap: checks
Actionni13: bets $3
Mordnilap: calls $3
*** TURN *** [6c Td 3s] [3c]
Mordnilap: checks
Actionni13: checks
*** RIVER *** [6c Td 3s 3c] [4c]
libaikang leaves the table
Mordnilap: bets $6
Actionni13: folds
Uncalled bet ($6) returned to Mordnilap
Mordnilap collected $17.64 from pot
Mordnilap: doesn't show hand
*** SUMMARY ***
Total pot $18 | Rake $0.36
Board [6c Td 3s 3c 4c]
Seat 1: Mordnilap (big blind) collected ($17.64)
Seat 4: Actionni13 (button) (small blind) folded on the River


PokerStars Hand #157911775174:  Hold'em Limit ($3/$6 USD) - 2016/08/29 19:05:48 ET
Table 'Cygnus' 6-max Seat #4 is the button
Seat 1: Mordnilap ($107.14 in chips)
Seat 4: Actionni13 ($150 in chips)
Actionni13: posts small blind $1
Mordnilap: posts big blind $3
*** HOLE CARDS ***
Actionni13: raises $3 to $6
Mordnilap: calls $3
*** FLOP *** [7d 6s Ts]
Mordnilap: checks
Actionni13: bets $3
Mordnilap: folds
Uncalled bet ($3) returned to Actionni13
Actionni13 collected $11.76 from pot
Actionni13: doesn't show hand
*** SUMMARY ***
Total pot $12 | Rake $0.24
Board [7d 6s Ts]
Seat 1: Mordnilap (big blind) folded on the Flop
Seat 4: Actionni13 (button) (small blind) collected ($11.76)


PokerStars Hand #157911969928:  Hold'em Limit ($3/$6 USD) - 2016/08/29 19:11:10 ET
Table 'Cygnus' 6-max Seat #6 is the button
Seat 4: Actionni13 ($155.76 in chips)
Seat 6: partyalex92 ($111.44 in chips)
partyalex92: posts small blind $1
Actionni13: posts big blind $3
*** HOLE CARDS ***
partyalex92: calls $2
Actionni13: checks
*** FLOP *** [5d As Td]
Actionni13: bets $3
partyalex92: calls $3
*** TURN *** [5d As Td] [Qc]
Actionni13: bets $6
partyalex92: calls $6
*** RIVER *** [5d As Td Qc] [2h]
vestimokrec joins the table at seat #1
Actionni13: bets $6
partyalex92: calls $6
*** SHOW DOWN ***
Actionni13: shows [Ts 5h] (two pair, Tens and Fives)
partyalex92: mucks hand
Actionni13 collected $35.50 from pot
*** SUMMARY ***
Total pot $36 | Rake $0.50
Board [5d As Td Qc 2h]
Seat 4: Actionni13 (big blind) showed [Ts 5h] and won ($35.50) with two pair, Tens and Fives
Seat 6: partyalex92 (button) (small blind) mucked


PokerStars Hand #157911980481:  Hold'em Limit ($3/$6 USD) - 2016/08/29 19:11:28 ET
Table 'Cygnus' 6-max Seat #4 is the button
Seat 4: Actionni13 ($173.26 in chips)
Seat 6: partyalex92 ($93.44 in chips)
Actionni13: posts small blind $1
partyalex92: posts big blind $3
*** HOLE CARDS ***
Actionni13: raises $3 to $6
partyalex92: calls $3
*** FLOP *** [3h Th Kc]
partyalex92: checks
Actionni13: bets $3
partyalex92: calls $3
*** TURN *** [3h Th Kc] [7h]
partyalex92: checks
Actionni13: checks
*** RIVER *** [3h Th Kc 7h] [5h]
partyalex92: bets $6
Actionni13: raises $6 to $12
partyalex92: calls $6
*** SHOW DOWN ***
Actionni13: shows [6d Qh] (a flush, Queen high)
partyalex92: mucks hand
Actionni13 collected $41.50 from pot
*** SUMMARY ***
Total pot $42 | Rake $0.50
Board [3h Th Kc 7h 5h]
Seat 4: Actionni13 (button) (small blind) showed [6d Qh] and won ($41.50) with a flush, Queen high
Seat 6: partyalex92 (big blind) mucked


PokerStars Hand #157912120050:  Hold'em Limit ($3/$6 USD) - 2016/08/29 19:15:27 ET
Table 'Cygnus' 6-max Seat #4 is the button
Seat 2: Pelurile ($72 in chips)
Seat 4: Actionni13 ($189.11 in chips)
Actionni13: posts small blind $1
Pelurile: posts big blind $3
*** HOLE CARDS ***
Actionni13: raises $3 to $6
Pelurile: calls $3
*** FLOP *** [5s 8d 5d]
Pelurile: checks
Actionni13: bets $3
Pelurile: calls $3
*** TURN *** [5s 8d 5d] [4d]
Pelurile: checks
Actionni13: checks
*** RIVER *** [5s 8d 5d 4d] [6s]
Pelurile: bets $6
Actionni13: raises $6 to $12
Pelurile: calls $6
*** SHOW DOWN ***
Actionni13: shows [7s Qh] (a straight, Four to Eight)
Pelurile: shows [Ac 7d] (a straight, Four to Eight)
Pelurile collected $20.75 from pot
Actionni13 collected $20.75 from pot
*** SUMMARY ***
Total pot $42 | Rake $0.50
Board [5s 8d 5d 4d 6s]
Seat 2: Pelurile (big blind) showed [Ac 7d] and won ($20.75) with a straight, Four to Eight
Seat 4: Actionni13 (button) (small blind) showed [7s Qh] and won ($20.75) with a straight, Four to Eight


PokerStars Hand #157912149216:  Hold'em Limit ($3/$6 USD) - 2016/08/29 19:16:18 ET
Table 'Cygnus' 6-max Seat #2 is the button
Seat 2: Pelurile ($72 in chips)
Seat 4: Actionni13 ($188.86 in chips)
Pelurile: posts small blind $1
Actionni13: posts big blind $3
*** HOLE CARDS ***
Pelurile: raises $3 to $6
Actionni13: calls $3
*** FLOP *** [Kh 5d Jd]
Actionni13: checks
Pelurile: bets $3
Actionni13: folds
Uncalled bet ($3) returned to Pelurile
Pelurile collected $11.76 from pot
Pelurile: doesn't show hand
*** SUMMARY ***
Total pot $12 | Rake $0.24
Board [Kh 5d Jd]
Seat 2: Pelurile (button) (small blind) collected ($11.76)
Seat 4: Actionni13 (big blind) folded on the Flop


PokerStars Hand #157913340022:  Hold'em Limit ($3/$6 USD) - 2016/08/29 19:53:04 ET
Table 'Cygnus' 6-max Seat #4 is the button
Seat 3: threeeyejack ($102.76 in chips)
Seat 4: Actionni13 ($182.86 in chips)
Actionni13: posts small blind $1
threeeyejack: posts big blind $3
*** HOLE CARDS ***
Actionni13: raises $3 to $6
threeeyejack: calls $3
*** FLOP *** [Jc 8h 5c]
threeeyejack: checks
Actionni13: bets $3
threeeyejack: raises $3 to $6
Actionni13: folds
Uncalled bet ($3) returned to threeeyejack
threeeyejack collected $17.64 from pot
threeeyejack: doesn't show hand
*** SUMMARY ***
Total pot $18 | Rake $0.36
Board [Jc 8h 5c]
Seat 3: threeeyejack (big blind) collected ($17.64)
Seat 4: Actionni13 (button) (small blind) folded on the Flop


PokerStars Hand #157913347545:  Hold'em Limit ($3/$6 USD) - 2016/08/29 19:53:20 ET
Table 'Cygnus' 6-max Seat #3 is the button
Seat 3: threeeyejack ($111.40 in chips)
Seat 4: Actionni13 ($173.86 in chips)
threeeyejack: posts small blind $1
Actionni13: posts big blind $3
*** HOLE CARDS ***
threeeyejack: raises $3 to $6
Actionni13: calls $3
*** FLOP *** [Kc 9h As]
Actionni13: checks
threeeyejack: checks
*** TURN *** [Kc 9h As] [5s]
Actionni13: checks
threeeyejack: bets $6
Actionni13: folds
Uncalled bet ($6) returned to threeeyejack
threeeyejack collected $11.76 from pot
threeeyejack: doesn't show hand
*** SUMMARY ***
Total pot $12 | Rake $0.24
Board [Kc 9h As 5s]
Seat 3: threeeyejack (button) (small blind) collected ($11.76)
Seat 4: Actionni13 (big blind) folded on the Turn


PokerStars Hand #157913368283:  Hold'em Limit ($3/$6 USD) - 2016/08/29 19:54:02 ET
Table 'Cygnus' 6-max Seat #4 is the button
Seat 3: threeeyejack ($101.16 in chips)
Seat 4: Actionni13 ($183.36 in chips)
Actionni13: posts small blind $1
threeeyejack: posts big blind $3
*** HOLE CARDS ***
Actionni13: folds
Uncalled bet ($2) returned to threeeyejack
threeeyejack collected $2 from pot
threeeyejack: doesn't show hand
*** SUMMARY ***
Total pot $2 | Rake $0
Seat 3: threeeyejack (big blind) collected ($2)
Seat 4: Actionni13 (button) (small blind) folded before Flop


PokerStars Hand #157913375875:  Hold'em Limit ($3/$6 USD) - 2016/08/29 19:54:18 ET
Table 'Cygnus' 6-max Seat #3 is the button
Seat 3: threeeyejack ($102.16 in chips)
Seat 4: Actionni13 ($182.36 in chips)
threeeyejack: posts small blind $1
Actionni13: posts big blind $3
*** HOLE CARDS ***
threeeyejack: calls $2
Actionni13: checks
*** FLOP *** [7s Qd 7h]
Actionni13: checks
threeeyejack: bets $3
Actionni13: calls $3
*** TURN *** [7s Qd 7h] [Kd]
Actionni13: checks
threeeyejack: checks
*** RIVER *** [7s Qd 7h Kd] [Ks]
Actionni13: checks
threeeyejack: bets $6
Actionni13: calls $6
*** SHOW DOWN ***
threeeyejack: shows [5s 3s] (two pair, Kings and Sevens)
Actionni13: shows [2d Ac] (two pair, Kings and Sevens - Ace kicker)
Actionni13 collected $23.52 from pot
*** SUMMARY ***
Total pot $24 | Rake $0.48
Board [7s Qd 7h Kd Ks]
Seat 3: threeeyejack (button) (small blind) showed [5s 3s] and lost with two pair, Kings and Sevens
Seat 4: Actionni13 (big blind) showed [2d Ac] and won ($23.52) with two pair, Kings and Sevens


PokerStars Hand #157913365467:  Hold'em Limit ($3/$6 USD) - 2016/08/29 19:53:57 ET
Table 'Cygnus' 6-max Seat #3 is the button
Seat 3: threeeyejack ($102.16 in chips)
Seat 4: Actionni13 ($182.36 in chips)
threeeyejack: posts small blind $1
Actionni13: posts big blind $3
*** HOLE CARDS ***
threeeyejack: folds
Uncalled bet ($2) returned to Actionni13
Actionni13 collected $2 from pot
Actionni13: doesn't show hand
*** SUMMARY ***
Total pot $2 | Rake $0
Seat 3: threeeyejack (button) (small blind) folded before Flop
Seat 4: Actionni13 (big blind) collected ($2)


PokerStars Hand #157913354624:  Hold'em Limit ($3/$6 USD) - 2016/08/29 19:53:34 ET
Table 'Cygnus' 6-max Seat #4 is the button
Seat 3: threeeyejack ($117.16 in chips)
Seat 4: Actionni13 ($167.86 in chips)
Actionni13: posts small blind $1
threeeyejack: posts big blind $3
*** HOLE CARDS ***
Actionni13: raises $3 to $6
threeeyejack: calls $3
*** FLOP *** [6c Qc Jc]
threeeyejack: bets $3
Actionni13: calls $3
*** TURN *** [6c Qc Jc] [7d]
threeeyejack: checks
Actionni13: bets $6
threeeyejack: calls $6
*** RIVER *** [6c Qc Jc 7d] [6d]
threeeyejack: checks
Actionni13: checks
*** SHOW DOWN ***
threeeyejack: shows [9c Th] (a pair of Sixes)
Actionni13: shows [8d Js] (two pair, Jacks and Sixes)
Actionni13 collected $29.50 from pot
*** SUMMARY ***
Total pot $30 | Rake $0.50
Board [6c Qc Jc 7d 6d]
Seat 3: threeeyejack (big blind) showed [9c Th] and lost with a pair of Sixes
Seat 4: Actionni13 (button) (small blind) showed [8d Js] and won ($29.50) with two pair, Jacks and Sixes


PokerStars Hand #157913398348:  Hold'em Limit ($3/$6 USD) - 2016/08/29 19:55:04 ET
Table 'Cygnus' 6-max Seat #3 is the button
Seat 3: threeeyejack ($101.68 in chips)
Seat 4: Actionni13 ($181.88 in chips)
threeeyejack: posts small blind $1
Actionni13: posts big blind $3
*** HOLE CARDS ***
threeeyejack: raises $3 to $6
Actionni13: raises $3 to $9
threeeyejack: calls $3
*** FLOP *** [7h 3h 9c]
Actionni13: bets $3
threeeyejack: folds
Uncalled bet ($3) returned to Actionni13
Actionni13 collected $17.64 from pot
Actionni13: doesn't show hand
*** SUMMARY ***
Total pot $18 | Rake $0.36
Board [7h 3h 9c]
Seat 3: threeeyejack (button) (small blind) folded on the Flop
Seat 4: Actionni13 (big blind) collected ($17.64)


PokerStars Hand #157913405311:  Hold'em Limit ($3/$6 USD) - 2016/08/29 19:55:19 ET
Table 'Cygnus' 6-max Seat #4 is the button
Seat 3: threeeyejack ($92.68 in chips)
Seat 4: Actionni13 ($190.52 in chips)
Actionni13: posts small blind $1
threeeyejack: posts big blind $3
*** HOLE CARDS ***
Actionni13: raises $3 to $6
threeeyejack: calls $3
*** FLOP *** [7c 2c Qs]
threeeyejack: checks
Actionni13: bets $3
carmello774 joins the table at seat #5
threeeyejack: raises $3 to $6
Actionni13: folds
Uncalled bet ($3) returned to threeeyejack
threeeyejack collected $17.64 from pot
threeeyejack: doesn't show hand
*** SUMMARY ***
Total pot $18 | Rake $0.36
Board [7c 2c Qs]
Seat 3: threeeyejack (big blind) collected ($17.64)
Seat 4: Actionni13 (button) (small blind) folded on the Flop


PokerStars Hand #157913386489:  Hold'em Limit ($3/$6 USD) - 2016/08/29 19:54:40 ET
Table 'Cygnus' 6-max Seat #4 is the button
Seat 3: threeeyejack ($90.16 in chips)
Seat 4: Actionni13 ($193.88 in chips)
Actionni13: posts small blind $1
threeeyejack: posts big blind $3
*** HOLE CARDS ***
Actionni13: raises $3 to $6
threeeyejack: calls $3
*** FLOP *** [Qd 8s 9d]
threeeyejack: checks
Actionni13: checks
*** TURN *** [Qd 8s 9d] [3d]
threeeyejack: checks
Actionni13: checks
*** RIVER *** [Qd 8s 9d 3d] [7h]
threeeyejack: checks
Actionni13: bets $6
threeeyejack: calls $6
*** SHOW DOWN ***
Actionni13: shows [6c Jh] (high card Queen)
threeeyejack: shows [Kc 9h] (a pair of Nines)
threeeyejack collected $23.52 from pot
*** SUMMARY ***
Total pot $24 | Rake $0.48
Board [Qd 8s 9d 3d 7h]
Seat 3: threeeyejack (big blind) showed [Kc 9h] and won ($23.52) with a pair of Nines
Seat 4: Actionni13 (button) (small blind) showed [6c Jh] and lost with high card Queen


PokerStars Hand #157913411430:  Hold'em Limit ($3/$6 USD) - 2016/08/29 19:55:34 ET
Table 'Cygnus' 6-max Seat #3 is the button
Seat 3: threeeyejack ($101.32 in chips)
Seat 4: Actionni13 ($181.52 in chips)
threeeyejack: posts small blind $1
Actionni13: posts big blind $3
*** HOLE CARDS ***
threeeyejack: raises $3 to $6
Actionni13: raises $3 to $9
threeeyejack: calls $3
*** FLOP *** [2d 2s 6c]
Actionni13: bets $3
threeeyejack: raises $3 to $6
Actionni13: calls $3
*** TURN *** [2d 2s 6c] [Ts]
Actionni13: checks
threeeyejack: bets $6
Actionni13: calls $6
*** RIVER *** [2d 2s 6c Ts] [5c]
Actionni13: checks
threeeyejack: checks
*** SHOW DOWN ***
Actionni13: shows [Qh Kd] (a pair of Deuces)
threeeyejack: shows [3c Ad] (a pair of Deuces - Ace kicker)
threeeyejack collected $41.50 from pot
*** SUMMARY ***
Total pot $42 | Rake $0.50
Board [2d 2s 6c Ts 5c]
Seat 3: threeeyejack (button) (small blind) showed [3c Ad] and won ($41.50) with a pair of Deuces
Seat 4: Actionni13 (big blind) showed [Qh Kd] and lost with a pair of Deuces


