PokerStars Hand #157662637964:  Hold'em Limit ($3/$6 USD) - 2016/08/23 20:54:58 ET
Table 'Cygnus' 6-max Seat #4 is the button
Seat 2: RaisemyNut$ ($197.86 in chips)
Seat 4: Mahmoudjan11 ($148.94 in chips)
Mahmoudjan11: posts small blind $1
masterblstr8: is sitting out
RaisemyNut$: posts big blind $3
*** HOLE CARDS ***
masterblstr8 leaves the table
Mahmoudjan11: raises $3 to $6
RaisemyNut$: folds
Uncalled bet ($3) returned to Mahmoudjan11
Mahmoudjan11 collected $6 from pot
Mahmoudjan11: doesn't show hand
masterblstr8 joins the table at seat #5
*** SUMMARY ***
Total pot $6 | Rake $0
Seat 2: RaisemyNut$ (big blind) folded before Flop
Seat 4: Mahmoudjan11 (button) (small blind) collected ($6)


PokerStars Hand #157662642597:  Hold'em Limit ($3/$6 USD) - 2016/08/23 20:55:09 ET
Table 'Cygnus' 6-max Seat #2 is the button
Seat 2: RaisemyNut$ ($194.86 in chips)
Seat 4: Mahmoudjan11 ($151.94 in chips)
RaisemyNut$: posts small blind $1
Mahmoudjan11: posts big blind $3
*** HOLE CARDS ***
RaisemyNut$: raises $3 to $6
Mahmoudjan11: calls $3
*** FLOP *** [4d 4c 3s]
Mahmoudjan11: checks
RaisemyNut$: bets $3
Mahmoudjan11: calls $3
*** TURN *** [4d 4c 3s] [7h]
Mahmoudjan11: checks
RaisemyNut$: bets $6
Mahmoudjan11: raises $6 to $12
RaisemyNut$: calls $6
*** RIVER *** [4d 4c 3s 7h] [Qc]
Mahmoudjan11: bets $6
RaisemyNut$: folds
Uncalled bet ($6) returned to Mahmoudjan11
Mahmoudjan11 collected $41.50 from pot
Mahmoudjan11: doesn't show hand
*** SUMMARY ***
Total pot $42 | Rake $0.50
Board [4d 4c 3s 7h Qc]
Seat 2: RaisemyNut$ (button) (small blind) folded on the River
Seat 4: Mahmoudjan11 (big blind) collected ($41.50)


PokerStars Hand #157663846754:  Hold'em Limit ($3/$6 USD) - 2016/08/23 21:46:18 ET
Table 'Cygnus' 6-max Seat #2 is the button
Seat 2: RaisemyNut$ ($215.07 in chips)
Seat 3: CrongCrong ($112 in chips)
RaisemyNut$: posts small blind $1
CrongCrong: posts big blind $3
*** HOLE CARDS ***
RaisemyNut$: raises $3 to $6
CrongCrong: calls $3
*** FLOP *** [Kh 7c 4d]
CrongCrong: checks
RaisemyNut$: bets $3
CrongCrong: raises $3 to $6
RaisemyNut$: calls $3
*** TURN *** [Kh 7c 4d] [Ac]
CrongCrong: bets $6
RaisemyNut$: folds
Uncalled bet ($6) returned to CrongCrong
CrongCrong collected $23.52 from pot
CrongCrong: doesn't show hand
*** SUMMARY ***
Total pot $24 | Rake $0.48
Board [Kh 7c 4d Ac]
Seat 2: RaisemyNut$ (button) (small blind) folded on the Turn
Seat 3: CrongCrong (big blind) collected ($23.52)


PokerStars Hand #157663844774:  Hold'em Limit ($3/$6 USD) - 2016/08/23 21:46:13 ET
Table 'Cygnus' 6-max Seat #3 is the button
Seat 2: RaisemyNut$ ($214.07 in chips)
Seat 3: CrongCrong ($113 in chips)
CrongCrong: posts small blind $1
masterblstr8: is sitting out
RaisemyNut$: posts big blind $3
*** HOLE CARDS ***
CrongCrong: folds
Uncalled bet ($2) returned to RaisemyNut$
RaisemyNut$ collected $2 from pot
RaisemyNut$: doesn't show hand
masterblstr8 leaves the table
*** SUMMARY ***
Total pot $2 | Rake $0
Seat 2: RaisemyNut$ (big blind) collected ($2)
Seat 3: CrongCrong (button) (small blind) folded before Flop


PokerStars Hand #157663853410:  Hold'em Limit ($3/$6 USD) - 2016/08/23 21:46:37 ET
Table 'Cygnus' 6-max Seat #3 is the button
Seat 2: RaisemyNut$ ($203.07 in chips)
Seat 3: CrongCrong ($123.52 in chips)
CrongCrong: posts small blind $1
RaisemyNut$: posts big blind $3
*** HOLE CARDS ***
CrongCrong: raises $3 to $6
RaisemyNut$: calls $3
*** FLOP *** [Qh 2d 7h]
RaisemyNut$: checks
CrongCrong: bets $3
RaisemyNut$: calls $3
*** TURN *** [Qh 2d 7h] [6h]
RaisemyNut$: checks
CrongCrong: bets $6
RaisemyNut$: calls $6
*** RIVER *** [Qh 2d 7h 6h] [6s]
RaisemyNut$: checks
CrongCrong: bets $6
RaisemyNut$: calls $6
*** SHOW DOWN ***
CrongCrong: shows [8c Qd] (two pair, Queens and Sixes)
RaisemyNut$: mucks hand
CrongCrong collected $41.50 from pot
*** SUMMARY ***
Total pot $42 | Rake $0.50
Board [Qh 2d 7h 6h 6s]
Seat 2: RaisemyNut$ (big blind) mucked
Seat 3: CrongCrong (button) (small blind) showed [8c Qd] and won ($41.50) with two pair, Queens and Sixes


PokerStars Hand #157663863789:  Hold'em Limit ($3/$6 USD) - 2016/08/23 21:47:05 ET
Table 'Cygnus' 6-max Seat #2 is the button
Seat 2: RaisemyNut$ ($182.07 in chips)
Seat 3: CrongCrong ($144.02 in chips)
RaisemyNut$: posts small blind $1
CrongCrong: posts big blind $3
*** HOLE CARDS ***
RaisemyNut$: raises $3 to $6
CrongCrong: calls $3
*** FLOP *** [3c As 9d]
CrongCrong: checks
RaisemyNut$: bets $3
CrongCrong: calls $3
*** TURN *** [3c As 9d] [Jh]
CrongCrong: checks
RaisemyNut$: checks
*** RIVER *** [3c As 9d Jh] [2c]
CrongCrong: checks
RaisemyNut$: checks
*** SHOW DOWN ***
CrongCrong: shows [9s Td] (a pair of Nines)
RaisemyNut$: mucks hand
CrongCrong collected $17.64 from pot
*** SUMMARY ***
Total pot $18 | Rake $0.36
Board [3c As 9d Jh 2c]
Seat 2: RaisemyNut$ (button) (small blind) mucked
Seat 3: CrongCrong (big blind) showed [9s Td] and won ($17.64) with a pair of Nines


PokerStars Hand #157663876779:  Hold'em Limit ($3/$6 USD) - 2016/08/23 21:47:41 ET
Table 'Cygnus' 6-max Seat #3 is the button
Seat 2: RaisemyNut$ ($173.07 in chips)
Seat 3: CrongCrong ($152.66 in chips)
CrongCrong: posts small blind $1
RaisemyNut$: posts big blind $3
*** HOLE CARDS ***
CrongCrong: raises $3 to $6
RaisemyNut$: raises $3 to $9
CrongCrong: calls $3
*** FLOP *** [8c 4h Th]
RaisemyNut$: bets $3
CrongCrong: calls $3
*** TURN *** [8c 4h Th] [7h]
RaisemyNut$: bets $6
CrongCrong: calls $6
*** RIVER *** [8c 4h Th 7h] [Tc]
RaisemyNut$: checks
CrongCrong: bets $6
RaisemyNut$: raises $6 to $12
CrongCrong: calls $6
*** SHOW DOWN ***
RaisemyNut$: shows [9d 9h] (two pair, Tens and Nines)
CrongCrong: mucks hand
RaisemyNut$ collected $59.50 from pot
*** SUMMARY ***
Total pot $60 | Rake $0.50
Board [8c 4h Th 7h Tc]
Seat 2: RaisemyNut$ (big blind) showed [9d 9h] and won ($59.50) with two pair, Tens and Nines
Seat 3: CrongCrong (button) (small blind) mucked


PokerStars Hand #157663912374:  Hold'em Limit ($3/$6 USD) - 2016/08/23 21:49:19 ET
Table 'Cygnus' 6-max Seat #3 is the button
Seat 2: RaisemyNut$ ($223.07 in chips)
Seat 3: CrongCrong ($101.42 in chips)
CrongCrong: posts small blind $1
RaisemyNut$: posts big blind $3
*** HOLE CARDS ***
CrongCrong: raises $3 to $6
RaisemyNut$: folds
Uncalled bet ($3) returned to CrongCrong
CrongCrong collected $6 from pot
CrongCrong: doesn't show hand
*** SUMMARY ***
Total pot $6 | Rake $0
Seat 2: RaisemyNut$ (big blind) folded before Flop
Seat 3: CrongCrong (button) (small blind) collected ($6)


PokerStars Hand #157663910029:  Hold'em Limit ($3/$6 USD) - 2016/08/23 21:49:13 ET
Table 'Cygnus' 6-max Seat #2 is the button
Seat 2: RaisemyNut$ ($220.07 in chips)
Seat 3: CrongCrong ($104.42 in chips)
RaisemyNut$: posts small blind $1
CrongCrong: posts big blind $3
*** HOLE CARDS ***
RaisemyNut$: raises $3 to $6
CrongCrong: folds
Uncalled bet ($3) returned to RaisemyNut$
RaisemyNut$ collected $6 from pot
RaisemyNut$: doesn't show hand
*** SUMMARY ***
Total pot $6 | Rake $0
Seat 2: RaisemyNut$ (button) (small blind) collected ($6)
Seat 3: CrongCrong (big blind) folded before Flop


PokerStars Hand #157663917472:  Hold'em Limit ($3/$6 USD) - 2016/08/23 21:49:33 ET
Table 'Cygnus' 6-max Seat #2 is the button
Seat 2: RaisemyNut$ ($220.07 in chips)
Seat 3: CrongCrong ($104.42 in chips)
RaisemyNut$: posts small blind $1
CrongCrong: posts big blind $3
*** HOLE CARDS ***
RaisemyNut$: raises $3 to $6
CrongCrong: calls $3
*** FLOP *** [4d Ad Qd]
CrongCrong: checks
RaisemyNut$: bets $3
CrongCrong: folds
Uncalled bet ($3) returned to RaisemyNut$
RaisemyNut$ collected $11.76 from pot
RaisemyNut$: doesn't show hand
*** SUMMARY ***
Total pot $12 | Rake $0.24
Board [4d Ad Qd]
Seat 2: RaisemyNut$ (button) (small blind) collected ($11.76)
Seat 3: CrongCrong (big blind) folded on the Flop


PokerStars Hand #157663902026:  Hold'em Limit ($3/$6 USD) - 2016/08/23 21:48:51 ET
Table 'Cygnus' 6-max Seat #3 is the button
Seat 2: RaisemyNut$ ($226.07 in chips)
Seat 3: CrongCrong ($98.66 in chips)
CrongCrong: posts small blind $1
RaisemyNut$: posts big blind $3
*** HOLE CARDS ***
CrongCrong: raises $3 to $6
RaisemyNut$: calls $3
*** FLOP *** [4h Kh 4c]
RaisemyNut$: checks
CrongCrong: bets $3
RaisemyNut$: folds
Uncalled bet ($3) returned to CrongCrong
CrongCrong collected $11.76 from pot
CrongCrong: doesn't show hand
*** SUMMARY ***
Total pot $12 | Rake $0.24
Board [4h Kh 4c]
Seat 2: RaisemyNut$ (big blind) folded on the Flop
Seat 3: CrongCrong (button) (small blind) collected ($11.76)


PokerStars Hand #157663908180:  Hold'em Limit ($3/$6 USD) - 2016/08/23 21:49:08 ET
Table 'Cygnus' 6-max Seat #3 is the button
Seat 2: RaisemyNut$ ($219.07 in chips)
Seat 3: CrongCrong ($105.42 in chips)
CrongCrong: posts small blind $1
RaisemyNut$: posts big blind $3
*** HOLE CARDS ***
CrongCrong: folds
Uncalled bet ($2) returned to RaisemyNut$
RaisemyNut$ collected $2 from pot
RaisemyNut$: doesn't show hand
*** SUMMARY ***
Total pot $2 | Rake $0
Seat 2: RaisemyNut$ (big blind) collected ($2)
Seat 3: CrongCrong (button) (small blind) folded before Flop


PokerStars Hand #157663906508:  Hold'em Limit ($3/$6 USD) - 2016/08/23 21:49:03 ET
Table 'Cygnus' 6-max Seat #2 is the button
Seat 2: RaisemyNut$ ($220.07 in chips)
Seat 3: CrongCrong ($104.42 in chips)
RaisemyNut$: posts small blind $1
CrongCrong: posts big blind $3
*** HOLE CARDS ***
RaisemyNut$: folds
Uncalled bet ($2) returned to CrongCrong
CrongCrong collected $2 from pot
CrongCrong: doesn't show hand
*** SUMMARY ***
Total pot $2 | Rake $0
Seat 2: RaisemyNut$ (button) (small blind) folded before Flop
Seat 3: CrongCrong (big blind) collected ($2)


PokerStars Hand #157663941140:  Hold'em Limit ($3/$6 USD) - 2016/08/23 21:50:39 ET
Table 'Cygnus' 6-max Seat #2 is the button
Seat 2: RaisemyNut$ ($243.09 in chips)
Seat 3: CrongCrong ($80.06 in chips)
RaisemyNut$: posts small blind $1
CrongCrong: posts big blind $3
*** HOLE CARDS ***
RaisemyNut$: raises $3 to $6
CrongCrong: folds
Uncalled bet ($3) returned to RaisemyNut$
RaisemyNut$ collected $6 from pot
RaisemyNut$: doesn't show hand
*** SUMMARY ***
Total pot $6 | Rake $0
Seat 2: RaisemyNut$ (button) (small blind) collected ($6)
Seat 3: CrongCrong (big blind) folded before Flop


PokerStars Hand #157663936933:  Hold'em Limit ($3/$6 USD) - 2016/08/23 21:50:27 ET
Table 'Cygnus' 6-max Seat #3 is the button
Seat 2: RaisemyNut$ ($237.33 in chips)
Seat 3: CrongCrong ($86.06 in chips)
CrongCrong: posts small blind $1
RaisemyNut$: posts big blind $3
*** HOLE CARDS ***
CrongCrong: raises $3 to $6
RaisemyNut$: calls $3
*** FLOP *** [Jd 8h 8c]
RaisemyNut$: checks
CrongCrong: checks
*** TURN *** [Jd 8h 8c] [Ts]
RaisemyNut$: bets $6
CrongCrong: folds
Uncalled bet ($6) returned to RaisemyNut$
RaisemyNut$ collected $11.76 from pot
RaisemyNut$: doesn't show hand
*** SUMMARY ***
Total pot $12 | Rake $0.24
Board [Jd 8h 8c Ts]
Seat 2: RaisemyNut$ (big blind) collected ($11.76)
Seat 3: CrongCrong (button) (small blind) folded on the Turn


PokerStars Hand #157663932484:  Hold'em Limit ($3/$6 USD) - 2016/08/23 21:50:15 ET
Table 'Cygnus' 6-max Seat #2 is the button
Seat 2: RaisemyNut$ ($246.33 in chips)
Seat 3: CrongCrong ($77.42 in chips)
RaisemyNut$: posts small blind $1
CrongCrong: posts big blind $3
*** HOLE CARDS ***
RaisemyNut$: raises $3 to $6
CrongCrong: calls $3
*** FLOP *** [Kc Tc 4c]
CrongCrong: checks
RaisemyNut$: bets $3
CrongCrong: raises $3 to $6
RaisemyNut$: folds
Uncalled bet ($3) returned to CrongCrong
CrongCrong collected $17.64 from pot
CrongCrong: doesn't show hand
*** SUMMARY ***
Total pot $18 | Rake $0.36
Board [Kc Tc 4c]
Seat 2: RaisemyNut$ (button) (small blind) folded on the Flop
Seat 3: CrongCrong (big blind) collected ($17.64)


PokerStars Hand #157663943412:  Hold'em Limit ($3/$6 USD) - 2016/08/23 21:50:45 ET
Table 'Cygnus' 6-max Seat #3 is the button
Seat 2: RaisemyNut$ ($246.09 in chips)
Seat 3: CrongCrong ($77.06 in chips)
CrongCrong: posts small blind $1
RaisemyNut$: posts big blind $3
*** HOLE CARDS ***
CrongCrong: folds
Uncalled bet ($2) returned to RaisemyNut$
RaisemyNut$ collected $2 from pot
RaisemyNut$: doesn't show hand
*** SUMMARY ***
Total pot $2 | Rake $0
Seat 2: RaisemyNut$ (big blind) collected ($2)
Seat 3: CrongCrong (button) (small blind) folded before Flop


PokerStars Hand #157663923627:  Hold'em Limit ($3/$6 USD) - 2016/08/23 21:49:50 ET
Table 'Cygnus' 6-max Seat #3 is the button
Seat 2: RaisemyNut$ ($225.83 in chips)
Seat 3: CrongCrong ($98.42 in chips)
CrongCrong: posts small blind $1
RaisemyNut$: posts big blind $3
*** HOLE CARDS ***
CrongCrong: raises $3 to $6
RaisemyNut$: calls $3
*** FLOP *** [Tc Kd Ad]
RaisemyNut$: checks
CrongCrong: bets $3
RaisemyNut$: calls $3
*** TURN *** [Tc Kd Ad] [Qh]
RaisemyNut$: checks
CrongCrong: bets $6
RaisemyNut$: raises $6 to $12
CrongCrong: calls $6
*** RIVER *** [Tc Kd Ad Qh] [Kc]
RaisemyNut$: bets $6
CrongCrong: folds
Uncalled bet ($6) returned to RaisemyNut$
RaisemyNut$ collected $41.50 from pot
RaisemyNut$: doesn't show hand
*** SUMMARY ***
Total pot $42 | Rake $0.50
Board [Tc Kd Ad Qh Kc]
Seat 2: RaisemyNut$ (big blind) collected ($41.50)
Seat 3: CrongCrong (button) (small blind) folded on the River


PokerStars Hand #157663961407:  Hold'em Limit ($3/$6 USD) - 2016/08/23 21:51:35 ET
Table 'Cygnus' 6-max Seat #2 is the button
Seat 2: RaisemyNut$ ($249.59 in chips)
Seat 3: CrongCrong ($72.56 in chips)
RaisemyNut$: posts small blind $1
CrongCrong: posts big blind $3
*** HOLE CARDS ***
RaisemyNut$: raises $3 to $6
CrongCrong: folds
Uncalled bet ($3) returned to RaisemyNut$
RaisemyNut$ collected $6 from pot
RaisemyNut$: doesn't show hand
*** SUMMARY ***
Total pot $6 | Rake $0
Seat 2: RaisemyNut$ (button) (small blind) collected ($6)
Seat 3: CrongCrong (big blind) folded before Flop


PokerStars Hand #157663952475:  Hold'em Limit ($3/$6 USD) - 2016/08/23 21:51:10 ET
Table 'Cygnus' 6-max Seat #3 is the button
Seat 2: RaisemyNut$ ($223.09 in chips)
Seat 3: CrongCrong ($99.56 in chips)
CrongCrong: posts small blind $1
RaisemyNut$: posts big blind $3
*** HOLE CARDS ***
CrongCrong: raises $3 to $6
RaisemyNut$: raises $3 to $9
CrongCrong: calls $3
*** FLOP *** [Js 6c 6h]
RaisemyNut$: bets $3
CrongCrong: raises $3 to $6
RaisemyNut$: calls $3
*** TURN *** [Js 6c 6h] [3s]
RaisemyNut$: checks
CrongCrong: bets $6
RaisemyNut$: calls $6
*** RIVER *** [Js 6c 6h 3s] [8d]
RaisemyNut$: checks
CrongCrong: bets $6
RaisemyNut$: calls $6
*** SHOW DOWN ***
CrongCrong: shows [Ts Qs] (a pair of Sixes)
RaisemyNut$: shows [Ah Td] (a pair of Sixes - Ace kicker)
RaisemyNut$ collected $53.50 from pot
*** SUMMARY ***
Total pot $54 | Rake $0.50
Board [Js 6c 6h 3s 8d]
Seat 2: RaisemyNut$ (big blind) showed [Ah Td] and won ($53.50) with a pair of Sixes
Seat 3: CrongCrong (button) (small blind) showed [Ts Qs] and lost with a pair of Sixes


PokerStars Hand #157663945148:  Hold'em Limit ($3/$6 USD) - 2016/08/23 21:50:50 ET
Table 'Cygnus' 6-max Seat #2 is the button
Seat 2: RaisemyNut$ ($247.09 in chips)
Seat 3: CrongCrong ($76.06 in chips)
RaisemyNut$: posts small blind $1
CrongCrong: posts big blind $3
*** HOLE CARDS ***
RaisemyNut$: raises $3 to $6
CrongCrong: raises $3 to $9
RaisemyNut$: calls $3
*** FLOP *** [7h 8d 6c]
CrongCrong: bets $3
RaisemyNut$: calls $3
*** TURN *** [7h 8d 6c] [4s]
CrongCrong: bets $6
RaisemyNut$: calls $6
*** RIVER *** [7h 8d 6c 4s] [7c]
CrongCrong: bets $6
RaisemyNut$: calls $6
*** SHOW DOWN ***
CrongCrong: shows [Ac 8s] (two pair, Eights and Sevens)
RaisemyNut$: mucks hand
CrongCrong collected $47.50 from pot
*** SUMMARY ***
Total pot $48 | Rake $0.50
Board [7h 8d 6c 4s 7c]
Seat 2: RaisemyNut$ (button) (small blind) mucked
Seat 3: CrongCrong (big blind) showed [Ac 8s] and won ($47.50) with two pair, Eights and Sevens


PokerStars Hand #157663971887:  Hold'em Limit ($3/$6 USD) - 2016/08/23 21:52:05 ET
Table 'Cygnus' 6-max Seat #3 is the button
Seat 2: RaisemyNut$ ($239.59 in chips)
Seat 3: CrongCrong ($82.08 in chips)
CrongCrong: posts small blind $1
RaisemyNut$: posts big blind $3
*** HOLE CARDS ***
CrongCrong: raises $3 to $6
RaisemyNut$: calls $3
*** FLOP *** [Qs 3d Ac]
RaisemyNut$: checks
CrongCrong: bets $3
RaisemyNut$: calls $3
*** TURN *** [Qs 3d Ac] [2c]
RaisemyNut$: checks
CrongCrong: checks
*** RIVER *** [Qs 3d Ac 2c] [8d]
RaisemyNut$: bets $6
CrongCrong: calls $6
*** SHOW DOWN ***
RaisemyNut$: shows [Kc 4d] (high card Ace)
CrongCrong: shows [Ks 2h] (a pair of Deuces)
CrongCrong collected $29.50 from pot
*** SUMMARY ***
Total pot $30 | Rake $0.50
Board [Qs 3d Ac 2c 8d]
Seat 2: RaisemyNut$ (big blind) showed [Kc 4d] and lost with high card Ace
Seat 3: CrongCrong (button) (small blind) showed [Ks 2h] and won ($29.50) with a pair of Deuces


PokerStars Hand #157663969927:  Hold'em Limit ($3/$6 USD) - 2016/08/23 21:51:59 ET
Table 'Cygnus' 6-max Seat #2 is the button
Seat 2: RaisemyNut$ ($240.59 in chips)
Seat 3: CrongCrong ($81.08 in chips)
RaisemyNut$: posts small blind $1
CrongCrong: posts big blind $3
*** HOLE CARDS ***
RaisemyNut$: folds
Uncalled bet ($2) returned to CrongCrong
CrongCrong collected $2 from pot
CrongCrong: doesn't show hand
*** SUMMARY ***
Total pot $2 | Rake $0
Seat 2: RaisemyNut$ (button) (small blind) folded before Flop
Seat 3: CrongCrong (big blind) collected ($2)


PokerStars Hand #157663963280:  Hold'em Limit ($3/$6 USD) - 2016/08/23 21:51:40 ET
Table 'Cygnus' 6-max Seat #3 is the button
Seat 2: RaisemyNut$ ($252.59 in chips)
Seat 3: CrongCrong ($69.56 in chips)
CrongCrong: posts small blind $1
RaisemyNut$: posts big blind $3
*** HOLE CARDS ***
CrongCrong: raises $3 to $6
RaisemyNut$: calls $3
*** FLOP *** [Qd 7h 2c]
RaisemyNut$: checks
CrongCrong: checks
*** TURN *** [Qd 7h 2c] [Kc]
RaisemyNut$: bets $6
CrongCrong: calls $6
*** RIVER *** [Qd 7h 2c Kc] [Jh]
RaisemyNut$: checks
CrongCrong: bets $6
RaisemyNut$: folds
Uncalled bet ($6) returned to CrongCrong
CrongCrong collected $23.52 from pot
CrongCrong: doesn't show hand
*** SUMMARY ***
Total pot $24 | Rake $0.48
Board [Qd 7h 2c Kc Jh]
Seat 2: RaisemyNut$ (big blind) folded on the River
Seat 3: CrongCrong (button) (small blind) collected ($23.52)


PokerStars Hand #157664002368:  Hold'em Limit ($3/$6 USD) - 2016/08/23 21:53:30 ET
Table 'Cygnus' 6-max Seat #2 is the button
Seat 2: RaisemyNut$ ($229.61 in chips)
Seat 3: CrongCrong ($90.08 in chips)
RaisemyNut$: posts small blind $1
CrongCrong: posts big blind $3
*** HOLE CARDS ***
RaisemyNut$: raises $3 to $6
CrongCrong: calls $3
*** FLOP *** [6s 2s 2c]
CrongCrong: checks
RaisemyNut$: bets $3
CrongCrong: calls $3
*** TURN *** [6s 2s 2c] [3h]
CrongCrong: checks
RaisemyNut$: bets $6
CrongCrong: folds
Uncalled bet ($6) returned to RaisemyNut$
RaisemyNut$ collected $17.64 from pot
RaisemyNut$: doesn't show hand
*** SUMMARY ***
Total pot $18 | Rake $0.36
Board [6s 2s 2c 3h]
Seat 2: RaisemyNut$ (button) (small blind) collected ($17.64)
Seat 3: CrongCrong (big blind) folded on the Turn


PokerStars Hand #157664008306:  Hold'em Limit ($3/$6 USD) - 2016/08/23 21:53:47 ET
Table 'Cygnus' 6-max Seat #3 is the button
Seat 2: RaisemyNut$ ($238.25 in chips)
Seat 3: CrongCrong ($81.08 in chips)
CrongCrong: posts small blind $1
RaisemyNut$: posts big blind $3
*** HOLE CARDS ***
CrongCrong: raises $3 to $6
RaisemyNut$: calls $3
*** FLOP *** [Th Ks 4h]
RaisemyNut$: checks
CrongCrong: bets $3
RaisemyNut$: folds
Uncalled bet ($3) returned to CrongCrong
CrongCrong collected $11.76 from pot
CrongCrong: doesn't show hand
*** SUMMARY ***
Total pot $12 | Rake $0.24
Board [Th Ks 4h]
Seat 2: RaisemyNut$ (big blind) folded on the Flop
Seat 3: CrongCrong (button) (small blind) collected ($11.76)


PokerStars Hand #157664012288:  Hold'em Limit ($3/$6 USD) - 2016/08/23 21:53:58 ET
Table 'Cygnus' 6-max Seat #2 is the button
Seat 2: RaisemyNut$ ($232.25 in chips)
Seat 3: CrongCrong ($86.84 in chips)
RaisemyNut$: posts small blind $1
CrongCrong: posts big blind $3
*** HOLE CARDS ***
RaisemyNut$: raises $3 to $6
CrongCrong: calls $3
*** FLOP *** [2h Ts 6c]
CrongCrong: checks
RaisemyNut$: bets $3
CrongCrong: raises $3 to $6
RaisemyNut$: calls $3
*** TURN *** [2h Ts 6c] [8s]
CrongCrong: bets $6
RaisemyNut$: folds
Uncalled bet ($6) returned to CrongCrong
CrongCrong collected $23.52 from pot
CrongCrong: doesn't show hand
*** SUMMARY ***
Total pot $24 | Rake $0.48
Board [2h Ts 6c 8s]
Seat 2: RaisemyNut$ (button) (small blind) folded on the Turn
Seat 3: CrongCrong (big blind) collected ($23.52)


PokerStars Hand #157664045120:  Hold'em Limit ($3/$6 USD) - 2016/08/23 21:55:36 ET
Table 'Cygnus' 6-max Seat #3 is the button
Seat 2: RaisemyNut$ ($206.25 in chips)
Seat 3: CrongCrong ($111.88 in chips)
CrongCrong: posts small blind $1
RaisemyNut$: posts big blind $3
*** HOLE CARDS ***
CrongCrong: raises $3 to $6
RaisemyNut$: raises $3 to $9
CrongCrong: calls $3
*** FLOP *** [5d 2d 4d]
RaisemyNut$: bets $3
CrongCrong: raises $3 to $6
RaisemyNut$: calls $3
*** TURN *** [5d 2d 4d] [3s]
RaisemyNut$: checks
CrongCrong: bets $6
RaisemyNut$: folds
Uncalled bet ($6) returned to CrongCrong
CrongCrong collected $29.50 from pot
CrongCrong: doesn't show hand
*** SUMMARY ***
Total pot $30 | Rake $0.50
Board [5d 2d 4d 3s]
Seat 2: RaisemyNut$ (big blind) folded on the Turn
Seat 3: CrongCrong (button) (small blind) collected ($29.50)


PokerStars Hand #157664033468:  Hold'em Limit ($3/$6 USD) - 2016/08/23 21:54:58 ET
Table 'Cygnus' 6-max Seat #2 is the button
Seat 2: RaisemyNut$ ($214.25 in chips)
Seat 3: CrongCrong ($104.12 in chips)
RaisemyNut$: posts small blind $1
CrongCrong: posts big blind $3
*** HOLE CARDS ***
RaisemyNut$: folds
Uncalled bet ($2) returned to CrongCrong
CrongCrong collected $2 from pot
CrongCrong: doesn't show hand
*** SUMMARY ***
Total pot $2 | Rake $0
Seat 2: RaisemyNut$ (button) (small blind) folded before Flop
Seat 3: CrongCrong (big blind) collected ($2)


PokerStars Hand #157664019579:  Hold'em Limit ($3/$6 USD) - 2016/08/23 21:54:18 ET
Table 'Cygnus' 6-max Seat #3 is the button
Seat 2: RaisemyNut$ ($220.25 in chips)
Seat 3: CrongCrong ($98.36 in chips)
CrongCrong: posts small blind $1
RaisemyNut$: posts big blind $3
*** HOLE CARDS ***
CrongCrong: raises $3 to $6
RaisemyNut$: calls $3
*** FLOP *** [3c Js 9h]
RaisemyNut$: checks
CrongCrong: checks
*** TURN *** [3c Js 9h] [6c]
RaisemyNut$: checks
CrongCrong: checks
*** RIVER *** [3c Js 9h 6c] [2h]
RaisemyNut$: checks
CrongCrong: checks
*** SHOW DOWN ***
RaisemyNut$: shows [Qc 4s] (high card Queen)
CrongCrong: shows [Ah 8c] (high card Ace)
CrongCrong collected $11.76 from pot
*** SUMMARY ***
Total pot $12 | Rake $0.24
Board [3c Js 9h 6c 2h]
Seat 2: RaisemyNut$ (big blind) showed [Qc 4s] and lost with high card Queen
Seat 3: CrongCrong (button) (small blind) showed [Ah 8c] and won ($11.76) with high card Ace


PokerStars Hand #157664037168:  Hold'em Limit ($3/$6 USD) - 2016/08/23 21:55:09 ET
Table 'Cygnus' 6-max Seat #2 is the button
Seat 2: RaisemyNut$ ($214.25 in chips)
Seat 3: CrongCrong ($104.12 in chips)
RaisemyNut$: posts small blind $1
CrongCrong: posts big blind $3
*** HOLE CARDS ***
RaisemyNut$: folds
Uncalled bet ($2) returned to CrongCrong
CrongCrong collected $2 from pot
*** SUMMARY ***
Total pot $2 | Rake $0
Seat 2: RaisemyNut$ (button) (small blind) folded before Flop
Seat 3: CrongCrong (big blind) collected ($2)


PokerStars Hand #157664035716:  Hold'em Limit ($3/$6 USD) - 2016/08/23 21:55:04 ET
Table 'Cygnus' 6-max Seat #3 is the button
Seat 2: RaisemyNut$ ($213.25 in chips)
Seat 3: CrongCrong ($105.12 in chips)
CrongCrong: posts small blind $1
RaisemyNut$: posts big blind $3
*** HOLE CARDS ***
CrongCrong: folds
Uncalled bet ($2) returned to RaisemyNut$
RaisemyNut$ collected $2 from pot
RaisemyNut$: doesn't show hand
*** SUMMARY ***
Total pot $2 | Rake $0
Seat 2: RaisemyNut$ (big blind) collected ($2)
Seat 3: CrongCrong (button) (small blind) folded before Flop


PokerStars Hand #157664042997:  Hold'em Limit ($3/$6 USD) - 2016/08/23 21:55:29 ET
Table 'Cygnus' 6-max Seat #2 is the button
Seat 2: RaisemyNut$ ($207.25 in chips)
Seat 3: CrongCrong ($110.88 in chips)
RaisemyNut$: posts small blind $1
CrongCrong: posts big blind $3
*** HOLE CARDS ***
RaisemyNut$: folds
Uncalled bet ($2) returned to CrongCrong
CrongCrong collected $2 from pot
CrongCrong: doesn't show hand
*** SUMMARY ***
Total pot $2 | Rake $0
Seat 2: RaisemyNut$ (button) (small blind) folded before Flop
Seat 3: CrongCrong (big blind) collected ($2)


PokerStars Hand #157664038682:  Hold'em Limit ($3/$6 USD) - 2016/08/23 21:55:14 ET
Table 'Cygnus' 6-max Seat #3 is the button
Seat 2: RaisemyNut$ ($213.25 in chips)
Seat 3: CrongCrong ($105.12 in chips)
CrongCrong: posts small blind $1
RaisemyNut$: posts big blind $3
*** HOLE CARDS ***
CrongCrong: raises $3 to $6
RaisemyNut$: calls $3
*** FLOP *** [9d 7d Qh]
RaisemyNut$: checks
CrongCrong: bets $3
RaisemyNut$: folds
Uncalled bet ($3) returned to CrongCrong
CrongCrong collected $11.76 from pot
CrongCrong: doesn't show hand
*** SUMMARY ***
Total pot $12 | Rake $0.24
Board [9d 7d Qh]
Seat 2: RaisemyNut$ (big blind) folded on the Flop
Seat 3: CrongCrong (button) (small blind) collected ($11.76)


PokerStars Hand #157664830109:  Hold'em Limit ($3/$6 USD) - 2016/08/23 22:34:14 ET
Table 'Cygnus' 6-max Seat #4 is the button
Seat 2: RaisemyNut$ ($160.20 in chips)
Seat 4: AAAbeta ($160.25 in chips)
AAAbeta: posts small blind $1
RaisemyNut$: posts big blind $3
*** HOLE CARDS ***
AAAbeta: raises $3 to $6
RaisemyNut$: calls $3
*** FLOP *** [9h 7s 4d]
RaisemyNut$: checks
AAAbeta: bets $3
RaisemyNut$: raises $3 to $6
AAAbeta: calls $3
*** TURN *** [9h 7s 4d] [Kh]
RaisemyNut$: bets $6
AAAbeta: raises $6 to $12
RaisemyNut$: raises $6 to $18
AAAbeta: calls $6
*** RIVER *** [9h 7s 4d Kh] [Jc]
RaisemyNut$: bets $6
AAAbeta: calls $6
*** SHOW DOWN ***
RaisemyNut$: shows [9c Kc] (two pair, Kings and Nines)
AAAbeta: mucks hand
RaisemyNut$ collected $71.50 from pot
*** SUMMARY ***
Total pot $72 | Rake $0.50
Board [9h 7s 4d Kh Jc]
Seat 2: RaisemyNut$ (big blind) showed [9c Kc] and won ($71.50) with two pair, Kings and Nines
Seat 4: AAAbeta (button) (small blind) mucked


PokerStars Hand #157664826809:  Hold'em Limit ($3/$6 USD) - 2016/08/23 22:34:04 ET
Table 'Cygnus' 6-max Seat #2 is the button
Seat 2: RaisemyNut$ ($157.20 in chips)
Seat 4: AAAbeta ($163.25 in chips)
RaisemyNut$: posts small blind $1
AAAbeta: posts big blind $3
*** HOLE CARDS ***
RaisemyNut$: raises $3 to $6
AAAbeta: folds
Uncalled bet ($3) returned to RaisemyNut$
RaisemyNut$ collected $6 from pot
RaisemyNut$: doesn't show hand
*** SUMMARY ***
Total pot $6 | Rake $0
Seat 2: RaisemyNut$ (button) (small blind) collected ($6)
Seat 4: AAAbeta (big blind) folded before Flop


PokerStars Hand #157666413795:  Hold'em Limit ($3/$6 USD) - 2016/08/24 0:08:06 ET
Table 'Cygnus' 6-max Seat #2 is the button
Seat 2: RaisemyNut$ ($229.69 in chips)
Seat 6: rocky 7 ($35.37 in chips)
RaisemyNut$: posts small blind $1
CharginWapos: is sitting out
abatic: is sitting out
rocky 7: posts big blind $3
*** HOLE CARDS ***
RaisemyNut$: raises $3 to $6
rocky 7: folds
Uncalled bet ($3) returned to RaisemyNut$
abatic leaves the table
RaisemyNut$ collected $6 from pot
RaisemyNut$: doesn't show hand
*** SUMMARY ***
Total pot $6 | Rake $0
Seat 2: RaisemyNut$ (button) (small blind) collected ($6)
Seat 6: rocky 7 (big blind) folded before Flop


PokerStars Hand #157666415680:  Hold'em Limit ($3/$6 USD) - 2016/08/24 0:08:13 ET
Table 'Cygnus' 6-max Seat #6 is the button
Seat 2: RaisemyNut$ ($232.69 in chips)
Seat 6: rocky 7 ($32.37 in chips)
rocky 7: posts small blind $1
RaisemyNut$: posts big blind $3
*** HOLE CARDS ***
rocky 7: folds
Uncalled bet ($2) returned to RaisemyNut$
RaisemyNut$ collected $2 from pot
RaisemyNut$: doesn't show hand
*** SUMMARY ***
Total pot $2 | Rake $0
Seat 2: RaisemyNut$ (big blind) collected ($2)
Seat 6: rocky 7 (button) (small blind) folded before Flop


