PokerStars Hand #144486500573:  Hold'em Limit ($3/$6 USD) - 2015/11/27 20:13:36 ET
Table 'Cygnus' 6-max Seat #1 is the button
Seat 1: Velbor107 ($300 in chips)
Seat 2: ELSUPREMO999 ($120 in chips)
Velbor107: posts small blind $1
ELSUPREMO999: posts big blind $3
*** HOLE CARDS ***
Velbor107: raises $3 to $6
ELSUPREMO999: calls $3
*** FLOP *** [Jc 9s 8h]
ELSUPREMO999: checks
Velbor107: bets $3
ELSUPREMO999: calls $3
*** TURN *** [Jc 9s 8h] [Ah]
ELSUPREMO999: checks
Velbor107: bets $6
ELSUPREMO999: raises $6 to $12
Velbor107: raises $6 to $18
ELSUPREMO999: raises $6 to $24
Betting is capped
Velbor107: calls $6
*** RIVER *** [Jc 9s 8h Ah] [3h]
ELSUPREMO999: bets $6
Velbor107: folds
Uncalled bet ($6) returned to ELSUPREMO999
ELSUPREMO999 collected $65.50 from pot
ELSUPREMO999: doesn't show hand
*** SUMMARY ***
Total pot $66 | Rake $0.50
Board [Jc 9s 8h Ah 3h]
Seat 1: Velbor107 (button) (small blind) folded on the River
Seat 2: ELSUPREMO999 (big blind) collected ($65.50)


PokerStars Hand #144486531299:  Hold'em Limit ($3/$6 USD) - 2015/11/27 20:14:31 ET
Table 'Cygnus' 6-max Seat #2 is the button
Seat 1: Velbor107 ($267 in chips)
Seat 2: ELSUPREMO999 ($152.50 in chips)
ELSUPREMO999: posts small blind $1
Velbor107: posts big blind $3
*** HOLE CARDS ***
ELSUPREMO999: calls $2
Velbor107: checks
*** FLOP *** [Qd 6c 2d]
Velbor107: bets $3
ELSUPREMO999: calls $3
*** TURN *** [Qd 6c 2d] [5h]
Velbor107: bets $6
ELSUPREMO999: calls $6
*** RIVER *** [Qd 6c 2d 5h] [8c]
Velbor107: bets $6
ELSUPREMO999: calls $6
*** SHOW DOWN ***
Velbor107: shows [3s 4s] (a straight, Deuce to Six)
ELSUPREMO999: mucks hand
Velbor107 collected $35.50 from pot
*** SUMMARY ***
Total pot $36 | Rake $0.50
Board [Qd 6c 2d 5h 8c]
Seat 1: Velbor107 (big blind) showed [3s 4s] and won ($35.50) with a straight, Deuce to Six
Seat 2: ELSUPREMO999 (button) (small blind) mucked


PokerStars Hand #144486559894:  Hold'em Limit ($3/$6 USD) - 2015/11/27 20:15:23 ET
Table 'Cygnus' 6-max Seat #1 is the button
Seat 1: Velbor107 ($284.50 in chips)
Seat 2: ELSUPREMO999 ($134.50 in chips)
Velbor107: posts small blind $1
ELSUPREMO999: posts big blind $3
*** HOLE CARDS ***
Velbor107: raises $3 to $6
ELSUPREMO999: calls $3
*** FLOP *** [8c 3h 9c]
ELSUPREMO999: checks
LukaSteel joins the table at seat #3
Velbor107: bets $3
ELSUPREMO999: folds
Uncalled bet ($3) returned to Velbor107
Velbor107 collected $11.76 from pot
*** SUMMARY ***
Total pot $12 | Rake $0.24
Board [8c 3h 9c]
Seat 1: Velbor107 (button) (small blind) collected ($11.76)
Seat 2: ELSUPREMO999 (big blind) folded on the Flop


PokerStars Hand #144486809195:  Hold'em Limit ($3/$6 USD) - 2015/11/27 20:23:00 ET
Table 'Cygnus' 6-max Seat #3 is the button
Seat 1: Velbor107 ($305.28 in chips)
Seat 3: LukaSteel ($189.51 in chips)
ELSUPREMO999 will be allowed to play after the button
LukaSteel: posts small blind $1
ChrisTuff: is sitting out
Velbor107: posts big blind $3
*** HOLE CARDS ***
LukaSteel: raises $3 to $6
Velbor107: raises $3 to $9
LukaSteel: calls $3
*** FLOP *** [2h Qs 3s]
Velbor107: bets $3
LukaSteel: calls $3
*** TURN *** [2h Qs 3s] [Qh]
Velbor107: bets $6
LukaSteel: calls $6
*** RIVER *** [2h Qs 3s Qh] [9d]
Velbor107: bets $6
LukaSteel: calls $6
*** SHOW DOWN ***
Velbor107: shows [Ac 9s] (two pair, Queens and Nines)
LukaSteel: mucks hand
Velbor107 collected $47.50 from pot
*** SUMMARY ***
Total pot $48 | Rake $0.50
Board [2h Qs 3s Qh 9d]
Seat 1: Velbor107 (big blind) showed [Ac 9s] and won ($47.50) with two pair, Queens and Nines
Seat 3: LukaSteel (button) (small blind) mucked


PokerStars Hand #144487794889:  Hold'em Limit ($3/$6 USD) - 2015/11/27 20:54:51 ET
Table 'Cygnus' 6-max Seat #1 is the button
Seat 1: Velbor107 ($309.18 in chips)
Seat 5: brinnit ($74.80 in chips)
Velbor107: posts small blind $1
alexslep: is sitting out
brinnit: posts big blind $3
*** HOLE CARDS ***
Velbor107: raises $3 to $6
brinnit: calls $3
*** FLOP *** [Qs 9c 5s]
brinnit: checks
Velbor107: bets $3
brinnit: calls $3
*** TURN *** [Qs 9c 5s] [5h]
brinnit: checks
Velbor107: checks
*** RIVER *** [Qs 9c 5s 5h] [3h]
brinnit: checks
Velbor107: checks
*** SHOW DOWN ***
brinnit: shows [2d 2c] (two pair, Fives and Deuces)
Velbor107: mucks hand
brinnit collected $17.64 from pot
*** SUMMARY ***
Total pot $18 | Rake $0.36
Board [Qs 9c 5s 5h 3h]
Seat 1: Velbor107 (button) (small blind) mucked
Seat 5: brinnit (big blind) showed [2d 2c] and won ($17.64) with two pair, Fives and Deuces


PokerStars Hand #144487837966:  Hold'em Limit ($3/$6 USD) - 2015/11/27 20:56:34 ET
Table 'Cygnus' 6-max Seat #1 is the button
Seat 1: Velbor107 ($285.18 in chips)
Seat 5: brinnit ($97.94 in chips)
Velbor107: posts small blind $1
brinnit: posts big blind $3
*** HOLE CARDS ***
Velbor107: folds
Uncalled bet ($2) returned to brinnit
brinnit collected $2 from pot
*** SUMMARY ***
Total pot $2 | Rake $0
Seat 1: Velbor107 (button) (small blind) folded before Flop
Seat 5: brinnit (big blind) collected ($2)


PokerStars Hand #144487819502:  Hold'em Limit ($3/$6 USD) - 2015/11/27 20:55:49 ET
Table 'Cygnus' 6-max Seat #5 is the button
Seat 1: Velbor107 ($300.18 in chips)
Seat 5: brinnit ($83.44 in chips)
brinnit: posts small blind $1
Velbor107: posts big blind $3
*** HOLE CARDS ***
ChrisTuff joins the table at seat #6
brinnit: calls $2
Velbor107: raises $3 to $6
brinnit: calls $3
*** FLOP *** [6c 7h 5c]
Velbor107: bets $3
brinnit: calls $3
*** TURN *** [6c 7h 5c] [Ts]
Velbor107: bets $6
brinnit: calls $6
*** RIVER *** [6c 7h 5c Ts] [Jd]
Velbor107: checks
brinnit: checks
*** SHOW DOWN ***
Velbor107: shows [3c Ac] (high card Ace)
brinnit: shows [7c Kc] (a pair of Sevens)
brinnit collected $29.50 from pot
*** SUMMARY ***
Total pot $30 | Rake $0.50
Board [6c 7h 5c Ts Jd]
Seat 1: Velbor107 (big blind) showed [3c Ac] and lost with high card Ace
Seat 5: brinnit (button) (small blind) showed [7c Kc] and won ($29.50) with a pair of Sevens


