PokerStars Hand #153772220295:  Hold'em Limit ($3/$6 USD) - 2016/05/24 9:07:09 ET
Table 'Cygnus' 6-max Seat #5 is the button
Seat 4: Tryptamean ($111.64 in chips)
Seat 5: griffeur 94 ($104.16 in chips)
griffeur 94: posts small blind $1
tomte999: is sitting out
TopDJTex: is sitting out
Airbag999: is sitting out
Tryptamean: posts big blind $3
*** HOLE CARDS ***
tomte999 leaves the table
TopDJTex leaves the table
griffeur 94: raises $3 to $6
Tryptamean: raises $3 to $9
griffeur 94: calls $3
*** FLOP *** [7c Kd 3h]
Tryptamean: bets $3
Airbag999 leaves the table
griffeur 94: raises $3 to $6
Tryptamean: calls $3
*** TURN *** [7c Kd 3h] [Td]
Tryptamean: checks
griffeur 94: bets $6
Tryptamean: calls $6
*** RIVER *** [7c Kd 3h Td] [Js]
Tryptamean: checks
TbIP-TbIP 88 joins the table at seat #6
griffeur 94: bets $6
Tryptamean: calls $6
*** SHOW DOWN ***
griffeur 94: shows [2s Qh] (high card King)
Tryptamean: shows [8d Jd] (a pair of Jacks)
Tryptamean collected $53.50 from pot
*** SUMMARY ***
Total pot $54 | Rake $0.50
Board [7c Kd 3h Td Js]
Seat 4: Tryptamean (big blind) showed [8d Jd] and won ($53.50) with a pair of Jacks
Seat 5: griffeur 94 (button) (small blind) showed [2s Qh] and lost with high card King


PokerStars Hand #153772245303:  Hold'em Limit ($3/$6 USD) - 2016/05/24 9:07:54 ET
Table 'Cygnus' 6-max Seat #4 is the button
Seat 4: Tryptamean ($138.14 in chips)
Seat 5: griffeur 94 ($77.16 in chips)
Tryptamean: posts small blind $1
griffeur 94: posts big blind $3
*** HOLE CARDS ***
griffeur 94 said, "lol"
Tryptamean: raises $3 to $6
griffeur 94: raises $3 to $9
Tryptamean: calls $3
*** FLOP *** [Qd 8d 6d]
griffeur 94: bets $3
Tryptamean: folds
Uncalled bet ($3) returned to griffeur 94
griffeur 94 collected $17.64 from pot
griffeur 94: doesn't show hand
*** SUMMARY ***
Total pot $18 | Rake $0.36
Board [Qd 8d 6d]
Seat 4: Tryptamean (button) (small blind) folded on the Flop
Seat 5: griffeur 94 (big blind) collected ($17.64)


PokerStars Hand #153772253340:  Hold'em Limit ($3/$6 USD) - 2016/05/24 9:08:08 ET
Table 'Cygnus' 6-max Seat #5 is the button
Seat 4: Tryptamean ($129.14 in chips)
Seat 5: griffeur 94 ($85.80 in chips)
griffeur 94: posts small blind $1
Tryptamean: posts big blind $3
*** HOLE CARDS ***
griffeur 94: raises $3 to $6
Tryptamean: raises $3 to $9
griffeur 94: calls $3
*** FLOP *** [Qd Ad Ks]
Tryptamean: bets $3
griffeur 94: raises $3 to $6
Tryptamean: folds
Uncalled bet ($3) returned to griffeur 94
griffeur 94 collected $23.52 from pot
griffeur 94: doesn't show hand
*** SUMMARY ***
Total pot $24 | Rake $0.48
Board [Qd Ad Ks]
Seat 4: Tryptamean (big blind) folded on the Flop
Seat 5: griffeur 94 (button) (small blind) collected ($23.52)


PokerStars Hand #153772260866:  Hold'em Limit ($3/$6 USD) - 2016/05/24 9:08:22 ET
Table 'Cygnus' 6-max Seat #4 is the button
Seat 4: Tryptamean ($117.14 in chips)
Seat 5: griffeur 94 ($97.32 in chips)
Tryptamean: posts small blind $1
griffeur 94: posts big blind $3
*** HOLE CARDS ***
Tryptamean: raises $3 to $6
griffeur 94: calls $3
*** FLOP *** [Th 7d 5h]
griffeur 94: checks
Tryptamean: bets $3
griffeur 94: calls $3
*** TURN *** [Th 7d 5h] [Kh]
griffeur 94: checks
Tryptamean: bets $6
griffeur 94: calls $6
*** RIVER *** [Th 7d 5h Kh] [9c]
griffeur 94: checks
Tryptamean: bets $6
griffeur 94: calls $6
*** SHOW DOWN ***
Tryptamean: shows [Qc Qd] (a pair of Queens)
griffeur 94: mucks hand
Tryptamean collected $41.50 from pot
*** SUMMARY ***
Total pot $42 | Rake $0.50
Board [Th 7d 5h Kh 9c]
Seat 4: Tryptamean (button) (small blind) showed [Qc Qd] and won ($41.50) with a pair of Queens
Seat 5: griffeur 94 (big blind) mucked


PokerStars Hand #153773229262:  Hold'em Limit ($3/$6 USD) - 2016/05/24 9:37:14 ET
Table 'Cygnus' 6-max Seat #3 is the button
Seat 3: oregordog ($166.42 in chips)
Seat 4: Tryptamean ($118.16 in chips)
oregordog: posts small blind $1
Tryptamean: posts big blind $3
*** HOLE CARDS ***
oregordog: raises $3 to $6
Tryptamean: calls $3
*** FLOP *** [Qd 7d Ah]
Tryptamean: checks
oregordog: bets $3
Tryptamean: folds
Uncalled bet ($3) returned to oregordog
oregordog collected $11.76 from pot
*** SUMMARY ***
Total pot $12 | Rake $0.24
Board [Qd 7d Ah]
Seat 3: oregordog (button) (small blind) collected ($11.76)
Seat 4: Tryptamean (big blind) folded on the Flop


PokerStars Hand #153773235729:  Hold'em Limit ($3/$6 USD) - 2016/05/24 9:37:25 ET
Table 'Cygnus' 6-max Seat #4 is the button
Seat 3: oregordog ($172.18 in chips)
Seat 4: Tryptamean ($112.16 in chips)
Tryptamean: posts small blind $1
oregordog: posts big blind $3
*** HOLE CARDS ***
Tryptamean: raises $3 to $6
oregordog: calls $3
*** FLOP *** [Qh 8h 6h]
oregordog: checks
Tryptamean: bets $3
oregordog: calls $3
*** TURN *** [Qh 8h 6h] [Qc]
oregordog: bets $6
Tryptamean: calls $6
*** RIVER *** [Qh 8h 6h Qc] [4s]
oregordog: bets $6
Tryptamean: calls $6
*** SHOW DOWN ***
oregordog: shows [6c 4d] (two pair, Queens and Sixes)
Tryptamean: shows [5h 6s] (two pair, Queens and Sixes)
oregordog collected $20.75 from pot
Tryptamean collected $20.75 from pot
*** SUMMARY ***
Total pot $42 | Rake $0.50
Board [Qh 8h 6h Qc 4s]
Seat 3: oregordog (big blind) showed [6c 4d] and won ($20.75) with two pair, Queens and Sixes
Seat 4: Tryptamean (button) (small blind) showed [5h 6s] and won ($20.75) with two pair, Queens and Sixes


PokerStars Hand #153773213460:  Hold'em Limit ($3/$6 USD) - 2016/05/24 9:36:46 ET
Table 'Cygnus' 6-max Seat #4 is the button
Seat 3: oregordog ($175.42 in chips)
Seat 4: Tryptamean ($109.52 in chips)
Tryptamean: posts small blind $1
TbIP-TbIP 88: is sitting out
belik555: is sitting out
oregordog: posts big blind $3
*** HOLE CARDS ***
Tryptamean: raises $3 to $6
TbIP-TbIP 88 leaves the table
belik555 leaves the table
oregordog: calls $3
*** FLOP *** [Tc 3s 8s]
oregordog: checks
Tryptamean: bets $3
oregordog: calls $3
*** TURN *** [Tc 3s 8s] [Th]
oregordog: checks
Tryptamean: checks
*** RIVER *** [Tc 3s 8s Th] [Jh]
oregordog: checks
Tryptamean: checks
*** SHOW DOWN ***
oregordog: shows [4d 2d] (a pair of Tens)
Tryptamean: shows [6c Ks] (a pair of Tens - King kicker)
Tryptamean collected $17.64 from pot
*** SUMMARY ***
Total pot $18 | Rake $0.36
Board [Tc 3s 8s Th Jh]
Seat 3: oregordog (big blind) showed [4d 2d] and lost with a pair of Tens
Seat 4: Tryptamean (button) (small blind) showed [6c Ks] and won ($17.64) with a pair of Tens


PokerStars Hand #153773247163:  Hold'em Limit ($3/$6 USD) - 2016/05/24 9:37:45 ET
Table 'Cygnus' 6-max Seat #3 is the button
Seat 3: oregordog ($171.93 in chips)
Seat 4: Tryptamean ($111.91 in chips)
oregordog: posts small blind $1
Tryptamean: posts big blind $3
*** HOLE CARDS ***
oregordog: raises $3 to $6
Tryptamean: calls $3
*** FLOP *** [Tc Qh Th]
Tryptamean: checks
oregordog: bets $3
Tryptamean: folds
Uncalled bet ($3) returned to oregordog
oregordog collected $11.76 from pot
*** SUMMARY ***
Total pot $12 | Rake $0.24
Board [Tc Qh Th]
Seat 3: oregordog (button) (small blind) collected ($11.76)
Seat 4: Tryptamean (big blind) folded on the Flop


PokerStars Hand #153773254505:  Hold'em Limit ($3/$6 USD) - 2016/05/24 9:37:58 ET
Table 'Cygnus' 6-max Seat #4 is the button
Seat 3: oregordog ($177.69 in chips)
Seat 4: Tryptamean ($105.91 in chips)
Tryptamean: posts small blind $1
oregordog: posts big blind $3
*** HOLE CARDS ***
Tryptamean: raises $3 to $6
oregordog: raises $3 to $9
Tryptamean: calls $3
*** FLOP *** [5d 8s Jc]
oregordog: bets $3
Tryptamean: calls $3
*** TURN *** [5d 8s Jc] [9s]
oregordog: bets $6
Tryptamean: calls $6
*** RIVER *** [5d 8s Jc 9s] [Qh]
oregordog: checks
Tryptamean: bets $6
oregordog: calls $6
*** SHOW DOWN ***
Tryptamean: shows [6d Th] (a straight, Eight to Queen)
oregordog: mucks hand
Tryptamean collected $47.50 from pot
*** SUMMARY ***
Total pot $48 | Rake $0.50
Board [5d 8s Jc 9s Qh]
Seat 3: oregordog (big blind) mucked
Seat 4: Tryptamean (button) (small blind) showed [6d Th] and won ($47.50) with a straight, Eight to Queen


PokerStars Hand #153773268289:  Hold'em Limit ($3/$6 USD) - 2016/05/24 9:38:23 ET
Table 'Cygnus' 6-max Seat #3 is the button
Seat 3: oregordog ($153.69 in chips)
Seat 4: Tryptamean ($129.41 in chips)
oregordog: posts small blind $1
Tryptamean: posts big blind $3
*** HOLE CARDS ***
oregordog: raises $3 to $6
Tryptamean: calls $3
*** FLOP *** [7c 8h Ks]
Tryptamean: checks
oregordog: bets $3
Tryptamean: folds
Uncalled bet ($3) returned to oregordog
oregordog collected $11.76 from pot
*** SUMMARY ***
Total pot $12 | Rake $0.24
Board [7c 8h Ks]
Seat 3: oregordog (button) (small blind) collected ($11.76)
Seat 4: Tryptamean (big blind) folded on the Flop


PokerStars Hand #153773306666:  Hold'em Limit ($3/$6 USD) - 2016/05/24 9:39:31 ET
Table 'Cygnus' 6-max Seat #4 is the button
Seat 3: oregordog ($203.45 in chips)
Seat 4: Tryptamean ($78.41 in chips)
Tryptamean: posts small blind $1
oregordog: posts big blind $3
*** HOLE CARDS ***
Tryptamean: raises $3 to $6
oregordog: calls $3
*** FLOP *** [6d 7h Kh]
oregordog: checks
Tryptamean: bets $3
oregordog: calls $3
*** TURN *** [6d 7h Kh] [Qc]
oregordog: checks
Tryptamean: bets $6
oregordog: folds
Uncalled bet ($6) returned to Tryptamean
Tryptamean collected $17.64 from pot
Tryptamean: doesn't show hand
*** SUMMARY ***
Total pot $18 | Rake $0.36
Board [6d 7h Kh Qc]
Seat 3: oregordog (big blind) folded on the Turn
Seat 4: Tryptamean (button) (small blind) collected ($17.64)


PokerStars Hand #153773290515:  Hold'em Limit ($3/$6 USD) - 2016/05/24 9:39:02 ET
Table 'Cygnus' 6-max Seat #3 is the button
Seat 3: oregordog ($173.95 in chips)
Seat 4: Tryptamean ($108.41 in chips)
oregordog: posts small blind $1
Tryptamean: posts big blind $3
*** HOLE CARDS ***
oregordog: raises $3 to $6
Tryptamean: calls $3
*** FLOP *** [Th Jc Ac]
Tryptamean: checks
oregordog: bets $3
Tryptamean: raises $3 to $6
oregordog: calls $3
*** TURN *** [Th Jc Ac] [As]
Tryptamean: bets $6
oregordog: calls $6
*** RIVER *** [Th Jc Ac As] [Kh]
Tryptamean: bets $6
oregordog: raises $6 to $12
Tryptamean: calls $6
*** SHOW DOWN ***
oregordog: shows [Qc 4c] (a straight, Ten to Ace)
Tryptamean: mucks hand
oregordog collected $59.50 from pot
*** SUMMARY ***
Total pot $60 | Rake $0.50
Board [Th Jc Ac As Kh]
Seat 3: oregordog (button) (small blind) showed [Qc 4c] and won ($59.50) with a straight, Ten to Ace
Seat 4: Tryptamean (big blind) mucked


PokerStars Hand #153773275532:  Hold'em Limit ($3/$6 USD) - 2016/05/24 9:38:35 ET
Table 'Cygnus' 6-max Seat #4 is the button
Seat 3: oregordog ($159.45 in chips)
Seat 4: Tryptamean ($123.41 in chips)
Tryptamean: posts small blind $1
oregordog: posts big blind $3
*** HOLE CARDS ***
Tryptamean: raises $3 to $6
oregordog: calls $3
*** FLOP *** [Kc 2h Ac]
oregordog: checks
Tryptamean: bets $3
oregordog: calls $3
*** TURN *** [Kc 2h Ac] [Ah]
oregordog: checks
Tryptamean: bets $6
oregordog: raises $6 to $12
Tryptamean: folds
Uncalled bet ($6) returned to oregordog
oregordog collected $29.50 from pot
*** SUMMARY ***
Total pot $30 | Rake $0.50
Board [Kc 2h Ac Ah]
Seat 3: oregordog (big blind) collected ($29.50)
Seat 4: Tryptamean (button) (small blind) folded on the Turn


PokerStars Hand #153773318003:  Hold'em Limit ($3/$6 USD) - 2016/05/24 9:39:51 ET
Table 'Cygnus' 6-max Seat #3 is the button
Seat 3: oregordog ($194.45 in chips)
Seat 4: Tryptamean ($87.05 in chips)
oregordog: posts small blind $1
Tryptamean: posts big blind $3
*** HOLE CARDS ***
oregordog: raises $3 to $6
Tryptamean: raises $3 to $9
oregordog: raises $3 to $12
Betting is capped
Tryptamean: calls $3
*** FLOP *** [2d 4d Kc]
Tryptamean: checks
oregordog: bets $3
Tryptamean: calls $3
*** TURN *** [2d 4d Kc] [Js]
Tryptamean: checks
oregordog: bets $6
Tryptamean: calls $6
*** RIVER *** [2d 4d Kc Js] [4s]
Tryptamean: checks
oregordog: checks
*** SHOW DOWN ***
Tryptamean: shows [Jd Ac] (two pair, Jacks and Fours)
oregordog: mucks hand
Tryptamean collected $41.50 from pot
*** SUMMARY ***
Total pot $42 | Rake $0.50
Board [2d 4d Kc Js 4s]
Seat 3: oregordog (button) (small blind) mucked
Seat 4: Tryptamean (big blind) showed [Jd Ac] and won ($41.50) with two pair, Jacks and Fours


PokerStars Hand #153773334492:  Hold'em Limit ($3/$6 USD) - 2016/05/24 9:40:20 ET
Table 'Cygnus' 6-max Seat #4 is the button
Seat 3: oregordog ($173.45 in chips)
Seat 4: Tryptamean ($107.55 in chips)
Tryptamean: posts small blind $1
oregordog: posts big blind $3
*** HOLE CARDS ***
Tryptamean: raises $3 to $6
oregordog: raises $3 to $9
Tryptamean: calls $3
*** FLOP *** [7h 3d 4d]
oregordog: bets $3
Tryptamean: calls $3
*** TURN *** [7h 3d 4d] [Td]
oregordog: bets $6
Tryptamean: raises $6 to $12
oregordog: raises $6 to $18
Tryptamean: raises $6 to $24
Betting is capped
oregordog: calls $6
*** RIVER *** [7h 3d 4d Td] [6d]
oregordog: checks
Tryptamean: bets $6
oregordog: calls $6
*** SHOW DOWN ***
Tryptamean: shows [5d 2d] (a straight flush, Deuce to Six)
oregordog: mucks hand
Tryptamean collected $83.50 from pot
*** SUMMARY ***
Total pot $84 | Rake $0.50
Board [7h 3d 4d Td 6d]
Seat 3: oregordog (big blind) mucked
Seat 4: Tryptamean (button) (small blind) showed [5d 2d] and won ($83.50) with a straight flush, Deuce to Six


PokerStars Hand #153773356700:  Hold'em Limit ($3/$6 USD) - 2016/05/24 9:40:58 ET
Table 'Cygnus' 6-max Seat #3 is the button
Seat 3: oregordog ($131.45 in chips)
Seat 4: Tryptamean ($149.05 in chips)
oregordog: posts small blind $1
Tryptamean: posts big blind $3
*** HOLE CARDS ***
oregordog: raises $3 to $6
Tryptamean: raises $3 to $9
oregordog: calls $3
*** FLOP *** [Kc 2h 2d]
Tryptamean: bets $3
oregordog: calls $3
*** TURN *** [Kc 2h 2d] [7h]
Tryptamean: bets $6
tomte999 joins the table at seat #5
oregordog: raises $6 to $12
Tryptamean: folds
Uncalled bet ($6) returned to oregordog
oregordog collected $35.50 from pot
*** SUMMARY ***
Total pot $36 | Rake $0.50
Board [Kc 2h 2d 7h]
Seat 3: oregordog (button) (small blind) collected ($35.50)
Seat 4: Tryptamean (big blind) folded on the Turn


PokerStars Hand #153773595356:  Hold'em Limit ($3/$6 USD) - 2016/05/24 9:47:34 ET
Table 'Cygnus' 6-max Seat #3 is the button
Seat 3: oregordog ($110.48 in chips)
Seat 5: tomte999 ($196.51 in chips)
gus hanse193 will be allowed to play after the button
oregordog: posts small blind $1
Tryptamean: is sitting out
tomte999: posts big blind $3
*** HOLE CARDS ***
oregordog: raises $3 to $6
tomte999: calls $3
*** FLOP *** [6d 7c Kh]
Tryptamean leaves the table
tomte999: checks
oregordog: bets $3
TbIP-TbIP 88 joins the table at seat #4
tomte999: folds
Uncalled bet ($3) returned to oregordog
oregordog collected $11.76 from pot
*** SUMMARY ***
Total pot $12 | Rake $0.24
Board [6d 7c Kh]
Seat 3: oregordog (button) (small blind) collected ($11.76)
Seat 5: tomte999 (big blind) folded on the Flop


PokerStars Hand #153774271579:  Hold'em Limit ($3/$6 USD) - 2016/05/24 10:07:40 ET
Table 'Cygnus' 6-max Seat #5 is the button
Seat 1: Perumov ($200.73 in chips)
Seat 5: tomte999 ($120 in chips)
tomte999: posts small blind $1
Perumov: posts big blind $3
*** HOLE CARDS ***
tomte999: raises $3 to $6
Perumov: calls $3
*** FLOP *** [5c 9h 9s]
Perumov: checks
tomte999: bets $3
Perumov: calls $3
*** TURN *** [5c 9h 9s] [8s]
Perumov: checks
tomte999: bets $6
Perumov: raises $6 to $12
tomte999: calls $6
*** RIVER *** [5c 9h 9s 8s] [6s]
Perumov: bets $6
tomte999: folds
Uncalled bet ($6) returned to Perumov
Perumov collected $41.50 from pot
Perumov: doesn't show hand
*** SUMMARY ***
Total pot $42 | Rake $0.50
Board [5c 9h 9s 8s 6s]
Seat 1: Perumov (big blind) collected ($41.50)
Seat 5: tomte999 (button) (small blind) folded on the River


