PokerStars Hand #148808774249:  Hold'em Limit ($3/$6 USD) - 2016/02/14 16:00:04 ET
Table 'Cyrene III' 6-max Seat #3 is the button
Seat 1: VolkovDmitri ($120 in chips)
Seat 3: zugswang64 ($124.93 in chips)
zugswang64: posts small blind $1
VolkovDmitri: posts big blind $3
*** HOLE CARDS ***
zugswang64: raises $3 to $6
VolkovDmitri: calls $3
*** FLOP *** [3s 9s 6d]
VolkovDmitri: checks
zugswang64: bets $3
VolkovDmitri: calls $3
*** TURN *** [3s 9s 6d] [2c]
VolkovDmitri: checks
zugswang64: checks
*** RIVER *** [3s 9s 6d 2c] [3c]
VolkovDmitri: checks
zugswang64: bets $6
VolkovDmitri: calls $6
*** SHOW DOWN ***
zugswang64: shows [7c Ts] (a pair of Threes)
VolkovDmitri: shows [Kd 5h] (a pair of Threes - King kicker)
VolkovDmitri collected $29.50 from pot
*** SUMMARY ***
Total pot $30 | Rake $0.50
Board [3s 9s 6d 2c 3c]
Seat 1: VolkovDmitri (big blind) showed [Kd 5h] and won ($29.50) with a pair of Threes
Seat 3: zugswang64 (button) (small blind) showed [7c Ts] and lost with a pair of Threes


PokerStars Hand #148808763255:  Hold'em Limit ($3/$6 USD) - 2016/02/14 15:59:51 ET
Table 'Cyrene III' 6-max Seat #1 is the button
Seat 1: VolkovDmitri ($120 in chips)
Seat 3: zugswang64 ($116.29 in chips)
VolkovDmitri: posts small blind $1
zugswang64: posts big blind $3
*** HOLE CARDS ***
VolkovDmitri: raises $3 to $6
zugswang64: calls $3
*** FLOP *** [8h 6d Jd]
zugswang64: checks
VolkovDmitri: bets $3
zugswang64: calls $3
*** TURN *** [8h 6d Jd] [8c]
zugswang64: bets $6
VolkovDmitri: folds
Uncalled bet ($6) returned to zugswang64
zugswang64 collected $17.64 from pot
zugswang64: doesn't show hand
*** SUMMARY ***
Total pot $18 | Rake $0.36
Board [8h 6d Jd 8c]
Seat 1: VolkovDmitri (button) (small blind) folded on the Turn
Seat 3: zugswang64 (big blind) collected ($17.64)


PokerStars Hand #148808836530:  Hold'em Limit ($3/$6 USD) - 2016/02/14 16:01:12 ET
Table 'Cyrene III' 6-max Seat #1 is the button
Seat 1: VolkovDmitri ($120 in chips)
Seat 3: zugswang64 ($130.09 in chips)
VolkovDmitri: posts small blind $1
zugswang64: posts big blind $3
*** HOLE CARDS ***
VolkovDmitri: raises $3 to $6
zugswang64: raises $3 to $9
VolkovDmitri: calls $3
*** FLOP *** [Kh 6d 2h]
zugswang64: bets $3
VolkovDmitri: raises $3 to $6
zugswang64: raises $3 to $9
VolkovDmitri: calls $3
*** TURN *** [Kh 6d 2h] [Kc]
zugswang64: bets $6
VolkovDmitri: calls $6
*** RIVER *** [Kh 6d 2h Kc] [As]
zugswang64: bets $6
VolkovDmitri: folds
Uncalled bet ($6) returned to zugswang64
zugswang64 collected $47.50 from pot
zugswang64: doesn't show hand
*** SUMMARY ***
Total pot $48 | Rake $0.50
Board [Kh 6d 2h Kc As]
Seat 1: VolkovDmitri (button) (small blind) folded on the River
Seat 3: zugswang64 (big blind) collected ($47.50)


PokerStars Hand #148808820715:  Hold'em Limit ($3/$6 USD) - 2016/02/14 16:00:56 ET
Table 'Cyrene III' 6-max Seat #3 is the button
Seat 1: VolkovDmitri ($125.50 in chips)
Seat 3: zugswang64 ($118.57 in chips)
zugswang64: posts small blind $1
VolkovDmitri: posts big blind $3
*** HOLE CARDS ***
zugswang64: calls $2
VolkovDmitri: raises $3 to $6
zugswang64: raises $3 to $9
VolkovDmitri: calls $3
*** FLOP *** [Jd Tc 2c]
VolkovDmitri: checks
zugswang64: bets $3
VolkovDmitri: calls $3
*** TURN *** [Jd Tc 2c] [5d]
VolkovDmitri: checks
zugswang64: bets $6
VolkovDmitri: folds
Uncalled bet ($6) returned to zugswang64
zugswang64 collected $23.52 from pot
zugswang64: doesn't show hand
*** SUMMARY ***
Total pot $24 | Rake $0.48
Board [Jd Tc 2c 5d]
Seat 1: VolkovDmitri (big blind) folded on the Turn
Seat 3: zugswang64 (button) (small blind) collected ($23.52)


PokerStars Hand #148808798460:  Hold'em Limit ($3/$6 USD) - 2016/02/14 16:00:31 ET
Table 'Cyrene III' 6-max Seat #1 is the button
Seat 1: VolkovDmitri ($134.50 in chips)
Seat 3: zugswang64 ($109.93 in chips)
VolkovDmitri: posts small blind $1
zugswang64: posts big blind $3
*** HOLE CARDS ***
VolkovDmitri: raises $3 to $6
zugswang64: calls $3
*** FLOP *** [Ah Ac 9h]
zugswang64: checks
VolkovDmitri: bets $3
zugswang64: calls $3
*** TURN *** [Ah Ac 9h] [Qh]
zugswang64: checks
VolkovDmitri: checks
*** RIVER *** [Ah Ac 9h Qh] [9s]
zugswang64: bets $6
VolkovDmitri: folds
Uncalled bet ($6) returned to zugswang64
zugswang64 collected $17.64 from pot
zugswang64: doesn't show hand
*** SUMMARY ***
Total pot $18 | Rake $0.36
Board [Ah Ac 9h Qh 9s]
Seat 1: VolkovDmitri (button) (small blind) folded on the River
Seat 3: zugswang64 (big blind) collected ($17.64)


PokerStars Hand #148808915590:  Hold'em Limit ($3/$6 USD) - 2016/02/14 16:02:28 ET
Table 'Cyrene III' 6-max Seat #1 is the button
Seat 1: VolkovDmitri ($120 in chips)
Seat 3: zugswang64 ($186.73 in chips)
VolkovDmitri: posts small blind $1
zugswang64: posts big blind $3
*** HOLE CARDS ***
VolkovDmitri: raises $3 to $6
zugswang64: raises $3 to $9
VolkovDmitri: calls $3
*** FLOP *** [8s 4c 2c]
zugswang64: bets $3
VolkovDmitri: raises $3 to $6
zugswang64: calls $3
*** TURN *** [8s 4c 2c] [6d]
zugswang64: checks
VolkovDmitri: bets $6
zugswang64: folds
Uncalled bet ($6) returned to VolkovDmitri
VolkovDmitri collected $29.50 from pot
VolkovDmitri: doesn't show hand
*** SUMMARY ***
Total pot $30 | Rake $0.50
Board [8s 4c 2c 6d]
Seat 1: VolkovDmitri (button) (small blind) collected ($29.50)
Seat 3: zugswang64 (big blind) folded on the Turn


PokerStars Hand #148808886202:  Hold'em Limit ($3/$6 USD) - 2016/02/14 16:02:01 ET
Table 'Cyrene III' 6-max Seat #3 is the button
Seat 1: VolkovDmitri ($120 in chips)
Seat 3: zugswang64 ($163.23 in chips)
zugswang64: posts small blind $1
VolkovDmitri: posts big blind $3
*** HOLE CARDS ***
zugswang64: raises $3 to $6
VolkovDmitri: raises $3 to $9
zugswang64: calls $3
*** FLOP *** [6c Kd 7h]
VolkovDmitri: bets $3
zugswang64: calls $3
*** TURN *** [6c Kd 7h] [9h]
VolkovDmitri: bets $6
zugswang64: raises $6 to $12
VolkovDmitri: calls $6
*** RIVER *** [6c Kd 7h 9h] [Js]
VolkovDmitri: checks
zugswang64: bets $6
VolkovDmitri: folds
Uncalled bet ($6) returned to zugswang64
zugswang64 collected $47.50 from pot
zugswang64: doesn't show hand
*** SUMMARY ***
Total pot $48 | Rake $0.50
Board [6c Kd 7h 9h Js]
Seat 1: VolkovDmitri (big blind) folded on the River
Seat 3: zugswang64 (button) (small blind) collected ($47.50)


PokerStars Hand #148808881467:  Hold'em Limit ($3/$6 USD) - 2016/02/14 16:01:56 ET
Table 'Cyrene III' 6-max Seat #1 is the button
Seat 1: VolkovDmitri ($120 in chips)
Seat 3: zugswang64 ($162.23 in chips)
VolkovDmitri: posts small blind $1
zugswang64: posts big blind $3
*** HOLE CARDS ***
VolkovDmitri: folds
Uncalled bet ($2) returned to zugswang64
zugswang64 collected $2 from pot
zugswang64: doesn't show hand
*** SUMMARY ***
Total pot $2 | Rake $0
Seat 1: VolkovDmitri (button) (small blind) folded before Flop
Seat 3: zugswang64 (big blind) collected ($2)


PokerStars Hand #148808860877:  Hold'em Limit ($3/$6 USD) - 2016/02/14 16:01:37 ET
Table 'Cyrene III' 6-max Seat #3 is the button
Seat 1: VolkovDmitri ($120 in chips)
Seat 3: zugswang64 ($153.59 in chips)
zugswang64: posts small blind $1
VolkovDmitri: posts big blind $3
*** HOLE CARDS ***
zugswang64: raises $3 to $6
VolkovDmitri: calls $3
*** FLOP *** [4d 6d 7s]
VolkovDmitri: checks
zugswang64: bets $3
VolkovDmitri: calls $3
*** TURN *** [4d 6d 7s] [Qd]
VolkovDmitri: checks
zugswang64: bets $6
VolkovDmitri: folds
Uncalled bet ($6) returned to zugswang64
zugswang64 collected $17.64 from pot
zugswang64: doesn't show hand
*** SUMMARY ***
Total pot $18 | Rake $0.36
Board [4d 6d 7s Qd]
Seat 1: VolkovDmitri (big blind) folded on the Turn
Seat 3: zugswang64 (button) (small blind) collected ($17.64)


PokerStars Hand #148809008760:  Hold'em Limit ($3/$6 USD) - 2016/02/14 16:03:50 ET
Table 'Cyrene III' 6-max Seat #3 is the button
Seat 1: VolkovDmitri ($131.26 in chips)
Seat 3: zugswang64 ($174.37 in chips)
zugswang64: posts small blind $1
VolkovDmitri: posts big blind $3
*** HOLE CARDS ***
zugswang64: folds
Uncalled bet ($2) returned to VolkovDmitri
VolkovDmitri collected $2 from pot
VolkovDmitri: doesn't show hand
*** SUMMARY ***
Total pot $2 | Rake $0
Seat 1: VolkovDmitri (big blind) collected ($2)
Seat 3: zugswang64 (button) (small blind) folded before Flop


PokerStars Hand #148808981906:  Hold'em Limit ($3/$6 USD) - 2016/02/14 16:03:26 ET
Table 'Cyrene III' 6-max Seat #1 is the button
Seat 1: VolkovDmitri ($125.50 in chips)
Seat 3: zugswang64 ($180.37 in chips)
VolkovDmitri: posts small blind $1
zugswang64: posts big blind $3
*** HOLE CARDS ***
VolkovDmitri: raises $3 to $6
zugswang64: calls $3
*** FLOP *** [9h 9d 9s]
zugswang64: checks
VolkovDmitri: checks
*** TURN *** [9h 9d 9s] [Ts]
zugswang64: checks
VolkovDmitri: bets $6
zugswang64: folds
Uncalled bet ($6) returned to VolkovDmitri
VolkovDmitri collected $11.76 from pot
VolkovDmitri: doesn't show hand
*** SUMMARY ***
Total pot $12 | Rake $0.24
Board [9h 9d 9s Ts]
Seat 1: VolkovDmitri (button) (small blind) collected ($11.76)
Seat 3: zugswang64 (big blind) folded on the Turn


PokerStars Hand #148808937802:  Hold'em Limit ($3/$6 USD) - 2016/02/14 16:02:48 ET
Table 'Cyrene III' 6-max Seat #3 is the button
Seat 1: VolkovDmitri ($134.50 in chips)
Seat 3: zugswang64 ($171.73 in chips)
zugswang64: posts small blind $1
VolkovDmitri: posts big blind $3
*** HOLE CARDS ***
zugswang64: raises $3 to $6
VolkovDmitri: calls $3
*** FLOP *** [9h 7s 9s]
VolkovDmitri: checks
zugswang64: bets $3
VolkovDmitri: calls $3
*** TURN *** [9h 7s 9s] [Js]
VolkovDmitri: checks
zugswang64: bets $6
VolkovDmitri: folds
Uncalled bet ($6) returned to zugswang64
zugswang64 collected $17.64 from pot
zugswang64: doesn't show hand
*** SUMMARY ***
Total pot $18 | Rake $0.36
Board [9h 7s 9s Js]
Seat 1: VolkovDmitri (big blind) folded on the Turn
Seat 3: zugswang64 (button) (small blind) collected ($17.64)


PokerStars Hand #148809068746:  Hold'em Limit ($3/$6 USD) - 2016/02/14 16:04:42 ET
Table 'Cyrene III' 6-max Seat #1 is the button
Seat 1: VolkovDmitri ($155.76 in chips)
Seat 3: zugswang64 ($149.37 in chips)
VolkovDmitri: posts small blind $1
zugswang64: posts big blind $3
*** HOLE CARDS ***
VolkovDmitri: raises $3 to $6
zugswang64: folds
Uncalled bet ($3) returned to VolkovDmitri
VolkovDmitri collected $6 from pot
VolkovDmitri: doesn't show hand
*** SUMMARY ***
Total pot $6 | Rake $0
Seat 1: VolkovDmitri (button) (small blind) collected ($6)
Seat 3: zugswang64 (big blind) folded before Flop


PokerStars Hand #148809023598:  Hold'em Limit ($3/$6 USD) - 2016/02/14 16:04:03 ET
Table 'Cyrene III' 6-max Seat #3 is the button
Seat 1: VolkovDmitri ($135.26 in chips)
Seat 3: zugswang64 ($170.37 in chips)
zugswang64: posts small blind $1
VolkovDmitri: posts big blind $3
*** HOLE CARDS ***
zugswang64: raises $3 to $6
VolkovDmitri: calls $3
*** FLOP *** [Qd 9s 5c]
VolkovDmitri: bets $3
zugswang64: calls $3
*** TURN *** [Qd 9s 5c] [Ad]
VolkovDmitri: bets $6
zugswang64: raises $6 to $12
VolkovDmitri: calls $6
*** RIVER *** [Qd 9s 5c Ad] [7s]
VolkovDmitri: checks
zugswang64: checks
*** SHOW DOWN ***
VolkovDmitri: shows [3c Qh] (a pair of Queens)
zugswang64: mucks hand
VolkovDmitri collected $41.50 from pot
*** SUMMARY ***
Total pot $42 | Rake $0.50
Board [Qd 9s 5c Ad 7s]
Seat 1: VolkovDmitri (big blind) showed [3c Qh] and won ($41.50) with a pair of Queens
Seat 3: zugswang64 (button) (small blind) mucked


PokerStars Hand #148809014155:  Hold'em Limit ($3/$6 USD) - 2016/02/14 16:03:54 ET
Table 'Cyrene III' 6-max Seat #1 is the button
Seat 1: VolkovDmitri ($132.26 in chips)
Seat 3: zugswang64 ($173.37 in chips)
VolkovDmitri: posts small blind $1
zugswang64: posts big blind $3
*** HOLE CARDS ***
VolkovDmitri: raises $3 to $6
zugswang64: folds
Uncalled bet ($3) returned to VolkovDmitri
VolkovDmitri collected $6 from pot
VolkovDmitri: doesn't show hand
*** SUMMARY ***
Total pot $6 | Rake $0
Seat 1: VolkovDmitri (button) (small blind) collected ($6)
Seat 3: zugswang64 (big blind) folded before Flop


PokerStars Hand #148809098393:  Hold'em Limit ($3/$6 USD) - 2016/02/14 16:05:08 ET
Table 'Cyrene III' 6-max Seat #1 is the button
Seat 1: VolkovDmitri ($140.76 in chips)
Seat 3: zugswang64 ($163.87 in chips)
VolkovDmitri: posts small blind $1
zugswang64: posts big blind $3
*** HOLE CARDS ***
VolkovDmitri: raises $3 to $6
zugswang64: calls $3
*** FLOP *** [Jh Ks 9d]
zugswang64: checks
VolkovDmitri: bets $3
zugswang64: folds
Uncalled bet ($3) returned to VolkovDmitri
VolkovDmitri collected $11.76 from pot
VolkovDmitri: doesn't show hand
*** SUMMARY ***
Total pot $12 | Rake $0.24
Board [Jh Ks 9d]
Seat 1: VolkovDmitri (button) (small blind) collected ($11.76)
Seat 3: zugswang64 (big blind) folded on the Flop


PokerStars Hand #148809077740:  Hold'em Limit ($3/$6 USD) - 2016/02/14 16:04:50 ET
Table 'Cyrene III' 6-max Seat #3 is the button
Seat 1: VolkovDmitri ($158.76 in chips)
Seat 3: zugswang64 ($146.37 in chips)
zugswang64: posts small blind $1
VolkovDmitri: posts big blind $3
*** HOLE CARDS ***
zugswang64: raises $3 to $6
VolkovDmitri: raises $3 to $9
zugswang64: calls $3
*** FLOP *** [7c Td As]
VolkovDmitri: bets $3
zugswang64: calls $3
*** TURN *** [7c Td As] [4h]
VolkovDmitri: bets $6
zugswang64: calls $6
*** RIVER *** [7c Td As 4h] [9d]
VolkovDmitri: checks
zugswang64: bets $6
VolkovDmitri: folds
Uncalled bet ($6) returned to zugswang64
zugswang64 collected $35.50 from pot
*** SUMMARY ***
Total pot $36 | Rake $0.50
Board [7c Td As 4h 9d]
Seat 1: VolkovDmitri (big blind) folded on the River
Seat 3: zugswang64 (button) (small blind) collected ($35.50)


PokerStars Hand #148809165951:  Hold'em Limit ($3/$6 USD) - 2016/02/14 16:06:07 ET
Table 'Cyrene III' 6-max Seat #1 is the button
Seat 1: VolkovDmitri ($152.28 in chips)
Seat 3: zugswang64 ($151.87 in chips)
VolkovDmitri: posts small blind $1
zugswang64: posts big blind $3
*** HOLE CARDS ***
VolkovDmitri: raises $3 to $6
zugswang64: raises $3 to $9
VolkovDmitri: calls $3
*** FLOP *** [Kd Ks Tc]
zugswang64: bets $3
VolkovDmitri: calls $3
*** TURN *** [Kd Ks Tc] [6s]
zugswang64: bets $6
VolkovDmitri: calls $6
*** RIVER *** [Kd Ks Tc 6s] [9s]
zugswang64: checks
VolkovDmitri: bets $6
zugswang64: calls $6
*** SHOW DOWN ***
VolkovDmitri: shows [Ts 3s] (a flush, King high)
zugswang64: mucks hand
VolkovDmitri collected $47.50 from pot
*** SUMMARY ***
Total pot $48 | Rake $0.50
Board [Kd Ks Tc 6s 9s]
Seat 1: VolkovDmitri (button) (small blind) showed [Ts 3s] and won ($47.50) with a flush, King high
Seat 3: zugswang64 (big blind) mucked


PokerStars Hand #148809125170:  Hold'em Limit ($3/$6 USD) - 2016/02/14 16:05:31 ET
Table 'Cyrene III' 6-max Seat #3 is the button
Seat 1: VolkovDmitri ($146.52 in chips)
Seat 3: zugswang64 ($157.87 in chips)
zugswang64: posts small blind $1
VolkovDmitri: posts big blind $3
*** HOLE CARDS ***
zugswang64: calls $2
VolkovDmitri: raises $3 to $6
zugswang64: calls $3
*** FLOP *** [Kh 8d Qd]
VolkovDmitri: bets $3
zugswang64: folds
Uncalled bet ($3) returned to VolkovDmitri
VolkovDmitri collected $11.76 from pot
VolkovDmitri: doesn't show hand
*** SUMMARY ***
Total pot $12 | Rake $0.24
Board [Kh 8d Qd]
Seat 1: VolkovDmitri (big blind) collected ($11.76)
Seat 3: zugswang64 (button) (small blind) folded on the Flop


PokerStars Hand #148809259359:  Hold'em Limit ($3/$6 USD) - 2016/02/14 16:07:29 ET
Table 'Cyrene III' 6-max Seat #1 is the button
Seat 1: VolkovDmitri ($187.30 in chips)
Seat 3: zugswang64 ($115.87 in chips)
VolkovDmitri: posts small blind $1
zugswang64: posts big blind $3
*** HOLE CARDS ***
VolkovDmitri: raises $3 to $6
zugswang64: calls $3
*** FLOP *** [5c Jd 5d]
zugswang64: checks
VolkovDmitri: bets $3
zugswang64: raises $3 to $6
VolkovDmitri: calls $3
*** TURN *** [5c Jd 5d] [6h]
zugswang64: bets $6
VolkovDmitri: calls $6
*** RIVER *** [5c Jd 5d 6h] [6d]
zugswang64: bets $6
VolkovDmitri: calls $6
*** SHOW DOWN ***
zugswang64: shows [Js 8h] (two pair, Jacks and Sixes)
VolkovDmitri: mucks hand
zugswang64 collected $47.50 from pot
*** SUMMARY ***
Total pot $48 | Rake $0.50
Board [5c Jd 5d 6h 6d]
Seat 1: VolkovDmitri (button) (small blind) mucked
Seat 3: zugswang64 (big blind) showed [Js 8h] and won ($47.50) with two pair, Jacks and Sixes


PokerStars Hand #148809239447:  Hold'em Limit ($3/$6 USD) - 2016/02/14 16:07:12 ET
Table 'Cyrene III' 6-max Seat #3 is the button
Seat 1: VolkovDmitri ($175.78 in chips)
Seat 3: zugswang64 ($127.87 in chips)
zugswang64: posts small blind $1
VolkovDmitri: posts big blind $3
*** HOLE CARDS ***
zugswang64: raises $3 to $6
VolkovDmitri: calls $3
*** FLOP *** [Kc Qh 8d]
VolkovDmitri: checks
zugswang64: bets $3
VolkovDmitri: raises $3 to $6
zugswang64: calls $3
*** TURN *** [Kc Qh 8d] [4c]
VolkovDmitri: bets $6
zugswang64: folds
Uncalled bet ($6) returned to VolkovDmitri
VolkovDmitri collected $23.52 from pot
VolkovDmitri: doesn't show hand
*** SUMMARY ***
Total pot $24 | Rake $0.48
Board [Kc Qh 8d 4c]
Seat 1: VolkovDmitri (big blind) collected ($23.52)
Seat 3: zugswang64 (button) (small blind) folded on the Turn


PokerStars Hand #148809234290:  Hold'em Limit ($3/$6 USD) - 2016/02/14 16:07:07 ET
Table 'Cyrene III' 6-max Seat #1 is the button
Seat 1: VolkovDmitri ($176.78 in chips)
Seat 3: zugswang64 ($126.87 in chips)
VolkovDmitri: posts small blind $1
zugswang64: posts big blind $3
*** HOLE CARDS ***
VolkovDmitri: folds
Uncalled bet ($2) returned to zugswang64
zugswang64 collected $2 from pot
zugswang64: doesn't show hand
*** SUMMARY ***
Total pot $2 | Rake $0
Seat 1: VolkovDmitri (button) (small blind) folded before Flop
Seat 3: zugswang64 (big blind) collected ($2)


PokerStars Hand #148809214642:  Hold'em Limit ($3/$6 USD) - 2016/02/14 16:06:50 ET
Table 'Cyrene III' 6-max Seat #3 is the button
Seat 1: VolkovDmitri ($175.78 in chips)
Seat 3: zugswang64 ($127.87 in chips)
zugswang64: posts small blind $1
VolkovDmitri: posts big blind $3
*** HOLE CARDS ***
zugswang64: folds
Uncalled bet ($2) returned to VolkovDmitri
VolkovDmitri collected $2 from pot
VolkovDmitri: doesn't show hand
*** SUMMARY ***
Total pot $2 | Rake $0
Seat 1: VolkovDmitri (big blind) collected ($2)
Seat 3: zugswang64 (button) (small blind) folded before Flop


PokerStars Hand #148809308576:  Hold'em Limit ($3/$6 USD) - 2016/02/14 16:08:13 ET
Table 'Cyrene III' 6-max Seat #1 is the button
Seat 1: VolkovDmitri ($142.30 in chips)
Seat 3: zugswang64 ($159.87 in chips)
VolkovDmitri: posts small blind $1
zugswang64: posts big blind $3
*** HOLE CARDS ***
VolkovDmitri: raises $3 to $6
zugswang64: calls $3
*** FLOP *** [8d Jh 2d]
zugswang64: checks
VolkovDmitri: bets $3
zugswang64: raises $3 to $6
VolkovDmitri: calls $3
*** TURN *** [8d Jh 2d] [Ks]
zugswang64: bets $6
VolkovDmitri: raises $6 to $12
zugswang64: folds
Uncalled bet ($6) returned to VolkovDmitri
VolkovDmitri collected $35.50 from pot
VolkovDmitri: doesn't show hand
*** SUMMARY ***
Total pot $36 | Rake $0.50
Board [8d Jh 2d Ks]
Seat 1: VolkovDmitri (button) (small blind) collected ($35.50)
Seat 3: zugswang64 (big blind) folded on the Turn


PokerStars Hand #148809278481:  Hold'em Limit ($3/$6 USD) - 2016/02/14 16:07:46 ET
Table 'Cyrene III' 6-max Seat #3 is the button
Seat 1: VolkovDmitri ($163.30 in chips)
Seat 3: zugswang64 ($139.37 in chips)
zugswang64: posts small blind $1
VolkovDmitri: posts big blind $3
*** HOLE CARDS ***
zugswang64: raises $3 to $6
VolkovDmitri: calls $3
*** FLOP *** [Jh Td 4d]
VolkovDmitri: checks
zugswang64: bets $3
VolkovDmitri: calls $3
*** TURN *** [Jh Td 4d] [9h]
VolkovDmitri: checks
zugswang64: bets $6
VolkovDmitri: calls $6
*** RIVER *** [Jh Td 4d 9h] [Kh]
VolkovDmitri: checks
zugswang64: bets $6
VolkovDmitri: calls $6
*** SHOW DOWN ***
zugswang64: shows [9c Qh] (a straight, Nine to King)
VolkovDmitri: mucks hand
zugswang64 collected $41.50 from pot
*** SUMMARY ***
Total pot $42 | Rake $0.50
Board [Jh Td 4d 9h Kh]
Seat 1: VolkovDmitri (big blind) mucked
Seat 3: zugswang64 (button) (small blind) showed [9c Qh] and won ($41.50) with a straight, Nine to King


PokerStars Hand #148809364976:  Hold'em Limit ($3/$6 USD) - 2016/02/14 16:09:03 ET
Table 'Cyrene III' 6-max Seat #1 is the button
Seat 1: VolkovDmitri ($153.80 in chips)
Seat 3: zugswang64 ($147.63 in chips)
VolkovDmitri: posts small blind $1
zugswang64: posts big blind $3
*** HOLE CARDS ***
VolkovDmitri: raises $3 to $6
zugswang64: folds
Uncalled bet ($3) returned to VolkovDmitri
VolkovDmitri collected $6 from pot
VolkovDmitri: doesn't show hand
*** SUMMARY ***
Total pot $6 | Rake $0
Seat 1: VolkovDmitri (button) (small blind) collected ($6)
Seat 3: zugswang64 (big blind) folded before Flop


PokerStars Hand #148809343821:  Hold'em Limit ($3/$6 USD) - 2016/02/14 16:08:45 ET
Table 'Cyrene III' 6-max Seat #3 is the button
Seat 1: VolkovDmitri ($159.80 in chips)
Seat 3: zugswang64 ($141.87 in chips)
zugswang64: posts small blind $1
VolkovDmitri: posts big blind $3
*** HOLE CARDS ***
zugswang64: raises $3 to $6
VolkovDmitri: calls $3
*** FLOP *** [6c 6d 2c]
VolkovDmitri: checks
zugswang64: bets $3
VolkovDmitri: folds
Uncalled bet ($3) returned to zugswang64
zugswang64 collected $11.76 from pot
zugswang64: doesn't show hand
*** SUMMARY ***
Total pot $12 | Rake $0.24
Board [6c 6d 2c]
Seat 1: VolkovDmitri (big blind) folded on the Flop
Seat 3: zugswang64 (button) (small blind) collected ($11.76)


