PokerStars Hand #167135071873:  Hold'em Limit ($3/$6 USD) - 2017/03/05 3:44:38 ET
Table 'Cyrene' 10-max Seat #5 is the button
Seat 5: @92gara42@ ($234.97 in chips)
Seat 6: Agrotait ($72 in chips)
@92gara42@: posts small blind $1
Agrotait: posts big blind $3
*** HOLE CARDS ***
@92gara42@: raises $3 to $6
Agrotait: raises $3 to $9
@92gara42@: calls $3
*** FLOP *** [Qc Qh 9h]
Agrotait: bets $3
@92gara42@: calls $3
*** TURN *** [Qc Qh 9h] [4s]
Agrotait: bets $6
@92gara42@: calls $6
*** RIVER *** [Qc Qh 9h 4s] [5d]
Agrotait: checks
@92gara42@: checks
*** SHOW DOWN ***
Agrotait: shows [Ts Js] (a pair of Queens)
@92gara42@: shows [As 2s] (a pair of Queens - Ace kicker)
@92gara42@ collected $35.50 from pot
*** SUMMARY ***
Total pot $36 | Rake $0.50
Board [Qc Qh 9h 4s 5d]
Seat 5: @92gara42@ (button) (small blind) showed [As 2s] and won ($35.50) with a pair of Queens
Seat 6: Agrotait (big blind) showed [Ts Js] and lost with a pair of Queens


PokerStars Hand #167135084593:  Hold'em Limit ($3/$6 USD) - 2017/03/05 3:45:14 ET
Table 'Cyrene' 10-max Seat #5 is the button
Seat 5: @92gara42@ ($253.47 in chips)
Seat 6: Agrotait ($71 in chips)
@92gara42@: posts small blind $1
Agrotait: posts big blind $3
*** HOLE CARDS ***
@92gara42@: folds
Uncalled bet ($2) returned to Agrotait
Agrotait collected $2 from pot
Agrotait: doesn't show hand
*** SUMMARY ***
Total pot $2 | Rake $0
Seat 5: @92gara42@ (button) (small blind) folded before Flop
Seat 6: Agrotait (big blind) collected ($2)


PokerStars Hand #167135079230:  Hold'em Limit ($3/$6 USD) - 2017/03/05 3:44:58 ET
Table 'Cyrene' 10-max Seat #6 is the button
Seat 5: @92gara42@ ($252.47 in chips)
Seat 6: Agrotait ($72 in chips)
Agrotait: posts small blind $1
@92gara42@: posts big blind $3
*** HOLE CARDS ***
Agrotait: folds
Uncalled bet ($2) returned to @92gara42@
@92gara42@ collected $2 from pot
@92gara42@: doesn't show hand
*** SUMMARY ***
Total pot $2 | Rake $0
Seat 5: @92gara42@ (big blind) collected ($2)
Seat 6: Agrotait (button) (small blind) folded before Flop


PokerStars Hand #167135086224:  Hold'em Limit ($3/$6 USD) - 2017/03/05 3:45:18 ET
Table 'Cyrene' 10-max Seat #6 is the button
Seat 5: @92gara42@ ($252.47 in chips)
Seat 6: Agrotait ($72 in chips)
Agrotait: posts small blind $1
@92gara42@: posts big blind $3
*** HOLE CARDS ***
Agrotait: raises $3 to $6
@92gara42@: calls $3
*** FLOP *** [Ts 8d Tc]
@92gara42@: checks
linuxhunter joins the table at seat #10
Agrotait: bets $3
@92gara42@: folds
Uncalled bet ($3) returned to Agrotait
Agrotait collected $11.76 from pot
Agrotait: doesn't show hand
*** SUMMARY ***
Total pot $12 | Rake $0.24
Board [Ts 8d Tc]
Seat 5: @92gara42@ (big blind) folded on the Flop
Seat 6: Agrotait (button) (small blind) collected ($11.76)


PokerStars Hand #167135101003:  Hold'em Limit ($3/$6 USD) - 2017/03/05 3:46:01 ET
Table 'Cyrene' 10-max Seat #5 is the button
Seat 5: @92gara42@ ($246.47 in chips)
Seat 6: Agrotait ($77.76 in chips)
@92gara42@: posts small blind $1
Agrotait: posts big blind $3
*** HOLE CARDS ***
@92gara42@: raises $3 to $6
Agrotait: folds
Uncalled bet ($3) returned to @92gara42@
@92gara42@ collected $6 from pot
@92gara42@: doesn't show hand
*** SUMMARY ***
Total pot $6 | Rake $0
Seat 5: @92gara42@ (button) (small blind) collected ($6)
Seat 6: Agrotait (big blind) folded before Flop


PokerStars Hand #167139412421:  Hold'em Limit ($3/$6 USD) - 2017/03/05 6:32:01 ET
Table 'Cyrene' 10-max Seat #10 is the button
Seat 6: TbIP-TbIP 88 ($105.39 in chips)
Seat 10: HAL9QQQ ($190.35 in chips)
HAL9QQQ: posts small blind $1
Chessnok: is sitting out
TbIP-TbIP 88: posts big blind $3
*** HOLE CARDS ***
HAL9QQQ: folds
Uncalled bet ($2) returned to TbIP-TbIP 88
TbIP-TbIP 88 collected $2 from pot
TbIP-TbIP 88: doesn't show hand
*** SUMMARY ***
Total pot $2 | Rake $0
Seat 6: TbIP-TbIP 88 (big blind) collected ($2)
Seat 10: HAL9QQQ (button) (small blind) folded before Flop


