PokerStars Hand #147519078683:  Hold'em Limit ($3/$6 USD) - 2016/01/23 1:15:35 ET
Table 'Dabih II' 6-max Seat #4 is the button
Seat 1: chipmover360 ($114 in chips)
Seat 4: Agrotait ($77.76 in chips)
Agrotait: posts small blind $1
chipmover360: posts big blind $3
*** HOLE CARDS ***
Agrotait: raises $3 to $6
chipmover360: calls $3
*** FLOP *** [6s 4s 8s]
chipmover360: checks
Agrotait: bets $3
chipmover360: calls $3
*** TURN *** [6s 4s 8s] [9c]
chipmover360: checks
Agrotait: checks
*** RIVER *** [6s 4s 8s 9c] [2s]
chipmover360: checks
Agrotait: bets $6
chipmover360: folds
Uncalled bet ($6) returned to Agrotait
Agrotait collected $17.64 from pot
Agrotait: doesn't show hand
*** SUMMARY ***
Total pot $18 | Rake $0.36
Board [6s 4s 8s 9c 2s]
Seat 1: chipmover360 (big blind) folded on the River
Seat 4: Agrotait (button) (small blind) collected ($17.64)


PokerStars Hand #147519070782:  Hold'em Limit ($3/$6 USD) - 2016/01/23 1:15:10 ET
Table 'Dabih II' 6-max Seat #1 is the button
Seat 1: chipmover360 ($120 in chips)
Seat 4: Agrotait ($72 in chips)
chipmover360: posts small blind $1
Agrotait: posts big blind $3
*** HOLE CARDS ***
chipmover360: raises $3 to $6
Agrotait: calls $3
*** FLOP *** [Jh 4s 6s]
Agrotait: checks
chipmover360: checks
*** TURN *** [Jh 4s 6s] [7d]
Agrotait: bets $6
chipmover360: folds
Uncalled bet ($6) returned to Agrotait
Agrotait collected $11.76 from pot
Agrotait: doesn't show hand
*** SUMMARY ***
Total pot $12 | Rake $0.24
Board [Jh 4s 6s 7d]
Seat 1: chipmover360 (button) (small blind) folded on the Turn
Seat 4: Agrotait (big blind) collected ($11.76)


PokerStars Hand #147519099754:  Hold'em Limit ($3/$6 USD) - 2016/01/23 1:16:43 ET
Table 'Dabih II' 6-max Seat #4 is the button
Seat 1: chipmover360 ($128.50 in chips)
Seat 4: Agrotait ($62.40 in chips)
Agrotait: posts small blind $1
chipmover360: posts big blind $3
*** HOLE CARDS ***
Agrotait: raises $3 to $6
chipmover360: raises $3 to $9
Agrotait: calls $3
*** FLOP *** [Ad 2c 8c]
chipmover360: bets $3
Agrotait: folds
Uncalled bet ($3) returned to chipmover360
chipmover360 collected $17.64 from pot
chipmover360: doesn't show hand
*** SUMMARY ***
Total pot $18 | Rake $0.36
Board [Ad 2c 8c]
Seat 1: chipmover360 (big blind) collected ($17.64)
Seat 4: Agrotait (button) (small blind) folded on the Flop


PokerStars Hand #147519088240:  Hold'em Limit ($3/$6 USD) - 2016/01/23 1:16:06 ET
Table 'Dabih II' 6-max Seat #1 is the button
Seat 1: chipmover360 ($105 in chips)
Seat 4: Agrotait ($86.40 in chips)
chipmover360: posts small blind $1
Agrotait: posts big blind $3
*** HOLE CARDS ***
chipmover360: raises $3 to $6
Agrotait: calls $3
*** FLOP *** [9s Ah 4s]
Agrotait: checks
chipmover360: bets $3
Agrotait: raises $3 to $6
chipmover360: calls $3
*** TURN *** [9s Ah 4s] [3d]
Agrotait: bets $6
chipmover360: raises $6 to $12
Agrotait: calls $6
*** RIVER *** [9s Ah 4s 3d] [6c]
Agrotait: checks
chipmover360: bets $6
Agrotait: folds
Uncalled bet ($6) returned to chipmover360
chipmover360 collected $47.50 from pot
chipmover360: doesn't show hand
*** SUMMARY ***
Total pot $48 | Rake $0.50
Board [9s Ah 4s 3d 6c]
Seat 1: chipmover360 (button) (small blind) collected ($47.50)
Seat 4: Agrotait (big blind) folded on the River


PokerStars Hand #147519124048:  Hold'em Limit ($3/$6 USD) - 2016/01/23 1:17:59 ET
Table 'Dabih II' 6-max Seat #1 is the button
Seat 1: chipmover360 ($172.14 in chips)
Seat 4: Agrotait ($72 in chips)
chipmover360: posts small blind $1
Agrotait: posts big blind $3
*** HOLE CARDS ***
chipmover360: folds
Uncalled bet ($2) returned to Agrotait
Agrotait collected $2 from pot
Agrotait: doesn't show hand
*** SUMMARY ***
Total pot $2 | Rake $0
Seat 1: chipmover360 (button) (small blind) folded before Flop
Seat 4: Agrotait (big blind) collected ($2)


PokerStars Hand #147519113389:  Hold'em Limit ($3/$6 USD) - 2016/01/23 1:17:26 ET
Table 'Dabih II' 6-max Seat #4 is the button
Seat 1: chipmover360 ($154.64 in chips)
Seat 4: Agrotait ($72 in chips)
Agrotait: posts small blind $1
chipmover360: posts big blind $3
*** HOLE CARDS ***
Agrotait: raises $3 to $6
chipmover360: raises $3 to $9
Agrotait: calls $3
*** FLOP *** [Th Qd 7s]
chipmover360: bets $3
Agrotait: calls $3
*** TURN *** [Th Qd 7s] [8c]
chipmover360: bets $6
Agrotait: calls $6
*** RIVER *** [Th Qd 7s 8c] [9c]
chipmover360: checks
Agrotait: checks
*** SHOW DOWN ***
chipmover360: shows [Ac Td] (a pair of Tens)
Agrotait: mucks hand
chipmover360 collected $35.50 from pot
*** SUMMARY ***
Total pot $36 | Rake $0.50
Board [Th Qd 7s 8c 9c]
Seat 1: chipmover360 (big blind) showed [Ac Td] and won ($35.50) with a pair of Tens
Seat 4: Agrotait (button) (small blind) mucked


PokerStars Hand #147519104016:  Hold'em Limit ($3/$6 USD) - 2016/01/23 1:16:56 ET
Table 'Dabih II' 6-max Seat #1 is the button
Seat 1: chipmover360 ($137.14 in chips)
Seat 4: Agrotait ($72 in chips)
chipmover360: posts small blind $1
Agrotait: posts big blind $3
*** HOLE CARDS ***
chipmover360: raises $3 to $6
Agrotait: calls $3
*** FLOP *** [Qd 5d Ah]
Agrotait: checks
chipmover360: checks
*** TURN *** [Qd 5d Ah] [Kd]
Agrotait: bets $6
chipmover360: calls $6
*** RIVER *** [Qd 5d Ah Kd] [Ts]
Agrotait: bets $6
chipmover360: calls $6
*** SHOW DOWN ***
Agrotait: shows [3c 8d] (high card Ace)
chipmover360: shows [Kh 9c] (a pair of Kings)
chipmover360 collected $35.50 from pot
*** SUMMARY ***
Total pot $36 | Rake $0.50
Board [Qd 5d Ah Kd Ts]
Seat 1: chipmover360 (button) (small blind) showed [Kh 9c] and won ($35.50) with a pair of Kings
Seat 4: Agrotait (big blind) showed [3c 8d] and lost with high card Ace


PokerStars Hand #147519141975:  Hold'em Limit ($3/$6 USD) - 2016/01/23 1:18:57 ET
Table 'Dabih II' 6-max Seat #4 is the button
Seat 1: chipmover360 ($155.14 in chips)
Seat 4: Agrotait ($88.50 in chips)
Agrotait: posts small blind $1
chipmover360: posts big blind $3
*** HOLE CARDS ***
Agrotait: raises $3 to $6
chipmover360: calls $3
*** FLOP *** [As 2s 5h]
chipmover360: checks
Agrotait: bets $3
chipmover360: calls $3
*** TURN *** [As 2s 5h] [Qh]
chipmover360: checks
Agrotait: checks
*** RIVER *** [As 2s 5h Qh] [4h]
chipmover360: checks
Agrotait: checks
*** SHOW DOWN ***
chipmover360: shows [5c 2c] (two pair, Fives and Deuces)
Agrotait: mucks hand
chipmover360 collected $17.64 from pot
*** SUMMARY ***
Total pot $18 | Rake $0.36
Board [As 2s 5h Qh 4h]
Seat 1: chipmover360 (big blind) showed [5c 2c] and won ($17.64) with two pair, Fives and Deuces
Seat 4: Agrotait (button) (small blind) mucked


PokerStars Hand #147519140425:  Hold'em Limit ($3/$6 USD) - 2016/01/23 1:18:52 ET
Table 'Dabih II' 6-max Seat #1 is the button
Seat 1: chipmover360 ($156.14 in chips)
Seat 4: Agrotait ($87.50 in chips)
chipmover360: posts small blind $1
Agrotait: posts big blind $3
*** HOLE CARDS ***
chipmover360: folds
Uncalled bet ($2) returned to Agrotait
Agrotait collected $2 from pot
Agrotait: doesn't show hand
*** SUMMARY ***
Total pot $2 | Rake $0
Seat 1: chipmover360 (button) (small blind) folded before Flop
Seat 4: Agrotait (big blind) collected ($2)


PokerStars Hand #147519126590:  Hold'em Limit ($3/$6 USD) - 2016/01/23 1:18:08 ET
Table 'Dabih II' 6-max Seat #4 is the button
Seat 1: chipmover360 ($171.14 in chips)
Seat 4: Agrotait ($73 in chips)
Agrotait: posts small blind $1
chipmover360: posts big blind $3
*** HOLE CARDS ***
Agrotait: raises $3 to $6
chipmover360: calls $3
*** FLOP *** [Qh 8h 5h]
chipmover360: bets $3
Agrotait: calls $3
*** TURN *** [Qh 8h 5h] [5d]
chipmover360: checks
Agrotait: bets $6
chipmover360: calls $6
*** RIVER *** [Qh 8h 5h 5d] [4s]
chipmover360: checks
Agrotait: bets $6
chipmover360: folds
Uncalled bet ($6) returned to Agrotait
Agrotait collected $29.50 from pot
Agrotait: doesn't show hand
*** SUMMARY ***
Total pot $30 | Rake $0.50
Board [Qh 8h 5h 5d 4s]
Seat 1: chipmover360 (big blind) folded on the River
Seat 4: Agrotait (button) (small blind) collected ($29.50)


PokerStars Hand #147519150209:  Hold'em Limit ($3/$6 USD) - 2016/01/23 1:19:23 ET
Table 'Dabih II' 6-max Seat #1 is the button
Seat 1: chipmover360 ($163.78 in chips)
Seat 4: Agrotait ($79.50 in chips)
chipmover360: posts small blind $1
Agrotait: posts big blind $3
*** HOLE CARDS ***
chipmover360: calls $2
Agrotait: raises $3 to $6
chipmover360: calls $3
*** FLOP *** [Qc 6h 8s]
Agrotait: bets $3
chipmover360: calls $3
*** TURN *** [Qc 6h 8s] [3d]
Agrotait: checks
chipmover360: bets $6
Agrotait: folds
Uncalled bet ($6) returned to chipmover360
chipmover360 collected $17.64 from pot
chipmover360: doesn't show hand
*** SUMMARY ***
Total pot $18 | Rake $0.36
Board [Qc 6h 8s 3d]
Seat 1: chipmover360 (button) (small blind) collected ($17.64)
Seat 4: Agrotait (big blind) folded on the Turn


PokerStars Hand #147519184080:  Hold'em Limit ($3/$6 USD) - 2016/01/23 1:21:13 ET
Table 'Dabih II' 6-max Seat #4 is the button
Seat 1: chipmover360 ($155.18 in chips)
Seat 4: Agrotait ($87 in chips)
Agrotait: posts small blind $1
chipmover360: posts big blind $3
*** HOLE CARDS ***
Agrotait: folds
Uncalled bet ($2) returned to chipmover360
chipmover360 collected $2 from pot
chipmover360: doesn't show hand
*** SUMMARY ***
Total pot $2 | Rake $0
Seat 1: chipmover360 (big blind) collected ($2)
Seat 4: Agrotait (button) (small blind) folded before Flop


PokerStars Hand #147519172201:  Hold'em Limit ($3/$6 USD) - 2016/01/23 1:20:34 ET
Table 'Dabih II' 6-max Seat #1 is the button
Seat 1: chipmover360 ($151.42 in chips)
Seat 4: Agrotait ($91 in chips)
chipmover360: posts small blind $1
Agrotait: posts big blind $3
*** HOLE CARDS ***
chipmover360: folds
Uncalled bet ($2) returned to Agrotait
Agrotait collected $2 from pot
Agrotait: doesn't show hand
*** SUMMARY ***
Total pot $2 | Rake $0
Seat 1: chipmover360 (button) (small blind) folded before Flop
Seat 4: Agrotait (big blind) collected ($2)


PokerStars Hand #147519161813:  Hold'em Limit ($3/$6 USD) - 2016/01/23 1:20:01 ET
Table 'Dabih II' 6-max Seat #4 is the button
Seat 1: chipmover360 ($172.42 in chips)
Seat 4: Agrotait ($70.50 in chips)
Agrotait: posts small blind $1
chipmover360: posts big blind $3
*** HOLE CARDS ***
Agrotait: raises $3 to $6
chipmover360: calls $3
*** FLOP *** [8c 9c 3s]
chipmover360: checks
Agrotait: bets $3
chipmover360: calls $3
*** TURN *** [8c 9c 3s] [Ad]
chipmover360: checks
Agrotait: bets $6
chipmover360: calls $6
*** RIVER *** [8c 9c 3s Ad] [8d]
chipmover360: bets $6
Agrotait: calls $6
*** SHOW DOWN ***
chipmover360: shows [4s 5s] (a pair of Eights)
Agrotait: shows [Kh 9h] (two pair, Nines and Eights)
Agrotait collected $41.50 from pot
*** SUMMARY ***
Total pot $42 | Rake $0.50
Board [8c 9c 3s Ad 8d]
Seat 1: chipmover360 (big blind) showed [4s 5s] and lost with a pair of Eights
Seat 4: Agrotait (button) (small blind) showed [Kh 9h] and won ($41.50) with two pair, Nines and Eights


PokerStars Hand #147519182616:  Hold'em Limit ($3/$6 USD) - 2016/01/23 1:21:08 ET
Table 'Dabih II' 6-max Seat #1 is the button
Seat 1: chipmover360 ($156.18 in chips)
Seat 4: Agrotait ($86 in chips)
chipmover360: posts small blind $1
Agrotait: posts big blind $3
*** HOLE CARDS ***
chipmover360: folds
Uncalled bet ($2) returned to Agrotait
Agrotait collected $2 from pot
Agrotait: doesn't show hand
*** SUMMARY ***
Total pot $2 | Rake $0
Seat 1: chipmover360 (button) (small blind) folded before Flop
Seat 4: Agrotait (big blind) collected ($2)


PokerStars Hand #147519173664:  Hold'em Limit ($3/$6 USD) - 2016/01/23 1:20:39 ET
Table 'Dabih II' 6-max Seat #4 is the button
Seat 1: chipmover360 ($150.42 in chips)
Seat 4: Agrotait ($92 in chips)
Agrotait: posts small blind $1
chipmover360: posts big blind $3
*** HOLE CARDS ***
Agrotait: raises $3 to $6
chipmover360: calls $3
*** FLOP *** [Qs 8s Ts]
chipmover360: checks
Agrotait: checks
*** TURN *** [Qs 8s Ts] [Kd]
chipmover360: bets $6
Agrotait: folds
Uncalled bet ($6) returned to chipmover360
chipmover360 collected $11.76 from pot
chipmover360: doesn't show hand
*** SUMMARY ***
Total pot $12 | Rake $0.24
Board [Qs 8s Ts Kd]
Seat 1: chipmover360 (big blind) collected ($11.76)
Seat 4: Agrotait (button) (small blind) folded on the Turn


PokerStars Hand #147519187709:  Hold'em Limit ($3/$6 USD) - 2016/01/23 1:21:25 ET
Table 'Dabih II' 6-max Seat #4 is the button
Seat 1: chipmover360 ($155.18 in chips)
Seat 4: Agrotait ($87 in chips)
Agrotait: posts small blind $1
chipmover360: posts big blind $3
*** HOLE CARDS ***
Agrotait: folds
Uncalled bet ($2) returned to chipmover360
chipmover360 collected $2 from pot
chipmover360: doesn't show hand
*** SUMMARY ***
Total pot $2 | Rake $0
Seat 1: chipmover360 (big blind) collected ($2)
Seat 4: Agrotait (button) (small blind) folded before Flop


PokerStars Hand #147519186226:  Hold'em Limit ($3/$6 USD) - 2016/01/23 1:21:20 ET
Table 'Dabih II' 6-max Seat #1 is the button
Seat 1: chipmover360 ($156.18 in chips)
Seat 4: Agrotait ($86 in chips)
chipmover360: posts small blind $1
Agrotait: posts big blind $3
*** HOLE CARDS ***
chipmover360: folds
Uncalled bet ($2) returned to Agrotait
Agrotait collected $2 from pot
Agrotait: doesn't show hand
*** SUMMARY ***
Total pot $2 | Rake $0
Seat 1: chipmover360 (button) (small blind) folded before Flop
Seat 4: Agrotait (big blind) collected ($2)


PokerStars Hand #147519189912:  Hold'em Limit ($3/$6 USD) - 2016/01/23 1:21:32 ET
Table 'Dabih II' 6-max Seat #1 is the button
Seat 1: chipmover360 ($156.18 in chips)
Seat 4: Agrotait ($86 in chips)
chipmover360: posts small blind $1
Agrotait: posts big blind $3
*** HOLE CARDS ***
chipmover360: folds
Uncalled bet ($2) returned to Agrotait
Agrotait collected $2 from pot
Agrotait: doesn't show hand
*** SUMMARY ***
Total pot $2 | Rake $0
Seat 1: chipmover360 (button) (small blind) folded before Flop
Seat 4: Agrotait (big blind) collected ($2)


PokerStars Hand #147519191600:  Hold'em Limit ($3/$6 USD) - 2016/01/23 1:21:37 ET
Table 'Dabih II' 6-max Seat #4 is the button
Seat 1: chipmover360 ($155.18 in chips)
Seat 4: Agrotait ($87 in chips)
Agrotait: posts small blind $1
chipmover360: posts big blind $3
*** HOLE CARDS ***
Agrotait: raises $3 to $6
chipmover360: raises $3 to $9
Agrotait: calls $3
*** FLOP *** [Th Jd 5s]
chipmover360: bets $3
Agrotait: calls $3
*** TURN *** [Th Jd 5s] [7d]
chipmover360: bets $6
Agrotait: calls $6
*** RIVER *** [Th Jd 5s 7d] [6s]
chipmover360: bets $6
Agrotait: calls $6
*** SHOW DOWN ***
chipmover360: shows [Ts Td] (three of a kind, Tens)
Agrotait: mucks hand
chipmover360 collected $47.50 from pot
*** SUMMARY ***
Total pot $48 | Rake $0.50
Board [Th Jd 5s 7d 6s]
Seat 1: chipmover360 (big blind) showed [Ts Td] and won ($47.50) with three of a kind, Tens
Seat 4: Agrotait (button) (small blind) mucked


PokerStars Hand #147519198387:  Hold'em Limit ($3/$6 USD) - 2016/01/23 1:21:59 ET
Table 'Dabih II' 6-max Seat #1 is the button
Seat 1: chipmover360 ($178.68 in chips)
Seat 4: Agrotait ($63 in chips)
chipmover360: posts small blind $1
Agrotait: posts big blind $3
*** HOLE CARDS ***
chipmover360: folds
Uncalled bet ($2) returned to Agrotait
Agrotait collected $2 from pot
Agrotait: doesn't show hand
*** SUMMARY ***
Total pot $2 | Rake $0
Seat 1: chipmover360 (button) (small blind) folded before Flop
Seat 4: Agrotait (big blind) collected ($2)


PokerStars Hand #147519201672:  Hold'em Limit ($3/$6 USD) - 2016/01/23 1:22:09 ET
Table 'Dabih II' 6-max Seat #1 is the button
Seat 1: chipmover360 ($178.68 in chips)
Seat 4: Agrotait ($63 in chips)
chipmover360: posts small blind $1
Agrotait: posts big blind $3
*** HOLE CARDS ***
chipmover360: folds
Uncalled bet ($2) returned to Agrotait
Agrotait collected $2 from pot
Agrotait: doesn't show hand
*** SUMMARY ***
Total pot $2 | Rake $0
Seat 1: chipmover360 (button) (small blind) folded before Flop
Seat 4: Agrotait (big blind) collected ($2)


PokerStars Hand #147519203111:  Hold'em Limit ($3/$6 USD) - 2016/01/23 1:22:14 ET
Table 'Dabih II' 6-max Seat #4 is the button
Seat 1: chipmover360 ($177.68 in chips)
Seat 4: Agrotait ($64 in chips)
Agrotait: posts small blind $1
chipmover360: posts big blind $3
*** HOLE CARDS ***
Agrotait: raises $3 to $6
chipmover360: calls $3
*** FLOP *** [Qs Jh 2c]
chipmover360: checks
Agrotait: bets $3
chipmover360: folds
Uncalled bet ($3) returned to Agrotait
Agrotait collected $11.76 from pot
Agrotait: doesn't show hand
*** SUMMARY ***
Total pot $12 | Rake $0.24
Board [Qs Jh 2c]
Seat 1: chipmover360 (big blind) folded on the Flop
Seat 4: Agrotait (button) (small blind) collected ($11.76)


PokerStars Hand #147519206694:  Hold'em Limit ($3/$6 USD) - 2016/01/23 1:22:26 ET
Table 'Dabih II' 6-max Seat #1 is the button
Seat 1: chipmover360 ($171.68 in chips)
Seat 4: Agrotait ($69.76 in chips)
chipmover360: posts small blind $1
Agrotait: posts big blind $3
*** HOLE CARDS ***
chipmover360: raises $3 to $6
Agrotait: calls $3
*** FLOP *** [Jc 4d 2s]
Agrotait: checks
chipmover360: bets $3
Agrotait: raises $3 to $6
chipmover360: calls $3
*** TURN *** [Jc 4d 2s] [8s]
Agrotait: bets $6
chipmover360: folds
Uncalled bet ($6) returned to Agrotait
Agrotait collected $23.52 from pot
Agrotait: doesn't show hand
*** SUMMARY ***
Total pot $24 | Rake $0.48
Board [Jc 4d 2s 8s]
Seat 1: chipmover360 (button) (small blind) folded on the Turn
Seat 4: Agrotait (big blind) collected ($23.52)


PokerStars Hand #147519212166:  Hold'em Limit ($3/$6 USD) - 2016/01/23 1:22:43 ET
Table 'Dabih II' 6-max Seat #4 is the button
Seat 1: chipmover360 ($159.68 in chips)
Seat 4: Agrotait ($81.28 in chips)
Agrotait: posts small blind $1
chipmover360: posts big blind $3
*** HOLE CARDS ***
Agrotait: raises $3 to $6
chipmover360: calls $3
*** FLOP *** [Jh Ts 6d]
chipmover360: checks
Agrotait: bets $3
chipmover360: calls $3
*** TURN *** [Jh Ts 6d] [6c]
chipmover360: checks
Agrotait: checks
*** RIVER *** [Jh Ts 6d 6c] [8c]
chipmover360: bets $6
Agrotait: calls $6
*** SHOW DOWN ***
chipmover360: shows [Td 7s] (two pair, Tens and Sixes)
Agrotait: shows [Jd 7c] (two pair, Jacks and Sixes)
Agrotait collected $29.50 from pot
*** SUMMARY ***
Total pot $30 | Rake $0.50
Board [Jh Ts 6d 6c 8c]
Seat 1: chipmover360 (big blind) showed [Td 7s] and lost with two pair, Tens and Sixes
Seat 4: Agrotait (button) (small blind) showed [Jd 7c] and won ($29.50) with two pair, Jacks and Sixes


PokerStars Hand #147519222695:  Hold'em Limit ($3/$6 USD) - 2016/01/23 1:23:18 ET
Table 'Dabih II' 6-max Seat #1 is the button
Seat 1: chipmover360 ($144.68 in chips)
Seat 4: Agrotait ($95.78 in chips)
chipmover360: posts small blind $1
Agrotait: posts big blind $3
*** HOLE CARDS ***
chipmover360: raises $3 to $6
Agrotait: raises $3 to $9
chipmover360: calls $3
*** FLOP *** [3d Qd 8s]
Agrotait: bets $3
chipmover360: folds
Uncalled bet ($3) returned to Agrotait
Agrotait collected $17.64 from pot
Agrotait: doesn't show hand
*** SUMMARY ***
Total pot $18 | Rake $0.36
Board [3d Qd 8s]
Seat 1: chipmover360 (button) (small blind) folded on the Flop
Seat 4: Agrotait (big blind) collected ($17.64)


PokerStars Hand #147519229420:  Hold'em Limit ($3/$6 USD) - 2016/01/23 1:23:40 ET
Table 'Dabih II' 6-max Seat #4 is the button
Seat 1: chipmover360 ($135.68 in chips)
Seat 4: Agrotait ($104.42 in chips)
Agrotait: posts small blind $1
chipmover360: posts big blind $3
*** HOLE CARDS ***
Agrotait: raises $3 to $6
chipmover360: calls $3
*** FLOP *** [6s 5d 3s]
chipmover360: checks
Agrotait: bets $3
chipmover360: calls $3
*** TURN *** [6s 5d 3s] [As]
chipmover360: checks
Agrotait: bets $6
chipmover360: folds
Uncalled bet ($6) returned to Agrotait
Agrotait collected $17.64 from pot
Agrotait: doesn't show hand
Fongo1 joins the table at seat #3
*** SUMMARY ***
Total pot $18 | Rake $0.36
Board [6s 5d 3s As]
Seat 1: chipmover360 (big blind) folded on the Turn
Seat 4: Agrotait (button) (small blind) collected ($17.64)


PokerStars Hand #147519556253:  Hold'em Limit ($3/$6 USD) - 2016/01/23 1:41:12 ET
Table 'Dabih II' 6-max Seat #6 is the button
Seat 1: chipmover360 ($248.37 in chips)
Seat 6: DirtyDouble2 ($98.60 in chips)
DirtyDouble2: posts small blind $1
chipmover360: posts big blind $3
*** HOLE CARDS ***
DirtyDouble2: raises $3 to $6
chipmover360: folds
Uncalled bet ($3) returned to DirtyDouble2
DirtyDouble2 collected $6 from pot
*** SUMMARY ***
Total pot $6 | Rake $0
Seat 1: chipmover360 (big blind) folded before Flop
Seat 6: DirtyDouble2 (button) (small blind) collected ($6)


PokerStars Hand #147519554750:  Hold'em Limit ($3/$6 USD) - 2016/01/23 1:41:07 ET
Table 'Dabih II' 6-max Seat #1 is the button
Seat 1: chipmover360 ($249.37 in chips)
Seat 6: DirtyDouble2 ($97.60 in chips)
chipmover360: posts small blind $1
DirtyDouble2: posts big blind $3
*** HOLE CARDS ***
chipmover360: folds
Uncalled bet ($2) returned to DirtyDouble2
DirtyDouble2 collected $2 from pot
*** SUMMARY ***
Total pot $2 | Rake $0
Seat 1: chipmover360 (button) (small blind) folded before Flop
Seat 6: DirtyDouble2 (big blind) collected ($2)


PokerStars Hand #147519551318:  Hold'em Limit ($3/$6 USD) - 2016/01/23 1:40:56 ET
Table 'Dabih II' 6-max Seat #6 is the button
Seat 1: chipmover360 ($255.37 in chips)
Seat 6: DirtyDouble2 ($91.84 in chips)
DirtyDouble2: posts small blind $1
chipmover360: posts big blind $3
*** HOLE CARDS ***
DirtyDouble2: raises $3 to $6
chipmover360: calls $3
*** FLOP *** [Ad 8s Qc]
chipmover360: checks
DirtyDouble2: bets $3
chipmover360: folds
Uncalled bet ($3) returned to DirtyDouble2
DirtyDouble2 collected $11.76 from pot
*** SUMMARY ***
Total pot $12 | Rake $0.24
Board [Ad 8s Qc]
Seat 1: chipmover360 (big blind) folded on the Flop
Seat 6: DirtyDouble2 (button) (small blind) collected ($11.76)


PokerStars Hand #147519549386:  Hold'em Limit ($3/$6 USD) - 2016/01/23 1:40:50 ET
Table 'Dabih II' 6-max Seat #1 is the button
Seat 1: chipmover360 ($252.37 in chips)
Seat 6: DirtyDouble2 ($94.84 in chips)
chipmover360: posts small blind $1
DirtyDouble2: posts big blind $3
*** HOLE CARDS ***
chipmover360: raises $3 to $6
DirtyDouble2: folds
Uncalled bet ($3) returned to chipmover360
chipmover360 collected $6 from pot
chipmover360: doesn't show hand
*** SUMMARY ***
Total pot $6 | Rake $0
Seat 1: chipmover360 (button) (small blind) collected ($6)
Seat 6: DirtyDouble2 (big blind) folded before Flop


PokerStars Hand #147519547920:  Hold'em Limit ($3/$6 USD) - 2016/01/23 1:40:46 ET
Table 'Dabih II' 6-max Seat #6 is the button
Seat 1: chipmover360 ($251.37 in chips)
Seat 6: DirtyDouble2 ($95.84 in chips)
DirtyDouble2: posts small blind $1
chipmover360: posts big blind $3
*** HOLE CARDS ***
DirtyDouble2: folds
Uncalled bet ($2) returned to chipmover360
chipmover360 collected $2 from pot
chipmover360: doesn't show hand
*** SUMMARY ***
Total pot $2 | Rake $0
Seat 1: chipmover360 (big blind) collected ($2)
Seat 6: DirtyDouble2 (button) (small blind) folded before Flop


PokerStars Hand #147519543327:  Hold'em Limit ($3/$6 USD) - 2016/01/23 1:40:30 ET
Table 'Dabih II' 6-max Seat #1 is the button
Seat 1: chipmover360 ($245.57 in chips)
Seat 6: DirtyDouble2 ($6.04 in chips)
chipmover360: posts small blind $1
Masqb: is sitting out
DirtyDouble2: posts big blind $3
*** HOLE CARDS ***
chipmover360: raises $3 to $6
DirtyDouble2: raises $0.04 to $6.04 and is all-in
chipmover360: calls $0.04
*** FLOP *** [6c 2s Th]
*** TURN *** [6c 2s Th] [9d]
*** RIVER *** [6c 2s Th 9d] [8h]
*** SHOW DOWN ***
DirtyDouble2: shows [Ts 9c] (two pair, Tens and Nines)
chipmover360: shows [7d Ac] (a straight, Six to Ten)
chipmover360 collected $11.84 from pot
*** SUMMARY ***
Total pot $12.08 | Rake $0.24
Board [6c 2s Th 9d 8h]
Seat 1: chipmover360 (button) (small blind) showed [7d Ac] and won ($11.84) with a straight, Six to Ten
Seat 6: DirtyDouble2 (big blind) showed [Ts 9c] and lost with two pair, Tens and Nines


PokerStars Hand #147519573535:  Hold'em Limit ($3/$6 USD) - 2016/01/23 1:42:09 ET
Table 'Dabih II' 6-max Seat #1 is the button
Seat 1: chipmover360 ($200.37 in chips)
Seat 6: DirtyDouble2 ($145.60 in chips)
chipmover360: posts small blind $1
DirtyDouble2: posts big blind $3
*** HOLE CARDS ***
chipmover360: raises $3 to $6
DirtyDouble2: calls $3
*** FLOP *** [9c Ad Kd]
DirtyDouble2: folds
chipmover360 collected $11.76 from pot
chipmover360: doesn't show hand
*** SUMMARY ***
Total pot $12 | Rake $0.24
Board [9c Ad Kd]
Seat 1: chipmover360 (button) (small blind) collected ($11.76)
Seat 6: DirtyDouble2 (big blind) folded on the Flop


PokerStars Hand #147519567366:  Hold'em Limit ($3/$6 USD) - 2016/01/23 1:41:48 ET
Table 'Dabih II' 6-max Seat #6 is the button
Seat 1: chipmover360 ($227.37 in chips)
Seat 6: DirtyDouble2 ($119.10 in chips)
DirtyDouble2: posts small blind $1
chipmover360: posts big blind $3
*** HOLE CARDS ***
DirtyDouble2: raises $3 to $6
chipmover360: calls $3
*** FLOP *** [6h 5s 3c]
chipmover360: checks
DirtyDouble2: bets $3
chipmover360: raises $3 to $6
DirtyDouble2: raises $3 to $9
chipmover360: calls $3
*** TURN *** [6h 5s 3c] [4h]
chipmover360: checks
DirtyDouble2: bets $6
chipmover360: calls $6
*** RIVER *** [6h 5s 3c 4h] [Kd]
chipmover360: checks
DirtyDouble2: bets $6
chipmover360: calls $6
*** SHOW DOWN ***
DirtyDouble2: shows [9d 7h] (a straight, Three to Seven)
chipmover360: mucks hand
DirtyDouble2 collected $53.50 from pot
*** SUMMARY ***
Total pot $54 | Rake $0.50
Board [6h 5s 3c 4h Kd]
Seat 1: chipmover360 (big blind) mucked
Seat 6: DirtyDouble2 (button) (small blind) showed [9d 7h] and won ($53.50) with a straight, Three to Seven


PokerStars Hand #147519559696:  Hold'em Limit ($3/$6 USD) - 2016/01/23 1:41:23 ET
Table 'Dabih II' 6-max Seat #1 is the button
Seat 1: chipmover360 ($245.37 in chips)
Seat 6: DirtyDouble2 ($101.60 in chips)
chipmover360: posts small blind $1
DirtyDouble2: posts big blind $3
*** HOLE CARDS ***
chipmover360: raises $3 to $6
Chessnok leaves the table
DirtyDouble2: calls $3
*** FLOP *** [Jd 4d As]
DirtyDouble2: checks
chipmover360: checks
*** TURN *** [Jd 4d As] [3h]
DirtyDouble2: checks
chipmover360: bets $6
DirtyDouble2: raises $6 to $12
chipmover360: calls $6
*** RIVER *** [Jd 4d As 3h] [6d]
DirtyDouble2: bets $6
chipmover360: folds
Uncalled bet ($6) returned to DirtyDouble2
DirtyDouble2 collected $35.50 from pot
*** SUMMARY ***
Total pot $36 | Rake $0.50
Board [Jd 4d As 3h 6d]
Seat 1: chipmover360 (button) (small blind) folded on the River
Seat 6: DirtyDouble2 (big blind) collected ($35.50)


PokerStars Hand #147519578836:  Hold'em Limit ($3/$6 USD) - 2016/01/23 1:42:26 ET
Table 'Dabih II' 6-max Seat #1 is the button
Seat 1: chipmover360 ($207.13 in chips)
Seat 6: DirtyDouble2 ($138.60 in chips)
chipmover360: posts small blind $1
DirtyDouble2: posts big blind $3
*** HOLE CARDS ***
chipmover360: raises $3 to $6
DirtyDouble2: raises $3 to $9
chipmover360: calls $3
*** FLOP *** [Jd 8c 2s]
DirtyDouble2: bets $3
chipmover360: calls $3
*** TURN *** [Jd 8c 2s] [8h]
DirtyDouble2: bets $6
chipmover360: calls $6
*** RIVER *** [Jd 8c 2s 8h] [Kh]
DirtyDouble2: bets $6
chipmover360: folds
Uncalled bet ($6) returned to DirtyDouble2
DirtyDouble2 collected $35.50 from pot
*** SUMMARY ***
Total pot $36 | Rake $0.50
Board [Jd 8c 2s 8h Kh]
Seat 1: chipmover360 (button) (small blind) folded on the River
Seat 6: DirtyDouble2 (big blind) collected ($35.50)


PokerStars Hand #147521202163:  Hold'em Limit ($3/$6 USD) - 2016/01/23 3:06:15 ET
Table 'Dabih II' 6-max Seat #4 is the button
Seat 4: Chessnok ($110.69 in chips)
Seat 6: DirtyDouble2 ($157.89 in chips)
Chessnok: posts small blind $1
valesco: is sitting out
DirtyDouble2: posts big blind $3
*** HOLE CARDS ***
Chessnok: folds
Uncalled bet ($2) returned to DirtyDouble2
DirtyDouble2 collected $2 from pot
valesco leaves the table
*** SUMMARY ***
Total pot $2 | Rake $0
Seat 4: Chessnok (button) (small blind) folded before Flop
Seat 6: DirtyDouble2 (big blind) collected ($2)


