PokerStars Hand #163523422105:  Hold'em Limit ($3/$6 USD) - 2016/12/25 19:20:52 ET
Table 'Dabih' 6-max Seat #5 is the button
Seat 3: G05A1 ($202.79 in chips)
Seat 5: ToDaFelt ($170.26 in chips)
Zubasa07 will be allowed to play after the button
ToDaFelt: posts small blind $1
G05A1: posts big blind $3
*** HOLE CARDS ***
ToDaFelt: raises $3 to $6
G05A1: calls $3
*** FLOP *** [Ks 4c 2h]
G05A1: checks
ToDaFelt: bets $3
G05A1: calls $3
*** TURN *** [Ks 4c 2h] [Qs]
G05A1: checks
ToDaFelt: bets $6
G05A1: calls $6
*** RIVER *** [Ks 4c 2h Qs] [3s]
G05A1: bets $6
ToDaFelt: calls $6
*** SHOW DOWN ***
G05A1: shows [Ts As] (a flush, Ace high)
ToDaFelt: mucks hand
G05A1 collected $41.50 from pot
*** SUMMARY ***
Total pot $42 | Rake $0.50
Board [Ks 4c 2h Qs 3s]
Seat 3: G05A1 (big blind) showed [Ts As] and won ($41.50) with a flush, Ace high
Seat 5: ToDaFelt (button) (small blind) mucked


PokerStars Hand #163527103185:  Hold'em Limit ($3/$6 USD) - 2016/12/25 21:04:54 ET
Table 'Dabih' 6-max Seat #5 is the button
Seat 2: aless284 ($106.48 in chips)
Seat 5: habari786 ($52.92 in chips)
habari786: posts small blind $1
aless284: posts big blind $3
*** HOLE CARDS ***
habari786: raises $3 to $6
aless284: folds
Uncalled bet ($3) returned to habari786
habari786 collected $6 from pot
habari786: doesn't show hand
*** SUMMARY ***
Total pot $6 | Rake $0
Seat 2: aless284 (big blind) folded before Flop
Seat 5: habari786 (button) (small blind) collected ($6)


PokerStars Hand #163527099029:  Hold'em Limit ($3/$6 USD) - 2016/12/25 21:04:46 ET
Table 'Dabih' 6-max Seat #2 is the button
Seat 2: aless284 ($103.48 in chips)
Seat 5: habari786 ($55.92 in chips)
aless284: posts small blind $1
habari786: posts big blind $3
*** HOLE CARDS ***
aless284: raises $3 to $6
charps75 joins the table at seat #3
habari786: folds
Uncalled bet ($3) returned to aless284
aless284 collected $6 from pot
aless284: doesn't show hand
*** SUMMARY ***
Total pot $6 | Rake $0
Seat 2: aless284 (button) (small blind) collected ($6)
Seat 5: habari786 (big blind) folded before Flop


PokerStars Hand #163527092373:  Hold'em Limit ($3/$6 USD) - 2016/12/25 21:04:31 ET
Table 'Dabih' 6-max Seat #5 is the button
Seat 2: aless284 ($109.48 in chips)
Seat 5: habari786 ($50.16 in chips)
habari786: posts small blind $1
aless284: posts big blind $3
*** HOLE CARDS ***
habari786: raises $3 to $6
aless284: calls $3
*** FLOP *** [3c Jd 7d]
aless284: checks
habari786: bets $3
aless284: folds
Uncalled bet ($3) returned to habari786
habari786 collected $11.76 from pot
habari786: doesn't show hand
*** SUMMARY ***
Total pot $12 | Rake $0.24
Board [3c Jd 7d]
Seat 2: aless284 (big blind) folded on the Flop
Seat 5: habari786 (button) (small blind) collected ($11.76)


PokerStars Hand #163527085201:  Hold'em Limit ($3/$6 USD) - 2016/12/25 21:04:16 ET
Table 'Dabih' 6-max Seat #2 is the button
Seat 2: aless284 ($103.72 in chips)
Seat 5: habari786 ($56.16 in chips)
aless284: posts small blind $1
habari786: posts big blind $3
*** HOLE CARDS ***
aless284: raises $3 to $6
habari786: calls $3
*** FLOP *** [7s Qd Kh]
habari786: checks
aless284: bets $3
habari786: folds
Uncalled bet ($3) returned to aless284
aless284 collected $11.76 from pot
aless284: doesn't show hand
*** SUMMARY ***
Total pot $12 | Rake $0.24
Board [7s Qd Kh]
Seat 2: aless284 (button) (small blind) collected ($11.76)
Seat 5: habari786 (big blind) folded on the Flop


PokerStars Hand #163527081163:  Hold'em Limit ($3/$6 USD) - 2016/12/25 21:04:09 ET
Table 'Dabih' 6-max Seat #5 is the button
Seat 2: aless284 ($102.72 in chips)
Seat 5: habari786 ($57.16 in chips)
habari786: posts small blind $1
aless284: posts big blind $3
*** HOLE CARDS ***
habari786: folds
Uncalled bet ($2) returned to aless284
aless284 collected $2 from pot
aless284: doesn't show hand
*** SUMMARY ***
Total pot $2 | Rake $0
Seat 2: aless284 (big blind) collected ($2)
Seat 5: habari786 (button) (small blind) folded before Flop


PokerStars Hand #163527270137:  Hold'em Limit ($3/$6 USD) - 2016/12/25 21:10:31 ET
Table 'Dabih' 6-max Seat #1 is the button
Seat 1: UNABELIEVE ($46.99 in chips)
Seat 2: aless284 ($165.78 in chips)
UNABELIEVE: posts small blind $1
aless284: posts big blind $3
*** HOLE CARDS ***
UNABELIEVE: folds
Uncalled bet ($2) returned to aless284
aless284 collected $2 from pot
aless284: doesn't show hand
*** SUMMARY ***
Total pot $2 | Rake $0
Seat 1: UNABELIEVE (button) (small blind) folded before Flop
Seat 2: aless284 (big blind) collected ($2)


PokerStars Hand #163527267887:  Hold'em Limit ($3/$6 USD) - 2016/12/25 21:10:26 ET
Table 'Dabih' 6-max Seat #2 is the button
Seat 1: UNABELIEVE ($45.99 in chips)
Seat 2: aless284 ($166.78 in chips)
aless284: posts small blind $1
UNABELIEVE: posts big blind $3
*** HOLE CARDS ***
aless284: folds
Uncalled bet ($2) returned to UNABELIEVE
UNABELIEVE collected $2 from pot
*** SUMMARY ***
Total pot $2 | Rake $0
Seat 1: UNABELIEVE (big blind) collected ($2)
Seat 2: aless284 (button) (small blind) folded before Flop


PokerStars Hand #163527259087:  Hold'em Limit ($3/$6 USD) - 2016/12/25 21:10:08 ET
Table 'Dabih' 6-max Seat #1 is the button
Seat 1: UNABELIEVE ($69.99 in chips)
Seat 2: aless284 ($143.28 in chips)
UNABELIEVE: posts small blind $1
aless284: posts big blind $3
*** HOLE CARDS ***
UNABELIEVE: raises $3 to $6
aless284: calls $3
*** FLOP *** [3h 5h Ac]
aless284: checks
UNABELIEVE: bets $3
aless284: raises $3 to $6
UNABELIEVE: calls $3
*** TURN *** [3h 5h Ac] [Kd]
aless284: bets $6
UNABELIEVE: calls $6
*** RIVER *** [3h 5h Ac Kd] [6c]
aless284: bets $6
UNABELIEVE: calls $6
*** SHOW DOWN ***
aless284: shows [As 8d] (a pair of Aces)
UNABELIEVE: mucks hand
aless284 collected $47.50 from pot
*** SUMMARY ***
Total pot $48 | Rake $0.50
Board [3h 5h Ac Kd 6c]
Seat 1: UNABELIEVE (button) (small blind) mucked
Seat 2: aless284 (big blind) showed [As 8d] and won ($47.50) with a pair of Aces


PokerStars Hand #163527250340:  Hold'em Limit ($3/$6 USD) - 2016/12/25 21:09:51 ET
Table 'Dabih' 6-max Seat #2 is the button
Seat 1: UNABELIEVE ($61.35 in chips)
Seat 2: aless284 ($152.28 in chips)
aless284: posts small blind $1
UNABELIEVE: posts big blind $3
*** HOLE CARDS ***
aless284: raises $3 to $6
habari786 leaves the table
UNABELIEVE: calls $3
*** FLOP *** [2s 4d Ac]
UNABELIEVE: checks
aless284: bets $3
UNABELIEVE: calls $3
*** TURN *** [2s 4d Ac] [6c]
UNABELIEVE: checks
aless284: checks
*** RIVER *** [2s 4d Ac 6c] [7h]
UNABELIEVE: bets $6
aless284: folds
Uncalled bet ($6) returned to UNABELIEVE
UNABELIEVE collected $17.64 from pot
*** SUMMARY ***
Total pot $18 | Rake $0.36
Board [2s 4d Ac 6c 7h]
Seat 1: UNABELIEVE (big blind) collected ($17.64)
Seat 2: aless284 (button) (small blind) folded on the River


PokerStars Hand #163527276452:  Hold'em Limit ($3/$6 USD) - 2016/12/25 21:10:44 ET
Table 'Dabih' 6-max Seat #1 is the button
Seat 1: UNABELIEVE ($46.99 in chips)
Seat 2: aless284 ($165.78 in chips)
UNABELIEVE: posts small blind $1
aless284: posts big blind $3
*** HOLE CARDS ***
AzureCaper joins the table at seat #3
UNABELIEVE: raises $3 to $6
aless284: folds
Uncalled bet ($3) returned to UNABELIEVE
UNABELIEVE collected $6 from pot
*** SUMMARY ***
Total pot $6 | Rake $0
Seat 1: UNABELIEVE (button) (small blind) collected ($6)
Seat 2: aless284 (big blind) folded before Flop


PokerStars Hand #163527273680:  Hold'em Limit ($3/$6 USD) - 2016/12/25 21:10:39 ET
Table 'Dabih' 6-max Seat #2 is the button
Seat 1: UNABELIEVE ($45.99 in chips)
Seat 2: aless284 ($166.78 in chips)
aless284: posts small blind $1
UNABELIEVE: posts big blind $3
*** HOLE CARDS ***
aless284: folds
Uncalled bet ($2) returned to UNABELIEVE
UNABELIEVE collected $2 from pot
*** SUMMARY ***
Total pot $2 | Rake $0
Seat 1: UNABELIEVE (big blind) collected ($2)
Seat 2: aless284 (button) (small blind) folded before Flop


PokerStars Hand #163530360182:  Hold'em Limit ($3/$6 USD) - 2016/12/25 23:19:48 ET
Table 'Dabih' 6-max Seat #6 is the button
Seat 1: zizonmusang ($98.97 in chips)
Seat 6: Chessnok ($118.47 in chips)
Chessnok: posts small blind $1
zizonmusang: posts big blind $3
*** HOLE CARDS ***
MissEKAmouse leaves the table
Chessnok: raises $3 to $6
zizonmusang: calls $3
*** FLOP *** [Ad 8d 7c]
zizonmusang: checks
Chessnok: bets $3
zizonmusang: folds
Uncalled bet ($3) returned to Chessnok
Chessnok collected $11.76 from pot
Chessnok: doesn't show hand
*** SUMMARY ***
Total pot $12 | Rake $0.24
Board [Ad 8d 7c]
Seat 1: zizonmusang (big blind) folded on the Flop
Seat 6: Chessnok (button) (small blind) collected ($11.76)


PokerStars Hand #163530366779:  Hold'em Limit ($3/$6 USD) - 2016/12/25 23:20:08 ET
Table 'Dabih' 6-max Seat #1 is the button
Seat 1: zizonmusang ($92.97 in chips)
Seat 6: Chessnok ($124.23 in chips)
zizonmusang: posts small blind $1
Chessnok: posts big blind $3
*** HOLE CARDS ***
zizonmusang: raises $3 to $6
Chessnok: raises $3 to $9
zizonmusang: calls $3
*** FLOP *** [Th 4c 3h]
Chessnok: bets $3
zizonmusang: calls $3
*** TURN *** [Th 4c 3h] [Jd]
Chessnok: bets $6
zizonmusang: raises $6 to $12
Chessnok: calls $6
*** RIVER *** [Th 4c 3h Jd] [3d]
Chessnok: checks
zizonmusang: bets $6
Chessnok: calls $6
*** SHOW DOWN ***
zizonmusang: shows [Tc 8h] (two pair, Tens and Threes)
Chessnok: shows [Ah Jh] (two pair, Jacks and Threes)
Chessnok collected $59.50 from pot
*** SUMMARY ***
Total pot $60 | Rake $0.50
Board [Th 4c 3h Jd 3d]
Seat 1: zizonmusang (button) (small blind) showed [Tc 8h] and lost with two pair, Tens and Threes
Seat 6: Chessnok (big blind) showed [Ah Jh] and won ($59.50) with two pair, Jacks and Threes


PokerStars Hand #163530392591:  Hold'em Limit ($3/$6 USD) - 2016/12/25 23:21:29 ET
Table 'Dabih' 6-max Seat #1 is the button
Seat 1: zizonmusang ($86.47 in chips)
Seat 6: Chessnok ($129.73 in chips)
zizonmusang: posts small blind $1
Chessnok: posts big blind $3
*** HOLE CARDS ***
zizonmusang: raises $3 to $6
Chessnok: raises $3 to $9
zizonmusang: calls $3
*** FLOP *** [8s Js 3d]
Chessnok: bets $3
zizonmusang: calls $3
*** TURN *** [8s Js 3d] [Ad]
Chessnok: checks
zizonmusang: bets $6
Chessnok: calls $6
*** RIVER *** [8s Js 3d Ad] [9d]
Chessnok: checks
zizonmusang: bets $6
Chessnok: calls $6
*** SHOW DOWN ***
zizonmusang: shows [Td 6d] (a flush, Ace high)
Chessnok: mucks hand
zizonmusang collected $47.50 from pot
*** SUMMARY ***
Total pot $48 | Rake $0.50
Board [8s Js 3d Ad 9d]
Seat 1: zizonmusang (button) (small blind) showed [Td 6d] and won ($47.50) with a flush, Ace high
Seat 6: Chessnok (big blind) mucked


PokerStars Hand #163530381505:  Hold'em Limit ($3/$6 USD) - 2016/12/25 23:20:54 ET
Table 'Dabih' 6-max Seat #6 is the button
Seat 1: zizonmusang ($62.97 in chips)
Seat 6: Chessnok ($153.73 in chips)
Chessnok: posts small blind $1
zizonmusang: posts big blind $3
*** HOLE CARDS ***
Chessnok: raises $3 to $6
zizonmusang: raises $3 to $9
Chessnok: calls $3
*** FLOP *** [6h 6d 8s]
zizonmusang: bets $3
Chessnok: calls $3
*** TURN *** [6h 6d 8s] [Jh]
zizonmusang: bets $6
Chessnok: calls $6
*** RIVER *** [6h 6d 8s Jh] [9c]
zizonmusang: checks
Chessnok: bets $6
zizonmusang: calls $6
*** SHOW DOWN ***
Chessnok: shows [4c 5h] (a pair of Sixes)
zizonmusang: shows [Kd As] (a pair of Sixes - Ace kicker)
zizonmusang collected $47.50 from pot
*** SUMMARY ***
Total pot $48 | Rake $0.50
Board [6h 6d 8s Jh 9c]
Seat 1: zizonmusang (big blind) showed [Kd As] and won ($47.50) with a pair of Sixes
Seat 6: Chessnok (button) (small blind) showed [4c 5h] and lost with a pair of Sixes


