PokerStars Hand #163521599542:  Hold'em Limit ($3/$6 USD) - 2016/12/25 18:40:16 ET
Table 'Dabih' 6-max Seat #2 is the button
Seat 1: cola26licht ($46.14 in chips)
Seat 2: Zubasa07 ($501 in chips)
Zubasa07: posts small blind $1
cola26licht: posts big blind $3
*** HOLE CARDS ***
Zubasa07: raises $3 to $6
cola26licht: folds
Uncalled bet ($3) returned to Zubasa07
Zubasa07 collected $6 from pot
Zubasa07: doesn't show hand
*** SUMMARY ***
Total pot $6 | Rake $0
Seat 1: cola26licht (big blind) folded before Flop
Seat 2: Zubasa07 (button) (small blind) collected ($6)


PokerStars Hand #163521592492:  Hold'em Limit ($3/$6 USD) - 2016/12/25 18:40:07 ET
Table 'Dabih' 6-max Seat #1 is the button
Seat 1: cola26licht ($47.14 in chips)
Seat 2: Zubasa07 ($500 in chips)
cola26licht: posts small blind $1
Zubasa07: posts big blind $3
*** HOLE CARDS ***
cola26licht: folds
Uncalled bet ($2) returned to Zubasa07
Zubasa07 collected $2 from pot
Zubasa07: doesn't show hand
*** SUMMARY ***
Total pot $2 | Rake $0
Seat 1: cola26licht (button) (small blind) folded before Flop
Seat 2: Zubasa07 (big blind) collected ($2)


PokerStars Hand #163521606779:  Hold'em Limit ($3/$6 USD) - 2016/12/25 18:40:25 ET
Table 'Dabih' 6-max Seat #1 is the button
Seat 1: cola26licht ($43.14 in chips)
Seat 2: Zubasa07 ($504 in chips)
cola26licht: posts small blind $1
Zubasa07: posts big blind $3
*** HOLE CARDS ***
cola26licht: raises $3 to $6
Zubasa07: calls $3
*** FLOP *** [Jc 8c Qd]
Zubasa07: checks
cola26licht: bets $3
Zubasa07: calls $3
*** TURN *** [Jc 8c Qd] [3d]
Zubasa07: checks
cola26licht: checks
*** RIVER *** [Jc 8c Qd 3d] [6d]
gioba20 joins the table at seat #4
Zubasa07: checks
cola26licht: checks
*** SHOW DOWN ***
Zubasa07: shows [9d Kc] (high card King)
cola26licht: mucks hand
Zubasa07 collected $17.64 from pot
*** SUMMARY ***
Total pot $18 | Rake $0.36
Board [Jc 8c Qd 3d 6d]
Seat 1: cola26licht (button) (small blind) mucked
Seat 2: Zubasa07 (big blind) showed [9d Kc] and won ($17.64) with high card King


