PokerStars Hand #176723140200:  Hold'em Limit ($3/$6 USD) - 2017/10/10 0:09:23 ET
Table 'Dactyl' 6-max Seat #2 is the button
Seat 2: Brama Br ($126.61 in chips)
Seat 3: Tatyana3005 ($40.92 in chips)
Brama Br: posts small blind $1
Tatyana3005: posts big blind $3
*** HOLE CARDS ***
Brama Br: raises $3 to $6
Tatyana3005: raises $3 to $9
Brama Br: calls $3
*** FLOP *** [4s 8h Qc]
Tatyana3005: bets $3
Brama Br: calls $3
*** TURN *** [4s 8h Qc] [Jd]
Tatyana3005: bets $6
Brama Br: calls $6
*** RIVER *** [4s 8h Qc Jd] [6d]
Tatyana3005: bets $6
Brama Br: calls $6
*** SHOW DOWN ***
Tatyana3005: shows [Qh Kh] (a pair of Queens)
Brama Br: mucks hand
Tatyana3005 collected $47.50 from pot
*** SUMMARY ***
Total pot $48 | Rake $0.50
Board [4s 8h Qc Jd 6d]
Seat 2: Brama Br (button) (small blind) mucked
Seat 3: Tatyana3005 (big blind) showed [Qh Kh] and won ($47.50) with a pair of Queens


PokerStars Hand #176723138614:  Hold'em Limit ($3/$6 USD) - 2017/10/10 0:09:17 ET
Table 'Dactyl' 6-max Seat #3 is the button
Seat 2: Brama Br ($129.61 in chips)
Seat 3: Tatyana3005 ($37.92 in chips)
Tatyana3005: posts small blind $1
Brama Br: posts big blind $3
*** HOLE CARDS ***
Tatyana3005: raises $3 to $6
Brama Br: folds
Uncalled bet ($3) returned to Tatyana3005
Tatyana3005 collected $6 from pot
Tatyana3005: doesn't show hand
*** SUMMARY ***
Total pot $6 | Rake $0
Seat 2: Brama Br (big blind) folded before Flop
Seat 3: Tatyana3005 (button) (small blind) collected ($6)


PokerStars Hand #176723136848:  Hold'em Limit ($3/$6 USD) - 2017/10/10 0:09:09 ET
Table 'Dactyl' 6-max Seat #2 is the button
Seat 2: Brama Br ($126.61 in chips)
Seat 3: Tatyana3005 ($40.92 in chips)
Brama Br: posts small blind $1
Tatyana3005: posts big blind $3
*** HOLE CARDS ***
Brama Br: raises $3 to $6
Tatyana3005: folds
Uncalled bet ($3) returned to Brama Br
Brama Br collected $6 from pot
Brama Br: doesn't show hand
*** SUMMARY ***
Total pot $6 | Rake $0
Seat 2: Brama Br (button) (small blind) collected ($6)
Seat 3: Tatyana3005 (big blind) folded before Flop


PokerStars Hand #176723155628:  Hold'em Limit ($3/$6 USD) - 2017/10/10 0:10:26 ET
Table 'Dactyl' 6-max Seat #3 is the button
Seat 2: Brama Br ($105.11 in chips)
Seat 3: Tatyana3005 ($60.92 in chips)
Tatyana3005: posts small blind $1
Brama Br: posts big blind $3
*** HOLE CARDS ***
Tatyana3005: raises $3 to $6
Brama Br: calls $3
*** FLOP *** [4c 4h Ah]
Brama Br: checks
Tatyana3005: bets $3
Brama Br: calls $3
*** TURN *** [4c 4h Ah] [5h]
Brama Br: checks
Tatyana3005: bets $6
Brama Br: calls $6
*** RIVER *** [4c 4h Ah 5h] [6s]
Brama Br: checks
Tatyana3005: checks
*** SHOW DOWN ***
Brama Br: shows [7c Kh] (a pair of Fours)
Tatyana3005: mucks hand
Brama Br collected $29.50 from pot
*** SUMMARY ***
Total pot $30 | Rake $0.50
Board [4c 4h Ah 5h 6s]
Seat 2: Brama Br (big blind) showed [7c Kh] and won ($29.50) with a pair of Fours
Seat 3: Tatyana3005 (button) (small blind) mucked


PokerStars Hand #176723150635:  Hold'em Limit ($3/$6 USD) - 2017/10/10 0:10:06 ET
Table 'Dactyl' 6-max Seat #2 is the button
Seat 2: Brama Br ($120.11 in chips)
Seat 3: Tatyana3005 ($46.42 in chips)
Brama Br: posts small blind $1
Tatyana3005: posts big blind $3
*** HOLE CARDS ***
Brama Br: raises $3 to $6
Tatyana3005: raises $3 to $9
Brama Br: raises $3 to $12
Betting is capped
Tatyana3005: calls $3
*** FLOP *** [7s 9s Qs]
Tatyana3005: checks
Brama Br: bets $3
Tatyana3005: calls $3
*** TURN *** [7s 9s Qs] [8s]
Tatyana3005: checks
Brama Br: checks
*** RIVER *** [7s 9s Qs 8s] [Qc]
Tatyana3005: bets $6
Brama Br: folds
Uncalled bet ($6) returned to Tatyana3005
Tatyana3005 collected $29.50 from pot
Tatyana3005: doesn't show hand
*** SUMMARY ***
Total pot $30 | Rake $0.50
Board [7s 9s Qs 8s Qc]
Seat 2: Brama Br (button) (small blind) folded on the River
Seat 3: Tatyana3005 (big blind) collected ($29.50)


PokerStars Hand #176723145227:  Hold'em Limit ($3/$6 USD) - 2017/10/10 0:09:44 ET
Table 'Dactyl' 6-max Seat #3 is the button
Seat 2: Brama Br ($102.61 in chips)
Seat 3: Tatyana3005 ($64.42 in chips)
Tatyana3005: posts small blind $1
Brama Br: posts big blind $3
*** HOLE CARDS ***
Tatyana3005: raises $3 to $6
Brama Br: raises $3 to $9
Tatyana3005: calls $3
*** FLOP *** [Tc Ac 2c]
Brama Br: bets $3
Tatyana3005: calls $3
*** TURN *** [Tc Ac 2c] [5d]
Brama Br: bets $6
Tatyana3005: calls $6
*** RIVER *** [Tc Ac 2c 5d] [7h]
Brama Br: bets $6
Tatyana3005: folds
Uncalled bet ($6) returned to Brama Br
Brama Br collected $35.50 from pot
Brama Br: doesn't show hand
*** SUMMARY ***
Total pot $36 | Rake $0.50
Board [Tc Ac 2c 5d 7h]
Seat 2: Brama Br (big blind) collected ($35.50)
Seat 3: Tatyana3005 (button) (small blind) folded on the River


PokerStars Hand #176723169549:  Hold'em Limit ($3/$6 USD) - 2017/10/10 0:11:22 ET
Table 'Dactyl' 6-max Seat #3 is the button
Seat 2: Brama Br ($236.80 in chips)
Seat 3: Tatyana3005 ($42.92 in chips)
Tatyana3005: posts small blind $1
Brama Br: posts big blind $3
*** HOLE CARDS ***
Tatyana3005: raises $3 to $6
Brama Br: calls $3
*** FLOP *** [Ah 6h Ks]
Brama Br: checks
Tatyana3005: checks
*** TURN *** [Ah 6h Ks] [8h]
Brama Br: checks
Tatyana3005: bets $6
Brama Br: calls $6
*** RIVER *** [Ah 6h Ks 8h] [Jd]
Brama Br: checks
Tatyana3005: bets $6
Brama Br: folds
Uncalled bet ($6) returned to Tatyana3005
Tatyana3005 collected $23.52 from pot
Tatyana3005: doesn't show hand
*** SUMMARY ***
Total pot $24 | Rake $0.48
Board [Ah 6h Ks 8h Jd]
Seat 2: Brama Br (big blind) folded on the River
Seat 3: Tatyana3005 (button) (small blind) collected ($23.52)


PokerStars Hand #176723167954:  Hold'em Limit ($3/$6 USD) - 2017/10/10 0:11:16 ET
Table 'Dactyl' 6-max Seat #2 is the button
Seat 2: Brama Br ($237.80 in chips)
Seat 3: Tatyana3005 ($41.92 in chips)
Brama Br: posts small blind $1
Tatyana3005: posts big blind $3
*** HOLE CARDS ***
Brama Br: folds
Uncalled bet ($2) returned to Tatyana3005
Tatyana3005 collected $2 from pot
Tatyana3005: doesn't show hand
*** SUMMARY ***
Total pot $2 | Rake $0
Seat 2: Brama Br (button) (small blind) folded before Flop
Seat 3: Tatyana3005 (big blind) collected ($2)


PokerStars Hand #176723166705:  Hold'em Limit ($3/$6 USD) - 2017/10/10 0:11:11 ET
Table 'Dactyl' 6-max Seat #3 is the button
Seat 2: Brama Br ($236.80 in chips)
Seat 3: Tatyana3005 ($42.92 in chips)
Tatyana3005: posts small blind $1
Brama Br: posts big blind $3
*** HOLE CARDS ***
Tatyana3005: folds
Uncalled bet ($2) returned to Brama Br
Brama Br collected $2 from pot
Brama Br: doesn't show hand
*** SUMMARY ***
Total pot $2 | Rake $0
Seat 2: Brama Br (big blind) collected ($2)
Seat 3: Tatyana3005 (button) (small blind) folded before Flop


PokerStars Hand #176723165217:  Hold'em Limit ($3/$6 USD) - 2017/10/10 0:11:05 ET
Table 'Dactyl' 6-max Seat #2 is the button
Seat 2: Brama Br ($237.80 in chips)
Seat 3: Tatyana3005 ($41.92 in chips)
Brama Br: posts small blind $1
Tatyana3005: posts big blind $3
*** HOLE CARDS ***
Brama Br: folds
Uncalled bet ($2) returned to Tatyana3005
Tatyana3005 collected $2 from pot
Tatyana3005: doesn't show hand
*** SUMMARY ***
Total pot $2 | Rake $0
Seat 2: Brama Br (button) (small blind) folded before Flop
Seat 3: Tatyana3005 (big blind) collected ($2)


PokerStars Hand #176723163956:  Hold'em Limit ($3/$6 USD) - 2017/10/10 0:11:00 ET
Table 'Dactyl' 6-max Seat #3 is the button
Seat 2: Brama Br ($236.80 in chips)
Seat 3: Tatyana3005 ($42.92 in chips)
Tatyana3005: posts small blind $1
Brama Br: posts big blind $3
*** HOLE CARDS ***
Tatyana3005: folds
Uncalled bet ($2) returned to Brama Br
Brama Br collected $2 from pot
Brama Br: doesn't show hand
*** SUMMARY ***
Total pot $2 | Rake $0
Seat 2: Brama Br (big blind) collected ($2)
Seat 3: Tatyana3005 (button) (small blind) folded before Flop


PokerStars Hand #176723162401:  Hold'em Limit ($3/$6 USD) - 2017/10/10 0:10:53 ET
Table 'Dactyl' 6-max Seat #2 is the button
Seat 2: Brama Br ($233.80 in chips)
Seat 3: Tatyana3005 ($45.92 in chips)
Brama Br: posts small blind $1
Tatyana3005: posts big blind $3
*** HOLE CARDS ***
Brama Br: raises $3 to $6
Tatyana3005: folds
Uncalled bet ($3) returned to Brama Br
Brama Br collected $6 from pot
Brama Br: doesn't show hand
*** SUMMARY ***
Total pot $6 | Rake $0
Seat 2: Brama Br (button) (small blind) collected ($6)
Seat 3: Tatyana3005 (big blind) folded before Flop


PokerStars Hand #176723186523:  Hold'em Limit ($3/$6 USD) - 2017/10/10 0:12:32 ET
Table 'Dactyl' 6-max Seat #2 is the button
Seat 2: Brama Br ($265.80 in chips)
Seat 3: Tatyana3005 ($12.44 in chips)
Brama Br: posts small blind $1
Tatyana3005: posts big blind $3
*** HOLE CARDS ***
Brama Br: raises $3 to $6
Tatyana3005: raises $3 to $9
Brama Br: raises $3 to $12
Betting is capped
Tatyana3005: calls $3
*** FLOP *** [4d 3h 2d]
Tatyana3005: bets $0.44 and is all-in
Brama Br: calls $0.44
*** TURN *** [4d 3h 2d] [4c]
*** RIVER *** [4d 3h 2d 4c] [3c]
*** SHOW DOWN ***
Tatyana3005: shows [Ah Tc] (two pair, Fours and Threes)
Brama Br: shows [Qc Qs] (two pair, Queens and Fours)
Brama Br collected $24.38 from pot
*** SUMMARY ***
Total pot $24.88 | Rake $0.50
Board [4d 3h 2d 4c 3c]
Seat 2: Brama Br (button) (small blind) showed [Qc Qs] and won ($24.38) with two pair, Queens and Fours
Seat 3: Tatyana3005 (big blind) showed [Ah Tc] and lost with two pair, Fours and Threes


PokerStars Hand #176723180699:  Hold'em Limit ($3/$6 USD) - 2017/10/10 0:12:08 ET
Table 'Dactyl' 6-max Seat #3 is the button
Seat 2: Brama Br ($242.30 in chips)
Seat 3: Tatyana3005 ($36.44 in chips)
Tatyana3005: posts small blind $1
Brama Br: posts big blind $3
*** HOLE CARDS ***
Tatyana3005: raises $3 to $6
Brama Br: raises $3 to $9
Tatyana3005: calls $3
*** FLOP *** [Kh 2c 4h]
Brama Br: bets $3
Tatyana3005: calls $3
*** TURN *** [Kh 2c 4h] [3c]
Brama Br: checks
Tatyana3005: bets $6
Brama Br: calls $6
*** RIVER *** [Kh 2c 4h 3c] [9d]
Brama Br: checks
Tatyana3005: bets $6
Brama Br: calls $6
*** SHOW DOWN ***
Tatyana3005: shows [Qh 5h] (high card King)
Brama Br: shows [Qc Ad] (high card Ace)
Brama Br collected $47.50 from pot
*** SUMMARY ***
Total pot $48 | Rake $0.50
Board [Kh 2c 4h 3c 9d]
Seat 2: Brama Br (big blind) showed [Qc Ad] and won ($47.50) with high card Ace
Seat 3: Tatyana3005 (button) (small blind) showed [Qh 5h] and lost with high card King


PokerStars Hand #176723174798:  Hold'em Limit ($3/$6 USD) - 2017/10/10 0:11:44 ET
Table 'Dactyl' 6-max Seat #2 is the button
Seat 2: Brama Br ($224.80 in chips)
Seat 3: Tatyana3005 ($54.44 in chips)
Brama Br: posts small blind $1
Tatyana3005: posts big blind $3
*** HOLE CARDS ***
Brama Br: raises $3 to $6
Tatyana3005: calls $3
*** FLOP *** [3s 6c 9d]
Tatyana3005: checks
Brama Br: checks
*** TURN *** [3s 6c 9d] [Kd]
Tatyana3005: checks
Brama Br: bets $6
Tatyana3005: calls $6
*** RIVER *** [3s 6c 9d Kd] [Kh]
Tatyana3005: checks
Brama Br: bets $6
Tatyana3005: calls $6
*** SHOW DOWN ***
Brama Br: shows [9s 9c] (a full house, Nines full of Kings)
Tatyana3005: mucks hand
Brama Br collected $35.50 from pot
*** SUMMARY ***
Total pot $36 | Rake $0.50
Board [3s 6c 9d Kd Kh]
Seat 2: Brama Br (button) (small blind) showed [9s 9c] and won ($35.50) with a full house, Nines full of Kings
Seat 3: Tatyana3005 (big blind) mucked


