PokerStars Hand #167887427601:  Hold'em Limit ($3/$6 USD) - 2017/03/21 0:58:27 ET
Table 'Dactyl' 6-max Seat #6 is the button
Seat 5: ZOGI ($157.75 in chips)
Seat 6: Agrotait ($109.87 in chips)
Agrotait: posts small blind $1
ZOGI: posts big blind $3
*** HOLE CARDS ***
Agrotait: raises $3 to $6
ZOGI: calls $3
*** FLOP *** [As Tc 5d]
ZOGI: checks
Agrotait: checks
*** TURN *** [As Tc 5d] [Td]
ZOGI: bets $6
Agrotait: calls $6
*** RIVER *** [As Tc 5d Td] [Kh]
ZOGI: bets $6
Agrotait: raises $6 to $12
ZOGI: calls $6
*** SHOW DOWN ***
Agrotait: shows [Ks Kd] (a full house, Kings full of Tens)
ZOGI: mucks hand
Agrotait collected $47.50 from pot
*** SUMMARY ***
Total pot $48 | Rake $0.50
Board [As Tc 5d Td Kh]
Seat 5: ZOGI (big blind) mucked
Seat 6: Agrotait (button) (small blind) showed [Ks Kd] and won ($47.50) with a full house, Kings full of Tens


PokerStars Hand #167887420983:  Hold'em Limit ($3/$6 USD) - 2017/03/21 0:57:58 ET
Table 'Dactyl' 6-max Seat #5 is the button
Seat 5: ZOGI ($181.75 in chips)
Seat 6: Agrotait ($86.37 in chips)
ZOGI: posts small blind $1
Agrotait: posts big blind $3
*** HOLE CARDS ***
ZOGI: calls $2
Agrotait: raises $3 to $6
ZOGI: calls $3
*** FLOP *** [2d Ts 8s]
Agrotait: bets $3
ZOGI: raises $3 to $6
Agrotait: calls $3
*** TURN *** [2d Ts 8s] [Jc]
Agrotait: bets $6
ZOGI: calls $6
*** RIVER *** [2d Ts 8s Jc] [Tc]
Agrotait: bets $6
ZOGI: calls $6
*** SHOW DOWN ***
Agrotait: shows [9s Qs] (a straight, Eight to Queen)
ZOGI: mucks hand
Agrotait collected $47.50 from pot
*** SUMMARY ***
Total pot $48 | Rake $0.50
Board [2d Ts 8s Jc Tc]
Seat 5: ZOGI (button) (small blind) mucked
Seat 6: Agrotait (big blind) showed [9s Qs] and won ($47.50) with a straight, Eight to Queen


PokerStars Hand #167887408830:  Hold'em Limit ($3/$6 USD) - 2017/03/21 0:57:04 ET
Table 'Dactyl' 6-max Seat #6 is the button
Seat 5: ZOGI ($164.25 in chips)
Seat 6: Agrotait ($104.37 in chips)
Agrotait: posts small blind $1
ZOGI: posts big blind $3
*** HOLE CARDS ***
Agrotait: raises $3 to $6
ZOGI: raises $3 to $9
Agrotait: calls $3
*** FLOP *** [7c 7s 6d]
ZOGI: bets $3
Agrotait: calls $3
*** TURN *** [7c 7s 6d] [5c]
ZOGI: bets $6
Agrotait: calls $6
*** RIVER *** [7c 7s 6d 5c] [Ac]
ZOGI: bets $6
Agrotait: folds
Uncalled bet ($6) returned to ZOGI
ZOGI collected $35.50 from pot
*** SUMMARY ***
Total pot $36 | Rake $0.50
Board [7c 7s 6d 5c Ac]
Seat 5: ZOGI (big blind) collected ($35.50)
Seat 6: Agrotait (button) (small blind) folded on the River


PokerStars Hand #167887442424:  Hold'em Limit ($3/$6 USD) - 2017/03/21 0:59:31 ET
Table 'Dactyl' 6-max Seat #6 is the button
Seat 5: ZOGI ($127.51 in chips)
Seat 6: Agrotait ($138.89 in chips)
Agrotait: posts small blind $1
ZOGI: posts big blind $3
*** HOLE CARDS ***
Agrotait: folds
Uncalled bet ($2) returned to ZOGI
ZOGI collected $2 from pot
*** SUMMARY ***
Total pot $2 | Rake $0
Seat 5: ZOGI (big blind) collected ($2)
Seat 6: Agrotait (button) (small blind) folded before Flop


PokerStars Hand #167887438600:  Hold'em Limit ($3/$6 USD) - 2017/03/21 0:59:14 ET
Table 'Dactyl' 6-max Seat #5 is the button
Seat 5: ZOGI ($121.75 in chips)
Seat 6: Agrotait ($144.89 in chips)
ZOGI: posts small blind $1
Agrotait: posts big blind $3
*** HOLE CARDS ***
ZOGI: calls $2
Agrotait: checks
*** FLOP *** [7c 2c Kh]
Agrotait: bets $3
ZOGI: raises $3 to $6
Agrotait: folds
Uncalled bet ($3) returned to ZOGI
ZOGI collected $11.76 from pot
*** SUMMARY ***
Total pot $12 | Rake $0.24
Board [7c 2c Kh]
Seat 5: ZOGI (button) (small blind) collected ($11.76)
Seat 6: Agrotait (big blind) folded on the Flop


PokerStars Hand #167887435814:  Hold'em Limit ($3/$6 USD) - 2017/03/21 0:59:02 ET
Table 'Dactyl' 6-max Seat #6 is the button
Seat 5: ZOGI ($127.75 in chips)
Seat 6: Agrotait ($139.13 in chips)
Agrotait: posts small blind $1
ZOGI: posts big blind $3
*** HOLE CARDS ***
Agrotait: raises $3 to $6
ZOGI: calls $3
*** FLOP *** [Th Qh 3d]
ZOGI: checks
Agrotait: bets $3
ZOGI: folds
Uncalled bet ($3) returned to Agrotait
Agrotait collected $11.76 from pot
Agrotait: doesn't show hand
*** SUMMARY ***
Total pot $12 | Rake $0.24
Board [Th Qh 3d]
Seat 5: ZOGI (big blind) folded on the Flop
Seat 6: Agrotait (button) (small blind) collected ($11.76)


PokerStars Hand #167887433259:  Hold'em Limit ($3/$6 USD) - 2017/03/21 0:58:51 ET
Table 'Dactyl' 6-max Seat #5 is the button
Seat 5: ZOGI ($133.75 in chips)
Seat 6: Agrotait ($133.37 in chips)
ZOGI: posts small blind $1
Agrotait: posts big blind $3
*** HOLE CARDS ***
ZOGI: calls $2
Agrotait: raises $3 to $6
ZOGI: calls $3
*** FLOP *** [Th 7h 6s]
Agrotait: bets $3
ZOGI: folds
Uncalled bet ($3) returned to Agrotait
Agrotait collected $11.76 from pot
Agrotait: doesn't show hand
*** SUMMARY ***
Total pot $12 | Rake $0.24
Board [Th 7h 6s]
Seat 5: ZOGI (button) (small blind) folded on the Flop
Seat 6: Agrotait (big blind) collected ($11.76)


PokerStars Hand #167887453410:  Hold'em Limit ($3/$6 USD) - 2017/03/21 1:00:19 ET
Table 'Dactyl' 6-max Seat #6 is the button
Seat 5: ZOGI ($101.51 in chips)
Seat 6: Agrotait ($164.39 in chips)
Agrotait: posts small blind $1
ZOGI: posts big blind $3
*** HOLE CARDS ***
Agrotait: raises $3 to $6
ZOGI: calls $3
*** FLOP *** [Ks 9d 6s]
ZOGI: checks
Agrotait: bets $3
ZOGI: calls $3
*** TURN *** [Ks 9d 6s] [4h]
ZOGI: checks
Agrotait: bets $6
ZOGI: folds
Uncalled bet ($6) returned to Agrotait
Agrotait collected $17.64 from pot
Agrotait: doesn't show hand
*** SUMMARY ***
Total pot $18 | Rake $0.36
Board [Ks 9d 6s 4h]
Seat 5: ZOGI (big blind) folded on the Turn
Seat 6: Agrotait (button) (small blind) collected ($17.64)


PokerStars Hand #167887443898:  Hold'em Limit ($3/$6 USD) - 2017/03/21 0:59:38 ET
Table 'Dactyl' 6-max Seat #5 is the button
Seat 5: ZOGI ($128.51 in chips)
Seat 6: Agrotait ($137.89 in chips)
ZOGI: posts small blind $1
Agrotait: posts big blind $3
*** HOLE CARDS ***
ZOGI: calls $2
Agrotait: raises $3 to $6
ZOGI: calls $3
*** FLOP *** [6s 3d 8s]
Agrotait: bets $3
ZOGI: calls $3
*** TURN *** [6s 3d 8s] [2d]
Agrotait: bets $6
ZOGI: calls $6
*** RIVER *** [6s 3d 8s 2d] [2s]
Agrotait: bets $6
ZOGI: raises $6 to $12
Agrotait: calls $6
*** SHOW DOWN ***
ZOGI: shows [2h 5h] (three of a kind, Deuces)
Agrotait: shows [Ts Js] (a flush, Jack high)
Agrotait collected $53.50 from pot
*** SUMMARY ***
Total pot $54 | Rake $0.50
Board [6s 3d 8s 2d 2s]
Seat 5: ZOGI (button) (small blind) showed [2h 5h] and lost with three of a kind, Deuces
Seat 6: Agrotait (big blind) showed [Ts Js] and won ($53.50) with a flush, Jack high


PokerStars Hand #167887458317:  Hold'em Limit ($3/$6 USD) - 2017/03/21 1:00:39 ET
Table 'Dactyl' 6-max Seat #5 is the button
Seat 5: ZOGI ($92.51 in chips)
Seat 6: Agrotait ($173.03 in chips)
ZOGI: posts small blind $1
Agrotait: posts big blind $3
*** HOLE CARDS ***
ZOGI: calls $2
Agrotait: checks
*** FLOP *** [6h 7d Jc]
Agrotait: checks
ZOGI: checks
*** TURN *** [6h 7d Jc] [Td]
Agrotait: checks
ZOGI: checks
*** RIVER *** [6h 7d Jc Td] [Qs]
Agrotait: checks
ZOGI: checks
*** SHOW DOWN ***
Agrotait: shows [2h Kc] (high card King)
ZOGI: shows [8h Ks] (high card King - Queen+Jack+Ten+Eight kicker)
ZOGI collected $5.88 from pot
*** SUMMARY ***
Total pot $6 | Rake $0.12
Board [6h 7d Jc Td Qs]
Seat 5: ZOGI (button) (small blind) showed [8h Ks] and won ($5.88) with high card King
Seat 6: Agrotait (big blind) showed [2h Kc] and lost with high card King


PokerStars Hand #167887468941:  Hold'em Limit ($3/$6 USD) - 2017/03/21 1:01:24 ET
Table 'Dactyl' 6-max Seat #6 is the button
Seat 5: ZOGI ($95.39 in chips)
Seat 6: Agrotait ($170.03 in chips)
Agrotait: posts small blind $1
ZOGI: posts big blind $3
*** HOLE CARDS ***
Agrotait: raises $3 to $6
ZOGI: calls $3
*** FLOP *** [Ad 3c 8h]
ZOGI: checks
Agrotait: bets $3
ZOGI: raises $3 to $6
Agrotait: calls $3
*** TURN *** [Ad 3c 8h] [5h]
ZOGI: bets $6
Agrotait: calls $6
*** RIVER *** [Ad 3c 8h 5h] [4h]
ZOGI: bets $6
Agrotait: folds
Uncalled bet ($6) returned to ZOGI
ZOGI collected $35.50 from pot
*** SUMMARY ***
Total pot $36 | Rake $0.50
Board [Ad 3c 8h 5h 4h]
Seat 5: ZOGI (big blind) collected ($35.50)
Seat 6: Agrotait (button) (small blind) folded on the River


PokerStars Hand #167887540958:  Hold'em Limit ($3/$6 USD) - 2017/03/21 1:06:12 ET
Table 'Dactyl' 6-max Seat #6 is the button
Seat 5: ZOGI ($50.03 in chips)
Seat 6: Agrotait ($211.23 in chips)
Agrotait: posts small blind $1
ZOGI: posts big blind $3
*** HOLE CARDS ***
Agrotait: raises $3 to $6
ZOGI: calls $3
*** FLOP *** [Ks 3c 7d]
ZOGI: checks
Agrotait: bets $3
ZOGI: folds
Uncalled bet ($3) returned to Agrotait
Agrotait collected $11.76 from pot
Agrotait: doesn't show hand
*** SUMMARY ***
Total pot $12 | Rake $0.24
Board [Ks 3c 7d]
Seat 5: ZOGI (big blind) folded on the Flop
Seat 6: Agrotait (button) (small blind) collected ($11.76)


PokerStars Hand #167887544653:  Hold'em Limit ($3/$6 USD) - 2017/03/21 1:06:26 ET
Table 'Dactyl' 6-max Seat #5 is the button
Seat 5: ZOGI ($44.03 in chips)
Seat 6: Agrotait ($216.99 in chips)
ZOGI: posts small blind $1
Agrotait: posts big blind $3
*** HOLE CARDS ***
ZOGI: calls $2
Agrotait: raises $3 to $6
ZOGI: calls $3
*** FLOP *** [9c 3c Ts]
Agrotait: bets $3
ZOGI: folds
Uncalled bet ($3) returned to Agrotait
Agrotait collected $11.76 from pot
Agrotait: doesn't show hand
*** SUMMARY ***
Total pot $12 | Rake $0.24
Board [9c 3c Ts]
Seat 5: ZOGI (button) (small blind) folded on the Flop
Seat 6: Agrotait (big blind) collected ($11.76)


PokerStars Hand #167887553114:  Hold'em Limit ($3/$6 USD) - 2017/03/21 1:07:00 ET
Table 'Dactyl' 6-max Seat #5 is the button
Seat 5: ZOGI ($46.67 in chips)
Seat 6: Agrotait ($213.75 in chips)
ZOGI: posts small blind $1
Agrotait: posts big blind $3
*** HOLE CARDS ***
ZOGI: folds
Uncalled bet ($2) returned to Agrotait
Agrotait collected $2 from pot
Agrotait: doesn't show hand
*** SUMMARY ***
Total pot $2 | Rake $0
Seat 5: ZOGI (button) (small blind) folded before Flop
Seat 6: Agrotait (big blind) collected ($2)


PokerStars Hand #167887548048:  Hold'em Limit ($3/$6 USD) - 2017/03/21 1:06:40 ET
Table 'Dactyl' 6-max Seat #6 is the button
Seat 5: ZOGI ($38.03 in chips)
Seat 6: Agrotait ($222.75 in chips)
Agrotait: posts small blind $1
ZOGI: posts big blind $3
*** HOLE CARDS ***
Agrotait: raises $3 to $6
ZOGI: raises $3 to $9
Agrotait: calls $3
*** FLOP *** [9c 7c 6d]
ZOGI: bets $3
Agrotait: folds
Uncalled bet ($3) returned to ZOGI
ZOGI collected $17.64 from pot
*** SUMMARY ***
Total pot $18 | Rake $0.36
Board [9c 7c 6d]
Seat 5: ZOGI (big blind) collected ($17.64)
Seat 6: Agrotait (button) (small blind) folded on the Flop


PokerStars Hand #167887554637:  Hold'em Limit ($3/$6 USD) - 2017/03/21 1:07:06 ET
Table 'Dactyl' 6-max Seat #6 is the button
Seat 5: ZOGI ($45.67 in chips)
Seat 6: Agrotait ($214.75 in chips)
Agrotait: posts small blind $1
ZOGI: posts big blind $3
*** HOLE CARDS ***
Agrotait: raises $3 to $6
ZOGI: raises $3 to $9
Agrotait: calls $3
*** FLOP *** [5h Kh 9h]
ZOGI: bets $3
Agrotait: calls $3
*** TURN *** [5h Kh 9h] [3c]
ZOGI: bets $6
Agrotait: calls $6
*** RIVER *** [5h Kh 9h 3c] [3s]
ZOGI: bets $6
Agrotait: folds
Uncalled bet ($6) returned to ZOGI
ZOGI collected $35.50 from pot
*** SUMMARY ***
Total pot $36 | Rake $0.50
Board [5h Kh 9h 3c 3s]
Seat 5: ZOGI (big blind) collected ($35.50)
Seat 6: Agrotait (button) (small blind) folded on the River


PokerStars Hand #167887560880:  Hold'em Limit ($3/$6 USD) - 2017/03/21 1:07:30 ET
Table 'Dactyl' 6-max Seat #5 is the button
Seat 5: ZOGI ($63.17 in chips)
Seat 6: Agrotait ($196.75 in chips)
ZOGI: posts small blind $1
Agrotait: posts big blind $3
*** HOLE CARDS ***
ZOGI: calls $2
Agrotait: checks
*** FLOP *** [Qd 2d 2c]
Agrotait: bets $3
ZOGI: folds
Uncalled bet ($3) returned to Agrotait
Agrotait collected $5.88 from pot
Agrotait: doesn't show hand
*** SUMMARY ***
Total pot $6 | Rake $0.12
Board [Qd 2d 2c]
Seat 5: ZOGI (button) (small blind) folded on the Flop
Seat 6: Agrotait (big blind) collected ($5.88)


PokerStars Hand #167887566984:  Hold'em Limit ($3/$6 USD) - 2017/03/21 1:07:54 ET
Table 'Dactyl' 6-max Seat #5 is the button
Seat 5: ZOGI ($54.17 in chips)
Seat 6: Agrotait ($205.39 in chips)
ZOGI: posts small blind $1
Agrotait: posts big blind $3
*** HOLE CARDS ***
ZOGI: calls $2
Agrotait: checks
*** FLOP *** [3d 4h Js]
Agrotait: bets $3
ZOGI: folds
Uncalled bet ($3) returned to Agrotait
Agrotait collected $5.88 from pot
Agrotait: doesn't show hand
*** SUMMARY ***
Total pot $6 | Rake $0.12
Board [3d 4h Js]
Seat 5: ZOGI (button) (small blind) folded on the Flop
Seat 6: Agrotait (big blind) collected ($5.88)


PokerStars Hand #167887563463:  Hold'em Limit ($3/$6 USD) - 2017/03/21 1:07:40 ET
Table 'Dactyl' 6-max Seat #6 is the button
Seat 5: ZOGI ($60.17 in chips)
Seat 6: Agrotait ($199.63 in chips)
Agrotait: posts small blind $1
ZOGI: posts big blind $3
*** HOLE CARDS ***
Agrotait: raises $3 to $6
ZOGI: calls $3
*** FLOP *** [Ah 8c As]
ZOGI: checks
Agrotait: bets $3
ZOGI: folds
Uncalled bet ($3) returned to Agrotait
Agrotait collected $11.76 from pot
Agrotait: doesn't show hand
*** SUMMARY ***
Total pot $12 | Rake $0.24
Board [Ah 8c As]
Seat 5: ZOGI (big blind) folded on the Flop
Seat 6: Agrotait (button) (small blind) collected ($11.76)


PokerStars Hand #167887570485:  Hold'em Limit ($3/$6 USD) - 2017/03/21 1:08:07 ET
Table 'Dactyl' 6-max Seat #6 is the button
Seat 5: ZOGI ($51.17 in chips)
Seat 6: Agrotait ($208.27 in chips)
Agrotait: posts small blind $1
ZOGI: posts big blind $3
*** HOLE CARDS ***
Agrotait: raises $3 to $6
ZOGI: calls $3
*** FLOP *** [2c Ad 4d]
ZOGI: checks
Agrotait: bets $3
ZOGI: calls $3
*** TURN *** [2c Ad 4d] [9d]
ZOGI: checks
Agrotait: checks
*** RIVER *** [2c Ad 4d 9d] [Qd]
ZOGI: checks
Agrotait: bets $6
ZOGI: folds
Uncalled bet ($6) returned to Agrotait
Agrotait collected $17.64 from pot
Agrotait: doesn't show hand
*** SUMMARY ***
Total pot $18 | Rake $0.36
Board [2c Ad 4d 9d Qd]
Seat 5: ZOGI (big blind) folded on the River
Seat 6: Agrotait (button) (small blind) collected ($17.64)


PokerStars Hand #167887576791:  Hold'em Limit ($3/$6 USD) - 2017/03/21 1:08:32 ET
Table 'Dactyl' 6-max Seat #5 is the button
Seat 5: ZOGI ($42.17 in chips)
Seat 6: Agrotait ($216.91 in chips)
ZOGI: posts small blind $1
Agrotait: posts big blind $3
*** HOLE CARDS ***
ZOGI: raises $3 to $6
Agrotait: calls $3
*** FLOP *** [4d Ac As]
Agrotait: checks
ZOGI: checks
*** TURN *** [4d Ac As] [Jd]
Agrotait: checks
ZOGI: checks
*** RIVER *** [4d Ac As Jd] [6d]
Agrotait: bets $6
ZOGI: calls $6
*** SHOW DOWN ***
Agrotait: shows [6s 9d] (two pair, Aces and Sixes)
ZOGI: mucks hand
Agrotait collected $23.52 from pot
*** SUMMARY ***
Total pot $24 | Rake $0.48
Board [4d Ac As Jd 6d]
Seat 5: ZOGI (button) (small blind) mucked
Seat 6: Agrotait (big blind) showed [6s 9d] and won ($23.52) with two pair, Aces and Sixes


PokerStars Hand #167887584118:  Hold'em Limit ($3/$6 USD) - 2017/03/21 1:09:00 ET
Table 'Dactyl' 6-max Seat #6 is the button
Seat 5: ZOGI ($30.17 in chips)
Seat 6: Agrotait ($228.43 in chips)
Agrotait: posts small blind $1
ZOGI: posts big blind $3
*** HOLE CARDS ***
Agrotait: raises $3 to $6
ZOGI: folds
Uncalled bet ($3) returned to Agrotait
Agrotait collected $6 from pot
Agrotait: doesn't show hand
*** SUMMARY ***
Total pot $6 | Rake $0
Seat 5: ZOGI (big blind) folded before Flop
Seat 6: Agrotait (button) (small blind) collected ($6)


PokerStars Hand #167887585712:  Hold'em Limit ($3/$6 USD) - 2017/03/21 1:09:07 ET
Table 'Dactyl' 6-max Seat #5 is the button
Seat 5: ZOGI ($27.17 in chips)
Seat 6: Agrotait ($231.43 in chips)
ZOGI: posts small blind $1
Agrotait: posts big blind $3
*** HOLE CARDS ***
ZOGI: calls $2
Agrotait: checks
*** FLOP *** [8c 2d 5s]
Agrotait: checks
ZOGI: checks
*** TURN *** [8c 2d 5s] [Th]
Agrotait: bets $6
ZOGI: folds
Uncalled bet ($6) returned to Agrotait
Agrotait collected $5.88 from pot
Agrotait: doesn't show hand
*** SUMMARY ***
Total pot $6 | Rake $0.12
Board [8c 2d 5s Th]
Seat 5: ZOGI (button) (small blind) folded on the Turn
Seat 6: Agrotait (big blind) collected ($5.88)


PokerStars Hand #167887598801:  Hold'em Limit ($3/$6 USD) - 2017/03/21 1:09:58 ET
Table 'Dactyl' 6-max Seat #5 is the button
Seat 5: ZOGI ($15.17 in chips)
Seat 6: Agrotait ($242.95 in chips)
ZOGI: posts small blind $1
Agrotait: posts big blind $3
*** HOLE CARDS ***
ZOGI: raises $3 to $6
Agrotait: calls $3
*** FLOP *** [Jc 7h 6h]
Agrotait: bets $3
ZOGI: raises $3 to $6
Agrotait: calls $3
*** TURN *** [Jc 7h 6h] [As]
Agrotait: checks
ZOGI: bets $3.17 and is all-in
Agrotait: calls $3.17
*** RIVER *** [Jc 7h 6h As] [Kc]
*** SHOW DOWN ***
Agrotait: shows [7s Td] (a pair of Sevens)
ZOGI: shows [Th Kh] (a pair of Kings)
ZOGI collected $29.84 from pot
*** SUMMARY ***
Total pot $30.34 | Rake $0.50
Board [Jc 7h 6h As Kc]
Seat 5: ZOGI (button) (small blind) showed [Th Kh] and won ($29.84) with a pair of Kings
Seat 6: Agrotait (big blind) showed [7s Td] and lost with a pair of Sevens


PokerStars Hand #167887604850:  Hold'em Limit ($3/$6 USD) - 2017/03/21 1:10:21 ET
Table 'Dactyl' 6-max Seat #6 is the button
Seat 5: ZOGI ($29.84 in chips)
Seat 6: Agrotait ($227.78 in chips)
Agrotait: posts small blind $1
ZOGI: posts big blind $3
*** HOLE CARDS ***
Agrotait: raises $3 to $6
ZOGI: calls $3
*** FLOP *** [3h 2h Ac]
ZOGI: checks
Agrotait: bets $3
ZOGI: calls $3
*** TURN *** [3h 2h Ac] [6h]
ZOGI: bets $6
Agrotait: folds
Uncalled bet ($6) returned to ZOGI
ZOGI collected $17.64 from pot
*** SUMMARY ***
Total pot $18 | Rake $0.36
Board [3h 2h Ac 6h]
Seat 5: ZOGI (big blind) collected ($17.64)
Seat 6: Agrotait (button) (small blind) folded on the Turn


PokerStars Hand #167887592579:  Hold'em Limit ($3/$6 USD) - 2017/03/21 1:09:33 ET
Table 'Dactyl' 6-max Seat #6 is the button
Seat 5: ZOGI ($24.17 in chips)
Seat 6: Agrotait ($234.31 in chips)
Agrotait: posts small blind $1
ZOGI: posts big blind $3
*** HOLE CARDS ***
Agrotait: raises $3 to $6
ZOGI: calls $3
*** FLOP *** [3c 9c 7d]
ZOGI: checks
Agrotait: bets $3
ZOGI: calls $3
*** TURN *** [3c 9c 7d] [As]
ZOGI: checks
Agrotait: checks
*** RIVER *** [3c 9c 7d As] [Jh]
ZOGI: checks
Agrotait: bets $6
ZOGI: folds
Uncalled bet ($6) returned to Agrotait
Agrotait collected $17.64 from pot
Agrotait: doesn't show hand
*** SUMMARY ***
Total pot $18 | Rake $0.36
Board [3c 9c 7d As Jh]
Seat 5: ZOGI (big blind) folded on the River
Seat 6: Agrotait (button) (small blind) collected ($17.64)


PokerStars Hand #167887610026:  Hold'em Limit ($3/$6 USD) - 2017/03/21 1:10:42 ET
Table 'Dactyl' 6-max Seat #5 is the button
Seat 5: ZOGI ($38.48 in chips)
Seat 6: Agrotait ($218.78 in chips)
ZOGI: posts small blind $1
Agrotait: posts big blind $3
*** HOLE CARDS ***
ZOGI: raises $3 to $6
Agrotait: calls $3
*** FLOP *** [8s 7s 7d]
Agrotait: checks
ZOGI: bets $3
Agrotait: calls $3
*** TURN *** [8s 7s 7d] [Ks]
Agrotait: checks
ZOGI: checks
*** RIVER *** [8s 7s 7d Ks] [Jh]
Agrotait: bets $6
ZOGI: calls $6
*** SHOW DOWN ***
Agrotait: shows [Qs 4s] (a flush, King high)
ZOGI: mucks hand
Agrotait collected $29.50 from pot
*** SUMMARY ***
Total pot $30 | Rake $0.50
Board [8s 7s 7d Ks Jh]
Seat 5: ZOGI (button) (small blind) mucked
Seat 6: Agrotait (big blind) showed [Qs 4s] and won ($29.50) with a flush, King high


PokerStars Hand #167887615556:  Hold'em Limit ($3/$6 USD) - 2017/03/21 1:11:04 ET
Table 'Dactyl' 6-max Seat #6 is the button
Seat 5: ZOGI ($23.48 in chips)
Seat 6: Agrotait ($233.28 in chips)
Agrotait: posts small blind $1
ZOGI: posts big blind $3
*** HOLE CARDS ***
Agrotait: raises $3 to $6
ZOGI: calls $3
*** FLOP *** [7d 6s Ac]
ZOGI: checks
Agrotait: bets $3
ZOGI: folds
Uncalled bet ($3) returned to Agrotait
Agrotait collected $11.76 from pot
Agrotait: doesn't show hand
*** SUMMARY ***
Total pot $12 | Rake $0.24
Board [7d 6s Ac]
Seat 5: ZOGI (big blind) folded on the Flop
Seat 6: Agrotait (button) (small blind) collected ($11.76)


PokerStars Hand #167887619217:  Hold'em Limit ($3/$6 USD) - 2017/03/21 1:11:18 ET
Table 'Dactyl' 6-max Seat #5 is the button
Seat 5: ZOGI ($17.48 in chips)
Seat 6: Agrotait ($239.04 in chips)
ZOGI: posts small blind $1
Agrotait: posts big blind $3
*** HOLE CARDS ***
ZOGI: raises $3 to $6
Agrotait: calls $3
*** FLOP *** [5c 5d Td]
Agrotait: checks
ZOGI: bets $3
Agrotait: folds
Uncalled bet ($3) returned to ZOGI
ZOGI collected $11.76 from pot
*** SUMMARY ***
Total pot $12 | Rake $0.24
Board [5c 5d Td]
Seat 5: ZOGI (button) (small blind) collected ($11.76)
Seat 6: Agrotait (big blind) folded on the Flop


PokerStars Hand #167887630153:  Hold'em Limit ($3/$6 USD) - 2017/03/21 1:12:01 ET
Table 'Dactyl' 6-max Seat #5 is the button
Seat 5: ZOGI ($14.24 in chips)
Seat 6: Agrotait ($241.68 in chips)
ZOGI: posts small blind $1
Agrotait: posts big blind $3
*** HOLE CARDS ***
ZOGI: folds
Uncalled bet ($2) returned to Agrotait
Agrotait collected $2 from pot
Agrotait: doesn't show hand
*** SUMMARY ***
Total pot $2 | Rake $0
Seat 5: ZOGI (button) (small blind) folded before Flop
Seat 6: Agrotait (big blind) collected ($2)


PokerStars Hand #167887623882:  Hold'em Limit ($3/$6 USD) - 2017/03/21 1:11:36 ET
Table 'Dactyl' 6-max Seat #6 is the button
Seat 5: ZOGI ($23.24 in chips)
Seat 6: Agrotait ($233.04 in chips)
Agrotait: posts small blind $1
ZOGI: posts big blind $3
*** HOLE CARDS ***
Agrotait: raises $3 to $6
ZOGI: calls $3
*** FLOP *** [7d 6d Ad]
ZOGI: checks
Agrotait: bets $3
ZOGI: calls $3
*** TURN *** [7d 6d Ad] [6c]
ZOGI: checks
Agrotait: bets $6
ZOGI: folds
Uncalled bet ($6) returned to Agrotait
Agrotait collected $17.64 from pot
Agrotait: doesn't show hand
*** SUMMARY ***
Total pot $18 | Rake $0.36
Board [7d 6d Ad 6c]
Seat 5: ZOGI (big blind) folded on the Turn
Seat 6: Agrotait (button) (small blind) collected ($17.64)


PokerStars Hand #167887631700:  Hold'em Limit ($3/$6 USD) - 2017/03/21 1:12:07 ET
Table 'Dactyl' 6-max Seat #6 is the button
Seat 5: ZOGI ($13.24 in chips)
Seat 6: Agrotait ($242.68 in chips)
Agrotait: posts small blind $1
ZOGI: posts big blind $3
*** HOLE CARDS ***
Agrotait: raises $3 to $6
ZOGI: calls $3
*** FLOP *** [6h Jd Td]
ZOGI: bets $3
Agrotait: folds
Uncalled bet ($3) returned to ZOGI
ZOGI collected $11.76 from pot
*** SUMMARY ***
Total pot $12 | Rake $0.24
Board [6h Jd Td]
Seat 5: ZOGI (big blind) collected ($11.76)
Seat 6: Agrotait (button) (small blind) folded on the Flop


PokerStars Hand #167887635306:  Hold'em Limit ($3/$6 USD) - 2017/03/21 1:12:22 ET
Table 'Dactyl' 6-max Seat #5 is the button
Seat 5: ZOGI ($19 in chips)
Seat 6: Agrotait ($236.68 in chips)
ZOGI: posts small blind $1
Agrotait: posts big blind $3
*** HOLE CARDS ***
ZOGI: raises $3 to $6
Agrotait: calls $3
*** FLOP *** [4d 6c 4h]
Agrotait: checks
ZOGI: checks
*** TURN *** [4d 6c 4h] [2h]
Agrotait: bets $6
ZOGI: raises $6 to $12
Agrotait: folds
Uncalled bet ($6) returned to ZOGI
ZOGI collected $23.52 from pot
*** SUMMARY ***
Total pot $24 | Rake $0.48
Board [4d 6c 4h 2h]
Seat 5: ZOGI (button) (small blind) collected ($23.52)
Seat 6: Agrotait (big blind) folded on the Turn


PokerStars Hand #167887640496:  Hold'em Limit ($3/$6 USD) - 2017/03/21 1:12:42 ET
Table 'Dactyl' 6-max Seat #5 is the button
Seat 5: ZOGI ($31.52 in chips)
Seat 6: Agrotait ($223.68 in chips)
ZOGI: posts small blind $1
Agrotait: posts big blind $3
*** HOLE CARDS ***
ZOGI: folds
Uncalled bet ($2) returned to Agrotait
Agrotait collected $2 from pot
Agrotait: doesn't show hand
*** SUMMARY ***
Total pot $2 | Rake $0
Seat 5: ZOGI (button) (small blind) folded before Flop
Seat 6: Agrotait (big blind) collected ($2)


PokerStars Hand #167887639144:  Hold'em Limit ($3/$6 USD) - 2017/03/21 1:12:36 ET
Table 'Dactyl' 6-max Seat #6 is the button
Seat 5: ZOGI ($30.52 in chips)
Seat 6: Agrotait ($224.68 in chips)
Agrotait: posts small blind $1
ZOGI: posts big blind $3
*** HOLE CARDS ***
Agrotait: folds
Uncalled bet ($2) returned to ZOGI
ZOGI collected $2 from pot
*** SUMMARY ***
Total pot $2 | Rake $0
Seat 5: ZOGI (big blind) collected ($2)
Seat 6: Agrotait (button) (small blind) folded before Flop


PokerStars Hand #167887641928:  Hold'em Limit ($3/$6 USD) - 2017/03/21 1:12:47 ET
Table 'Dactyl' 6-max Seat #6 is the button
Seat 5: ZOGI ($30.52 in chips)
Seat 6: Agrotait ($224.68 in chips)
Agrotait: posts small blind $1
ZOGI: posts big blind $3
*** HOLE CARDS ***
Agrotait: raises $3 to $6
ZOGI: calls $3
*** FLOP *** [5d 9d 7c]
ZOGI: checks
Agrotait: bets $3
ZOGI: folds
Uncalled bet ($3) returned to Agrotait
Agrotait collected $11.76 from pot
Agrotait: doesn't show hand
*** SUMMARY ***
Total pot $12 | Rake $0.24
Board [5d 9d 7c]
Seat 5: ZOGI (big blind) folded on the Flop
Seat 6: Agrotait (button) (small blind) collected ($11.76)


PokerStars Hand #167887645028:  Hold'em Limit ($3/$6 USD) - 2017/03/21 1:13:00 ET
Table 'Dactyl' 6-max Seat #5 is the button
Seat 5: ZOGI ($24.52 in chips)
Seat 6: Agrotait ($230.44 in chips)
ZOGI: posts small blind $1
Agrotait: posts big blind $3
*** HOLE CARDS ***
ZOGI: raises $3 to $6
Agrotait: calls $3
*** FLOP *** [7c 8s 6h]
Agrotait: checks
ZOGI: bets $3
Agrotait: calls $3
*** TURN *** [7c 8s 6h] [Ad]
Agrotait: checks
ZOGI: bets $6
Agrotait: folds
Uncalled bet ($6) returned to ZOGI
ZOGI collected $17.64 from pot
*** SUMMARY ***
Total pot $18 | Rake $0.36
Board [7c 8s 6h Ad]
Seat 5: ZOGI (button) (small blind) collected ($17.64)
Seat 6: Agrotait (big blind) folded on the Turn


PokerStars Hand #167887659706:  Hold'em Limit ($3/$6 USD) - 2017/03/21 1:13:57 ET
Table 'Dactyl' 6-max Seat #5 is the button
Seat 5: ZOGI ($24.16 in chips)
Seat 6: Agrotait ($230.08 in chips)
ZOGI: posts small blind $1
Agrotait: posts big blind $3
*** HOLE CARDS ***
ZOGI: folds
Uncalled bet ($2) returned to Agrotait
Agrotait collected $2 from pot
Agrotait: doesn't show hand
*** SUMMARY ***
Total pot $2 | Rake $0
Seat 5: ZOGI (button) (small blind) folded before Flop
Seat 6: Agrotait (big blind) collected ($2)


PokerStars Hand #167887661131:  Hold'em Limit ($3/$6 USD) - 2017/03/21 1:14:02 ET
Table 'Dactyl' 6-max Seat #6 is the button
Seat 5: ZOGI ($23.16 in chips)
Seat 6: Agrotait ($231.08 in chips)
Agrotait: posts small blind $1
ZOGI: posts big blind $3
*** HOLE CARDS ***
Agrotait: raises $3 to $6
ZOGI: calls $3
*** FLOP *** [Kh Qh 2h]
ZOGI: bets $3
Agrotait: calls $3
*** TURN *** [Kh Qh 2h] [8c]
ZOGI: bets $6
Agrotait: calls $6
*** RIVER *** [Kh Qh 2h 8c] [Kc]
ZOGI: bets $6
Agrotait: calls $6
*** SHOW DOWN ***
ZOGI: shows [5h Ks] (three of a kind, Kings)
Agrotait: mucks hand
ZOGI collected $41.50 from pot
*** SUMMARY ***
Total pot $42 | Rake $0.50
Board [Kh Qh 2h 8c Kc]
Seat 5: ZOGI (big blind) showed [5h Ks] and won ($41.50) with three of a kind, Kings
Seat 6: Agrotait (button) (small blind) mucked


PokerStars Hand #167887666070:  Hold'em Limit ($3/$6 USD) - 2017/03/21 1:14:22 ET
Table 'Dactyl' 6-max Seat #5 is the button
Seat 5: ZOGI ($43.66 in chips)
Seat 6: Agrotait ($210.08 in chips)
ZOGI: posts small blind $1
Agrotait: posts big blind $3
*** HOLE CARDS ***
ZOGI: raises $3 to $6
Agrotait: calls $3
*** FLOP *** [8d Kd Ac]
Agrotait: checks
ZOGI: bets $3
Agrotait: folds
Uncalled bet ($3) returned to ZOGI
ZOGI collected $11.76 from pot
*** SUMMARY ***
Total pot $12 | Rake $0.24
Board [8d Kd Ac]
Seat 5: ZOGI (button) (small blind) collected ($11.76)
Seat 6: Agrotait (big blind) folded on the Flop


PokerStars Hand #167887674590:  Hold'em Limit ($3/$6 USD) - 2017/03/21 1:14:55 ET
Table 'Dactyl' 6-max Seat #5 is the button
Seat 5: ZOGI ($28.42 in chips)
Seat 6: Agrotait ($224.58 in chips)
ZOGI: posts small blind $1
Agrotait: posts big blind $3
*** HOLE CARDS ***
ZOGI: raises $3 to $6
Agrotait: calls $3
*** FLOP *** [4d Qh 3h]
Agrotait: checks
ZOGI: bets $3
Agrotait: folds
Uncalled bet ($3) returned to ZOGI
ZOGI collected $11.76 from pot
*** SUMMARY ***
Total pot $12 | Rake $0.24
Board [4d Qh 3h]
Seat 5: ZOGI (button) (small blind) collected ($11.76)
Seat 6: Agrotait (big blind) folded on the Flop


PokerStars Hand #167887668907:  Hold'em Limit ($3/$6 USD) - 2017/03/21 1:14:33 ET
Table 'Dactyl' 6-max Seat #6 is the button
Seat 5: ZOGI ($49.42 in chips)
Seat 6: Agrotait ($204.08 in chips)
Agrotait: posts small blind $1
ZOGI: posts big blind $3
*** HOLE CARDS ***
Agrotait: raises $3 to $6
ZOGI: calls $3
*** FLOP *** [3d 7h Kd]
ZOGI: bets $3
Agrotait: calls $3
*** TURN *** [3d 7h Kd] [3h]
ZOGI: bets $6
Agrotait: calls $6
*** RIVER *** [3d 7h Kd 3h] [6h]
ZOGI: checks
Agrotait: bets $6
ZOGI: calls $6
*** SHOW DOWN ***
Agrotait: shows [Th 9h] (a flush, Ten high)
ZOGI: mucks hand
Agrotait collected $41.50 from pot
*** SUMMARY ***
Total pot $42 | Rake $0.50
Board [3d 7h Kd 3h 6h]
Seat 5: ZOGI (big blind) mucked
Seat 6: Agrotait (button) (small blind) showed [Th 9h] and won ($41.50) with a flush, Ten high


PokerStars Hand #167887678679:  Hold'em Limit ($3/$6 USD) - 2017/03/21 1:15:11 ET
Table 'Dactyl' 6-max Seat #6 is the button
Seat 5: ZOGI ($34.18 in chips)
Seat 6: Agrotait ($218.58 in chips)
Agrotait: posts small blind $1
ZOGI: posts big blind $3
*** HOLE CARDS ***
Agrotait: raises $3 to $6
ZOGI: calls $3
*** FLOP *** [Jd Ah Qs]
ZOGI: checks
Agrotait: bets $3
ZOGI: calls $3
*** TURN *** [Jd Ah Qs] [7c]
ZOGI: checks
Agrotait: checks
*** RIVER *** [Jd Ah Qs 7c] [Qh]
ZOGI: checks
Agrotait: bets $6
ZOGI: calls $6
*** SHOW DOWN ***
Agrotait: shows [2h 8h] (a pair of Queens)
ZOGI: shows [Jc 5c] (two pair, Queens and Jacks)
ZOGI collected $29.50 from pot
*** SUMMARY ***
Total pot $30 | Rake $0.50
Board [Jd Ah Qs 7c Qh]
Seat 5: ZOGI (big blind) showed [Jc 5c] and won ($29.50) with two pair, Queens and Jacks
Seat 6: Agrotait (button) (small blind) showed [2h 8h] and lost with a pair of Queens


PokerStars Hand #167887651783:  Hold'em Limit ($3/$6 USD) - 2017/03/21 1:13:26 ET
Table 'Dactyl' 6-max Seat #6 is the button
Seat 5: ZOGI ($33.16 in chips)
Seat 6: Agrotait ($221.44 in chips)
Agrotait: posts small blind $1
ZOGI: posts big blind $3
*** HOLE CARDS ***
Agrotait: raises $3 to $6
ZOGI: calls $3
*** FLOP *** [3c 8h Js]
ZOGI: checks
Agrotait: bets $3
ZOGI: calls $3
*** TURN *** [3c 8h Js] [Qc]
ZOGI: checks
Agrotait: bets $6
ZOGI: folds
Uncalled bet ($6) returned to Agrotait
Agrotait collected $17.64 from pot
Agrotait: doesn't show hand
*** SUMMARY ***
Total pot $18 | Rake $0.36
Board [3c 8h Js Qc]
Seat 5: ZOGI (big blind) folded on the Turn
Seat 6: Agrotait (button) (small blind) collected ($17.64)


PokerStars Hand #167887685278:  Hold'em Limit ($3/$6 USD) - 2017/03/21 1:15:37 ET
Table 'Dactyl' 6-max Seat #5 is the button
Seat 5: ZOGI ($48.68 in chips)
Seat 6: Agrotait ($203.58 in chips)
ZOGI: posts small blind $1
Agrotait: posts big blind $3
*** HOLE CARDS ***
ZOGI: calls $2
slurpppy joins the table at seat #4
Agrotait: checks
*** FLOP *** [Kc Kh Jc]
Agrotait: bets $3
ZOGI: calls $3
*** TURN *** [Kc Kh Jc] [Ks]
Agrotait: checks
ZOGI: bets $6
Agrotait: folds
Uncalled bet ($6) returned to ZOGI
ZOGI collected $11.76 from pot
*** SUMMARY ***
Total pot $12 | Rake $0.24
Board [Kc Kh Jc Ks]
Seat 5: ZOGI (button) (small blind) collected ($11.76)
Seat 6: Agrotait (big blind) folded on the Turn


PokerStars Hand #167888557541:  Hold'em Limit ($3/$6 USD) - 2017/03/21 2:15:42 ET
Table 'Dactyl' 6-max Seat #2 is the button
Seat 2: Gioulman ($52.18 in chips)
Seat 5: Scheubi88 ($182.60 in chips)
Gioulman: posts small blind $1
Scheubi88: posts big blind $3
*** HOLE CARDS ***
Gioulman: folds
Uncalled bet ($2) returned to Scheubi88
Scheubi88 collected $2 from pot
Scheubi88: doesn't show hand
*** SUMMARY ***
Total pot $2 | Rake $0
Seat 2: Gioulman (button) (small blind) folded before Flop
Seat 5: Scheubi88 (big blind) collected ($2)


PokerStars Hand #167888553434:  Hold'em Limit ($3/$6 USD) - 2017/03/21 2:15:25 ET
Table 'Dactyl' 6-max Seat #5 is the button
Seat 2: Gioulman ($76.18 in chips)
Seat 5: Scheubi88 ($159.10 in chips)
Scheubi88: posts small blind $1
Gioulman: posts big blind $3
*** HOLE CARDS ***
Scheubi88: raises $3 to $6
Gioulman: raises $3 to $9
Scheubi88: calls $3
*** FLOP *** [7c 5h 7h]
Gioulman: bets $3
Scheubi88: calls $3
*** TURN *** [7c 5h 7h] [Ts]
Gioulman: bets $6
Scheubi88: calls $6
*** RIVER *** [7c 5h 7h Ts] [3s]
Gioulman: bets $6
Scheubi88: calls $6
*** SHOW DOWN ***
Gioulman: shows [2s 2d] (two pair, Sevens and Deuces)
Scheubi88: shows [4d 4h] (two pair, Sevens and Fours)
Scheubi88 collected $47.50 from pot
*** SUMMARY ***
Total pot $48 | Rake $0.50
Board [7c 5h 7h Ts 3s]
Seat 2: Gioulman (big blind) showed [2s 2d] and lost with two pair, Sevens and Deuces
Seat 5: Scheubi88 (button) (small blind) showed [4d 4h] and won ($47.50) with two pair, Sevens and Fours


PokerStars Hand #167888551759:  Hold'em Limit ($3/$6 USD) - 2017/03/21 2:15:18 ET
Table 'Dactyl' 6-max Seat #2 is the button
Seat 2: Gioulman ($73.18 in chips)
Seat 5: Scheubi88 ($162.10 in chips)
Gioulman: posts small blind $1
krossguard: is sitting out
Scheubi88: posts big blind $3
*** HOLE CARDS ***
Gioulman: raises $3 to $6
Scheubi88: folds
Uncalled bet ($3) returned to Gioulman
krossguard leaves the table
Gioulman collected $6 from pot
Gioulman: doesn't show hand
*** SUMMARY ***
Total pot $6 | Rake $0
Seat 2: Gioulman (button) (small blind) collected ($6)
Seat 5: Scheubi88 (big blind) folded before Flop


PokerStars Hand #167888558713:  Hold'em Limit ($3/$6 USD) - 2017/03/21 2:15:47 ET
Table 'Dactyl' 6-max Seat #5 is the button
Seat 2: Gioulman ($51.18 in chips)
Seat 5: Scheubi88 ($183.60 in chips)
Scheubi88: posts small blind $1
Gioulman: posts big blind $3
*** HOLE CARDS ***
Scheubi88: raises $3 to $6
Gioulman: calls $3
*** FLOP *** [Ks 5c Jh]
Gioulman: bets $3
Scheubi88: calls $3
*** TURN *** [Ks 5c Jh] [Td]
Gioulman: bets $6
Scheubi88: calls $6
*** RIVER *** [Ks 5c Jh Td] [5s]
Gioulman: bets $6
Scheubi88: calls $6
*** SHOW DOWN ***
Gioulman: shows [4s Jc] (two pair, Jacks and Fives)
Scheubi88: mucks hand
Gioulman collected $41.50 from pot
*** SUMMARY ***
Total pot $42 | Rake $0.50
Board [Ks 5c Jh Td 5s]
Seat 2: Gioulman (big blind) showed [4s Jc] and won ($41.50) with two pair, Jacks and Fives
Seat 5: Scheubi88 (button) (small blind) mucked


PokerStars Hand #167888568700:  Hold'em Limit ($3/$6 USD) - 2017/03/21 2:16:29 ET
Table 'Dactyl' 6-max Seat #5 is the button
Seat 2: Gioulman ($98.18 in chips)
Seat 5: Scheubi88 ($135.60 in chips)
Scheubi88: posts small blind $1
Gioulman: posts big blind $3
*** HOLE CARDS ***
Scheubi88: folds
Uncalled bet ($2) returned to Gioulman
Gioulman collected $2 from pot
Gioulman: doesn't show hand
*** SUMMARY ***
Total pot $2 | Rake $0
Seat 2: Gioulman (big blind) collected ($2)
Seat 5: Scheubi88 (button) (small blind) folded before Flop


PokerStars Hand #167888562574:  Hold'em Limit ($3/$6 USD) - 2017/03/21 2:16:03 ET
Table 'Dactyl' 6-max Seat #2 is the button
Seat 2: Gioulman ($71.68 in chips)
Seat 5: Scheubi88 ($162.60 in chips)
Gioulman: posts small blind $1
Scheubi88: posts big blind $3
*** HOLE CARDS ***
Gioulman: raises $3 to $6
Scheubi88: calls $3
*** FLOP *** [4h Ad 2d]
Scheubi88: checks
Gioulman: bets $3
Scheubi88: calls $3
*** TURN *** [4h Ad 2d] [Qd]
Scheubi88: checks
Gioulman: bets $6
Scheubi88: raises $6 to $12
Gioulman: raises $6 to $18
Scheubi88: calls $6
*** RIVER *** [4h Ad 2d Qd] [6c]
Scheubi88: checks
Gioulman: bets $6
Scheubi88: folds
Uncalled bet ($6) returned to Gioulman
Gioulman collected $53.50 from pot
Gioulman: doesn't show hand
*** SUMMARY ***
Total pot $54 | Rake $0.50
Board [4h Ad 2d Qd 6c]
Seat 2: Gioulman (button) (small blind) collected ($53.50)
Seat 5: Scheubi88 (big blind) folded on the River


PokerStars Hand #167888569959:  Hold'em Limit ($3/$6 USD) - 2017/03/21 2:16:34 ET
Table 'Dactyl' 6-max Seat #2 is the button
Seat 2: Gioulman ($99.18 in chips)
Seat 5: Scheubi88 ($134.60 in chips)
Gioulman: posts small blind $1
Scheubi88: posts big blind $3
*** HOLE CARDS ***
Gioulman: folds
Uncalled bet ($2) returned to Scheubi88
Scheubi88 collected $2 from pot
Scheubi88: doesn't show hand
*** SUMMARY ***
Total pot $2 | Rake $0
Seat 2: Gioulman (button) (small blind) folded before Flop
Seat 5: Scheubi88 (big blind) collected ($2)


PokerStars Hand #167888571168:  Hold'em Limit ($3/$6 USD) - 2017/03/21 2:16:39 ET
Table 'Dactyl' 6-max Seat #5 is the button
Seat 2: Gioulman ($98.18 in chips)
Seat 5: Scheubi88 ($135.60 in chips)
Scheubi88: posts small blind $1
Gioulman: posts big blind $3
*** HOLE CARDS ***
Scheubi88: raises $3 to $6
Gioulman: folds
Uncalled bet ($3) returned to Scheubi88
Scheubi88 collected $6 from pot
Scheubi88: doesn't show hand
Gioulman leaves the table
*** SUMMARY ***
Total pot $6 | Rake $0
Seat 2: Gioulman (big blind) folded before Flop
Seat 5: Scheubi88 (button) (small blind) collected ($6)


