PokerStars Hand #174799170879:  Hold'em Limit ($3/$6 USD) - 2017/08/25 21:27:05 ET
Table 'Daedalus' 6-max Seat #1 is the button
Seat 1: Velbor107 ($300 in chips)
Seat 3: NEST201300 ($293.23 in chips)
Velbor107: posts small blind $1
NEST201300: posts big blind $3
*** HOLE CARDS ***
Velbor107: raises $3 to $6
NEST201300: calls $3
*** FLOP *** [6s 8c Js]
NEST201300: checks
Velbor107: bets $3
NEST201300: calls $3
*** TURN *** [6s 8c Js] [6h]
NEST201300: checks
Velbor107: checks
*** RIVER *** [6s 8c Js 6h] [Kc]
NEST201300: bets $6
Velbor107: folds
Uncalled bet ($6) returned to NEST201300
NEST201300 collected $17.64 from pot
NEST201300: doesn't show hand
*** SUMMARY ***
Total pot $18 | Rake $0.36
Board [6s 8c Js 6h Kc]
Seat 1: Velbor107 (button) (small blind) folded on the River
Seat 3: NEST201300 (big blind) collected ($17.64)


PokerStars Hand #174799216179:  Hold'em Limit ($3/$6 USD) - 2017/08/25 21:28:54 ET
Table 'Daedalus' 6-max Seat #1 is the button
Seat 1: Velbor107 ($278.76 in chips)
Seat 3: NEST201300 ($313.25 in chips)
Velbor107: posts small blind $1
NEST201300: posts big blind $3
*** HOLE CARDS ***
Velbor107: raises $3 to $6
NEST201300: calls $3
*** FLOP *** [Th Kc 4c]
NEST201300: checks
Velbor107: checks
*** TURN *** [Th Kc 4c] [3c]
NEST201300: bets $6
Velbor107: raises $6 to $12
NEST201300: calls $6
*** RIVER *** [Th Kc 4c 3c] [5c]
NEST201300: checks
Velbor107: checks
*** SHOW DOWN ***
NEST201300: shows [2c 2d] (a flush, King high)
Velbor107: mucks hand
NEST201300 collected $35.50 from pot
*** SUMMARY ***
Total pot $36 | Rake $0.50
Board [Th Kc 4c 3c 5c]
Seat 1: Velbor107 (button) (small blind) mucked
Seat 3: NEST201300 (big blind) showed [2c 2d] and won ($35.50) with a flush, King high


PokerStars Hand #174799204124:  Hold'em Limit ($3/$6 USD) - 2017/08/25 21:28:25 ET
Table 'Daedalus' 6-max Seat #3 is the button
Seat 1: Velbor107 ($293.76 in chips)
Seat 3: NEST201300 ($298.75 in chips)
NEST201300: posts small blind $1
Velbor107: posts big blind $3
*** HOLE CARDS ***
NEST201300: calls $2
Velbor107: checks
*** FLOP *** [4s 8s 6d]
Velbor107: checks
NEST201300: checks
*** TURN *** [4s 8s 6d] [Kc]
Velbor107: bets $6
NEST201300: calls $6
*** RIVER *** [4s 8s 6d Kc] [Td]
Velbor107: checks
NEST201300: bets $6
Velbor107: calls $6
*** SHOW DOWN ***
NEST201300: shows [Th 7h] (a pair of Tens)
Velbor107: mucks hand
NEST201300 collected $29.50 from pot
*** SUMMARY ***
Total pot $30 | Rake $0.50
Board [4s 8s 6d Kc Td]
Seat 1: Velbor107 (big blind) mucked
Seat 3: NEST201300 (button) (small blind) showed [Th 7h] and won ($29.50) with a pair of Tens


PokerStars Hand #174799196864:  Hold'em Limit ($3/$6 USD) - 2017/08/25 21:28:08 ET
Table 'Daedalus' 6-max Seat #1 is the button
Seat 1: Velbor107 ($288 in chips)
Seat 3: NEST201300 ($304.75 in chips)
Velbor107: posts small blind $1
NEST201300: posts big blind $3
*** HOLE CARDS ***
Velbor107: raises $3 to $6
NEST201300: calls $3
*** FLOP *** [7h Qs 5d]
NEST201300: checks
Velbor107: bets $3
NEST201300: folds
Uncalled bet ($3) returned to Velbor107
Velbor107 collected $11.76 from pot
*** SUMMARY ***
Total pot $12 | Rake $0.24
Board [7h Qs 5d]
Seat 1: Velbor107 (button) (small blind) collected ($11.76)
Seat 3: NEST201300 (big blind) folded on the Flop


PokerStars Hand #174799225842:  Hold'em Limit ($3/$6 USD) - 2017/08/25 21:29:17 ET
Table 'Daedalus' 6-max Seat #3 is the button
Seat 1: Velbor107 ($260.76 in chips)
Seat 3: NEST201300 ($330.75 in chips)
NEST201300: posts small blind $1
Velbor107: posts big blind $3
*** HOLE CARDS ***
NEST201300: calls $2
Velbor107: checks
*** FLOP *** [Kd As 6s]
Velbor107: checks
NEST201300: bets $3
Velbor107: folds
Uncalled bet ($3) returned to NEST201300
NEST201300 collected $5.88 from pot
NEST201300: doesn't show hand
*** SUMMARY ***
Total pot $6 | Rake $0.12
Board [Kd As 6s]
Seat 1: Velbor107 (big blind) folded on the Flop
Seat 3: NEST201300 (button) (small blind) collected ($5.88)


PokerStars Hand #174799241412:  Hold'em Limit ($3/$6 USD) - 2017/08/25 21:29:55 ET
Table 'Daedalus' 6-max Seat #3 is the button
Seat 1: Velbor107 ($269.28 in chips)
Seat 3: NEST201300 ($321.63 in chips)
NEST201300: posts small blind $1
Velbor107: posts big blind $3
*** HOLE CARDS ***
NEST201300: calls $2
Velbor107: checks
*** FLOP *** [Tc 4c 5h]
Velbor107: checks
NEST201300: checks
*** TURN *** [Tc 4c 5h] [Kc]
Velbor107: checks
NEST201300: checks
*** RIVER *** [Tc 4c 5h Kc] [Kd]
Velbor107: checks
NEST201300: checks
*** SHOW DOWN ***
Velbor107: shows [3c Jh] (a pair of Kings)
NEST201300: shows [Qh 9s] (a pair of Kings - Queen kicker)
NEST201300 collected $5.88 from pot
*** SUMMARY ***
Total pot $6 | Rake $0.12
Board [Tc 4c 5h Kc Kd]
Seat 1: Velbor107 (big blind) showed [3c Jh] and lost with a pair of Kings
Seat 3: NEST201300 (button) (small blind) showed [Qh 9s] and won ($5.88) with a pair of Kings


PokerStars Hand #174799248761:  Hold'em Limit ($3/$6 USD) - 2017/08/25 21:30:11 ET
Table 'Daedalus' 6-max Seat #1 is the button
Seat 1: Velbor107 ($266.28 in chips)
Seat 3: NEST201300 ($324.51 in chips)
Velbor107: posts small blind $1
NEST201300: posts big blind $3
*** HOLE CARDS ***
Velbor107: folds
Uncalled bet ($2) returned to NEST201300
NEST201300 collected $2 from pot
NEST201300: doesn't show hand
*** SUMMARY ***
Total pot $2 | Rake $0
Seat 1: Velbor107 (button) (small blind) folded before Flop
Seat 3: NEST201300 (big blind) collected ($2)


PokerStars Hand #174799259872:  Hold'em Limit ($3/$6 USD) - 2017/08/25 21:30:37 ET
Table 'Daedalus' 6-max Seat #1 is the button
Seat 1: Velbor107 ($271.04 in chips)
Seat 3: NEST201300 ($319.51 in chips)
Velbor107: posts small blind $1
NEST201300: posts big blind $3
*** HOLE CARDS ***
Velbor107: raises $3 to $6
NEST201300: calls $3
*** FLOP *** [8c Td Qd]
NEST201300: checks
Velbor107: bets $3
NEST201300: calls $3
*** TURN *** [8c Td Qd] [2d]
NEST201300: checks
Velbor107: bets $6
NEST201300: calls $6
*** RIVER *** [8c Td Qd 2d] [8d]
NEST201300: bets $6
Velbor107: folds
Uncalled bet ($6) returned to NEST201300
NEST201300 collected $29.50 from pot
NEST201300: doesn't show hand
*** SUMMARY ***
Total pot $30 | Rake $0.50
Board [8c Td Qd 2d 8d]
Seat 1: Velbor107 (button) (small blind) folded on the River
Seat 3: NEST201300 (big blind) collected ($29.50)


PokerStars Hand #174799252155:  Hold'em Limit ($3/$6 USD) - 2017/08/25 21:30:19 ET
Table 'Daedalus' 6-max Seat #3 is the button
Seat 1: Velbor107 ($265.28 in chips)
Seat 3: NEST201300 ($325.51 in chips)
NEST201300: posts small blind $1
Velbor107: posts big blind $3
*** HOLE CARDS ***
NEST201300: calls $2
Velbor107: raises $3 to $6
NEST201300: calls $3
*** FLOP *** [3d 9h 9c]
Velbor107: checks
NEST201300: checks
*** TURN *** [3d 9h 9c] [3h]
Velbor107: bets $6
NEST201300: folds
Uncalled bet ($6) returned to Velbor107
Velbor107 collected $11.76 from pot
*** SUMMARY ***
Total pot $12 | Rake $0.24
Board [3d 9h 9c 3h]
Seat 1: Velbor107 (big blind) collected ($11.76)
Seat 3: NEST201300 (button) (small blind) folded on the Turn


PokerStars Hand #174799279430:  Hold'em Limit ($3/$6 USD) - 2017/08/25 21:31:21 ET
Table 'Daedalus' 6-max Seat #1 is the button
Seat 1: Velbor107 ($257.04 in chips)
Seat 3: NEST201300 ($333.01 in chips)
Velbor107: posts small blind $1
NEST201300: posts big blind $3
*** HOLE CARDS ***
Velbor107: folds
Uncalled bet ($2) returned to NEST201300
NEST201300 collected $2 from pot
NEST201300: doesn't show hand
*** SUMMARY ***
Total pot $2 | Rake $0
Seat 1: Velbor107 (button) (small blind) folded before Flop
Seat 3: NEST201300 (big blind) collected ($2)


PokerStars Hand #174799277023:  Hold'em Limit ($3/$6 USD) - 2017/08/25 21:31:16 ET
Table 'Daedalus' 6-max Seat #3 is the button
Seat 1: Velbor107 ($256.04 in chips)
Seat 3: NEST201300 ($334.01 in chips)
NEST201300: posts small blind $1
Velbor107: posts big blind $3
*** HOLE CARDS ***
NEST201300: folds
Uncalled bet ($2) returned to Velbor107
Velbor107 collected $2 from pot
*** SUMMARY ***
Total pot $2 | Rake $0
Seat 1: Velbor107 (big blind) collected ($2)
Seat 3: NEST201300 (button) (small blind) folded before Flop


PokerStars Hand #174799281523:  Hold'em Limit ($3/$6 USD) - 2017/08/25 21:31:26 ET
Table 'Daedalus' 6-max Seat #3 is the button
Seat 1: Velbor107 ($256.04 in chips)
Seat 3: NEST201300 ($334.01 in chips)
NEST201300: posts small blind $1
Velbor107: posts big blind $3
*** HOLE CARDS ***
NEST201300: calls $2
Velbor107: checks
*** FLOP *** [Ad 5c 2h]
Velbor107: checks
NEST201300: bets $3
Velbor107: folds
Uncalled bet ($3) returned to NEST201300
NEST201300 collected $5.88 from pot
NEST201300: doesn't show hand
*** SUMMARY ***
Total pot $6 | Rake $0.12
Board [Ad 5c 2h]
Seat 1: Velbor107 (big blind) folded on the Flop
Seat 3: NEST201300 (button) (small blind) collected ($5.88)


PokerStars Hand #174799288955:  Hold'em Limit ($3/$6 USD) - 2017/08/25 21:31:43 ET
Table 'Daedalus' 6-max Seat #1 is the button
Seat 1: Velbor107 ($253.04 in chips)
Seat 3: NEST201300 ($336.89 in chips)
Velbor107: posts small blind $1
NEST201300: posts big blind $3
*** HOLE CARDS ***
Velbor107: raises $3 to $6
NEST201300: calls $3
*** FLOP *** [6d 4d 4s]
NEST201300: checks
Velbor107: checks
*** TURN *** [6d 4d 4s] [7h]
NEST201300: checks
Velbor107: checks
*** RIVER *** [6d 4d 4s 7h] [Kh]
NEST201300: checks
Velbor107: bets $6
NEST201300: folds
Uncalled bet ($6) returned to Velbor107
dmonr joins the table at seat #5
Velbor107 collected $11.76 from pot
*** SUMMARY ***
Total pot $12 | Rake $0.24
Board [6d 4d 4s 7h Kh]
Seat 1: Velbor107 (button) (small blind) collected ($11.76)
Seat 3: NEST201300 (big blind) folded on the River


PokerStars Hand #174799363953:  Hold'em Limit ($3/$6 USD) - 2017/08/25 21:34:31 ET
Table 'Daedalus' 6-max Seat #1 is the button
Seat 1: Velbor107 ($248.54 in chips)
Seat 3: NEST201300 ($287.68 in chips)
Velbor107: posts small blind $1
NEST201300: posts big blind $3
*** HOLE CARDS ***
Velbor107: folds
Uncalled bet ($2) returned to NEST201300
NEST201300 collected $2 from pot
NEST201300: doesn't show hand
*** SUMMARY ***
Total pot $2 | Rake $0
Seat 1: Velbor107 (button) (small blind) folded before Flop
Seat 3: NEST201300 (big blind) collected ($2)


PokerStars Hand #174799383739:  Hold'em Limit ($3/$6 USD) - 2017/08/25 21:35:16 ET
Table 'Daedalus' 6-max Seat #1 is the button
Seat 1: Velbor107 ($280.04 in chips)
Seat 3: NEST201300 ($255.68 in chips)
Velbor107: posts small blind $1
NEST201300: posts big blind $3
*** HOLE CARDS ***
Velbor107: folds
Uncalled bet ($2) returned to NEST201300
NEST201300 collected $2 from pot
NEST201300: doesn't show hand
*** SUMMARY ***
Total pot $2 | Rake $0
Seat 1: Velbor107 (button) (small blind) folded before Flop
Seat 3: NEST201300 (big blind) collected ($2)


PokerStars Hand #174799386859:  Hold'em Limit ($3/$6 USD) - 2017/08/25 21:35:23 ET
Table 'Daedalus' 6-max Seat #3 is the button
Seat 1: Velbor107 ($279.04 in chips)
Seat 3: NEST201300 ($256.68 in chips)
NEST201300: posts small blind $1
Velbor107: posts big blind $3
*** HOLE CARDS ***
NEST201300: raises $3 to $6
Velbor107: folds
Uncalled bet ($3) returned to NEST201300
NEST201300 collected $6 from pot
NEST201300: doesn't show hand
*** SUMMARY ***
Total pot $6 | Rake $0
Seat 1: Velbor107 (big blind) folded before Flop
Seat 3: NEST201300 (button) (small blind) collected ($6)


PokerStars Hand #174799398032:  Hold'em Limit ($3/$6 USD) - 2017/08/25 21:35:48 ET
Table 'Daedalus' 6-max Seat #3 is the button
Seat 1: Velbor107 ($267.04 in chips)
Seat 3: NEST201300 ($268.32 in chips)
NEST201300: posts small blind $1
Velbor107: posts big blind $3
*** HOLE CARDS ***
NEST201300: raises $3 to $6
Velbor107: raises $3 to $9
NEST201300: raises $3 to $12
Betting is capped
Velbor107: calls $3
*** FLOP *** [5h 8c 2c]
Velbor107: checks
NEST201300: bets $3
Velbor107: calls $3
*** TURN *** [5h 8c 2c] [6d]
Velbor107: checks
NEST201300: bets $6
Velbor107: folds
Uncalled bet ($6) returned to NEST201300
NEST201300 collected $29.50 from pot
NEST201300: doesn't show hand
*** SUMMARY ***
Total pot $30 | Rake $0.50
Board [5h 8c 2c 6d]
Seat 1: Velbor107 (big blind) folded on the Turn
Seat 3: NEST201300 (button) (small blind) collected ($29.50)


PokerStars Hand #174799390178:  Hold'em Limit ($3/$6 USD) - 2017/08/25 21:35:30 ET
Table 'Daedalus' 6-max Seat #1 is the button
Seat 1: Velbor107 ($276.04 in chips)
Seat 3: NEST201300 ($259.68 in chips)
Velbor107: posts small blind $1
NEST201300: posts big blind $3
*** HOLE CARDS ***
Velbor107: raises $3 to $6
NEST201300: raises $3 to $9
Velbor107: calls $3
*** FLOP *** [2d Ks 5h]
NEST201300: bets $3
Velbor107: folds
Uncalled bet ($3) returned to NEST201300
NEST201300 collected $17.64 from pot
NEST201300: doesn't show hand
*** SUMMARY ***
Total pot $18 | Rake $0.36
Board [2d Ks 5h]
Seat 1: Velbor107 (button) (small blind) folded on the Flop
Seat 3: NEST201300 (big blind) collected ($17.64)


PokerStars Hand #174799409389:  Hold'em Limit ($3/$6 USD) - 2017/08/25 21:36:14 ET
Table 'Daedalus' 6-max Seat #1 is the button
Seat 1: Velbor107 ($252.04 in chips)
Seat 3: NEST201300 ($282.82 in chips)
Velbor107: posts small blind $1
NEST201300: posts big blind $3
*** HOLE CARDS ***
Velbor107: raises $3 to $6
NEST201300: folds
Uncalled bet ($3) returned to Velbor107
Velbor107 collected $6 from pot
*** SUMMARY ***
Total pot $6 | Rake $0
Seat 1: Velbor107 (button) (small blind) collected ($6)
Seat 3: NEST201300 (big blind) folded before Flop


PokerStars Hand #174799413854:  Hold'em Limit ($3/$6 USD) - 2017/08/25 21:36:24 ET
Table 'Daedalus' 6-max Seat #3 is the button
Seat 1: Velbor107 ($255.04 in chips)
Seat 3: NEST201300 ($279.82 in chips)
NEST201300: posts small blind $1
Velbor107: posts big blind $3
*** HOLE CARDS ***
NEST201300: raises $3 to $6
Velbor107: calls $3
*** FLOP *** [5s 9c Tc]
Velbor107: bets $3
NEST201300: raises $3 to $6
Velbor107: raises $3 to $9
NEST201300: calls $3
*** TURN *** [5s 9c Tc] [Kc]
Velbor107: bets $6
NEST201300: calls $6
*** RIVER *** [5s 9c Tc Kc] [6d]
Velbor107: bets $6
NEST201300: calls $6
*** SHOW DOWN ***
Velbor107: shows [Ac Td] (a pair of Tens)
NEST201300: mucks hand
Velbor107 collected $53.50 from pot
*** SUMMARY ***
Total pot $54 | Rake $0.50
Board [5s 9c Tc Kc 6d]
Seat 1: Velbor107 (big blind) showed [Ac Td] and won ($53.50) with a pair of Tens
Seat 3: NEST201300 (button) (small blind) mucked


PokerStars Hand #174799432527:  Hold'em Limit ($3/$6 USD) - 2017/08/25 21:37:06 ET
Table 'Daedalus' 6-max Seat #3 is the button
Seat 1: Velbor107 ($305.04 in chips)
Seat 3: NEST201300 ($228.82 in chips)
NEST201300: posts small blind $1
Velbor107: posts big blind $3
*** HOLE CARDS ***
NEST201300: raises $3 to $6
Velbor107: calls $3
*** FLOP *** [Ad Ah Js]
Velbor107: checks
NEST201300: bets $3
Velbor107: folds
Uncalled bet ($3) returned to NEST201300
NEST201300 collected $11.76 from pot
NEST201300: doesn't show hand
*** SUMMARY ***
Total pot $12 | Rake $0.24
Board [Ad Ah Js]
Seat 1: Velbor107 (big blind) folded on the Flop
Seat 3: NEST201300 (button) (small blind) collected ($11.76)


PokerStars Hand #174799422825:  Hold'em Limit ($3/$6 USD) - 2017/08/25 21:36:44 ET
Table 'Daedalus' 6-max Seat #1 is the button
Seat 1: Velbor107 ($281.54 in chips)
Seat 3: NEST201300 ($252.82 in chips)
Velbor107: posts small blind $1
NEST201300: posts big blind $3
*** HOLE CARDS ***
Velbor107: raises $3 to $6
NEST201300: raises $3 to $9
Velbor107: calls $3
*** FLOP *** [Tc 4s 3h]
NEST201300: bets $3
Velbor107: calls $3
*** TURN *** [Tc 4s 3h] [Kh]
NEST201300: bets $6
Velbor107: calls $6
*** RIVER *** [Tc 4s 3h Kh] [3s]
NEST201300: bets $6
Velbor107: calls $6
*** SHOW DOWN ***
NEST201300: shows [9d 6c] (a pair of Threes)
Velbor107: shows [4c Ac] (two pair, Fours and Threes)
Velbor107 collected $47.50 from pot
*** SUMMARY ***
Total pot $48 | Rake $0.50
Board [Tc 4s 3h Kh 3s]
Seat 1: Velbor107 (button) (small blind) showed [4c Ac] and won ($47.50) with two pair, Fours and Threes
Seat 3: NEST201300 (big blind) showed [9d 6c] and lost with a pair of Threes


PokerStars Hand #174799437065:  Hold'em Limit ($3/$6 USD) - 2017/08/25 21:37:16 ET
Table 'Daedalus' 6-max Seat #1 is the button
Seat 1: Velbor107 ($299.04 in chips)
Seat 3: NEST201300 ($234.58 in chips)
Velbor107: posts small blind $1
NEST201300: posts big blind $3
*** HOLE CARDS ***
Velbor107: folds
Uncalled bet ($2) returned to NEST201300
NEST201300 collected $2 from pot
NEST201300: doesn't show hand
*** SUMMARY ***
Total pot $2 | Rake $0
Seat 1: Velbor107 (button) (small blind) folded before Flop
Seat 3: NEST201300 (big blind) collected ($2)


PokerStars Hand #174799449156:  Hold'em Limit ($3/$6 USD) - 2017/08/25 21:37:44 ET
Table 'Daedalus' 6-max Seat #3 is the button
Seat 1: Velbor107 ($296.79 in chips)
Seat 3: NEST201300 ($236.33 in chips)
NEST201300: posts small blind $1
Velbor107: posts big blind $3
*** HOLE CARDS ***
NEST201300: raises $3 to $6
Velbor107: folds
Uncalled bet ($3) returned to NEST201300
NEST201300 collected $6 from pot
NEST201300: doesn't show hand
*** SUMMARY ***
Total pot $6 | Rake $0
Seat 1: Velbor107 (big blind) folded before Flop
Seat 3: NEST201300 (button) (small blind) collected ($6)


PokerStars Hand #174799446772:  Hold'em Limit ($3/$6 USD) - 2017/08/25 21:37:38 ET
Table 'Daedalus' 6-max Seat #1 is the button
Seat 1: Velbor107 ($297.79 in chips)
Seat 3: NEST201300 ($235.33 in chips)
Velbor107: posts small blind $1
NEST201300: posts big blind $3
*** HOLE CARDS ***
Velbor107: folds
Uncalled bet ($2) returned to NEST201300
NEST201300 collected $2 from pot
NEST201300: doesn't show hand
*** SUMMARY ***
Total pot $2 | Rake $0
Seat 1: Velbor107 (button) (small blind) folded before Flop
Seat 3: NEST201300 (big blind) collected ($2)


PokerStars Hand #174799438984:  Hold'em Limit ($3/$6 USD) - 2017/08/25 21:37:21 ET
Table 'Daedalus' 6-max Seat #3 is the button
Seat 1: Velbor107 ($298.04 in chips)
Seat 3: NEST201300 ($235.58 in chips)
NEST201300: posts small blind $1
Velbor107: posts big blind $3
*** HOLE CARDS ***
NEST201300: raises $3 to $6
Velbor107: calls $3
*** FLOP *** [Kd 8c 3s]
Velbor107: checks
NEST201300: bets $3
Velbor107: calls $3
*** TURN *** [Kd 8c 3s] [Kc]
Velbor107: checks
NEST201300: checks
*** RIVER *** [Kd 8c 3s Kc] [7s]
Velbor107: checks
NEST201300: bets $6
Velbor107: calls $6
*** SHOW DOWN ***
NEST201300: shows [6s As] (a pair of Kings)
Velbor107: shows [Ac 4c] (a pair of Kings)
Velbor107 collected $14.75 from pot
NEST201300 collected $14.75 from pot
*** SUMMARY ***
Total pot $30 | Rake $0.50
Board [Kd 8c 3s Kc 7s]
Seat 1: Velbor107 (big blind) showed [Ac 4c] and won ($14.75) with a pair of Kings
Seat 3: NEST201300 (button) (small blind) showed [6s As] and won ($14.75) with a pair of Kings


PokerStars Hand #174799452410:  Hold'em Limit ($3/$6 USD) - 2017/08/25 21:37:51 ET
Table 'Daedalus' 6-max Seat #1 is the button
Seat 1: Velbor107 ($293.79 in chips)
Seat 3: NEST201300 ($239.33 in chips)
Velbor107: posts small blind $1
NEST201300: posts big blind $3
*** HOLE CARDS ***
Velbor107: raises $3 to $6
NEST201300: raises $3 to $9
Velbor107: calls $3
*** FLOP *** [7d 3h Jh]
NEST201300: bets $3
Velbor107: calls $3
*** TURN *** [7d 3h Jh] [Ah]
NEST201300: bets $6
Velbor107: folds
Uncalled bet ($6) returned to NEST201300
NEST201300 collected $23.52 from pot
NEST201300: doesn't show hand
*** SUMMARY ***
Total pot $24 | Rake $0.48
Board [7d 3h Jh Ah]
Seat 1: Velbor107 (button) (small blind) folded on the Turn
Seat 3: NEST201300 (big blind) collected ($23.52)


PokerStars Hand #174799469194:  Hold'em Limit ($3/$6 USD) - 2017/08/25 21:38:29 ET
Table 'Daedalus' 6-max Seat #3 is the button
Seat 1: Velbor107 ($281.79 in chips)
Seat 3: NEST201300 ($250.85 in chips)
NEST201300: posts small blind $1
Velbor107: posts big blind $3
*** HOLE CARDS ***
NEST201300: raises $3 to $6
Velbor107: calls $3
*** FLOP *** [Th 4d 9c]
Velbor107: checks
NEST201300: checks
*** TURN *** [Th 4d 9c] [9d]
Velbor107: checks
NEST201300: bets $6
Velbor107: calls $6
*** RIVER *** [Th 4d 9c 9d] [Ks]
Velbor107: checks
NEST201300: bets $6
Velbor107: calls $6
*** SHOW DOWN ***
NEST201300: shows [Kh 2d] (two pair, Kings and Nines)
Velbor107: mucks hand
NEST201300 collected $35.50 from pot
*** SUMMARY ***
Total pot $36 | Rake $0.50
Board [Th 4d 9c 9d Ks]
Seat 1: Velbor107 (big blind) mucked
Seat 3: NEST201300 (button) (small blind) showed [Kh 2d] and won ($35.50) with two pair, Kings and Nines


PokerStars Hand #174799480712:  Hold'em Limit ($3/$6 USD) - 2017/08/25 21:38:56 ET
Table 'Daedalus' 6-max Seat #1 is the button
Seat 1: Velbor107 ($263.79 in chips)
Seat 3: NEST201300 ($268.35 in chips)
Velbor107: posts small blind $1
NEST201300: posts big blind $3
*** HOLE CARDS ***
Velbor107: raises $3 to $6
NEST201300: calls $3
*** FLOP *** [2d 9d Qc]
NEST201300: bets $3
Velbor107: calls $3
*** TURN *** [2d 9d Qc] [9h]
NEST201300: bets $6
Velbor107: calls $6
*** RIVER *** [2d 9d Qc 9h] [3h]
NEST201300: bets $6
Velbor107: calls $6
*** SHOW DOWN ***
NEST201300: shows [Th 6d] (a pair of Nines)
Velbor107: shows [Ah Qh] (two pair, Queens and Nines)
Velbor107 collected $41.50 from pot
*** SUMMARY ***
Total pot $42 | Rake $0.50
Board [2d 9d Qc 9h 3h]
Seat 1: Velbor107 (button) (small blind) showed [Ah Qh] and won ($41.50) with two pair, Queens and Nines
Seat 3: NEST201300 (big blind) showed [Th 6d] and lost with a pair of Nines


PokerStars Hand #174799506418:  Hold'em Limit ($3/$6 USD) - 2017/08/25 21:39:54 ET
Table 'Daedalus' 6-max Seat #3 is the button
Seat 1: Velbor107 ($275.05 in chips)
Seat 3: NEST201300 ($255.85 in chips)
NEST201300: posts small blind $1
Velbor107: posts big blind $3
*** HOLE CARDS ***
NEST201300: raises $3 to $6
Velbor107: calls $3
*** FLOP *** [7h 6h 4d]
Velbor107: checks
NEST201300: checks
*** TURN *** [7h 6h 4d] [Kc]
Velbor107: checks
NEST201300: bets $6
Velbor107: calls $6
*** RIVER *** [7h 6h 4d Kc] [Ts]
Velbor107: checks
NEST201300: bets $6
Velbor107: folds
Uncalled bet ($6) returned to NEST201300
NEST201300 collected $23.52 from pot
NEST201300: doesn't show hand
*** SUMMARY ***
Total pot $24 | Rake $0.48
Board [7h 6h 4d Kc Ts]
Seat 1: Velbor107 (big blind) folded on the River
Seat 3: NEST201300 (button) (small blind) collected ($23.52)


PokerStars Hand #174799501797:  Hold'em Limit ($3/$6 USD) - 2017/08/25 21:39:44 ET
Table 'Daedalus' 6-max Seat #1 is the button
Seat 1: Velbor107 ($269.29 in chips)
Seat 3: NEST201300 ($261.85 in chips)
Velbor107: posts small blind $1
NEST201300: posts big blind $3
*** HOLE CARDS ***
Velbor107: raises $3 to $6
NEST201300: calls $3
*** FLOP *** [Kc 7d 2h]
NEST201300: checks
Velbor107: bets $3
NEST201300: folds
Uncalled bet ($3) returned to Velbor107
Velbor107 collected $11.76 from pot
*** SUMMARY ***
Total pot $12 | Rake $0.24
Board [Kc 7d 2h]
Seat 1: Velbor107 (button) (small blind) collected ($11.76)
Seat 3: NEST201300 (big blind) folded on the Flop


PokerStars Hand #174799492538:  Hold'em Limit ($3/$6 USD) - 2017/08/25 21:39:23 ET
Table 'Daedalus' 6-max Seat #3 is the button
Seat 1: Velbor107 ($284.29 in chips)
Seat 3: NEST201300 ($247.35 in chips)
NEST201300: posts small blind $1
Velbor107: posts big blind $3
*** HOLE CARDS ***
NEST201300: raises $3 to $6
Velbor107: calls $3
*** FLOP *** [Tc 7s 4h]
Velbor107: checks
NEST201300: bets $3
Velbor107: calls $3
*** TURN *** [Tc 7s 4h] [Ah]
Velbor107: checks
NEST201300: checks
*** RIVER *** [Tc 7s 4h Ah] [Td]
Velbor107: checks
NEST201300: bets $6
Velbor107: calls $6
*** SHOW DOWN ***
NEST201300: shows [7c 9c] (two pair, Tens and Sevens)
Velbor107: mucks hand
NEST201300 collected $29.50 from pot
*** SUMMARY ***
Total pot $30 | Rake $0.50
Board [Tc 7s 4h Ah Td]
Seat 1: Velbor107 (big blind) mucked
Seat 3: NEST201300 (button) (small blind) showed [7c 9c] and won ($29.50) with two pair, Tens and Sevens


PokerStars Hand #174799527527:  Hold'em Limit ($3/$6 USD) - 2017/08/25 21:40:43 ET
Table 'Daedalus' 6-max Seat #1 is the button
Seat 1: Velbor107 ($247.05 in chips)
Seat 3: NEST201300 ($282.87 in chips)
Velbor107: posts small blind $1
NEST201300: posts big blind $3
*** HOLE CARDS ***
Velbor107: folds
Uncalled bet ($2) returned to NEST201300
NEST201300 collected $2 from pot
NEST201300: doesn't show hand
*** SUMMARY ***
Total pot $2 | Rake $0
Seat 1: Velbor107 (button) (small blind) folded before Flop
Seat 3: NEST201300 (big blind) collected ($2)


PokerStars Hand #174799517882:  Hold'em Limit ($3/$6 USD) - 2017/08/25 21:40:20 ET
Table 'Daedalus' 6-max Seat #3 is the button
Seat 1: Velbor107 ($262.05 in chips)
Seat 3: NEST201300 ($268.37 in chips)
NEST201300: posts small blind $1
Velbor107: posts big blind $3
*** HOLE CARDS ***
NEST201300: raises $3 to $6
Velbor107: calls $3
*** FLOP *** [Ah 7d Js]
Velbor107: checks
NEST201300: bets $3
Velbor107: calls $3
*** TURN *** [Ah 7d Js] [9d]
Velbor107: checks
NEST201300: bets $6
Velbor107: calls $6
*** RIVER *** [Ah 7d Js 9d] [Qh]
Velbor107: checks
NEST201300: bets $6
Velbor107: folds
Uncalled bet ($6) returned to NEST201300
NEST201300 collected $29.50 from pot
NEST201300: doesn't show hand
*** SUMMARY ***
Total pot $30 | Rake $0.50
Board [Ah 7d Js 9d Qh]
Seat 1: Velbor107 (big blind) folded on the River
Seat 3: NEST201300 (button) (small blind) collected ($29.50)


PokerStars Hand #174799530215:  Hold'em Limit ($3/$6 USD) - 2017/08/25 21:40:49 ET
Table 'Daedalus' 6-max Seat #3 is the button
Seat 1: Velbor107 ($246.05 in chips)
Seat 3: NEST201300 ($283.87 in chips)
NEST201300: posts small blind $1
Velbor107: posts big blind $3
*** HOLE CARDS ***
NEST201300: calls $2
Velbor107: checks
*** FLOP *** [8s 5d 2c]
Velbor107: bets $3
NEST201300: calls $3
*** TURN *** [8s 5d 2c] [Qh]
Velbor107: bets $6
NEST201300: calls $6
*** RIVER *** [8s 5d 2c Qh] [3d]
Velbor107: checks
NEST201300: checks
*** SHOW DOWN ***
Velbor107: shows [4c 2d] (a pair of Deuces)
NEST201300: mucks hand
Velbor107 collected $23.52 from pot
*** SUMMARY ***
Total pot $24 | Rake $0.48
Board [8s 5d 2c Qh 3d]
Seat 1: Velbor107 (big blind) showed [4c 2d] and won ($23.52) with a pair of Deuces
Seat 3: NEST201300 (button) (small blind) mucked


PokerStars Hand #174799515471:  Hold'em Limit ($3/$6 USD) - 2017/08/25 21:40:15 ET
Table 'Daedalus' 6-max Seat #1 is the button
Seat 1: Velbor107 ($263.05 in chips)
Seat 3: NEST201300 ($267.37 in chips)
Velbor107: posts small blind $1
NEST201300: posts big blind $3
*** HOLE CARDS ***
Velbor107: folds
Uncalled bet ($2) returned to NEST201300
NEST201300 collected $2 from pot
NEST201300: doesn't show hand
*** SUMMARY ***
Total pot $2 | Rake $0
Seat 1: Velbor107 (button) (small blind) folded before Flop
Seat 3: NEST201300 (big blind) collected ($2)


PokerStars Hand #174799563634:  Hold'em Limit ($3/$6 USD) - 2017/08/25 21:42:05 ET
Table 'Daedalus' 6-max Seat #1 is the button
Seat 1: Velbor107 ($224.57 in chips)
Seat 3: NEST201300 ($303.89 in chips)
Velbor107: posts small blind $1
NEST201300: posts big blind $3
*** HOLE CARDS ***
Velbor107: folds
Uncalled bet ($2) returned to NEST201300
NEST201300 collected $2 from pot
NEST201300: doesn't show hand
*** SUMMARY ***
Total pot $2 | Rake $0
Seat 1: Velbor107 (button) (small blind) folded before Flop
Seat 3: NEST201300 (big blind) collected ($2)


PokerStars Hand #174799538797:  Hold'em Limit ($3/$6 USD) - 2017/08/25 21:41:08 ET
Table 'Daedalus' 6-max Seat #1 is the button
Seat 1: Velbor107 ($257.57 in chips)
Seat 3: NEST201300 ($271.87 in chips)
Velbor107: posts small blind $1
NEST201300: posts big blind $3
*** HOLE CARDS ***
Velbor107: raises $3 to $6
NEST201300: raises $3 to $9
Velbor107: calls $3
*** FLOP *** [8s 2h Tc]
NEST201300: bets $3
Velbor107: calls $3
*** TURN *** [8s 2h Tc] [As]
NEST201300: bets $6
Velbor107: calls $6
*** RIVER *** [8s 2h Tc As] [Ks]
0verd0se joins the table at seat #4
NEST201300: bets $6
Velbor107: calls $6
*** SHOW DOWN ***
NEST201300: shows [Qc Ah] (a pair of Aces)
Velbor107: mucks hand
NEST201300 collected $47.50 from pot
*** SUMMARY ***
Total pot $48 | Rake $0.50
Board [8s 2h Tc As Ks]
Seat 1: Velbor107 (button) (small blind) mucked
Seat 3: NEST201300 (big blind) showed [Qc Ah] and won ($47.50) with a pair of Aces


PokerStars Hand #174799554003:  Hold'em Limit ($3/$6 USD) - 2017/08/25 21:41:43 ET
Table 'Daedalus' 6-max Seat #1 is the button
Seat 1: Velbor107 ($227.57 in chips)
Seat 3: NEST201300 ($301.13 in chips)
Velbor107: posts small blind $1
NEST201300: posts big blind $3
*** HOLE CARDS ***
Velbor107: raises $3 to $6
NEST201300: folds
Uncalled bet ($3) returned to Velbor107
Velbor107 collected $6 from pot
*** SUMMARY ***
Total pot $6 | Rake $0
Seat 1: Velbor107 (button) (small blind) collected ($6)
Seat 3: NEST201300 (big blind) folded before Flop


PokerStars Hand #174799547754:  Hold'em Limit ($3/$6 USD) - 2017/08/25 21:41:29 ET
Table 'Daedalus' 6-max Seat #3 is the button
Seat 1: Velbor107 ($233.57 in chips)
Seat 3: NEST201300 ($295.37 in chips)
NEST201300: posts small blind $1
Velbor107: posts big blind $3
*** HOLE CARDS ***
NEST201300: raises $3 to $6
Velbor107: calls $3
*** FLOP *** [Qh 5s 2h]
Velbor107: checks
NEST201300: checks
*** TURN *** [Qh 5s 2h] [Jc]
Velbor107: checks
NEST201300: bets $6
Velbor107: folds
Uncalled bet ($6) returned to NEST201300
NEST201300 collected $11.76 from pot
NEST201300: doesn't show hand
*** SUMMARY ***
Total pot $12 | Rake $0.24
Board [Qh 5s 2h Jc]
Seat 1: Velbor107 (big blind) folded on the Turn
Seat 3: NEST201300 (button) (small blind) collected ($11.76)


PokerStars Hand #174799556316:  Hold'em Limit ($3/$6 USD) - 2017/08/25 21:41:49 ET
Table 'Daedalus' 6-max Seat #3 is the button
Seat 1: Velbor107 ($230.57 in chips)
Seat 3: NEST201300 ($298.13 in chips)
NEST201300: posts small blind $1
Velbor107: posts big blind $3
*** HOLE CARDS ***
NEST201300: raises $3 to $6
Velbor107: calls $3
*** FLOP *** [7h 2h Tc]
Velbor107: checks
NEST201300: checks
*** TURN *** [7h 2h Tc] [3s]
Velbor107: checks
NEST201300: checks
*** RIVER *** [7h 2h Tc 3s] [7d]
Velbor107: checks
NEST201300: bets $6
Velbor107: folds
Uncalled bet ($6) returned to NEST201300
NEST201300 collected $11.76 from pot
NEST201300: doesn't show hand
*** SUMMARY ***
Total pot $12 | Rake $0.24
Board [7h 2h Tc 3s 7d]
Seat 1: Velbor107 (big blind) folded on the River
Seat 3: NEST201300 (button) (small blind) collected ($11.76)


PokerStars Hand #174799565767:  Hold'em Limit ($3/$6 USD) - 2017/08/25 21:42:10 ET
Table 'Daedalus' 6-max Seat #3 is the button
Seat 1: Velbor107 ($223.57 in chips)
Seat 3: NEST201300 ($304.89 in chips)
NEST201300: posts small blind $1
Velbor107: posts big blind $3
*** HOLE CARDS ***
NEST201300: calls $2
Velbor107: checks
*** FLOP *** [4h Qs Ts]
Velbor107: checks
NEST201300: checks
*** TURN *** [4h Qs Ts] [8c]
Velbor107: checks
NEST201300: checks
*** RIVER *** [4h Qs Ts 8c] [Td]
Velbor107: checks
NEST201300: checks
*** SHOW DOWN ***
Velbor107: shows [5c 9d] (a pair of Tens)
NEST201300: shows [3h Kd] (a pair of Tens - King kicker)
NEST201300 collected $5.88 from pot
*** SUMMARY ***
Total pot $6 | Rake $0.12
Board [4h Qs Ts 8c Td]
Seat 1: Velbor107 (big blind) showed [5c 9d] and lost with a pair of Tens
Seat 3: NEST201300 (button) (small blind) showed [3h Kd] and won ($5.88) with a pair of Tens


PokerStars Hand #174799574117:  Hold'em Limit ($3/$6 USD) - 2017/08/25 21:42:30 ET
Table 'Daedalus' 6-max Seat #1 is the button
Seat 1: Velbor107 ($220.57 in chips)
Seat 3: NEST201300 ($307.77 in chips)
Velbor107: posts small blind $1
NEST201300: posts big blind $3
*** HOLE CARDS ***
Velbor107: raises $3 to $6
NEST201300: calls $3
*** FLOP *** [3d Ah Qc]
NEST201300: checks
Velbor107: bets $3
NEST201300: calls $3
*** TURN *** [3d Ah Qc] [Kc]
NEST201300: checks
Velbor107: checks
*** RIVER *** [3d Ah Qc Kc] [2s]
NEST201300: checks
Velbor107: checks
*** SHOW DOWN ***
NEST201300: shows [3c 4c] (a pair of Threes)
Velbor107: mucks hand
NEST201300 collected $17.64 from pot
*** SUMMARY ***
Total pot $18 | Rake $0.36
Board [3d Ah Qc Kc 2s]
Seat 1: Velbor107 (button) (small blind) mucked
Seat 3: NEST201300 (big blind) showed [3c 4c] and won ($17.64) with a pair of Threes


PokerStars Hand #174799597278:  Hold'em Limit ($3/$6 USD) - 2017/08/25 21:43:23 ET
Table 'Daedalus' 6-max Seat #1 is the button
Seat 1: Velbor107 ($226.07 in chips)
Seat 3: NEST201300 ($301.41 in chips)
Velbor107: posts small blind $1
NEST201300: posts big blind $3
*** HOLE CARDS ***
Velbor107: folds
Uncalled bet ($2) returned to NEST201300
NEST201300 collected $2 from pot
NEST201300: doesn't show hand
*** SUMMARY ***
Total pot $2 | Rake $0
Seat 1: Velbor107 (button) (small blind) folded before Flop
Seat 3: NEST201300 (big blind) collected ($2)


PokerStars Hand #174799586701:  Hold'em Limit ($3/$6 USD) - 2017/08/25 21:42:59 ET
Table 'Daedalus' 6-max Seat #3 is the button
Seat 1: Velbor107 ($211.57 in chips)
Seat 3: NEST201300 ($316.41 in chips)
NEST201300: posts small blind $1
Velbor107: posts big blind $3
*** HOLE CARDS ***
NEST201300: calls $2
Velbor107: raises $3 to $6
NEST201300: calls $3
*** FLOP *** [Ks 9d Qc]
Velbor107: bets $3
NEST201300: calls $3
*** TURN *** [Ks 9d Qc] [4h]
Velbor107: checks
NEST201300: checks
*** RIVER *** [Ks 9d Qc 4h] [6h]
Velbor107: checks
NEST201300: bets $6
Velbor107: raises $6 to $12
NEST201300: folds
Uncalled bet ($6) returned to Velbor107
Velbor107 collected $29.50 from pot
*** SUMMARY ***
Total pot $30 | Rake $0.50
Board [Ks 9d Qc 4h 6h]
Seat 1: Velbor107 (big blind) collected ($29.50)
Seat 3: NEST201300 (button) (small blind) folded on the River


PokerStars Hand #174800409002:  Hold'em Limit ($3/$6 USD) - 2017/08/25 22:17:33 ET
Table 'Daedalus' 6-max Seat #1 is the button
Seat 1: Velbor107 ($262.18 in chips)
Seat 3: highrolla772 ($120 in chips)
Velbor107: posts small blind $1
highrolla772: posts big blind $3
*** HOLE CARDS ***
Velbor107: raises $3 to $6
highrolla772: calls $3
*** FLOP *** [2c 7h Jd]
highrolla772: checks
Velbor107: bets $3
highrolla772: calls $3
*** TURN *** [2c 7h Jd] [4c]
highrolla772: checks
Velbor107: checks
*** RIVER *** [2c 7h Jd 4c] [7c]
highrolla772: bets $6
Velbor107: calls $6
*** SHOW DOWN ***
highrolla772: shows [3d 3s] (two pair, Sevens and Threes)
Velbor107: mucks hand
highrolla772 collected $29.50 from pot
*** SUMMARY ***
Total pot $30 | Rake $0.50
Board [2c 7h Jd 4c 7c]
Seat 1: Velbor107 (button) (small blind) mucked
Seat 3: highrolla772 (big blind) showed [3d 3s] and won ($29.50) with two pair, Sevens and Threes


PokerStars Hand #174800419232:  Hold'em Limit ($3/$6 USD) - 2017/08/25 22:18:01 ET
Table 'Daedalus' 6-max Seat #3 is the button
Seat 1: Velbor107 ($247.18 in chips)
Seat 3: highrolla772 ($134.50 in chips)
highrolla772: posts small blind $1
Velbor107: posts big blind $3
*** HOLE CARDS ***
highrolla772: raises $3 to $6
Velbor107: raises $3 to $9
highrolla772: calls $3
*** FLOP *** [Ah 2c 5d]
Velbor107: bets $3
highrolla772: calls $3
*** TURN *** [Ah 2c 5d] [9h]
Velbor107: bets $6
highrolla772: calls $6
*** RIVER *** [Ah 2c 5d 9h] [9d]
Velbor107: bets $6
highrolla772: calls $6
*** SHOW DOWN ***
Velbor107: shows [Kc Ac] (two pair, Aces and Nines)
highrolla772: mucks hand
Velbor107 collected $47.50 from pot
*** SUMMARY ***
Total pot $48 | Rake $0.50
Board [Ah 2c 5d 9h 9d]
Seat 1: Velbor107 (big blind) showed [Kc Ac] and won ($47.50) with two pair, Aces and Nines
Seat 3: highrolla772 (button) (small blind) mucked


PokerStars Hand #174800430764:  Hold'em Limit ($3/$6 USD) - 2017/08/25 22:18:31 ET
Table 'Daedalus' 6-max Seat #1 is the button
Seat 1: Velbor107 ($270.68 in chips)
Seat 3: highrolla772 ($110.50 in chips)
Velbor107: posts small blind $1
highrolla772: posts big blind $3
*** HOLE CARDS ***
Velbor107: raises $3 to $6
highrolla772: calls $3
*** FLOP *** [8c Js 5d]
highrolla772: bets $3
Velbor107: calls $3
*** TURN *** [8c Js 5d] [4c]
highrolla772: bets $6
Velbor107: calls $6
*** RIVER *** [8c Js 5d 4c] [2s]
highrolla772: bets $6
Velbor107: calls $6
*** SHOW DOWN ***
highrolla772: shows [Jh 7c] (a pair of Jacks)
Velbor107: mucks hand
highrolla772 collected $41.50 from pot
*** SUMMARY ***
Total pot $42 | Rake $0.50
Board [8c Js 5d 4c 2s]
Seat 1: Velbor107 (button) (small blind) mucked
Seat 3: highrolla772 (big blind) showed [Jh 7c] and won ($41.50) with a pair of Jacks


PokerStars Hand #174800440668:  Hold'em Limit ($3/$6 USD) - 2017/08/25 22:18:58 ET
Table 'Daedalus' 6-max Seat #3 is the button
Seat 1: Velbor107 ($249.68 in chips)
Seat 3: highrolla772 ($131 in chips)
highrolla772: posts small blind $1
Velbor107: posts big blind $3
*** HOLE CARDS ***
highrolla772: raises $3 to $6
Velbor107: calls $3
*** FLOP *** [6d Ah 3d]
Velbor107: checks
highrolla772: bets $3
Velbor107: calls $3
*** TURN *** [6d Ah 3d] [Qs]
Velbor107: checks
highrolla772: checks
*** RIVER *** [6d Ah 3d Qs] [5h]
Velbor107: checks
highrolla772: checks
*** SHOW DOWN ***
Velbor107: shows [4h 3s] (a pair of Threes)
highrolla772: mucks hand
Velbor107 collected $17.64 from pot
*** SUMMARY ***
Total pot $18 | Rake $0.36
Board [6d Ah 3d Qs 5h]
Seat 1: Velbor107 (big blind) showed [4h 3s] and won ($17.64) with a pair of Threes
Seat 3: highrolla772 (button) (small blind) mucked


PokerStars Hand #174800455391:  Hold'em Limit ($3/$6 USD) - 2017/08/25 22:19:38 ET
Table 'Daedalus' 6-max Seat #3 is the button
Seat 1: Velbor107 ($257.32 in chips)
Seat 3: highrolla772 ($123 in chips)
highrolla772: posts small blind $1
Velbor107: posts big blind $3
*** HOLE CARDS ***
highrolla772: folds
Uncalled bet ($2) returned to Velbor107
Velbor107 collected $2 from pot
*** SUMMARY ***
Total pot $2 | Rake $0
Seat 1: Velbor107 (big blind) collected ($2)
Seat 3: highrolla772 (button) (small blind) folded before Flop


PokerStars Hand #174800453300:  Hold'em Limit ($3/$6 USD) - 2017/08/25 22:19:32 ET
Table 'Daedalus' 6-max Seat #1 is the button
Seat 1: Velbor107 ($258.32 in chips)
Seat 3: highrolla772 ($122 in chips)
Velbor107: posts small blind $1
highrolla772: posts big blind $3
*** HOLE CARDS ***
Velbor107: folds
Uncalled bet ($2) returned to highrolla772
highrolla772 collected $2 from pot
*** SUMMARY ***
Total pot $2 | Rake $0
Seat 1: Velbor107 (button) (small blind) folded before Flop
Seat 3: highrolla772 (big blind) collected ($2)


PokerStars Hand #174800482033:  Hold'em Limit ($3/$6 USD) - 2017/08/25 22:20:50 ET
Table 'Daedalus' 6-max Seat #4 is the button
Seat 3: highrolla772 ($138.50 in chips)
Seat 4: bossbabe81 ($91.21 in chips)
bossbabe81: posts small blind $1
highrolla772: posts big blind $3
*** HOLE CARDS ***
bossbabe81: calls $2
highrolla772: checks
*** FLOP *** [Qs 4s Tc]
Velbor107 leaves the table
highrolla772: checks
bossbabe81: checks
*** TURN *** [Qs 4s Tc] [Kh]
Velbor107 joins the table at seat #5
highrolla772: bets $6
bossbabe81: folds
Uncalled bet ($6) returned to highrolla772
highrolla772 collected $5.88 from pot
*** SUMMARY ***
Total pot $6 | Rake $0.12
Board [Qs 4s Tc Kh]
Seat 3: highrolla772 (big blind) collected ($5.88)
Seat 4: bossbabe81 (button) (small blind) folded on the Turn


PokerStars Hand #174800457460:  Hold'em Limit ($3/$6 USD) - 2017/08/25 22:19:43 ET
Table 'Daedalus' 6-max Seat #1 is the button
Seat 1: Velbor107 ($258.32 in chips)
Seat 3: highrolla772 ($122 in chips)
Velbor107: posts small blind $1
highrolla772: posts big blind $3
*** HOLE CARDS ***
Velbor107: raises $3 to $6
highrolla772: calls $3
*** FLOP *** [7h 8d Kd]
highrolla772: checks
bossbabe81 joins the table at seat #4
Velbor107: checks
*** TURN *** [7h 8d Kd] [4s]
highrolla772: bets $6
Velbor107: calls $6
*** RIVER *** [7h 8d Kd 4s] [5h]
highrolla772: bets $6
Velbor107: calls $6
*** SHOW DOWN ***
highrolla772: shows [6h 2h] (a straight, Four to Eight)
Velbor107: mucks hand
highrolla772 collected $35.50 from pot
*** SUMMARY ***
Total pot $36 | Rake $0.50
Board [7h 8d Kd 4s 5h]
Seat 1: Velbor107 (button) (small blind) mucked
Seat 3: highrolla772 (big blind) showed [6h 2h] and won ($35.50) with a straight, Four to Eight


PokerStars Hand #174800479884:  Hold'em Limit ($3/$6 USD) - 2017/08/25 22:20:44 ET
Table 'Daedalus' 6-max Seat #3 is the button
Seat 3: highrolla772 ($139.50 in chips)
Seat 4: bossbabe81 ($90.21 in chips)
highrolla772: posts small blind $1
bossbabe81: posts big blind $3
*** HOLE CARDS ***
highrolla772: folds
Uncalled bet ($2) returned to bossbabe81
bossbabe81 collected $2 from pot
bossbabe81: doesn't show hand
*** SUMMARY ***
Total pot $2 | Rake $0
Seat 3: highrolla772 (button) (small blind) folded before Flop
Seat 4: bossbabe81 (big blind) collected ($2)


PokerStars Hand #174800477932:  Hold'em Limit ($3/$6 USD) - 2017/08/25 22:20:39 ET
Table 'Daedalus' 6-max Seat #4 is the button
Seat 3: highrolla772 ($138.50 in chips)
Seat 4: bossbabe81 ($91.21 in chips)
bossbabe81: posts small blind $1
Velbor107: is sitting out
highrolla772: posts big blind $3
*** HOLE CARDS ***
bossbabe81: folds
Uncalled bet ($2) returned to highrolla772
highrolla772 collected $2 from pot
*** SUMMARY ***
Total pot $2 | Rake $0
Seat 3: highrolla772 (big blind) collected ($2)
Seat 4: bossbabe81 (button) (small blind) folded before Flop


PokerStars Hand #174800488524:  Hold'em Limit ($3/$6 USD) - 2017/08/25 22:21:08 ET
Table 'Daedalus' 6-max Seat #3 is the button
Seat 3: highrolla772 ($141.38 in chips)
Seat 4: bossbabe81 ($88.21 in chips)
highrolla772: posts small blind $1
bossbabe81: posts big blind $3
*** HOLE CARDS ***
highrolla772: raises $3 to $6
bossbabe81: calls $3
*** FLOP *** [Th 4h Jh]
turtlespit joins the table at seat #6
bossbabe81: checks
highrolla772: checks
*** TURN *** [Th 4h Jh] [4d]
bossbabe81: checks
highrolla772: checks
*** RIVER *** [Th 4h Jh 4d] [7s]
bossbabe81: checks
highrolla772: bets $6
bossbabe81: folds
Uncalled bet ($6) returned to highrolla772
highrolla772 collected $11.76 from pot
*** SUMMARY ***
Total pot $12 | Rake $0.24
Board [Th 4h Jh 4d 7s]
Seat 3: highrolla772 (button) (small blind) collected ($11.76)
Seat 4: bossbabe81 (big blind) folded on the River


PokerStars Hand #174800634320:  Hold'em Limit ($3/$6 USD) - 2017/08/25 22:27:31 ET
Table 'Daedalus' 6-max Seat #3 is the button
Seat 3: highrolla772 ($209.54 in chips)
Seat 5: Velbor107 ($274.41 in chips)
highrolla772: posts small blind $1
bossbabe81 is disconnected
turtlespit leaves the table
bossbabe81 has timed out while disconnected
bossbabe81: is sitting out
Velbor107: posts big blind $3
*** HOLE CARDS ***
highrolla772: raises $3 to $6
Velbor107: raises $3 to $9
highrolla772: raises $3 to $12
Betting is capped
Velbor107: calls $3
*** FLOP *** [8h 6s 3s]
Velbor107: checks
highrolla772: bets $3
Velbor107: calls $3
*** TURN *** [8h 6s 3s] [5d]
Velbor107: checks
highrolla772: bets $6
Velbor107: calls $6
*** RIVER *** [8h 6s 3s 5d] [8d]
Velbor107: checks
highrolla772: bets $6
Velbor107: folds
Uncalled bet ($6) returned to highrolla772
highrolla772 collected $41.50 from pot
highrolla772: shows [Ac Ad] (two pair, Aces and Eights)
*** SUMMARY ***
Total pot $42 | Rake $0.50
Board [8h 6s 3s 5d 8d]
Seat 3: highrolla772 (button) (small blind) collected ($41.50)
Seat 5: Velbor107 (big blind) folded on the River


PokerStars Hand #174801348854:  Hold'em Limit ($3/$6 USD) - 2017/08/25 23:02:47 ET
Table 'Daedalus' 6-max Seat #6 is the button
Seat 4: ECP1955 ($297.13 in chips)
Seat 6: dmonr ($117.04 in chips)
dmonr: posts small blind $1
couz007: is sitting out
ECP1955: posts big blind $3
*** HOLE CARDS ***
dmonr: raises $3 to $6
ECP1955: calls $3
*** FLOP *** [Td 2s 7c]
couz007 leaves the table
ECP1955: bets $3
dmonr: calls $3
*** TURN *** [Td 2s 7c] [5s]
ECP1955: checks
dmonr: bets $6
ECP1955: calls $6
*** RIVER *** [Td 2s 7c 5s] [Kh]
ECP1955: checks
dmonr: bets $6
ECP1955: calls $6
*** SHOW DOWN ***
dmonr: shows [8d 6d] (high card King)
ECP1955: shows [5h 9h] (a pair of Fives)
ECP1955 collected $41.50 from pot
*** SUMMARY ***
Total pot $42 | Rake $0.50
Board [Td 2s 7c 5s Kh]
Seat 4: ECP1955 (big blind) showed [5h 9h] and won ($41.50) with a pair of Fives
Seat 6: dmonr (button) (small blind) showed [8d 6d] and lost with high card King


PokerStars Hand #174801369396:  Hold'em Limit ($3/$6 USD) - 2017/08/25 23:03:51 ET
Table 'Daedalus' 6-max Seat #6 is the button
Seat 4: ECP1955 ($308.63 in chips)
Seat 6: dmonr ($104.68 in chips)
dmonr: posts small blind $1
ECP1955: posts big blind $3
*** HOLE CARDS ***
dmonr: calls $2
ECP1955: checks
*** FLOP *** [Jh 7d 5h]
ECP1955: checks
dmonr: bets $3
ECP1955: calls $3
*** TURN *** [Jh 7d 5h] [4d]
ECP1955: checks
dmonr: bets $6
bossbabe81 joins the table at seat #5
ECP1955: calls $6
*** RIVER *** [Jh 7d 5h 4d] [3s]
ECP1955: checks
dmonr: bets $6
ECP1955: calls $6
*** SHOW DOWN ***
dmonr: shows [7h Kd] (a pair of Sevens)
ECP1955: shows [Jd 2h] (a pair of Jacks)
ECP1955 collected $35.50 from pot
*** SUMMARY ***
Total pot $36 | Rake $0.50
Board [Jh 7d 5h 4d 3s]
Seat 4: ECP1955 (big blind) showed [Jd 2h] and won ($35.50) with a pair of Jacks
Seat 6: dmonr (button) (small blind) showed [7h Kd] and lost with a pair of Sevens


PokerStars Hand #174801359927:  Hold'em Limit ($3/$6 USD) - 2017/08/25 23:03:22 ET
Table 'Daedalus' 6-max Seat #4 is the button
Seat 4: ECP1955 ($317.63 in chips)
Seat 6: dmonr ($96.04 in chips)
ECP1955: posts small blind $1
dmonr: posts big blind $3
*** HOLE CARDS ***
ECP1955: calls $2
dmonr: checks
*** FLOP *** [As 8d 6s]
dmonr: bets $3
ECP1955: raises $3 to $6
dmonr: calls $3
*** TURN *** [As 8d 6s] [Ts]
dmonr: checks
ECP1955: checks
*** RIVER *** [As 8d 6s Ts] [8c]
dmonr: bets $6
ECP1955: folds
Uncalled bet ($6) returned to dmonr
dmonr collected $17.64 from pot
dmonr: doesn't show hand
*** SUMMARY ***
Total pot $18 | Rake $0.36
Board [As 8d 6s Ts 8c]
Seat 4: ECP1955 (button) (small blind) folded on the River
Seat 6: dmonr (big blind) collected ($17.64)


PokerStars Hand #174802482497:  Hold'em Limit ($3/$6 USD) - 2017/08/26 0:05:17 ET
Table 'Daedalus' 6-max Seat #5 is the button
Seat 5: loukis0902 ($121.49 in chips)
Seat 6: dmonr ($87.79 in chips)
ECP1955 will be allowed to play after the button
loukis0902: posts small blind $1
dmonr: posts big blind $3
*** HOLE CARDS ***
loukis0902: calls $2
dmonr: checks
*** FLOP *** [2h 3h 8d]
dmonr: checks
loukis0902: bets $3
dmonr: calls $3
*** TURN *** [2h 3h 8d] [Qs]
dmonr: checks
loukis0902: bets $6
dmonr: calls $6
*** RIVER *** [2h 3h 8d Qs] [4c]
dmonr: checks
loukis0902: bets $6
dmonr: calls $6
*** SHOW DOWN ***
loukis0902: shows [Qd 3d] (two pair, Queens and Threes)
dmonr: mucks hand
loukis0902 collected $35.50 from pot
*** SUMMARY ***
Total pot $36 | Rake $0.50
Board [2h 3h 8d Qs 4c]
Seat 5: loukis0902 (button) (small blind) showed [Qd 3d] and won ($35.50) with two pair, Queens and Threes
Seat 6: dmonr (big blind) mucked


PokerStars Hand #174802546883:  Hold'em Limit ($3/$6 USD) - 2017/08/26 0:09:06 ET
Table 'Daedalus' 6-max Seat #6 is the button
Seat 5: loukis0902 ($143.63 in chips)
Seat 6: dmonr ($38.16 in chips)
dmonr: posts small blind $1
loukis0902: posts big blind $3
*** HOLE CARDS ***
dmonr: calls $2
loukis0902: raises $3 to $6
dmonr: calls $3
*** FLOP *** [5d 3s Td]
loukis0902: bets $3
dmonr: calls $3
*** TURN *** [5d 3s Td] [9d]
loukis0902: checks
dmonr: checks
*** RIVER *** [5d 3s Td 9d] [2c]
loukis0902: checks
dmonr: bets $6
loukis0902: calls $6
*** SHOW DOWN ***
dmonr: shows [7s 2s] (a pair of Deuces)
loukis0902: mucks hand
dmonr collected $29.50 from pot
*** SUMMARY ***
Total pot $30 | Rake $0.50
Board [5d 3s Td 9d 2c]
Seat 5: loukis0902 (big blind) mucked
Seat 6: dmonr (button) (small blind) showed [7s 2s] and won ($29.50) with a pair of Deuces


PokerStars Hand #174802558137:  Hold'em Limit ($3/$6 USD) - 2017/08/26 0:09:46 ET
Table 'Daedalus' 6-max Seat #5 is the button
Seat 5: loukis0902 ($132.51 in chips)
Seat 6: dmonr ($48.66 in chips)
loukis0902: posts small blind $1
dmonr: posts big blind $3
*** HOLE CARDS ***
loukis0902: calls $2
dmonr: checks
*** FLOP *** [7c 8c 5d]
dmonr: checks
loukis0902: checks
*** TURN *** [7c 8c 5d] [Js]
dmonr: checks
loukis0902: checks
*** RIVER *** [7c 8c 5d Js] [Kc]
dmonr: checks
loukis0902: bets $6
dmonr: folds
Uncalled bet ($6) returned to loukis0902
loukis0902 collected $5.88 from pot
loukis0902: doesn't show hand
*** SUMMARY ***
Total pot $6 | Rake $0.12
Board [7c 8c 5d Js Kc]
Seat 5: loukis0902 (button) (small blind) collected ($5.88)
Seat 6: dmonr (big blind) folded on the River


PokerStars Hand #174802556488:  Hold'em Limit ($3/$6 USD) - 2017/08/26 0:09:41 ET
Table 'Daedalus' 6-max Seat #6 is the button
Seat 5: loukis0902 ($131.51 in chips)
Seat 6: dmonr ($49.66 in chips)
dmonr: posts small blind $1
loukis0902: posts big blind $3
*** HOLE CARDS ***
dmonr: folds
Uncalled bet ($2) returned to loukis0902
loukis0902 collected $2 from pot
loukis0902: doesn't show hand
*** SUMMARY ***
Total pot $2 | Rake $0
Seat 5: loukis0902 (big blind) collected ($2)
Seat 6: dmonr (button) (small blind) folded before Flop


PokerStars Hand #174802553547:  Hold'em Limit ($3/$6 USD) - 2017/08/26 0:09:30 ET
Table 'Daedalus' 6-max Seat #5 is the button
Seat 5: loukis0902 ($128.63 in chips)
Seat 6: dmonr ($52.66 in chips)
loukis0902: posts small blind $1
dmonr: posts big blind $3
*** HOLE CARDS ***
loukis0902: calls $2
dmonr: checks
*** FLOP *** [3h 7h 9h]
dmonr: checks
loukis0902: bets $3
dmonr: folds
Uncalled bet ($3) returned to loukis0902
loukis0902 collected $5.88 from pot
loukis0902: doesn't show hand
*** SUMMARY ***
Total pot $6 | Rake $0.12
Board [3h 7h 9h]
Seat 5: loukis0902 (button) (small blind) collected ($5.88)
Seat 6: dmonr (big blind) folded on the Flop


PokerStars Hand #174804903788:  Hold'em Limit ($3/$6 USD) - 2017/08/26 2:39:15 ET
Table 'Daedalus' 6-max Seat #5 is the button
Seat 4: Lowey277 ($208.53 in chips)
Seat 5: a.v.kopli ($142.47 in chips)
a.v.kopli: posts small blind $1
Lowey277: posts big blind $3
*** HOLE CARDS ***
a.v.kopli: raises $3 to $6
Lowey277: calls $3
*** FLOP *** [Kh 7d 3d]
Lowey277: checks
a.v.kopli: bets $3
Lowey277: calls $3
*** TURN *** [Kh 7d 3d] [6s]
Lowey277: checks
a.v.kopli: bets $6
Lowey277: folds
Uncalled bet ($6) returned to a.v.kopli
a.v.kopli collected $17.64 from pot
*** SUMMARY ***
Total pot $18 | Rake $0.36
Board [Kh 7d 3d 6s]
Seat 4: Lowey277 (big blind) folded on the Turn
Seat 5: a.v.kopli (button) (small blind) collected ($17.64)


PokerStars Hand #174804908856:  Hold'em Limit ($3/$6 USD) - 2017/08/26 2:39:34 ET
Table 'Daedalus' 6-max Seat #4 is the button
Seat 4: Lowey277 ($199.53 in chips)
Seat 5: a.v.kopli ($151.11 in chips)
Lowey277: posts small blind $1
a.v.kopli: posts big blind $3
*** HOLE CARDS ***
Lowey277: raises $3 to $6
a.v.kopli: calls $3
*** FLOP *** [7d Kc 9d]
a.v.kopli: checks
Lowey277: checks
*** TURN *** [7d Kc 9d] [Jh]
a.v.kopli: checks
Lowey277: bets $6
a.v.kopli: folds
Uncalled bet ($6) returned to Lowey277
Lowey277 collected $11.76 from pot
Lowey277: doesn't show hand
*** SUMMARY ***
Total pot $12 | Rake $0.24
Board [7d Kc 9d Jh]
Seat 4: Lowey277 (button) (small blind) collected ($11.76)
Seat 5: a.v.kopli (big blind) folded on the Turn


PokerStars Hand #174804931722:  Hold'em Limit ($3/$6 USD) - 2017/08/26 2:41:00 ET
Table 'Daedalus' 6-max Seat #4 is the button
Seat 4: Lowey277 ($204.57 in chips)
Seat 5: a.v.kopli ($120.11 in chips)
Lowey277: posts small blind $1
a.v.kopli: posts big blind $3
*** HOLE CARDS ***
Lowey277: raises $3 to $6
a.v.kopli: calls $3
*** FLOP *** [7s Th Jh]
SLK500 joins the table at seat #2
a.v.kopli: checks
Lowey277: bets $3
a.v.kopli: raises $3 to $6
Lowey277: calls $3
*** TURN *** [7s Th Jh] [3d]
a.v.kopli: bets $6
Lowey277: raises $6 to $12
a.v.kopli: calls $6
*** RIVER *** [7s Th Jh 3d] [5c]
a.v.kopli: checks
Lowey277: bets $6
a.v.kopli: folds
Uncalled bet ($6) returned to Lowey277
Lowey277 collected $47.50 from pot
Lowey277: doesn't show hand
*** SUMMARY ***
Total pot $48 | Rake $0.50
Board [7s Th Jh 3d 5c]
Seat 4: Lowey277 (button) (small blind) collected ($47.50)
Seat 5: a.v.kopli (big blind) folded on the River


PokerStars Hand #174804929843:  Hold'em Limit ($3/$6 USD) - 2017/08/26 2:40:53 ET
Table 'Daedalus' 6-max Seat #5 is the button
Seat 4: Lowey277 ($207.57 in chips)
Seat 5: a.v.kopli ($117.11 in chips)
a.v.kopli: posts small blind $1
Lowey277: posts big blind $3
*** HOLE CARDS ***
a.v.kopli: raises $3 to $6
Lowey277: folds
Uncalled bet ($3) returned to a.v.kopli
a.v.kopli collected $6 from pot
*** SUMMARY ***
Total pot $6 | Rake $0
Seat 4: Lowey277 (big blind) folded before Flop
Seat 5: a.v.kopli (button) (small blind) collected ($6)


PokerStars Hand #174804952722:  Hold'em Limit ($3/$6 USD) - 2017/08/26 2:42:20 ET
Table 'Daedalus' 6-max Seat #2 is the button
Seat 2: SLK500 ($120.79 in chips)
Seat 4: Lowey277 ($204.07 in chips)
SLK500: posts small blind $1
Lowey277: posts big blind $3
*** HOLE CARDS ***
SLK500: folds
Uncalled bet ($2) returned to Lowey277
Lowey277 collected $2 from pot
Lowey277: doesn't show hand
*** SUMMARY ***
Total pot $2 | Rake $0
Seat 2: SLK500 (button) (small blind) folded before Flop
Seat 4: Lowey277 (big blind) collected ($2)


PokerStars Hand #174804949466:  Hold'em Limit ($3/$6 USD) - 2017/08/26 2:42:08 ET
Table 'Daedalus' 6-max Seat #4 is the button
Seat 2: SLK500 ($123.79 in chips)
Seat 4: Lowey277 ($201.07 in chips)
Lowey277: posts small blind $1
a.v.kopli: is sitting out
SLK500: posts big blind $3
*** HOLE CARDS ***
Lowey277: raises $3 to $6
SLK500: folds
Uncalled bet ($3) returned to Lowey277
Lowey277 collected $6 from pot
Lowey277: doesn't show hand
*** SUMMARY ***
Total pot $6 | Rake $0
Seat 2: SLK500 (big blind) folded before Flop
Seat 4: Lowey277 (button) (small blind) collected ($6)


PokerStars Hand #174804971264:  Hold'em Limit ($3/$6 USD) - 2017/08/26 2:43:29 ET
Table 'Daedalus' 6-max Seat #4 is the button
Seat 4: Lowey277 ($196.53 in chips)
Seat 5: a.v.kopli ($102.27 in chips)
Lowey277: posts small blind $1
a.v.kopli: posts big blind $3
*** HOLE CARDS ***
Lowey277: raises $3 to $6
a.v.kopli: calls $3
*** FLOP *** [3c 4d Td]
a.v.kopli: checks
Lowey277: bets $3
a.v.kopli: calls $3
*** TURN *** [3c 4d Td] [3h]
a.v.kopli: checks
Lowey277: checks
*** RIVER *** [3c 4d Td 3h] [9s]
a.v.kopli: checks
Lowey277: checks
*** SHOW DOWN ***
a.v.kopli: shows [7s Ac] (a pair of Threes)
Lowey277: shows [8s Ad] (a pair of Threes)
a.v.kopli collected $8.82 from pot
Lowey277 collected $8.82 from pot
*** SUMMARY ***
Total pot $18 | Rake $0.36
Board [3c 4d Td 3h 9s]
Seat 4: Lowey277 (button) (small blind) showed [8s Ad] and won ($8.82) with a pair of Threes
Seat 5: a.v.kopli (big blind) showed [7s Ac] and won ($8.82) with a pair of Threes


PokerStars Hand #174804967465:  Hold'em Limit ($3/$6 USD) - 2017/08/26 2:43:15 ET
Table 'Daedalus' 6-max Seat #5 is the button
Seat 4: Lowey277 ($208.53 in chips)
Seat 5: a.v.kopli ($90.75 in chips)
a.v.kopli: posts small blind $1
Lowey277: posts big blind $3
*** HOLE CARDS ***
a.v.kopli: raises $3 to $6
Lowey277: raises $3 to $9
a.v.kopli: calls $3
*** FLOP *** [Js Qc Qs]
Lowey277: bets $3
a.v.kopli: raises $3 to $6
Lowey277: folds
Uncalled bet ($3) returned to a.v.kopli
a.v.kopli collected $23.52 from pot
*** SUMMARY ***
Total pot $24 | Rake $0.48
Board [Js Qc Qs]
Seat 4: Lowey277 (big blind) folded on the Flop
Seat 5: a.v.kopli (button) (small blind) collected ($23.52)


PokerStars Hand #174804983576:  Hold'em Limit ($3/$6 USD) - 2017/08/26 2:44:15 ET
Table 'Daedalus' 6-max Seat #4 is the button
Seat 4: Lowey277 ($219.85 in chips)
Seat 5: a.v.kopli ($78.09 in chips)
Lowey277: posts small blind $1
a.v.kopli: posts big blind $3
*** HOLE CARDS ***
Lowey277: raises $3 to $6
a.v.kopli: calls $3
*** FLOP *** [Ks Ts Kc]
a.v.kopli: checks
Lowey277: checks
*** TURN *** [Ks Ts Kc] [Qs]
a.v.kopli: bets $6
Lowey277: raises $6 to $12
a.v.kopli: calls $6
*** RIVER *** [Ks Ts Kc Qs] [8s]
a.v.kopli: checks
Lowey277: bets $6
a.v.kopli: calls $6
*** SHOW DOWN ***
Lowey277: shows [Kd Js] (a flush, King high)
a.v.kopli: mucks hand
Lowey277 collected $47.50 from pot
*** SUMMARY ***
Total pot $48 | Rake $0.50
Board [Ks Ts Kc Qs 8s]
Seat 4: Lowey277 (button) (small blind) showed [Kd Js] and won ($47.50) with a flush, King high
Seat 5: a.v.kopli (big blind) mucked


PokerStars Hand #174804976079:  Hold'em Limit ($3/$6 USD) - 2017/08/26 2:43:47 ET
Table 'Daedalus' 6-max Seat #5 is the button
Seat 4: Lowey277 ($196.35 in chips)
Seat 5: a.v.kopli ($102.09 in chips)
a.v.kopli: posts small blind $1
Lowey277: posts big blind $3
*** HOLE CARDS ***
a.v.kopli: raises $3 to $6
Lowey277: raises $3 to $9
a.v.kopli: calls $3
*** FLOP *** [8c 4d 9h]
Lowey277: bets $3
a.v.kopli: calls $3
*** TURN *** [8c 4d 9h] [3d]
Lowey277: bets $6
a.v.kopli: calls $6
*** RIVER *** [8c 4d 9h 3d] [As]
Lowey277: bets $6
a.v.kopli: calls $6
*** SHOW DOWN ***
Lowey277: shows [8s 8h] (three of a kind, Eights)
a.v.kopli: mucks hand
Lowey277 collected $47.50 from pot
*** SUMMARY ***
Total pot $48 | Rake $0.50
Board [8c 4d 9h 3d As]
Seat 4: Lowey277 (big blind) showed [8s 8h] and won ($47.50) with three of a kind, Eights
Seat 5: a.v.kopli (button) (small blind) mucked


PokerStars Hand #174804999276:  Hold'em Limit ($3/$6 USD) - 2017/08/26 2:45:14 ET
Table 'Daedalus' 6-max Seat #5 is the button
Seat 4: Lowey277 ($206.35 in chips)
Seat 5: a.v.kopli ($90.59 in chips)
a.v.kopli: posts small blind $1
Lowey277: posts big blind $3
*** HOLE CARDS ***
a.v.kopli: folds
Uncalled bet ($2) returned to Lowey277
Lowey277 collected $2 from pot
Lowey277: doesn't show hand
*** SUMMARY ***
Total pot $2 | Rake $0
Seat 4: Lowey277 (big blind) collected ($2)
Seat 5: a.v.kopli (button) (small blind) folded before Flop


PokerStars Hand #174804997839:  Hold'em Limit ($3/$6 USD) - 2017/08/26 2:45:09 ET
Table 'Daedalus' 6-max Seat #4 is the button
Seat 4: Lowey277 ($207.35 in chips)
Seat 5: a.v.kopli ($89.59 in chips)
Lowey277: posts small blind $1
a.v.kopli: posts big blind $3
*** HOLE CARDS ***
Lowey277: folds
Uncalled bet ($2) returned to a.v.kopli
a.v.kopli collected $2 from pot
*** SUMMARY ***
Total pot $2 | Rake $0
Seat 4: Lowey277 (button) (small blind) folded before Flop
Seat 5: a.v.kopli (big blind) collected ($2)


PokerStars Hand #174804990929:  Hold'em Limit ($3/$6 USD) - 2017/08/26 2:44:43 ET
Table 'Daedalus' 6-max Seat #5 is the button
Seat 4: Lowey277 ($243.35 in chips)
Seat 5: a.v.kopli ($54.09 in chips)
a.v.kopli: posts small blind $1
Lowey277: posts big blind $3
*** HOLE CARDS ***
a.v.kopli: raises $3 to $6
Lowey277: raises $3 to $9
a.v.kopli: calls $3
*** FLOP *** [Qd 6h 9h]
Lowey277: bets $3
a.v.kopli: raises $3 to $6
Lowey277: raises $3 to $9
a.v.kopli: calls $3
*** TURN *** [Qd 6h 9h] [8s]
Lowey277: bets $6
a.v.kopli: calls $6
*** RIVER *** [Qd 6h 9h 8s] [7c]
Lowey277: bets $6
a.v.kopli: raises $6 to $12
Lowey277: calls $6
*** SHOW DOWN ***
a.v.kopli: shows [5d 6d] (a straight, Five to Nine)
Lowey277: mucks hand
a.v.kopli collected $71.50 from pot
*** SUMMARY ***
Total pot $72 | Rake $0.50
Board [Qd 6h 9h 8s 7c]
Seat 4: Lowey277 (big blind) mucked
Seat 5: a.v.kopli (button) (small blind) showed [5d 6d] and won ($71.50) with a straight, Five to Nine


PokerStars Hand #174805000640:  Hold'em Limit ($3/$6 USD) - 2017/08/26 2:45:20 ET
Table 'Daedalus' 6-max Seat #4 is the button
Seat 4: Lowey277 ($207.35 in chips)
Seat 5: a.v.kopli ($89.59 in chips)
Lowey277: posts small blind $1
a.v.kopli: posts big blind $3
*** HOLE CARDS ***
Lowey277: raises $3 to $6
a.v.kopli: calls $3
*** FLOP *** [4h Ts 9s]
a.v.kopli: checks
Lowey277: bets $3
a.v.kopli: raises $3 to $6
Lowey277: raises $3 to $9
a.v.kopli: calls $3
*** TURN *** [4h Ts 9s] [Qd]
a.v.kopli: checks
Lowey277: checks
*** RIVER *** [4h Ts 9s Qd] [2c]
a.v.kopli: bets $6
Lowey277: calls $6
*** SHOW DOWN ***
a.v.kopli: shows [Th 8c] (a pair of Tens)
Lowey277: mucks hand
a.v.kopli collected $41.50 from pot
*** SUMMARY ***
Total pot $42 | Rake $0.50
Board [4h Ts 9s Qd 2c]
Seat 4: Lowey277 (button) (small blind) mucked
Seat 5: a.v.kopli (big blind) showed [Th 8c] and won ($41.50) with a pair of Tens


PokerStars Hand #174805006627:  Hold'em Limit ($3/$6 USD) - 2017/08/26 2:45:42 ET
Table 'Daedalus' 6-max Seat #5 is the button
Seat 4: Lowey277 ($186.35 in chips)
Seat 5: a.v.kopli ($110.09 in chips)
a.v.kopli: posts small blind $1
Lowey277: posts big blind $3
*** HOLE CARDS ***
a.v.kopli: raises $3 to $6
Lowey277: calls $3
*** FLOP *** [Jc 7d 3c]
Lowey277: bets $3
a.v.kopli: raises $3 to $6
Lowey277: calls $3
*** TURN *** [Jc 7d 3c] [4s]
Lowey277: bets $6
a.v.kopli: calls $6
*** RIVER *** [Jc 7d 3c 4s] [8c]
Lowey277: bets $6
a.v.kopli: raises $6 to $12
Lowey277: folds
Uncalled bet ($6) returned to a.v.kopli
a.v.kopli collected $47.50 from pot
*** SUMMARY ***
Total pot $48 | Rake $0.50
Board [Jc 7d 3c 4s 8c]
Seat 4: Lowey277 (big blind) folded on the River
Seat 5: a.v.kopli (button) (small blind) collected ($47.50)


PokerStars Hand #174805013168:  Hold'em Limit ($3/$6 USD) - 2017/08/26 2:46:07 ET
Table 'Daedalus' 6-max Seat #4 is the button
Seat 4: Lowey277 ($162.35 in chips)
Seat 5: a.v.kopli ($133.59 in chips)
Lowey277: posts small blind $1
a.v.kopli: posts big blind $3
*** HOLE CARDS ***
Lowey277: folds
Uncalled bet ($2) returned to a.v.kopli
a.v.kopli collected $2 from pot
*** SUMMARY ***
Total pot $2 | Rake $0
Seat 4: Lowey277 (button) (small blind) folded before Flop
Seat 5: a.v.kopli (big blind) collected ($2)


PokerStars Hand #174805019621:  Hold'em Limit ($3/$6 USD) - 2017/08/26 2:46:32 ET
Table 'Daedalus' 6-max Seat #5 is the button
Seat 4: Lowey277 ($158.35 in chips)
Seat 5: a.v.kopli ($137.35 in chips)
a.v.kopli: posts small blind $1
Lowey277: posts big blind $3
*** HOLE CARDS ***
a.v.kopli: raises $3 to $6
Lowey277: raises $3 to $9
a.v.kopli: calls $3
*** FLOP *** [Td Jd Ah]
Lowey277: bets $3
a.v.kopli: raises $3 to $6
Lowey277: folds
Uncalled bet ($3) returned to a.v.kopli
a.v.kopli collected $23.52 from pot
*** SUMMARY ***
Total pot $24 | Rake $0.48
Board [Td Jd Ah]
Seat 4: Lowey277 (big blind) folded on the Flop
Seat 5: a.v.kopli (button) (small blind) collected ($23.52)


PokerStars Hand #174805017957:  Hold'em Limit ($3/$6 USD) - 2017/08/26 2:46:25 ET
Table 'Daedalus' 6-max Seat #4 is the button
Seat 4: Lowey277 ($155.35 in chips)
Seat 5: a.v.kopli ($140.35 in chips)
Lowey277: posts small blind $1
a.v.kopli: posts big blind $3
*** HOLE CARDS ***
Lowey277: raises $3 to $6
a.v.kopli: folds
Uncalled bet ($3) returned to Lowey277
Lowey277 collected $6 from pot
Lowey277: doesn't show hand
*** SUMMARY ***
Total pot $6 | Rake $0
Seat 4: Lowey277 (button) (small blind) collected ($6)
Seat 5: a.v.kopli (big blind) folded before Flop


PokerStars Hand #174805014607:  Hold'em Limit ($3/$6 USD) - 2017/08/26 2:46:13 ET
Table 'Daedalus' 6-max Seat #5 is the button
Seat 4: Lowey277 ($161.35 in chips)
Seat 5: a.v.kopli ($134.59 in chips)
a.v.kopli: posts small blind $1
Lowey277: posts big blind $3
*** HOLE CARDS ***
a.v.kopli: raises $3 to $6
Lowey277: calls $3
*** FLOP *** [3c Qh Tc]
Lowey277: checks
a.v.kopli: bets $3
Lowey277: folds
Uncalled bet ($3) returned to a.v.kopli
a.v.kopli collected $11.76 from pot
*** SUMMARY ***
Total pot $12 | Rake $0.24
Board [3c Qh Tc]
Seat 4: Lowey277 (big blind) folded on the Flop
Seat 5: a.v.kopli (button) (small blind) collected ($11.76)


PokerStars Hand #174805036440:  Hold'em Limit ($3/$6 USD) - 2017/08/26 2:47:36 ET
Table 'Daedalus' 6-max Seat #4 is the button
Seat 4: Lowey277 ($196.35 in chips)
Seat 5: a.v.kopli ($97.87 in chips)
Lowey277: posts small blind $1
a.v.kopli: posts big blind $3
*** HOLE CARDS ***
Lowey277: folds
Uncalled bet ($2) returned to a.v.kopli
a.v.kopli collected $2 from pot
*** SUMMARY ***
Total pot $2 | Rake $0
Seat 4: Lowey277 (button) (small blind) folded before Flop
Seat 5: a.v.kopli (big blind) collected ($2)


PokerStars Hand #174805030455:  Hold'em Limit ($3/$6 USD) - 2017/08/26 2:47:13 ET
Table 'Daedalus' 6-max Seat #5 is the button
Seat 4: Lowey277 ($172.85 in chips)
Seat 5: a.v.kopli ($121.87 in chips)
a.v.kopli: posts small blind $1
Lowey277: posts big blind $3
*** HOLE CARDS ***
a.v.kopli: raises $3 to $6
Lowey277: raises $3 to $9
a.v.kopli: raises $3 to $12
Betting is capped
Lowey277: calls $3
*** FLOP *** [Ad Jh 8s]
Lowey277: checks
a.v.kopli: checks
*** TURN *** [Ad Jh 8s] [Tc]
Lowey277: bets $6
a.v.kopli: calls $6
*** RIVER *** [Ad Jh 8s Tc] [4c]
Lowey277: bets $6
a.v.kopli: calls $6
*** SHOW DOWN ***
Lowey277: shows [As 5d] (a pair of Aces)
a.v.kopli: shows [Kh Kd] (a pair of Kings)
Lowey277 collected $47.50 from pot
*** SUMMARY ***
Total pot $48 | Rake $0.50
Board [Ad Jh 8s Tc 4c]
Seat 4: Lowey277 (big blind) showed [As 5d] and won ($47.50) with a pair of Aces
Seat 5: a.v.kopli (button) (small blind) showed [Kh Kd] and lost with a pair of Kings


PokerStars Hand #174805023843:  Hold'em Limit ($3/$6 USD) - 2017/08/26 2:46:48 ET
Table 'Daedalus' 6-max Seat #4 is the button
Seat 4: Lowey277 ($146.35 in chips)
Seat 5: a.v.kopli ($148.87 in chips)
Lowey277: posts small blind $1
a.v.kopli: posts big blind $3
*** HOLE CARDS ***
Lowey277: raises $3 to $6
a.v.kopli: raises $3 to $9
Lowey277: calls $3
*** FLOP *** [5s 2s 8s]
a.v.kopli: bets $3
Lowey277: raises $3 to $6
a.v.kopli: calls $3
*** TURN *** [5s 2s 8s] [7c]
a.v.kopli: checks
Lowey277: bets $6
a.v.kopli: calls $6
*** RIVER *** [5s 2s 8s 7c] [Ks]
a.v.kopli: checks
Lowey277: bets $6
a.v.kopli: calls $6
*** SHOW DOWN ***
Lowey277: shows [9s 6h] (a flush, King high)
a.v.kopli: mucks hand
Lowey277 collected $53.50 from pot
*** SUMMARY ***
Total pot $54 | Rake $0.50
Board [5s 2s 8s 7c Ks]
Seat 4: Lowey277 (button) (small blind) showed [9s 6h] and won ($53.50) with a flush, King high
Seat 5: a.v.kopli (big blind) mucked


PokerStars Hand #174805042925:  Hold'em Limit ($3/$6 USD) - 2017/08/26 2:48:00 ET
Table 'Daedalus' 6-max Seat #5 is the button
Seat 4: Lowey277 ($192.35 in chips)
Seat 5: a.v.kopli ($101.63 in chips)
a.v.kopli: posts small blind $1
Lowey277: posts big blind $3
*** HOLE CARDS ***
a.v.kopli: raises $3 to $6
Lowey277: raises $3 to $9
a.v.kopli: calls $3
*** FLOP *** [6h Ac 7d]
Lowey277: bets $3
a.v.kopli: calls $3
*** TURN *** [6h Ac 7d] [Ah]
Lowey277: bets $6
a.v.kopli: folds
Uncalled bet ($6) returned to Lowey277
Lowey277 collected $23.52 from pot
Lowey277: doesn't show hand
*** SUMMARY ***
Total pot $24 | Rake $0.48
Board [6h Ac 7d Ah]
Seat 4: Lowey277 (big blind) collected ($23.52)
Seat 5: a.v.kopli (button) (small blind) folded on the Turn


PokerStars Hand #174805051023:  Hold'em Limit ($3/$6 USD) - 2017/08/26 2:48:31 ET
Table 'Daedalus' 6-max Seat #5 is the button
Seat 4: Lowey277 ($194.87 in chips)
Seat 5: a.v.kopli ($98.27 in chips)
a.v.kopli: posts small blind $1
Lowey277: posts big blind $3
*** HOLE CARDS ***
a.v.kopli: folds
Uncalled bet ($2) returned to Lowey277
Lowey277 collected $2 from pot
Lowey277: doesn't show hand
*** SUMMARY ***
Total pot $2 | Rake $0
Seat 4: Lowey277 (big blind) collected ($2)
Seat 5: a.v.kopli (button) (small blind) folded before Flop


PokerStars Hand #174805041047:  Hold'em Limit ($3/$6 USD) - 2017/08/26 2:47:53 ET
Table 'Daedalus' 6-max Seat #4 is the button
Seat 4: Lowey277 ($189.35 in chips)
Seat 5: a.v.kopli ($104.63 in chips)
Lowey277: posts small blind $1
a.v.kopli: posts big blind $3
*** HOLE CARDS ***
Lowey277: raises $3 to $6
a.v.kopli: folds
Uncalled bet ($3) returned to Lowey277
Lowey277 collected $6 from pot
Lowey277: doesn't show hand
*** SUMMARY ***
Total pot $6 | Rake $0
Seat 4: Lowey277 (button) (small blind) collected ($6)
Seat 5: a.v.kopli (big blind) folded before Flop


PokerStars Hand #174805037835:  Hold'em Limit ($3/$6 USD) - 2017/08/26 2:47:41 ET
Table 'Daedalus' 6-max Seat #5 is the button
Seat 4: Lowey277 ($195.35 in chips)
Seat 5: a.v.kopli ($98.87 in chips)
a.v.kopli: posts small blind $1
Lowey277: posts big blind $3
*** HOLE CARDS ***
a.v.kopli: raises $3 to $6
Lowey277: calls $3
*** FLOP *** [Kc 9c 4s]
Lowey277: checks
a.v.kopli: bets $3
Lowey277: folds
Uncalled bet ($3) returned to a.v.kopli
a.v.kopli collected $11.76 from pot
*** SUMMARY ***
Total pot $12 | Rake $0.24
Board [Kc 9c 4s]
Seat 4: Lowey277 (big blind) folded on the Flop
Seat 5: a.v.kopli (button) (small blind) collected ($11.76)


PokerStars Hand #174805047586:  Hold'em Limit ($3/$6 USD) - 2017/08/26 2:48:18 ET
Table 'Daedalus' 6-max Seat #4 is the button
Seat 4: Lowey277 ($203.87 in chips)
Seat 5: a.v.kopli ($89.63 in chips)
Lowey277: posts small blind $1
a.v.kopli: posts big blind $3
*** HOLE CARDS ***
Lowey277: raises $3 to $6
a.v.kopli: raises $3 to $9
Lowey277: calls $3
*** FLOP *** [3s Kd Js]
a.v.kopli: bets $3
Lowey277: folds
Uncalled bet ($3) returned to a.v.kopli
a.v.kopli collected $17.64 from pot
*** SUMMARY ***
Total pot $18 | Rake $0.36
Board [3s Kd Js]
Seat 4: Lowey277 (button) (small blind) folded on the Flop
Seat 5: a.v.kopli (big blind) collected ($17.64)


PokerStars Hand #174805058146:  Hold'em Limit ($3/$6 USD) - 2017/08/26 2:48:58 ET
Table 'Daedalus' 6-max Seat #5 is the button
Seat 4: Lowey277 ($216.37 in chips)
Seat 5: a.v.kopli ($76.27 in chips)
a.v.kopli: posts small blind $1
Lowey277: posts big blind $3
*** HOLE CARDS ***
a.v.kopli: raises $3 to $6
Lowey277: raises $3 to $9
a.v.kopli: raises $3 to $12
Betting is capped
Lowey277: calls $3
*** FLOP *** [9d 2d 4c]
Lowey277: checks
a.v.kopli: bets $3
Lowey277: calls $3
*** TURN *** [9d 2d 4c] [Ks]
Lowey277: checks
a.v.kopli: checks
*** RIVER *** [9d 2d 4c Ks] [Ah]
Lowey277: checks
a.v.kopli: bets $6
Lowey277: calls $6
*** SHOW DOWN ***
a.v.kopli: shows [As 7s] (a pair of Aces)
Lowey277: mucks hand
a.v.kopli collected $41.50 from pot
*** SUMMARY ***
Total pot $42 | Rake $0.50
Board [9d 2d 4c Ks Ah]
Seat 4: Lowey277 (big blind) mucked
Seat 5: a.v.kopli (button) (small blind) showed [As 7s] and won ($41.50) with a pair of Aces


PokerStars Hand #174805052395:  Hold'em Limit ($3/$6 USD) - 2017/08/26 2:48:36 ET
Table 'Daedalus' 6-max Seat #4 is the button
Seat 4: Lowey277 ($195.87 in chips)
Seat 5: a.v.kopli ($97.27 in chips)
Lowey277: posts small blind $1
a.v.kopli: posts big blind $3
*** HOLE CARDS ***
Lowey277: raises $3 to $6
a.v.kopli: calls $3
*** FLOP *** [2d Qs 9d]
a.v.kopli: checks
Lowey277: bets $3
a.v.kopli: calls $3
*** TURN *** [2d Qs 9d] [8d]
a.v.kopli: checks
Lowey277: bets $6
a.v.kopli: calls $6
*** RIVER *** [2d Qs 9d 8d] [9s]
a.v.kopli: checks
Lowey277: bets $6
a.v.kopli: calls $6
*** SHOW DOWN ***
Lowey277: shows [Tc Th] (two pair, Tens and Nines)
a.v.kopli: mucks hand
Lowey277 collected $41.50 from pot
*** SUMMARY ***
Total pot $42 | Rake $0.50
Board [2d Qs 9d 8d 9s]
Seat 4: Lowey277 (button) (small blind) showed [Tc Th] and won ($41.50) with two pair, Tens and Nines
Seat 5: a.v.kopli (big blind) mucked


PokerStars Hand #174805068243:  Hold'em Limit ($3/$6 USD) - 2017/08/26 2:49:36 ET
Table 'Daedalus' 6-max Seat #5 is the button
Seat 4: Lowey277 ($201.13 in chips)
Seat 5: a.v.kopli ($90.77 in chips)
a.v.kopli: posts small blind $1
Lowey277: posts big blind $3
*** HOLE CARDS ***
a.v.kopli: folds
Uncalled bet ($2) returned to Lowey277
Lowey277 collected $2 from pot
Lowey277: doesn't show hand
*** SUMMARY ***
Total pot $2 | Rake $0
Seat 4: Lowey277 (big blind) collected ($2)
Seat 5: a.v.kopli (button) (small blind) folded before Flop


PokerStars Hand #174805064525:  Hold'em Limit ($3/$6 USD) - 2017/08/26 2:49:22 ET
Table 'Daedalus' 6-max Seat #4 is the button
Seat 4: Lowey277 ($195.37 in chips)
Seat 5: a.v.kopli ($96.77 in chips)
Lowey277: posts small blind $1
a.v.kopli: posts big blind $3
*** HOLE CARDS ***
Lowey277: raises $3 to $6
a.v.kopli: calls $3
*** FLOP *** [Qc 3s As]
a.v.kopli: checks
Lowey277: bets $3
a.v.kopli: folds
Uncalled bet ($3) returned to Lowey277
Lowey277 collected $11.76 from pot
Lowey277: doesn't show hand
*** SUMMARY ***
Total pot $12 | Rake $0.24
Board [Qc 3s As]
Seat 4: Lowey277 (button) (small blind) collected ($11.76)
Seat 5: a.v.kopli (big blind) folded on the Flop


PokerStars Hand #174805069486:  Hold'em Limit ($3/$6 USD) - 2017/08/26 2:49:41 ET
Table 'Daedalus' 6-max Seat #4 is the button
Seat 4: Lowey277 ($202.13 in chips)
Seat 5: a.v.kopli ($89.77 in chips)
Lowey277: posts small blind $1
a.v.kopli: posts big blind $3
*** HOLE CARDS ***
Lowey277: raises $3 to $6
a.v.kopli: calls $3
*** FLOP *** [Qc 6d 6s]
a.v.kopli: checks
Lowey277: bets $3
a.v.kopli: calls $3
*** TURN *** [Qc 6d 6s] [Kh]
a.v.kopli: checks
Lowey277: bets $6
a.v.kopli: calls $6
*** RIVER *** [Qc 6d 6s Kh] [Kc]
a.v.kopli: bets $6
Lowey277: raises $6 to $12
a.v.kopli: calls $6
*** SHOW DOWN ***
Lowey277: shows [4s Kd] (a full house, Kings full of Sixes)
a.v.kopli: mucks hand
Lowey277 collected $53.50 from pot
*** SUMMARY ***
Total pot $54 | Rake $0.50
Board [Qc 6d 6s Kh Kc]
Seat 4: Lowey277 (button) (small blind) showed [4s Kd] and won ($53.50) with a full house, Kings full of Sixes
Seat 5: a.v.kopli (big blind) mucked


PokerStars Hand #174805077096:  Hold'em Limit ($3/$6 USD) - 2017/08/26 2:50:09 ET
Table 'Daedalus' 6-max Seat #5 is the button
Seat 4: Lowey277 ($228.63 in chips)
Seat 5: a.v.kopli ($62.77 in chips)
a.v.kopli: posts small blind $1
Lowey277: posts big blind $3
*** HOLE CARDS ***
a.v.kopli: raises $3 to $6
Lowey277: folds
Uncalled bet ($3) returned to a.v.kopli
a.v.kopli collected $6 from pot
*** SUMMARY ***
Total pot $6 | Rake $0
Seat 4: Lowey277 (big blind) folded before Flop
Seat 5: a.v.kopli (button) (small blind) collected ($6)


PokerStars Hand #174805078860:  Hold'em Limit ($3/$6 USD) - 2017/08/26 2:50:16 ET
Table 'Daedalus' 6-max Seat #4 is the button
Seat 4: Lowey277 ($225.63 in chips)
Seat 5: a.v.kopli ($65.77 in chips)
Lowey277: posts small blind $1
a.v.kopli: posts big blind $3
*** HOLE CARDS ***
Lowey277: raises $3 to $6
a.v.kopli: calls $3
*** FLOP *** [4h 9d Jh]
a.v.kopli: checks
Lowey277: checks
*** TURN *** [4h 9d Jh] [Kc]
a.v.kopli: bets $6
Lowey277: folds
Uncalled bet ($6) returned to a.v.kopli
a.v.kopli collected $11.76 from pot
*** SUMMARY ***
Total pot $12 | Rake $0.24
Board [4h 9d Jh Kc]
Seat 4: Lowey277 (button) (small blind) folded on the Turn
Seat 5: a.v.kopli (big blind) collected ($11.76)


PokerStars Hand #174805095875:  Hold'em Limit ($3/$6 USD) - 2017/08/26 2:51:19 ET
Table 'Daedalus' 6-max Seat #4 is the button
Seat 4: Lowey277 ($186.63 in chips)
Seat 5: a.v.kopli ($103.43 in chips)
Lowey277: posts small blind $1
a.v.kopli: posts big blind $3
*** HOLE CARDS ***
Lowey277: raises $3 to $6
a.v.kopli: folds
Uncalled bet ($3) returned to Lowey277
Lowey277 collected $6 from pot
Lowey277: doesn't show hand
*** SUMMARY ***
Total pot $6 | Rake $0
Seat 4: Lowey277 (button) (small blind) collected ($6)
Seat 5: a.v.kopli (big blind) folded before Flop


PokerStars Hand #174805082274:  Hold'em Limit ($3/$6 USD) - 2017/08/26 2:50:29 ET
Table 'Daedalus' 6-max Seat #5 is the button
Seat 4: Lowey277 ($219.63 in chips)
Seat 5: a.v.kopli ($71.53 in chips)
a.v.kopli: posts small blind $1
Lowey277: posts big blind $3
*** HOLE CARDS ***
a.v.kopli: raises $3 to $6
Lowey277: calls $3
*** FLOP *** [3s As 4h]
Lowey277: bets $3
a.v.kopli: calls $3
*** TURN *** [3s As 4h] [Qs]
Lowey277: checks
a.v.kopli: bets $6
Lowey277: folds
Uncalled bet ($6) returned to a.v.kopli
a.v.kopli collected $17.64 from pot
*** SUMMARY ***
Total pot $18 | Rake $0.36
Board [3s As 4h Qs]
Seat 4: Lowey277 (big blind) folded on the Turn
Seat 5: a.v.kopli (button) (small blind) collected ($17.64)


PokerStars Hand #174805092300:  Hold'em Limit ($3/$6 USD) - 2017/08/26 2:51:06 ET
Table 'Daedalus' 6-max Seat #5 is the button
Seat 4: Lowey277 ($192.63 in chips)
Seat 5: a.v.kopli ($97.67 in chips)
a.v.kopli: posts small blind $1
Lowey277: posts big blind $3
*** HOLE CARDS ***
a.v.kopli: raises $3 to $6
Lowey277: calls $3
*** FLOP *** [2h 8d As]
Lowey277: checks
a.v.kopli: bets $3
Lowey277: folds
Uncalled bet ($3) returned to a.v.kopli
a.v.kopli collected $11.76 from pot
*** SUMMARY ***
Total pot $12 | Rake $0.24
Board [2h 8d As]
Seat 4: Lowey277 (big blind) folded on the Flop
Seat 5: a.v.kopli (button) (small blind) collected ($11.76)


PokerStars Hand #174805086867:  Hold'em Limit ($3/$6 USD) - 2017/08/26 2:50:46 ET
Table 'Daedalus' 6-max Seat #4 is the button
Seat 4: Lowey277 ($210.63 in chips)
Seat 5: a.v.kopli ($80.17 in chips)
Lowey277: posts small blind $1
a.v.kopli: posts big blind $3
*** HOLE CARDS ***
Lowey277: raises $3 to $6
a.v.kopli: raises $3 to $9
Lowey277: calls $3
*** FLOP *** [9c Kd Qc]
a.v.kopli: bets $3
Lowey277: raises $3 to $6
a.v.kopli: raises $3 to $9
Lowey277: calls $3
*** TURN *** [9c Kd Qc] [Ah]
a.v.kopli: bets $6
Lowey277: folds
Uncalled bet ($6) returned to a.v.kopli
a.v.kopli collected $35.50 from pot
*** SUMMARY ***
Total pot $36 | Rake $0.50
Board [9c Kd Qc Ah]
Seat 4: Lowey277 (button) (small blind) folded on the Turn
Seat 5: a.v.kopli (big blind) collected ($35.50)


PokerStars Hand #174805102477:  Hold'em Limit ($3/$6 USD) - 2017/08/26 2:51:44 ET
Table 'Daedalus' 6-max Seat #4 is the button
Seat 4: Lowey277 ($198.27 in chips)
Seat 5: a.v.kopli ($91.43 in chips)
Lowey277: posts small blind $1
a.v.kopli: posts big blind $3
*** HOLE CARDS ***
Lowey277: folds
Uncalled bet ($2) returned to a.v.kopli
yamaxerm joins the table at seat #6
a.v.kopli collected $2 from pot
*** SUMMARY ***
Total pot $2 | Rake $0
Seat 4: Lowey277 (button) (small blind) folded before Flop
Seat 5: a.v.kopli (big blind) collected ($2)


PokerStars Hand #174805097858:  Hold'em Limit ($3/$6 USD) - 2017/08/26 2:51:27 ET
Table 'Daedalus' 6-max Seat #5 is the button
Seat 4: Lowey277 ($189.63 in chips)
Seat 5: a.v.kopli ($100.43 in chips)
a.v.kopli: posts small blind $1
Lowey277: posts big blind $3
*** HOLE CARDS ***
a.v.kopli: raises $3 to $6
Lowey277: calls $3
*** FLOP *** [Td Qc Ad]
Lowey277: checks
a.v.kopli: bets $3
Lowey277: calls $3
*** TURN *** [Td Qc Ad] [7h]
Lowey277: bets $6
a.v.kopli: folds
Uncalled bet ($6) returned to Lowey277
Lowey277 collected $17.64 from pot
Lowey277: doesn't show hand
*** SUMMARY ***
Total pot $18 | Rake $0.36
Board [Td Qc Ad 7h]
Seat 4: Lowey277 (big blind) collected ($17.64)
Seat 5: a.v.kopli (button) (small blind) folded on the Turn


PokerStars Hand #174805143092:  Hold'em Limit ($3/$6 USD) - 2017/08/26 2:54:17 ET
Table 'Daedalus' 6-max Seat #4 is the button
Seat 4: Lowey277 ($236.47 in chips)
Seat 6: yamaxerm ($84 in chips)
Lowey277: posts small blind $1
yamaxerm: posts big blind $3
*** HOLE CARDS ***
Lowey277: folds
Uncalled bet ($2) returned to yamaxerm
yamaxerm collected $2 from pot
yamaxerm: doesn't show hand
*** SUMMARY ***
Total pot $2 | Rake $0
Seat 4: Lowey277 (button) (small blind) folded before Flop
Seat 6: yamaxerm (big blind) collected ($2)


PokerStars Hand #174805158690:  Hold'em Limit ($3/$6 USD) - 2017/08/26 2:55:17 ET
Table 'Daedalus' 6-max Seat #4 is the button
Seat 4: Lowey277 ($251.97 in chips)
Seat 6: yamaxerm ($67.64 in chips)
Lowey277: posts small blind $1
yamaxerm: posts big blind $3
*** HOLE CARDS ***
Lowey277: raises $3 to $6
yamaxerm: calls $3
*** FLOP *** [2s 2c As]
yamaxerm: checks
Lowey277: checks
*** TURN *** [2s 2c As] [2d]
yamaxerm: bets $6
Lowey277: calls $6
*** RIVER *** [2s 2c As 2d] [7c]
yamaxerm: bets $6
Lowey277: raises $6 to $12
yamaxerm: folds
Uncalled bet ($6) returned to Lowey277
Lowey277 collected $35.50 from pot
Lowey277: doesn't show hand
*** SUMMARY ***
Total pot $36 | Rake $0.50
Board [2s 2c As 2d 7c]
Seat 4: Lowey277 (button) (small blind) collected ($35.50)
Seat 6: yamaxerm (big blind) folded on the River


PokerStars Hand #174805144568:  Hold'em Limit ($3/$6 USD) - 2017/08/26 2:54:23 ET
Table 'Daedalus' 6-max Seat #6 is the button
Seat 4: Lowey277 ($235.47 in chips)
Seat 6: yamaxerm ($85 in chips)
yamaxerm: posts small blind $1
Lowey277: posts big blind $3
*** HOLE CARDS ***
yamaxerm: raises $3 to $6
Lowey277: raises $3 to $9
yamaxerm: calls $3
*** FLOP *** [8s 4c 2h]
Lowey277: bets $3
yamaxerm: raises $3 to $6
Lowey277: calls $3
*** TURN *** [8s 4c 2h] [As]
Lowey277: bets $6
yamaxerm: calls $6
*** RIVER *** [8s 4c 2h As] [2s]
Lowey277: bets $6
yamaxerm: calls $6
*** SHOW DOWN ***
Lowey277: shows [Ad Js] (two pair, Aces and Deuces)
yamaxerm: mucks hand
Lowey277 collected $53.50 from pot
*** SUMMARY ***
Total pot $54 | Rake $0.50
Board [8s 4c 2h As 2s]
Seat 4: Lowey277 (big blind) showed [Ad Js] and won ($53.50) with two pair, Aces and Deuces
Seat 6: yamaxerm (button) (small blind) mucked


PokerStars Hand #174805151628:  Hold'em Limit ($3/$6 USD) - 2017/08/26 2:54:49 ET
Table 'Daedalus' 6-max Seat #4 is the button
Seat 4: Lowey277 ($261.97 in chips)
Seat 6: yamaxerm ($58 in chips)
Lowey277: posts small blind $1
yamaxerm: posts big blind $3
*** HOLE CARDS ***
Lowey277: folds
Uncalled bet ($2) returned to yamaxerm
yamaxerm collected $2 from pot
yamaxerm: doesn't show hand
*** SUMMARY ***
Total pot $2 | Rake $0
Seat 4: Lowey277 (button) (small blind) folded before Flop
Seat 6: yamaxerm (big blind) collected ($2)


PokerStars Hand #174805153705:  Hold'em Limit ($3/$6 USD) - 2017/08/26 2:54:57 ET
Table 'Daedalus' 6-max Seat #6 is the button
Seat 4: Lowey277 ($260.97 in chips)
Seat 6: yamaxerm ($59 in chips)
yamaxerm: posts small blind $1
Lowey277: posts big blind $3
*** HOLE CARDS ***
yamaxerm: raises $3 to $6
Lowey277: calls $3
*** FLOP *** [5h 7d Jc]
Lowey277: checks
yamaxerm: bets $3
Lowey277: calls $3
*** TURN *** [5h 7d Jc] [8s]
Lowey277: checks
yamaxerm: checks
*** RIVER *** [5h 7d Jc 8s] [4s]
Lowey277: checks
yamaxerm: checks
*** SHOW DOWN ***
Lowey277: shows [4c 3s] (a pair of Fours)
yamaxerm: shows [Ad 5s] (a pair of Fives)
yamaxerm collected $17.64 from pot
*** SUMMARY ***
Total pot $18 | Rake $0.36
Board [5h 7d Jc 8s 4s]
Seat 4: Lowey277 (big blind) showed [4c 3s] and lost with a pair of Fours
Seat 6: yamaxerm (button) (small blind) showed [Ad 5s] and won ($17.64) with a pair of Fives


PokerStars Hand #174805164308:  Hold'em Limit ($3/$6 USD) - 2017/08/26 2:55:40 ET
Table 'Daedalus' 6-max Seat #6 is the button
Seat 4: Lowey277 ($269.47 in chips)
Seat 6: yamaxerm ($49.64 in chips)
yamaxerm: posts small blind $1
Lowey277: posts big blind $3
*** HOLE CARDS ***
yamaxerm: raises $3 to $6
Lowey277: calls $3
*** FLOP *** [2s Jc 5h]
Lowey277: checks
yamaxerm: bets $3
Lowey277: raises $3 to $6
yamaxerm: calls $3
*** TURN *** [2s Jc 5h] [2h]
Lowey277: bets $6
yamaxerm: calls $6
*** RIVER *** [2s Jc 5h 2h] [Kh]
Lowey277: checks
yamaxerm: bets $6
Lowey277: calls $6
*** SHOW DOWN ***
yamaxerm: shows [6d 4d] (a pair of Deuces)
Lowey277: shows [As 5d] (two pair, Fives and Deuces)
Lowey277 collected $47.50 from pot
*** SUMMARY ***
Total pot $48 | Rake $0.50
Board [2s Jc 5h 2h Kh]
Seat 4: Lowey277 (big blind) showed [As 5d] and won ($47.50) with two pair, Fives and Deuces
Seat 6: yamaxerm (button) (small blind) showed [6d 4d] and lost with a pair of Deuces


PokerStars Hand #174805174915:  Hold'em Limit ($3/$6 USD) - 2017/08/26 2:56:24 ET
Table 'Daedalus' 6-max Seat #6 is the button
Seat 4: Lowey277 ($313.47 in chips)
Seat 6: yamaxerm ($64.64 in chips)
yamaxerm: posts small blind $1
Lowey277: posts big blind $3
*** HOLE CARDS ***
yamaxerm: folds
Uncalled bet ($2) returned to Lowey277
Lowey277 collected $2 from pot
Lowey277: doesn't show hand
*** SUMMARY ***
Total pot $2 | Rake $0
Seat 4: Lowey277 (big blind) collected ($2)
Seat 6: yamaxerm (button) (small blind) folded before Flop


PokerStars Hand #174805170092:  Hold'em Limit ($3/$6 USD) - 2017/08/26 2:56:05 ET
Table 'Daedalus' 6-max Seat #4 is the button
Seat 4: Lowey277 ($292.97 in chips)
Seat 6: yamaxerm ($25.64 in chips)
Lowey277: posts small blind $1
yamaxerm: posts big blind $3
*** HOLE CARDS ***
Lowey277: raises $3 to $6
yamaxerm: calls $3
*** FLOP *** [Kc Kh Ks]
yamaxerm: checks
Lowey277: bets $3
yamaxerm: calls $3
*** TURN *** [Kc Kh Ks] [4c]
yamaxerm: checks
Lowey277: bets $6
yamaxerm: calls $6
*** RIVER *** [Kc Kh Ks 4c] [2s]
yamaxerm: bets $6
Lowey277: calls $6
*** SHOW DOWN ***
yamaxerm: shows [Qh 7h] (three of a kind, Kings)
Lowey277: shows [Ac 3c] (three of a kind, Kings - Ace kicker)
Lowey277 collected $41.50 from pot
*** SUMMARY ***
Total pot $42 | Rake $0.50
Board [Kc Kh Ks 4c 2s]
Seat 4: Lowey277 (button) (small blind) showed [Ac 3c] and won ($41.50) with three of a kind, Kings
Seat 6: yamaxerm (big blind) showed [Qh 7h] and lost with three of a kind, Kings


PokerStars Hand #174805176319:  Hold'em Limit ($3/$6 USD) - 2017/08/26 2:56:30 ET
Table 'Daedalus' 6-max Seat #4 is the button
Seat 4: Lowey277 ($314.47 in chips)
Seat 6: yamaxerm ($63.64 in chips)
Lowey277: posts small blind $1
yamaxerm: posts big blind $3
*** HOLE CARDS ***
Lowey277: raises $3 to $6
yamaxerm: calls $3
*** FLOP *** [Ad 9d Jh]
yamaxerm: checks
Lowey277: bets $3
yamaxerm: calls $3
*** TURN *** [Ad 9d Jh] [Kh]
yamaxerm: checks
Lowey277: checks
*** RIVER *** [Ad 9d Jh Kh] [8c]
yamaxerm: bets $6
Lowey277: folds
Uncalled bet ($6) returned to yamaxerm
yamaxerm collected $17.64 from pot
yamaxerm: doesn't show hand
*** SUMMARY ***
Total pot $18 | Rake $0.36
Board [Ad 9d Jh Kh 8c]
Seat 4: Lowey277 (button) (small blind) folded on the River
Seat 6: yamaxerm (big blind) collected ($17.64)


PokerStars Hand #174805180847:  Hold'em Limit ($3/$6 USD) - 2017/08/26 2:56:49 ET
Table 'Daedalus' 6-max Seat #6 is the button
Seat 4: Lowey277 ($305.47 in chips)
Seat 6: yamaxerm ($72.28 in chips)
yamaxerm: posts small blind $1
Lowey277: posts big blind $3
*** HOLE CARDS ***
yamaxerm: raises $3 to $6
Lowey277: calls $3
*** FLOP *** [2s Td 8s]
Lowey277: checks
yamaxerm: bets $3
Lowey277: raises $3 to $6
yamaxerm: calls $3
*** TURN *** [2s Td 8s] [5h]
Lowey277: bets $6
yamaxerm: folds
Uncalled bet ($6) returned to Lowey277
Lowey277 collected $23.52 from pot
Lowey277: doesn't show hand
*** SUMMARY ***
Total pot $24 | Rake $0.48
Board [2s Td 8s 5h]
Seat 4: Lowey277 (big blind) collected ($23.52)
Seat 6: yamaxerm (button) (small blind) folded on the Turn


PokerStars Hand #174805185751:  Hold'em Limit ($3/$6 USD) - 2017/08/26 2:57:09 ET
Table 'Daedalus' 6-max Seat #4 is the button
Seat 4: Lowey277 ($316.99 in chips)
Seat 6: yamaxerm ($60.28 in chips)
Lowey277: posts small blind $1
yamaxerm: posts big blind $3
*** HOLE CARDS ***
Lowey277: raises $3 to $6
yamaxerm: folds
Uncalled bet ($3) returned to Lowey277
Lowey277 collected $6 from pot
Lowey277: doesn't show hand
*** SUMMARY ***
Total pot $6 | Rake $0
Seat 4: Lowey277 (button) (small blind) collected ($6)
Seat 6: yamaxerm (big blind) folded before Flop


PokerStars Hand #174805187671:  Hold'em Limit ($3/$6 USD) - 2017/08/26 2:57:17 ET
Table 'Daedalus' 6-max Seat #6 is the button
Seat 4: Lowey277 ($319.99 in chips)
Seat 6: yamaxerm ($57.28 in chips)
yamaxerm: posts small blind $1
Lowey277: posts big blind $3
*** HOLE CARDS ***
yamaxerm: raises $3 to $6
Lowey277: calls $3
*** FLOP *** [6s Tc Ad]
Lowey277: checks
yamaxerm: bets $3
Lowey277: calls $3
*** TURN *** [6s Tc Ad] [As]
Lowey277: checks
yamaxerm: checks
*** RIVER *** [6s Tc Ad As] [2h]
Lowey277: checks
yamaxerm: checks
*** SHOW DOWN ***
Lowey277: shows [9c 7s] (a pair of Aces)
yamaxerm: shows [8c Kd] (a pair of Aces - King kicker)
yamaxerm collected $17.64 from pot
*** SUMMARY ***
Total pot $18 | Rake $0.36
Board [6s Tc Ad As 2h]
Seat 4: Lowey277 (big blind) showed [9c 7s] and lost with a pair of Aces
Seat 6: yamaxerm (button) (small blind) showed [8c Kd] and won ($17.64) with a pair of Aces


PokerStars Hand #174805192297:  Hold'em Limit ($3/$6 USD) - 2017/08/26 2:57:37 ET
Table 'Daedalus' 6-max Seat #4 is the button
Seat 4: Lowey277 ($310.99 in chips)
Seat 6: yamaxerm ($65.92 in chips)
Lowey277: posts small blind $1
yamaxerm: posts big blind $3
*** HOLE CARDS ***
Lowey277: raises $3 to $6
yamaxerm: calls $3
*** FLOP *** [6c 2s 2d]
yamaxerm: checks
Lowey277: bets $3
yamaxerm: raises $3 to $6
Lowey277: calls $3
*** TURN *** [6c 2s 2d] [Jd]
yamaxerm: checks
Lowey277: checks
*** RIVER *** [6c 2s 2d Jd] [Ac]
yamaxerm: checks
Lowey277: bets $6
yamaxerm: calls $6
*** SHOW DOWN ***
Lowey277: shows [9s Ad] (two pair, Aces and Deuces)
yamaxerm: mucks hand
Lowey277 collected $35.50 from pot
*** SUMMARY ***
Total pot $36 | Rake $0.50
Board [6c 2s 2d Jd Ac]
Seat 4: Lowey277 (button) (small blind) showed [9s Ad] and won ($35.50) with two pair, Aces and Deuces
Seat 6: yamaxerm (big blind) mucked


PokerStars Hand #174805203540:  Hold'em Limit ($3/$6 USD) - 2017/08/26 2:58:23 ET
Table 'Daedalus' 6-max Seat #6 is the button
Seat 4: Lowey277 ($328.49 in chips)
Seat 6: yamaxerm ($107.92 in chips)
yamaxerm: posts small blind $1
Lowey277: posts big blind $3
*** HOLE CARDS ***
yamaxerm: raises $3 to $6
Lowey277: calls $3
*** FLOP *** [3s 7d 3c]
Lowey277: checks
yamaxerm: bets $3
Lowey277: folds
Uncalled bet ($3) returned to yamaxerm
yamaxerm collected $11.76 from pot
yamaxerm: doesn't show hand
*** SUMMARY ***
Total pot $12 | Rake $0.24
Board [3s 7d 3c]
Seat 4: Lowey277 (big blind) folded on the Flop
Seat 6: yamaxerm (button) (small blind) collected ($11.76)


PokerStars Hand #174805199477:  Hold'em Limit ($3/$6 USD) - 2017/08/26 2:58:06 ET
Table 'Daedalus' 6-max Seat #4 is the button
Seat 4: Lowey277 ($329.49 in chips)
Seat 6: yamaxerm ($46.92 in chips)
Lowey277: posts small blind $1
yamaxerm: posts big blind $3
*** HOLE CARDS ***
Lowey277: folds
Uncalled bet ($2) returned to yamaxerm
yamaxerm collected $2 from pot
yamaxerm: doesn't show hand
*** SUMMARY ***
Total pot $2 | Rake $0
Seat 4: Lowey277 (button) (small blind) folded before Flop
Seat 6: yamaxerm (big blind) collected ($2)


PokerStars Hand #174805197877:  Hold'em Limit ($3/$6 USD) - 2017/08/26 2:58:00 ET
Table 'Daedalus' 6-max Seat #6 is the button
Seat 4: Lowey277 ($328.49 in chips)
Seat 6: yamaxerm ($47.92 in chips)
yamaxerm: posts small blind $1
Lowey277: posts big blind $3
*** HOLE CARDS ***
yamaxerm: folds
Uncalled bet ($2) returned to Lowey277
Lowey277 collected $2 from pot
Lowey277: doesn't show hand
*** SUMMARY ***
Total pot $2 | Rake $0
Seat 4: Lowey277 (big blind) collected ($2)
Seat 6: yamaxerm (button) (small blind) folded before Flop


PokerStars Hand #174805202131:  Hold'em Limit ($3/$6 USD) - 2017/08/26 2:58:17 ET
Table 'Daedalus' 6-max Seat #4 is the button
Seat 4: Lowey277 ($329.49 in chips)
Seat 6: yamaxerm ($46.92 in chips)
Lowey277: posts small blind $1
yamaxerm: posts big blind $3
*** HOLE CARDS ***
Lowey277: folds
Uncalled bet ($2) returned to yamaxerm
yamaxerm collected $2 from pot
yamaxerm: doesn't show hand
*** SUMMARY ***
Total pot $2 | Rake $0
Seat 4: Lowey277 (button) (small blind) folded before Flop
Seat 6: yamaxerm (big blind) collected ($2)


PokerStars Hand #174805200856:  Hold'em Limit ($3/$6 USD) - 2017/08/26 2:58:12 ET
Table 'Daedalus' 6-max Seat #6 is the button
Seat 4: Lowey277 ($328.49 in chips)
Seat 6: yamaxerm ($47.92 in chips)
yamaxerm: posts small blind $1
Lowey277: posts big blind $3
*** HOLE CARDS ***
yamaxerm: folds
Uncalled bet ($2) returned to Lowey277
Lowey277 collected $2 from pot
Lowey277: doesn't show hand
*** SUMMARY ***
Total pot $2 | Rake $0
Seat 4: Lowey277 (big blind) collected ($2)
Seat 6: yamaxerm (button) (small blind) folded before Flop


PokerStars Hand #174805207015:  Hold'em Limit ($3/$6 USD) - 2017/08/26 2:58:38 ET
Table 'Daedalus' 6-max Seat #4 is the button
Seat 4: Lowey277 ($322.49 in chips)
Seat 6: yamaxerm ($113.68 in chips)
Lowey277: posts small blind $1
yamaxerm: posts big blind $3
*** HOLE CARDS ***
Lowey277: raises $3 to $6
yamaxerm: calls $3
*** FLOP *** [8d 3s 8h]
yamaxerm: checks
Lowey277: checks
*** TURN *** [8d 3s 8h] [4d]
yamaxerm: checks
Lowey277: bets $6
yamaxerm: folds
Uncalled bet ($6) returned to Lowey277
Lowey277 collected $11.76 from pot
Lowey277: doesn't show hand
*** SUMMARY ***
Total pot $12 | Rake $0.24
Board [8d 3s 8h 4d]
Seat 4: Lowey277 (button) (small blind) collected ($11.76)
Seat 6: yamaxerm (big blind) folded on the Turn


PokerStars Hand #174805220650:  Hold'em Limit ($3/$6 USD) - 2017/08/26 2:59:34 ET
Table 'Daedalus' 6-max Seat #6 is the button
Seat 4: Lowey277 ($351.75 in chips)
Seat 6: yamaxerm ($83.68 in chips)
yamaxerm: posts small blind $1
Lowey277: posts big blind $3
*** HOLE CARDS ***
yamaxerm: raises $3 to $6
Lowey277: folds
Uncalled bet ($3) returned to yamaxerm
yamaxerm collected $6 from pot
yamaxerm: doesn't show hand
*** SUMMARY ***
Total pot $6 | Rake $0
Seat 4: Lowey277 (big blind) folded before Flop
Seat 6: yamaxerm (button) (small blind) collected ($6)


PokerStars Hand #174805219277:  Hold'em Limit ($3/$6 USD) - 2017/08/26 2:59:29 ET
Table 'Daedalus' 6-max Seat #4 is the button
Seat 4: Lowey277 ($352.75 in chips)
Seat 6: yamaxerm ($82.68 in chips)
Lowey277: posts small blind $1
yamaxerm: posts big blind $3
*** HOLE CARDS ***
Lowey277: folds
Uncalled bet ($2) returned to yamaxerm
yamaxerm collected $2 from pot
yamaxerm: doesn't show hand
*** SUMMARY ***
Total pot $2 | Rake $0
Seat 4: Lowey277 (button) (small blind) folded before Flop
Seat 6: yamaxerm (big blind) collected ($2)


PokerStars Hand #174805213820:  Hold'em Limit ($3/$6 USD) - 2017/08/26 2:59:06 ET
Table 'Daedalus' 6-max Seat #6 is the button
Seat 4: Lowey277 ($332.25 in chips)
Seat 6: yamaxerm ($103.68 in chips)
yamaxerm: posts small blind $1
Lowey277: posts big blind $3
*** HOLE CARDS ***
yamaxerm: raises $3 to $6
Lowey277: calls $3
*** FLOP *** [Kh 7h 3s]
Lowey277: bets $3
yamaxerm: calls $3
*** TURN *** [Kh 7h 3s] [Qs]
Lowey277: bets $6
yamaxerm: calls $6
*** RIVER *** [Kh 7h 3s Qs] [As]
Lowey277: checks
yamaxerm: bets $6
Lowey277: calls $6
*** SHOW DOWN ***
yamaxerm: shows [6d Qh] (a pair of Queens)
Lowey277: shows [Qd 7d] (two pair, Queens and Sevens)
Lowey277 collected $41.50 from pot
*** SUMMARY ***
Total pot $42 | Rake $0.50
Board [Kh 7h 3s Qs As]
Seat 4: Lowey277 (big blind) showed [Qd 7d] and won ($41.50) with two pair, Queens and Sevens
Seat 6: yamaxerm (button) (small blind) showed [6d Qh] and lost with a pair of Queens


PokerStars Hand #174805211006:  Hold'em Limit ($3/$6 USD) - 2017/08/26 2:58:54 ET
Table 'Daedalus' 6-max Seat #6 is the button
Seat 4: Lowey277 ($328.25 in chips)
Seat 6: yamaxerm ($107.68 in chips)
yamaxerm: posts small blind $1
Lowey277: posts big blind $3
*** HOLE CARDS ***
yamaxerm: folds
Uncalled bet ($2) returned to Lowey277
Lowey277 collected $2 from pot
Lowey277: doesn't show hand
*** SUMMARY ***
Total pot $2 | Rake $0
Seat 4: Lowey277 (big blind) collected ($2)
Seat 6: yamaxerm (button) (small blind) folded before Flop


PokerStars Hand #174805212235:  Hold'em Limit ($3/$6 USD) - 2017/08/26 2:58:59 ET
Table 'Daedalus' 6-max Seat #4 is the button
Seat 4: Lowey277 ($329.25 in chips)
Seat 6: yamaxerm ($106.68 in chips)
Lowey277: posts small blind $1
yamaxerm: posts big blind $3
*** HOLE CARDS ***
Lowey277: raises $3 to $6
yamaxerm: folds
Uncalled bet ($3) returned to Lowey277
Lowey277 collected $6 from pot
Lowey277: doesn't show hand
*** SUMMARY ***
Total pot $6 | Rake $0
Seat 4: Lowey277 (button) (small blind) collected ($6)
Seat 6: yamaxerm (big blind) folded before Flop


PokerStars Hand #174805230348:  Hold'em Limit ($3/$6 USD) - 2017/08/26 3:00:14 ET
Table 'Daedalus' 6-max Seat #6 is the button
Seat 4: Lowey277 ($338.75 in chips)
Seat 6: yamaxerm ($96.44 in chips)
yamaxerm: posts small blind $1
Lowey277: posts big blind $3
*** HOLE CARDS ***
yamaxerm: raises $3 to $6
Lowey277: folds
Uncalled bet ($3) returned to yamaxerm
yamaxerm collected $6 from pot
yamaxerm: doesn't show hand
*** SUMMARY ***
Total pot $6 | Rake $0
Seat 4: Lowey277 (big blind) folded before Flop
Seat 6: yamaxerm (button) (small blind) collected ($6)


PokerStars Hand #174805228815:  Hold'em Limit ($3/$6 USD) - 2017/08/26 3:00:08 ET
Table 'Daedalus' 6-max Seat #4 is the button
Seat 4: Lowey277 ($339.75 in chips)
Seat 6: yamaxerm ($95.44 in chips)
Lowey277: posts small blind $1
yamaxerm: posts big blind $3
*** HOLE CARDS ***
Lowey277: folds
Uncalled bet ($2) returned to yamaxerm
yamaxerm collected $2 from pot
yamaxerm: doesn't show hand
*** SUMMARY ***
Total pot $2 | Rake $0
Seat 4: Lowey277 (button) (small blind) folded before Flop
Seat 6: yamaxerm (big blind) collected ($2)


PokerStars Hand #174805227196:  Hold'em Limit ($3/$6 USD) - 2017/08/26 3:00:01 ET
Table 'Daedalus' 6-max Seat #6 is the button
Seat 4: Lowey277 ($342.75 in chips)
Seat 6: yamaxerm ($92.44 in chips)
yamaxerm: posts small blind $1
Lowey277: posts big blind $3
*** HOLE CARDS ***
yamaxerm: raises $3 to $6
Lowey277: folds
Uncalled bet ($3) returned to yamaxerm
yamaxerm collected $6 from pot
yamaxerm: doesn't show hand
*** SUMMARY ***
Total pot $6 | Rake $0
Seat 4: Lowey277 (big blind) folded before Flop
Seat 6: yamaxerm (button) (small blind) collected ($6)


PokerStars Hand #174805232581:  Hold'em Limit ($3/$6 USD) - 2017/08/26 3:00:23 ET
Table 'Daedalus' 6-max Seat #4 is the button
Seat 4: Lowey277 ($335.75 in chips)
Seat 6: yamaxerm ($99.44 in chips)
Lowey277: posts small blind $1
yamaxerm: posts big blind $3
*** HOLE CARDS ***
Lowey277: raises $3 to $6
yamaxerm: folds
Uncalled bet ($3) returned to Lowey277
Lowey277 collected $6 from pot
Lowey277: doesn't show hand
*** SUMMARY ***
Total pot $6 | Rake $0
Seat 4: Lowey277 (button) (small blind) collected ($6)
Seat 6: yamaxerm (big blind) folded before Flop


PokerStars Hand #174805222309:  Hold'em Limit ($3/$6 USD) - 2017/08/26 2:59:41 ET
Table 'Daedalus' 6-max Seat #4 is the button
Seat 4: Lowey277 ($348.75 in chips)
Seat 6: yamaxerm ($86.68 in chips)
Lowey277: posts small blind $1
yamaxerm: posts big blind $3
*** HOLE CARDS ***
Lowey277: raises $3 to $6
yamaxerm: calls $3
*** FLOP *** [Tc 6s 4s]
yamaxerm: checks
Lowey277: checks
*** TURN *** [Tc 6s 4s] [Qh]
yamaxerm: checks
Lowey277: checks
*** RIVER *** [Tc 6s 4s Qh] [Td]
yamaxerm: bets $6
Lowey277: folds
Uncalled bet ($6) returned to yamaxerm
yamaxerm collected $11.76 from pot
yamaxerm: doesn't show hand
*** SUMMARY ***
Total pot $12 | Rake $0.24
Board [Tc 6s 4s Qh Td]
Seat 4: Lowey277 (button) (small blind) folded on the River
Seat 6: yamaxerm (big blind) collected ($11.76)


PokerStars Hand #174805234508:  Hold'em Limit ($3/$6 USD) - 2017/08/26 3:00:31 ET
Table 'Daedalus' 6-max Seat #6 is the button
Seat 4: Lowey277 ($338.75 in chips)
Seat 6: yamaxerm ($96.44 in chips)
yamaxerm: posts small blind $1
Lowey277: posts big blind $3
*** HOLE CARDS ***
yamaxerm: raises $3 to $6
Lowey277: folds
Uncalled bet ($3) returned to yamaxerm
yamaxerm collected $6 from pot
yamaxerm: doesn't show hand
*** SUMMARY ***
Total pot $6 | Rake $0
Seat 4: Lowey277 (big blind) folded before Flop
Seat 6: yamaxerm (button) (small blind) collected ($6)


