PokerStars Hand #169022312094:  Hold'em Limit ($3/$6 USD) - 2017/04/14 8:54:11 ET
Table 'Dagmar' 6-max Seat #2 is the button
Seat 1: LifeisagameX ($84 in chips)
Seat 2: Krazy90 ($121 in chips)
Krazy90: posts small blind $1
LifeisagameX: posts big blind $3
*** HOLE CARDS ***
Krazy90: folds
Uncalled bet ($2) returned to LifeisagameX
Krazy90 leaves the table
LifeisagameX collected $2 from pot
LifeisagameX: doesn't show hand
*** SUMMARY ***
Total pot $2 | Rake $0
Seat 1: LifeisagameX (big blind) collected ($2)
Seat 2: Krazy90 (button) (small blind) folded before Flop


PokerStars Hand #169022307269:  Hold'em Limit ($3/$6 USD) - 2017/04/14 8:54:03 ET
Table 'Dagmar' 6-max Seat #1 is the button
Seat 1: LifeisagameX ($84 in chips)
Seat 2: Krazy90 ($120 in chips)
LifeisagameX: posts small blind $1
Krazy90: posts big blind $3
*** HOLE CARDS ***
LifeisagameX: folds
Uncalled bet ($2) returned to Krazy90
Krazy90 collected $2 from pot
Krazy90: doesn't show hand
*** SUMMARY ***
Total pot $2 | Rake $0
Seat 1: LifeisagameX (button) (small blind) folded before Flop
Seat 2: Krazy90 (big blind) collected ($2)


