PokerStars Hand #155785503235:  Hold'em Limit ($3/$6 USD) - 2016/07/10 5:11:15 ET
Table 'Dagmar' 6-max Seat #1 is the button
Seat 1: _fayzulllo_ ($72 in chips)
Seat 4: Agrotait ($72 in chips)
kolaz03 joins the table at seat #2
_fayzulllo_: posts small blind $1
Agrotait: posts big blind $3
*** HOLE CARDS ***
_fayzulllo_: folds
Uncalled bet ($2) returned to Agrotait
lin1rabbit joins the table at seat #3
Agrotait collected $2 from pot
Agrotait: doesn't show hand
*** SUMMARY ***
Total pot $2 | Rake $0
Seat 1: _fayzulllo_ (button) (small blind) folded before Flop
Seat 4: Agrotait (big blind) collected ($2)


PokerStars Hand #155785507432:  Hold'em Limit ($3/$6 USD) - 2016/07/10 5:11:26 ET
Table 'Dagmar' 6-max Seat #4 is the button
Seat 1: _fayzulllo_ ($71 in chips)
Seat 4: Agrotait ($73 in chips)
Agrotait: posts small blind $1
_fayzulllo_: posts big blind $3
*** HOLE CARDS ***
Agrotait: raises $3 to $6
_fayzulllo_: calls $3
*** FLOP *** [2c Tc Qh]
_fayzulllo_: checks
Agrotait: bets $3
_fayzulllo_: folds
Uncalled bet ($3) returned to Agrotait
Agrotait collected $11.76 from pot
Agrotait: doesn't show hand
*** SUMMARY ***
Total pot $12 | Rake $0.24
Board [2c Tc Qh]
Seat 1: _fayzulllo_ (big blind) folded on the Flop
Seat 4: Agrotait (button) (small blind) collected ($11.76)


PokerStars Hand #155785682989:  Hold'em Limit ($3/$6 USD) - 2016/07/10 5:19:08 ET
Table 'Dagmar' 6-max Seat #3 is the button
Seat 1: _fayzulllo_ ($126.46 in chips)
Seat 3: lin1rabbit ($166.21 in chips)
lin1rabbit: posts small blind $1
Agrotait: is sitting out
_fayzulllo_: posts big blind $3
*** HOLE CARDS ***
lin1rabbit: raises $3 to $6
Agrotait leaves the table
_fayzulllo_: calls $3
*** FLOP *** [Qc Kc 8h]
_fayzulllo_: checks
lin1rabbit: bets $3
_fayzulllo_: folds
Uncalled bet ($3) returned to lin1rabbit
lin1rabbit collected $11.76 from pot
lin1rabbit: doesn't show hand
*** SUMMARY ***
Total pot $12 | Rake $0.24
Board [Qc Kc 8h]
Seat 1: _fayzulllo_ (big blind) folded on the Flop
Seat 3: lin1rabbit (button) (small blind) collected ($11.76)


PokerStars Hand #155785688645:  Hold'em Limit ($3/$6 USD) - 2016/07/10 5:19:23 ET
Table 'Dagmar' 6-max Seat #1 is the button
Seat 1: _fayzulllo_ ($120.46 in chips)
Seat 3: lin1rabbit ($171.97 in chips)
_fayzulllo_: posts small blind $1
lin1rabbit: posts big blind $3
*** HOLE CARDS ***
_fayzulllo_: raises $3 to $6
lin1rabbit: calls $3
*** FLOP *** [7h 4s 2d]
lin1rabbit: checks
_fayzulllo_: checks
*** TURN *** [7h 4s 2d] [5c]
lin1rabbit: checks
_fayzulllo_: checks
*** RIVER *** [7h 4s 2d 5c] [8h]
lin1rabbit: checks
_fayzulllo_: bets $6
lin1rabbit: calls $6
*** SHOW DOWN ***
_fayzulllo_: shows [Js 6s] (a straight, Four to Eight)
lin1rabbit: mucks hand
_fayzulllo_ collected $23.52 from pot
*** SUMMARY ***
Total pot $24 | Rake $0.48
Board [7h 4s 2d 5c 8h]
Seat 1: _fayzulllo_ (button) (small blind) showed [Js 6s] and won ($23.52) with a straight, Four to Eight
Seat 3: lin1rabbit (big blind) mucked


PokerStars Hand #155785697192:  Hold'em Limit ($3/$6 USD) - 2016/07/10 5:19:45 ET
Table 'Dagmar' 6-max Seat #3 is the button
Seat 1: _fayzulllo_ ($131.98 in chips)
Seat 3: lin1rabbit ($159.97 in chips)
lin1rabbit: posts small blind $1
_fayzulllo_: posts big blind $3
*** HOLE CARDS ***
Agrotait joins the table at seat #2
lin1rabbit: raises $3 to $6
_fayzulllo_: calls $3
*** FLOP *** [7h 6c 4d]
_fayzulllo_: checks
lin1rabbit: bets $3
_fayzulllo_: calls $3
*** TURN *** [7h 6c 4d] [Kd]
_fayzulllo_: checks
lin1rabbit: bets $6
_fayzulllo_: calls $6
*** RIVER *** [7h 6c 4d Kd] [Qc]
_fayzulllo_: checks
lin1rabbit: bets $6
_fayzulllo_: calls $6
*** SHOW DOWN ***
lin1rabbit: shows [9s Kc] (a pair of Kings)
_fayzulllo_: mucks hand
lin1rabbit collected $41.50 from pot
*** SUMMARY ***
Total pot $42 | Rake $0.50
Board [7h 6c 4d Kd Qc]
Seat 1: _fayzulllo_ (big blind) mucked
Seat 3: lin1rabbit (button) (small blind) showed [9s Kc] and won ($41.50) with a pair of Kings


PokerStars Hand #155787960110:  Hold'em Limit ($3/$6 USD) - 2016/07/10 6:52:43 ET
Table 'Dagmar' 6-max Seat #6 is the button
Seat 1: Tryptamean ($216.74 in chips)
Seat 6: Cuxy ($278.83 in chips)
Cuxy: posts small blind $1
Tryptamean: posts big blind $3
*** HOLE CARDS ***
Cuxy: calls $2
Tryptamean: raises $3 to $6
Cuxy: calls $3
*** FLOP *** [Jc Kc 6s]
Tryptamean: bets $3
Cuxy: calls $3
*** TURN *** [Jc Kc 6s] [9h]
Tryptamean: checks
Cuxy: checks
*** RIVER *** [Jc Kc 6s 9h] [Ah]
Tryptamean: bets $6
Cuxy: folds
Uncalled bet ($6) returned to Tryptamean
Tryptamean collected $17.64 from pot
Tryptamean: doesn't show hand
*** SUMMARY ***
Total pot $18 | Rake $0.36
Board [Jc Kc 6s 9h Ah]
Seat 1: Tryptamean (big blind) collected ($17.64)
Seat 6: Cuxy (button) (small blind) folded on the River


PokerStars Hand #155787986867:  Hold'em Limit ($3/$6 USD) - 2016/07/10 6:53:46 ET
Table 'Dagmar' 6-max Seat #6 is the button
Seat 1: Tryptamean ($231.14 in chips)
Seat 6: Cuxy ($263.83 in chips)
Cuxy: posts small blind $1
Tryptamean: posts big blind $3
*** HOLE CARDS ***
Cuxy: folds
Uncalled bet ($2) returned to Tryptamean
Tryptamean collected $2 from pot
Tryptamean: doesn't show hand
*** SUMMARY ***
Total pot $2 | Rake $0
Seat 1: Tryptamean (big blind) collected ($2)
Seat 6: Cuxy (button) (small blind) folded before Flop


PokerStars Hand #155787995538:  Hold'em Limit ($3/$6 USD) - 2016/07/10 6:54:07 ET
Table 'Dagmar' 6-max Seat #1 is the button
Seat 1: Tryptamean ($232.14 in chips)
Seat 6: Cuxy ($262.83 in chips)
Tryptamean: posts small blind $1
Cuxy: posts big blind $3
*** HOLE CARDS ***
Tryptamean: raises $3 to $6
Cuxy: calls $3
*** FLOP *** [6c Ad 9c]
Cuxy: bets $3
Tryptamean: folds
Uncalled bet ($3) returned to Cuxy
Cuxy collected $11.76 from pot
Cuxy: doesn't show hand
*** SUMMARY ***
Total pot $12 | Rake $0.24
Board [6c Ad 9c]
Seat 1: Tryptamean (button) (small blind) folded on the Flop
Seat 6: Cuxy (big blind) collected ($11.76)


PokerStars Hand #155788006757:  Hold'em Limit ($3/$6 USD) - 2016/07/10 6:54:33 ET
Table 'Dagmar' 6-max Seat #6 is the button
Seat 1: Tryptamean ($226.14 in chips)
Seat 6: Cuxy ($268.59 in chips)
Cuxy: posts small blind $1
Tryptamean: posts big blind $3
*** HOLE CARDS ***
Cuxy: raises $3 to $6
Tryptamean: folds
Uncalled bet ($3) returned to Cuxy
Cuxy collected $6 from pot
Cuxy: doesn't show hand
*** SUMMARY ***
Total pot $6 | Rake $0
Seat 1: Tryptamean (big blind) folded before Flop
Seat 6: Cuxy (button) (small blind) collected ($6)


PokerStars Hand #155787992864:  Hold'em Limit ($3/$6 USD) - 2016/07/10 6:54:00 ET
Table 'Dagmar' 6-max Seat #6 is the button
Seat 1: Tryptamean ($231.14 in chips)
Seat 6: Cuxy ($263.83 in chips)
Cuxy: posts small blind $1
Tryptamean: posts big blind $3
*** HOLE CARDS ***
Cuxy: folds
Uncalled bet ($2) returned to Tryptamean
Tryptamean collected $2 from pot
Tryptamean: doesn't show hand
*** SUMMARY ***
Total pot $2 | Rake $0
Seat 1: Tryptamean (big blind) collected ($2)
Seat 6: Cuxy (button) (small blind) folded before Flop


PokerStars Hand #155787989430:  Hold'em Limit ($3/$6 USD) - 2016/07/10 6:53:52 ET
Table 'Dagmar' 6-max Seat #1 is the button
Seat 1: Tryptamean ($232.14 in chips)
Seat 6: Cuxy ($262.83 in chips)
Tryptamean: posts small blind $1
Cuxy: posts big blind $3
*** HOLE CARDS ***
Tryptamean: folds
Uncalled bet ($2) returned to Cuxy
Cuxy collected $2 from pot
Cuxy: doesn't show hand
*** SUMMARY ***
Total pot $2 | Rake $0
Seat 1: Tryptamean (button) (small blind) folded before Flop
Seat 6: Cuxy (big blind) collected ($2)


PokerStars Hand #155788025147:  Hold'em Limit ($3/$6 USD) - 2016/07/10 6:55:17 ET
Table 'Dagmar' 6-max Seat #6 is the button
Seat 1: Tryptamean ($211.14 in chips)
Seat 6: Cuxy ($283.11 in chips)
Cuxy: posts small blind $1
Tryptamean: posts big blind $3
*** HOLE CARDS ***
Cuxy: calls $2
Tryptamean: checks
*** FLOP *** [5c 9h 8d]
Tryptamean: bets $3
Cuxy: calls $3
*** TURN *** [5c 9h 8d] [3d]
Tryptamean: bets $6
Cuxy: folds
Uncalled bet ($6) returned to Tryptamean
Tryptamean collected $11.76 from pot
Tryptamean: doesn't show hand
*** SUMMARY ***
Total pot $12 | Rake $0.24
Board [5c 9h 8d 3d]
Seat 1: Tryptamean (big blind) collected ($11.76)
Seat 6: Cuxy (button) (small blind) folded on the Turn


PokerStars Hand #155788010281:  Hold'em Limit ($3/$6 USD) - 2016/07/10 6:54:41 ET
Table 'Dagmar' 6-max Seat #1 is the button
Seat 1: Tryptamean ($223.14 in chips)
Seat 6: Cuxy ($271.59 in chips)
Tryptamean: posts small blind $1
Cuxy: posts big blind $3
*** HOLE CARDS ***
Tryptamean: raises $3 to $6
Cuxy: calls $3
*** FLOP *** [Tc 9h Jd]
Cuxy: bets $3
Tryptamean: raises $3 to $6
Cuxy: calls $3
*** TURN *** [Tc 9h Jd] [2s]
Cuxy: checks
Tryptamean: checks
*** RIVER *** [Tc 9h Jd 2s] [7c]
Cuxy: bets $6
Tryptamean: folds
Uncalled bet ($6) returned to Cuxy
Cuxy collected $23.52 from pot
Cuxy: doesn't show hand
*** SUMMARY ***
Total pot $24 | Rake $0.48
Board [Tc 9h Jd 2s 7c]
Seat 1: Tryptamean (button) (small blind) folded on the River
Seat 6: Cuxy (big blind) collected ($23.52)


PokerStars Hand #155788038524:  Hold'em Limit ($3/$6 USD) - 2016/07/10 6:55:53 ET
Table 'Dagmar' 6-max Seat #1 is the button
Seat 1: Tryptamean ($216.90 in chips)
Seat 6: Cuxy ($277.11 in chips)
Tryptamean: posts small blind $1
Cuxy: posts big blind $3
*** HOLE CARDS ***
Tryptamean: raises $3 to $6
Cuxy: calls $3
*** FLOP *** [Ad Jd 5c]
Cuxy: checks
Tryptamean: bets $3
Cuxy: calls $3
*** TURN *** [Ad Jd 5c] [3c]
Cuxy: bets $6
Tryptamean: raises $6 to $12
Cuxy: calls $6
*** RIVER *** [Ad Jd 5c 3c] [7d]
Cuxy: bets $6
Tryptamean: calls $6
*** SHOW DOWN ***
Cuxy: shows [Ac 7h] (two pair, Aces and Sevens)
Tryptamean: mucks hand
Cuxy collected $53.50 from pot
*** SUMMARY ***
Total pot $54 | Rake $0.50
Board [Ad Jd 5c 3c 7d]
Seat 1: Tryptamean (button) (small blind) mucked
Seat 6: Cuxy (big blind) showed [Ac 7h] and won ($53.50) with two pair, Aces and Sevens


PokerStars Hand #155788053373:  Hold'em Limit ($3/$6 USD) - 2016/07/10 6:56:33 ET
Table 'Dagmar' 6-max Seat #6 is the button
Seat 1: Tryptamean ($189.90 in chips)
Seat 6: Cuxy ($303.61 in chips)
Cuxy: posts small blind $1
Tryptamean: posts big blind $3
*** HOLE CARDS ***
Cuxy: calls $2
Tryptamean: checks
*** FLOP *** [Js 3h Kd]
Tryptamean: checks
Cuxy: bets $3
Tryptamean: folds
Uncalled bet ($3) returned to Cuxy
Cuxy collected $5.88 from pot
Cuxy: doesn't show hand
*** SUMMARY ***
Total pot $6 | Rake $0.12
Board [Js 3h Kd]
Seat 1: Tryptamean (big blind) folded on the Flop
Seat 6: Cuxy (button) (small blind) collected ($5.88)


PokerStars Hand #155788079219:  Hold'em Limit ($3/$6 USD) - 2016/07/10 6:57:42 ET
Table 'Dagmar' 6-max Seat #6 is the button
Seat 1: Tryptamean ($195.54 in chips)
Seat 6: Cuxy ($297.49 in chips)
Cuxy: posts small blind $1
Tryptamean: posts big blind $3
*** HOLE CARDS ***
Cuxy: folds
Uncalled bet ($2) returned to Tryptamean
Tryptamean collected $2 from pot
Tryptamean: doesn't show hand
*** SUMMARY ***
Total pot $2 | Rake $0
Seat 1: Tryptamean (big blind) collected ($2)
Seat 6: Cuxy (button) (small blind) folded before Flop


PokerStars Hand #155791561145:  Hold'em Limit ($3/$6 USD) - 2016/07/10 8:59:20 ET
Table 'Dagmar' 6-max Seat #1 is the button
Seat 1: gus hanse193 ($192.54 in chips)
Seat 4: Hadart ($174.48 in chips)
gus hanse193: posts small blind $1
Hadart: posts big blind $3
*** HOLE CARDS ***
gus hanse193: raises $3 to $6
Hadart: folds
Uncalled bet ($3) returned to gus hanse193
gus hanse193 collected $6 from pot
gus hanse193: doesn't show hand
Hadart leaves the table
*** SUMMARY ***
Total pot $6 | Rake $0
Seat 1: gus hanse193 (button) (small blind) collected ($6)
Seat 4: Hadart (big blind) folded before Flop


PokerStars Hand #155791546816:  Hold'em Limit ($3/$6 USD) - 2016/07/10 8:58:47 ET
Table 'Dagmar' 6-max Seat #4 is the button
Seat 1: gus hanse193 ($192.79 in chips)
Seat 4: Hadart ($174.73 in chips)
Hadart: posts small blind $1
abatic: is sitting out
gus hanse193: posts big blind $3
*** HOLE CARDS ***
abatic leaves the table
Hadart: raises $3 to $6
gus hanse193 said, "hmm still think im bluffing every hand :D"
gus hanse193: calls $3
*** FLOP *** [8c 3d 5h]
gus hanse193: checks
Hadart: bets $3
gus hanse193: raises $3 to $6
Hadart: raises $3 to $9
gus hanse193: raises $3 to $12
Betting is capped
Hadart: calls $3
*** TURN *** [8c 3d 5h] [Qs]
gus hanse193: bets $6
Hadart: calls $6
*** RIVER *** [8c 3d 5h Qs] [3c]
gus hanse193: bets $6
Hadart: calls $6
*** SHOW DOWN ***
gus hanse193: shows [8d Tc] (two pair, Eights and Threes)
Hadart: shows [8s Th] (two pair, Eights and Threes)
gus hanse193 collected $29.75 from pot
Hadart collected $29.75 from pot
*** SUMMARY ***
Total pot $60 | Rake $0.50
Board [8c 3d 5h Qs 3c]
Seat 1: gus hanse193 (big blind) showed [8d Tc] and won ($29.75) with two pair, Eights and Threes
Seat 4: Hadart (button) (small blind) showed [8s Th] and won ($29.75) with two pair, Eights and Threes


