PokerStars Hand #148948993453:  Hold'em Limit ($3/$6 USD) - 2016/02/17 7:20:32 ET
Table 'Dalera' 6-max Seat #6 is the button
Seat 1: VolkovDmitri ($120 in chips)
Seat 6: kr.poker8029 ($120 in chips)
kr.poker8029: posts small blind $1
VolkovDmitri: posts big blind $3
*** HOLE CARDS ***
kr.poker8029: folds
Uncalled bet ($2) returned to VolkovDmitri
VolkovDmitri collected $2 from pot
VolkovDmitri: doesn't show hand
*** SUMMARY ***
Total pot $2 | Rake $0
Seat 1: VolkovDmitri (big blind) collected ($2)
Seat 6: kr.poker8029 (button) (small blind) folded before Flop


PokerStars Hand #148949037342:  Hold'em Limit ($3/$6 USD) - 2016/02/17 7:21:45 ET
Table 'Dalera' 6-max Seat #6 is the button
Seat 1: VolkovDmitri ($158.89 in chips)
Seat 6: kr.poker8029 ($79.75 in chips)
kr.poker8029: posts small blind $1
VolkovDmitri: posts big blind $3
*** HOLE CARDS ***
kr.poker8029: raises $3 to $6
VolkovDmitri: raises $3 to $9
kr.poker8029: calls $3
*** FLOP *** [Kd 9s Qd]
VolkovDmitri: bets $3
kr.poker8029: calls $3
*** TURN *** [Kd 9s Qd] [6c]
VolkovDmitri: checks
kr.poker8029: checks
*** RIVER *** [Kd 9s Qd 6c] [2s]
VolkovDmitri: checks
kr.poker8029: bets $6
VolkovDmitri: calls $6
*** SHOW DOWN ***
kr.poker8029: shows [Jh 7h] (high card King)
VolkovDmitri: shows [As Th] (high card Ace)
VolkovDmitri collected $35.50 from pot
*** SUMMARY ***
Total pot $36 | Rake $0.50
Board [Kd 9s Qd 6c 2s]
Seat 1: VolkovDmitri (big blind) showed [As Th] and won ($35.50) with high card Ace
Seat 6: kr.poker8029 (button) (small blind) showed [Jh 7h] and lost with high card King


PokerStars Hand #148948997481:  Hold'em Limit ($3/$6 USD) - 2016/02/17 7:20:39 ET
Table 'Dalera' 6-max Seat #1 is the button
Seat 1: VolkovDmitri ($121 in chips)
Seat 6: kr.poker8029 ($119 in chips)
VolkovDmitri: posts small blind $1
kr.poker8029: posts big blind $3
*** HOLE CARDS ***
VolkovDmitri: raises $3 to $6
kr.poker8029: calls $3
*** FLOP *** [Td 5c Qc]
kr.poker8029: checks
VolkovDmitri: bets $3
kr.poker8029: raises $3 to $6
VolkovDmitri: calls $3
*** TURN *** [Td 5c Qc] [2d]
kr.poker8029: bets $6
VolkovDmitri: calls $6
*** RIVER *** [Td 5c Qc 2d] [2c]
kr.poker8029: bets $6
VolkovDmitri: calls $6
*** SHOW DOWN ***
kr.poker8029: shows [3s Ah] (a pair of Deuces)
VolkovDmitri: shows [3c As] (a pair of Deuces)
kr.poker8029 collected $23.75 from pot
VolkovDmitri collected $23.75 from pot
*** SUMMARY ***
Total pot $48 | Rake $0.50
Board [Td 5c Qc 2d 2c]
Seat 1: VolkovDmitri (button) (small blind) showed [3c As] and won ($23.75) with a pair of Deuces
Seat 6: kr.poker8029 (big blind) showed [3s Ah] and won ($23.75) with a pair of Deuces


PokerStars Hand #148949010035:  Hold'em Limit ($3/$6 USD) - 2016/02/17 7:21:00 ET
Table 'Dalera' 6-max Seat #6 is the button
Seat 1: VolkovDmitri ($120.75 in chips)
Seat 6: kr.poker8029 ($118.75 in chips)
kr.poker8029: posts small blind $1
VolkovDmitri: posts big blind $3
*** HOLE CARDS ***
kr.poker8029: raises $3 to $6
VolkovDmitri: raises $3 to $9
kr.poker8029: calls $3
*** FLOP *** [8s Ks 5s]
VolkovDmitri: bets $3
kr.poker8029: folds
Uncalled bet ($3) returned to VolkovDmitri
VolkovDmitri collected $17.64 from pot
VolkovDmitri: doesn't show hand
*** SUMMARY ***
Total pot $18 | Rake $0.36
Board [8s Ks 5s]
Seat 1: VolkovDmitri (big blind) collected ($17.64)
Seat 6: kr.poker8029 (button) (small blind) folded on the Flop


PokerStars Hand #148949017075:  Hold'em Limit ($3/$6 USD) - 2016/02/17 7:21:11 ET
Table 'Dalera' 6-max Seat #1 is the button
Seat 1: VolkovDmitri ($129.39 in chips)
Seat 6: kr.poker8029 ($109.75 in chips)
VolkovDmitri: posts small blind $1
kr.poker8029: posts big blind $3
*** HOLE CARDS ***
VolkovDmitri: raises $3 to $6
kr.poker8029: folds
Uncalled bet ($3) returned to VolkovDmitri
VolkovDmitri collected $6 from pot
VolkovDmitri: doesn't show hand
*** SUMMARY ***
Total pot $6 | Rake $0
Seat 1: VolkovDmitri (button) (small blind) collected ($6)
Seat 6: kr.poker8029 (big blind) folded before Flop


PokerStars Hand #148949020172:  Hold'em Limit ($3/$6 USD) - 2016/02/17 7:21:17 ET
Table 'Dalera' 6-max Seat #6 is the button
Seat 1: VolkovDmitri ($132.39 in chips)
Seat 6: kr.poker8029 ($106.75 in chips)
kr.poker8029: posts small blind $1
VolkovDmitri: posts big blind $3
*** HOLE CARDS ***
kr.poker8029: raises $3 to $6
VolkovDmitri: raises $3 to $9
kr.poker8029: calls $3
*** FLOP *** [8c 6s 5d]
VolkovDmitri: bets $3
kr.poker8029: calls $3
*** TURN *** [8c 6s 5d] [6d]
VolkovDmitri: bets $6
kr.poker8029: calls $6
*** RIVER *** [8c 6s 5d 6d] [Tc]
VolkovDmitri: bets $6
kr.poker8029: calls $6
*** SHOW DOWN ***
VolkovDmitri: shows [8h 8d] (a full house, Eights full of Sixes)
kr.poker8029: mucks hand
VolkovDmitri collected $47.50 from pot
*** SUMMARY ***
Total pot $48 | Rake $0.50
Board [8c 6s 5d 6d Tc]
Seat 1: VolkovDmitri (big blind) showed [8h 8d] and won ($47.50) with a full house, Eights full of Sixes
Seat 6: kr.poker8029 (button) (small blind) mucked


PokerStars Hand #148949062975:  Hold'em Limit ($3/$6 USD) - 2016/02/17 7:22:27 ET
Table 'Dalera' 6-max Seat #6 is the button
Seat 1: VolkovDmitri ($152.39 in chips)
Seat 6: kr.poker8029 ($85.25 in chips)
kr.poker8029: posts small blind $1
VolkovDmitri: posts big blind $3
*** HOLE CARDS ***
kr.poker8029: raises $3 to $6
VolkovDmitri: calls $3
*** FLOP *** [Ac 3d Kc]
VolkovDmitri: checks
kr.poker8029: bets $3
VolkovDmitri: folds
Uncalled bet ($3) returned to kr.poker8029
kr.poker8029 collected $11.76 from pot
*** SUMMARY ***
Total pot $12 | Rake $0.24
Board [Ac 3d Kc]
Seat 1: VolkovDmitri (big blind) folded on the Flop
Seat 6: kr.poker8029 (button) (small blind) collected ($11.76)


PokerStars Hand #148949050112:  Hold'em Limit ($3/$6 USD) - 2016/02/17 7:22:06 ET
Table 'Dalera' 6-max Seat #1 is the button
Seat 1: VolkovDmitri ($176.39 in chips)
Seat 6: kr.poker8029 ($61.75 in chips)
VolkovDmitri: posts small blind $1
kr.poker8029: posts big blind $3
*** HOLE CARDS ***
VolkovDmitri: raises $3 to $6
kr.poker8029: raises $3 to $9
VolkovDmitri: calls $3
*** FLOP *** [8h Jc 5d]
kr.poker8029: bets $3
VolkovDmitri: calls $3
*** TURN *** [8h Jc 5d] [9h]
kr.poker8029: bets $6
VolkovDmitri: calls $6
*** RIVER *** [8h Jc 5d 9h] [Td]
kr.poker8029: bets $6
VolkovDmitri: calls $6
*** SHOW DOWN ***
kr.poker8029: shows [Qd Th] (a straight, Eight to Queen)
VolkovDmitri: mucks hand
kr.poker8029 collected $47.50 from pot
*** SUMMARY ***
Total pot $48 | Rake $0.50
Board [8h Jc 5d 9h Td]
Seat 1: VolkovDmitri (button) (small blind) mucked
Seat 6: kr.poker8029 (big blind) showed [Qd Th] and won ($47.50) with a straight, Eight to Queen


PokerStars Hand #148949078920:  Hold'em Limit ($3/$6 USD) - 2016/02/17 7:22:54 ET
Table 'Dalera' 6-max Seat #6 is the button
Seat 1: VolkovDmitri ($152.15 in chips)
Seat 6: kr.poker8029 ($85.01 in chips)
kr.poker8029: posts small blind $1
VolkovDmitri: posts big blind $3
*** HOLE CARDS ***
kr.poker8029: folds
Uncalled bet ($2) returned to VolkovDmitri
VolkovDmitri collected $2 from pot
VolkovDmitri: doesn't show hand
*** SUMMARY ***
Total pot $2 | Rake $0
Seat 1: VolkovDmitri (big blind) collected ($2)
Seat 6: kr.poker8029 (button) (small blind) folded before Flop


PokerStars Hand #148949070997:  Hold'em Limit ($3/$6 USD) - 2016/02/17 7:22:41 ET
Table 'Dalera' 6-max Seat #1 is the button
Seat 1: VolkovDmitri ($146.39 in chips)
Seat 6: kr.poker8029 ($91.01 in chips)
VolkovDmitri: posts small blind $1
kr.poker8029: posts big blind $3
*** HOLE CARDS ***
VolkovDmitri: raises $3 to $6
kr.poker8029: calls $3
*** FLOP *** [7h 6s 2c]
kr.poker8029: checks
VolkovDmitri: bets $3
kr.poker8029: folds
Uncalled bet ($3) returned to VolkovDmitri
VolkovDmitri collected $11.76 from pot
VolkovDmitri: doesn't show hand
*** SUMMARY ***
Total pot $12 | Rake $0.24
Board [7h 6s 2c]
Seat 1: VolkovDmitri (button) (small blind) collected ($11.76)
Seat 6: kr.poker8029 (big blind) folded on the Flop


PokerStars Hand #148949096253:  Hold'em Limit ($3/$6 USD) - 2016/02/17 7:23:23 ET
Table 'Dalera' 6-max Seat #6 is the button
Seat 1: VolkovDmitri ($141.15 in chips)
Seat 6: kr.poker8029 ($95.53 in chips)
kr.poker8029: posts small blind $1
VolkovDmitri: posts big blind $3
*** HOLE CARDS ***
kr.poker8029: folds
Uncalled bet ($2) returned to VolkovDmitri
VolkovDmitri collected $2 from pot
VolkovDmitri: doesn't show hand
*** SUMMARY ***
Total pot $2 | Rake $0
Seat 1: VolkovDmitri (big blind) collected ($2)
Seat 6: kr.poker8029 (button) (small blind) folded before Flop


PokerStars Hand #148949082018:  Hold'em Limit ($3/$6 USD) - 2016/02/17 7:22:59 ET
Table 'Dalera' 6-max Seat #1 is the button
Seat 1: VolkovDmitri ($153.15 in chips)
Seat 6: kr.poker8029 ($84.01 in chips)
VolkovDmitri: posts small blind $1
kr.poker8029: posts big blind $3
*** HOLE CARDS ***
VolkovDmitri: raises $3 to $6
kr.poker8029: raises $3 to $9
VolkovDmitri: calls $3
*** FLOP *** [2c 9h 7c]
kr.poker8029: bets $3
VolkovDmitri: calls $3
*** TURN *** [2c 9h 7c] [Ks]
kr.poker8029: bets $6
VolkovDmitri: folds
Uncalled bet ($6) returned to kr.poker8029
kr.poker8029 collected $23.52 from pot
*** SUMMARY ***
Total pot $24 | Rake $0.48
Board [2c 9h 7c Ks]
Seat 1: VolkovDmitri (button) (small blind) folded on the Turn
Seat 6: kr.poker8029 (big blind) collected ($23.52)


PokerStars Hand #148949099974:  Hold'em Limit ($3/$6 USD) - 2016/02/17 7:23:29 ET
Table 'Dalera' 6-max Seat #1 is the button
Seat 1: VolkovDmitri ($142.15 in chips)
Seat 6: kr.poker8029 ($94.53 in chips)
VolkovDmitri: posts small blind $1
kr.poker8029: posts big blind $3
*** HOLE CARDS ***
VolkovDmitri: raises $3 to $6
kr.poker8029: folds
Uncalled bet ($3) returned to VolkovDmitri
VolkovDmitri collected $6 from pot
VolkovDmitri: doesn't show hand
*** SUMMARY ***
Total pot $6 | Rake $0
Seat 1: VolkovDmitri (button) (small blind) collected ($6)
Seat 6: kr.poker8029 (big blind) folded before Flop


PokerStars Hand #148949104242:  Hold'em Limit ($3/$6 USD) - 2016/02/17 7:23:36 ET
Table 'Dalera' 6-max Seat #6 is the button
Seat 1: VolkovDmitri ($145.15 in chips)
Seat 6: kr.poker8029 ($91.53 in chips)
kr.poker8029: posts small blind $1
VolkovDmitri: posts big blind $3
*** HOLE CARDS ***
kr.poker8029: raises $3 to $6
VolkovDmitri: raises $3 to $9
kr.poker8029: calls $3
*** FLOP *** [3c 8s 3h]
VolkovDmitri: bets $3
kr.poker8029: raises $3 to $6
VolkovDmitri: calls $3
*** TURN *** [3c 8s 3h] [6s]
VolkovDmitri: checks
kr.poker8029: bets $6
VolkovDmitri: folds
Uncalled bet ($6) returned to kr.poker8029
kr.poker8029 collected $29.50 from pot
*** SUMMARY ***
Total pot $30 | Rake $0.50
Board [3c 8s 3h 6s]
Seat 1: VolkovDmitri (big blind) folded on the Turn
Seat 6: kr.poker8029 (button) (small blind) collected ($29.50)


PokerStars Hand #148949127426:  Hold'em Limit ($3/$6 USD) - 2016/02/17 7:24:15 ET
Table 'Dalera' 6-max Seat #1 is the button
Seat 1: VolkovDmitri ($130.15 in chips)
Seat 6: kr.poker8029 ($106.03 in chips)
VolkovDmitri: posts small blind $1
kr.poker8029: posts big blind $3
*** HOLE CARDS ***
VolkovDmitri: raises $3 to $6
kr.poker8029: calls $3
*** FLOP *** [Jc 9d Ts]
kr.poker8029: checks
VolkovDmitri: bets $3
kr.poker8029: raises $3 to $6
VolkovDmitri: calls $3
*** TURN *** [Jc 9d Ts] [2c]
kr.poker8029: bets $6
VolkovDmitri: calls $6
*** RIVER *** [Jc 9d Ts 2c] [Kh]
kr.poker8029: bets $6
VolkovDmitri: raises $6 to $12
kr.poker8029: folds
Uncalled bet ($6) returned to VolkovDmitri
VolkovDmitri collected $47.50 from pot
VolkovDmitri: doesn't show hand
*** SUMMARY ***
Total pot $48 | Rake $0.50
Board [Jc 9d Ts 2c Kh]
Seat 1: VolkovDmitri (button) (small blind) collected ($47.50)
Seat 6: kr.poker8029 (big blind) folded on the River


PokerStars Hand #148949186001:  Hold'em Limit ($3/$6 USD) - 2016/02/17 7:25:53 ET
Table 'Dalera' 6-max Seat #1 is the button
Seat 1: VolkovDmitri ($153.40 in chips)
Seat 6: kr.poker8029 ($81.78 in chips)
VolkovDmitri: posts small blind $1
kr.poker8029: posts big blind $3
*** HOLE CARDS ***
VolkovDmitri: raises $3 to $6
kr.poker8029: folds
Uncalled bet ($3) returned to VolkovDmitri
VolkovDmitri collected $6 from pot
VolkovDmitri: doesn't show hand
*** SUMMARY ***
Total pot $6 | Rake $0
Seat 1: VolkovDmitri (button) (small blind) collected ($6)
Seat 6: kr.poker8029 (big blind) folded before Flop


PokerStars Hand #148949165168:  Hold'em Limit ($3/$6 USD) - 2016/02/17 7:25:18 ET
Table 'Dalera' 6-max Seat #6 is the button
Seat 1: VolkovDmitri ($153.65 in chips)
Seat 6: kr.poker8029 ($82.03 in chips)
kr.poker8029: posts small blind $1
VolkovDmitri: posts big blind $3
*** HOLE CARDS ***
kr.poker8029: raises $3 to $6
VolkovDmitri: calls $3
*** FLOP *** [5s 8d 7s]
VolkovDmitri: bets $3
kr.poker8029: raises $3 to $6
VolkovDmitri: raises $3 to $9
kr.poker8029: calls $3
*** TURN *** [5s 8d 7s] [5h]
VolkovDmitri: bets $6
kr.poker8029: calls $6
*** RIVER *** [5s 8d 7s 5h] [Kd]
VolkovDmitri: checks
kr.poker8029: checks
*** SHOW DOWN ***
VolkovDmitri: shows [4s 8s] (two pair, Eights and Fives)
kr.poker8029: shows [8h 6s] (two pair, Eights and Fives)
VolkovDmitri collected $20.75 from pot
kr.poker8029 collected $20.75 from pot
*** SUMMARY ***
Total pot $42 | Rake $0.50
Board [5s 8d 7s 5h Kd]
Seat 1: VolkovDmitri (big blind) showed [4s 8s] and won ($20.75) with two pair, Eights and Fives
Seat 6: kr.poker8029 (button) (small blind) showed [8h 6s] and won ($20.75) with two pair, Eights and Fives


PokerStars Hand #148949191761:  Hold'em Limit ($3/$6 USD) - 2016/02/17 7:26:02 ET
Table 'Dalera' 6-max Seat #6 is the button
Seat 1: VolkovDmitri ($156.40 in chips)
Seat 6: kr.poker8029 ($78.78 in chips)
kr.poker8029: posts small blind $1
VolkovDmitri: posts big blind $3
*** HOLE CARDS ***
kr.poker8029: raises $3 to $6
VolkovDmitri: calls $3
*** FLOP *** [4d 6h Ks]
VolkovDmitri: checks
kr.poker8029: bets $3
VolkovDmitri: calls $3
*** TURN *** [4d 6h Ks] [Kh]
VolkovDmitri: checks
kr.poker8029: bets $6
VolkovDmitri: calls $6
*** RIVER *** [4d 6h Ks Kh] [5c]
VolkovDmitri: checks
kr.poker8029: bets $6
VolkovDmitri: calls $6
*** SHOW DOWN ***
kr.poker8029: shows [Kc 3c] (three of a kind, Kings)
VolkovDmitri: mucks hand
kr.poker8029 collected $41.50 from pot
*** SUMMARY ***
Total pot $42 | Rake $0.50
Board [4d 6h Ks Kh 5c]
Seat 1: VolkovDmitri (big blind) mucked
Seat 6: kr.poker8029 (button) (small blind) showed [Kc 3c] and won ($41.50) with three of a kind, Kings


PokerStars Hand #148949238224:  Hold'em Limit ($3/$6 USD) - 2016/02/17 7:27:19 ET
Table 'Dalera' 6-max Seat #1 is the button
Seat 1: VolkovDmitri ($127.40 in chips)
Seat 6: kr.poker8029 ($106.92 in chips)
VolkovDmitri: posts small blind $1
kr.poker8029: posts big blind $3
*** HOLE CARDS ***
VolkovDmitri: raises $3 to $6
kr.poker8029: raises $3 to $9
VolkovDmitri: calls $3
*** FLOP *** [6h Kd Jd]
kr.poker8029: bets $3
VolkovDmitri: folds
Uncalled bet ($3) returned to kr.poker8029
kr.poker8029 collected $17.64 from pot
*** SUMMARY ***
Total pot $18 | Rake $0.36
Board [6h Kd Jd]
Seat 1: VolkovDmitri (button) (small blind) folded on the Flop
Seat 6: kr.poker8029 (big blind) collected ($17.64)


PokerStars Hand #148949253653:  Hold'em Limit ($3/$6 USD) - 2016/02/17 7:27:45 ET
Table 'Dalera' 6-max Seat #1 is the button
Seat 1: VolkovDmitri ($121 in chips)
Seat 6: kr.poker8029 ($114.56 in chips)
VolkovDmitri: posts small blind $1
kr.poker8029: posts big blind $3
*** HOLE CARDS ***
VolkovDmitri: raises $3 to $6
kr.poker8029: folds
Uncalled bet ($3) returned to VolkovDmitri
VolkovDmitri collected $6 from pot
VolkovDmitri: doesn't show hand
*** SUMMARY ***
Total pot $6 | Rake $0
Seat 1: VolkovDmitri (button) (small blind) collected ($6)
Seat 6: kr.poker8029 (big blind) folded before Flop


PokerStars Hand #148949250272:  Hold'em Limit ($3/$6 USD) - 2016/02/17 7:27:39 ET
Table 'Dalera' 6-max Seat #6 is the button
Seat 1: VolkovDmitri ($120 in chips)
Seat 6: kr.poker8029 ($115.56 in chips)
kr.poker8029: posts small blind $1
VolkovDmitri: posts big blind $3
*** HOLE CARDS ***
kr.poker8029: folds
Uncalled bet ($2) returned to VolkovDmitri
VolkovDmitri collected $2 from pot
VolkovDmitri: doesn't show hand
*** SUMMARY ***
Total pot $2 | Rake $0
Seat 1: VolkovDmitri (big blind) collected ($2)
Seat 6: kr.poker8029 (button) (small blind) folded before Flop


PokerStars Hand #148949234880:  Hold'em Limit ($3/$6 USD) - 2016/02/17 7:27:14 ET
Table 'Dalera' 6-max Seat #6 is the button
Seat 1: VolkovDmitri ($126.40 in chips)
Seat 6: kr.poker8029 ($107.92 in chips)
kr.poker8029: posts small blind $1
VolkovDmitri: posts big blind $3
*** HOLE CARDS ***
kr.poker8029: folds
Uncalled bet ($2) returned to VolkovDmitri
VolkovDmitri collected $2 from pot
VolkovDmitri: doesn't show hand
*** SUMMARY ***
Total pot $2 | Rake $0
Seat 1: VolkovDmitri (big blind) collected ($2)
Seat 6: kr.poker8029 (button) (small blind) folded before Flop


PokerStars Hand #148949226418:  Hold'em Limit ($3/$6 USD) - 2016/02/17 7:27:00 ET
Table 'Dalera' 6-max Seat #1 is the button
Seat 1: VolkovDmitri ($135.40 in chips)
Seat 6: kr.poker8029 ($99.28 in chips)
VolkovDmitri: posts small blind $1
kr.poker8029: posts big blind $3
*** HOLE CARDS ***
VolkovDmitri: raises $3 to $6
kr.poker8029: raises $3 to $9
VolkovDmitri: calls $3
*** FLOP *** [Ac Js Qs]
kr.poker8029: bets $3
VolkovDmitri: folds
Uncalled bet ($3) returned to kr.poker8029
kr.poker8029 collected $17.64 from pot
*** SUMMARY ***
Total pot $18 | Rake $0.36
Board [Ac Js Qs]
Seat 1: VolkovDmitri (button) (small blind) folded on the Flop
Seat 6: kr.poker8029 (big blind) collected ($17.64)


PokerStars Hand #148949257095:  Hold'em Limit ($3/$6 USD) - 2016/02/17 7:27:51 ET
Table 'Dalera' 6-max Seat #6 is the button
Seat 1: VolkovDmitri ($124 in chips)
Seat 6: kr.poker8029 ($111.56 in chips)
kr.poker8029: posts small blind $1
VolkovDmitri: posts big blind $3
*** HOLE CARDS ***
kr.poker8029: raises $3 to $6
VolkovDmitri: raises $3 to $9
kr.poker8029: calls $3
*** FLOP *** [8s 5d Ad]
VolkovDmitri: checks
kr.poker8029: bets $3
VolkovDmitri: raises $3 to $6
kr.poker8029: calls $3
*** TURN *** [8s 5d Ad] [9h]
VolkovDmitri: bets $6
kr.poker8029: calls $6
*** RIVER *** [8s 5d Ad 9h] [9s]
VolkovDmitri: bets $6
kr.poker8029: folds
Uncalled bet ($6) returned to VolkovDmitri
VolkovDmitri collected $41.50 from pot
VolkovDmitri: doesn't show hand
*** SUMMARY ***
Total pot $42 | Rake $0.50
Board [8s 5d Ad 9h 9s]
Seat 1: VolkovDmitri (big blind) collected ($41.50)
Seat 6: kr.poker8029 (button) (small blind) folded on the River


PokerStars Hand #148949284350:  Hold'em Limit ($3/$6 USD) - 2016/02/17 7:28:36 ET
Table 'Dalera' 6-max Seat #1 is the button
Seat 1: VolkovDmitri ($144.50 in chips)
Seat 6: kr.poker8029 ($90.56 in chips)
VolkovDmitri: posts small blind $1
kr.poker8029: posts big blind $3
*** HOLE CARDS ***
VolkovDmitri: raises $3 to $6
kr.poker8029: folds
Uncalled bet ($3) returned to VolkovDmitri
VolkovDmitri collected $6 from pot
VolkovDmitri: doesn't show hand
*** SUMMARY ***
Total pot $6 | Rake $0
Seat 1: VolkovDmitri (button) (small blind) collected ($6)
Seat 6: kr.poker8029 (big blind) folded before Flop


PokerStars Hand #148949308690:  Hold'em Limit ($3/$6 USD) - 2016/02/17 7:29:16 ET
Table 'Dalera' 6-max Seat #1 is the button
Seat 1: VolkovDmitri ($120.50 in chips)
Seat 6: kr.poker8029 ($114.06 in chips)
VolkovDmitri: posts small blind $1
kr.poker8029: posts big blind $3
*** HOLE CARDS ***
VolkovDmitri: raises $3 to $6
kr.poker8029: calls $3
*** FLOP *** [8c 7h Ts]
kr.poker8029: checks
VolkovDmitri: checks
*** TURN *** [8c 7h Ts] [5d]
kr.poker8029: bets $6
VolkovDmitri: folds
Uncalled bet ($6) returned to kr.poker8029
kr.poker8029 collected $11.76 from pot
*** SUMMARY ***
Total pot $12 | Rake $0.24
Board [8c 7h Ts 5d]
Seat 1: VolkovDmitri (button) (small blind) folded on the Turn
Seat 6: kr.poker8029 (big blind) collected ($11.76)


PokerStars Hand #148949328009:  Hold'em Limit ($3/$6 USD) - 2016/02/17 7:29:48 ET
Table 'Dalera' 6-max Seat #6 is the button
Seat 1: VolkovDmitri ($120 in chips)
Seat 6: kr.poker8029 ($119.82 in chips)
kr.poker8029: posts small blind $1
VolkovDmitri: posts big blind $3
*** HOLE CARDS ***
kr.poker8029: folds
Uncalled bet ($2) returned to VolkovDmitri
VolkovDmitri collected $2 from pot
VolkovDmitri: doesn't show hand
*** SUMMARY ***
Total pot $2 | Rake $0
Seat 1: VolkovDmitri (big blind) collected ($2)
Seat 6: kr.poker8029 (button) (small blind) folded before Flop


PokerStars Hand #148949331598:  Hold'em Limit ($3/$6 USD) - 2016/02/17 7:29:53 ET
Table 'Dalera' 6-max Seat #1 is the button
Seat 1: VolkovDmitri ($121 in chips)
Seat 6: kr.poker8029 ($118.82 in chips)
VolkovDmitri: posts small blind $1
kr.poker8029: posts big blind $3
*** HOLE CARDS ***
VolkovDmitri: raises $3 to $6
kr.poker8029: calls $3
*** FLOP *** [Tc Ad 2h]
kr.poker8029: checks
VolkovDmitri: bets $3
kr.poker8029: folds
Uncalled bet ($3) returned to VolkovDmitri
VolkovDmitri collected $11.76 from pot
VolkovDmitri: doesn't show hand
*** SUMMARY ***
Total pot $12 | Rake $0.24
Board [Tc Ad 2h]
Seat 1: VolkovDmitri (button) (small blind) collected ($11.76)
Seat 6: kr.poker8029 (big blind) folded on the Flop


PokerStars Hand #148949344842:  Hold'em Limit ($3/$6 USD) - 2016/02/17 7:30:15 ET
Table 'Dalera' 6-max Seat #1 is the button
Seat 1: VolkovDmitri ($127.76 in chips)
Seat 6: kr.poker8029 ($111.82 in chips)
VolkovDmitri: posts small blind $1
kr.poker8029: posts big blind $3
*** HOLE CARDS ***
VolkovDmitri: raises $3 to $6
kr.poker8029: raises $3 to $9
VolkovDmitri: calls $3
*** FLOP *** [7s Kh 2s]
kr.poker8029: bets $3
VolkovDmitri: calls $3
*** TURN *** [7s Kh 2s] [5d]
kr.poker8029: bets $6
VolkovDmitri: raises $6 to $12
kr.poker8029: calls $6
*** RIVER *** [7s Kh 2s 5d] [Qc]
kr.poker8029: checks
VolkovDmitri: bets $6
kr.poker8029: calls $6
*** SHOW DOWN ***
VolkovDmitri: shows [Kd 2c] (two pair, Kings and Deuces)
kr.poker8029: mucks hand
VolkovDmitri collected $59.50 from pot
*** SUMMARY ***
Total pot $60 | Rake $0.50
Board [7s Kh 2s 5d Qc]
Seat 1: VolkovDmitri (button) (small blind) showed [Kd 2c] and won ($59.50) with two pair, Kings and Deuces
Seat 6: kr.poker8029 (big blind) mucked


PokerStars Hand #148949341549:  Hold'em Limit ($3/$6 USD) - 2016/02/17 7:30:10 ET
Table 'Dalera' 6-max Seat #6 is the button
Seat 1: VolkovDmitri ($126.76 in chips)
Seat 6: kr.poker8029 ($112.82 in chips)
kr.poker8029: posts small blind $1
VolkovDmitri: posts big blind $3
*** HOLE CARDS ***
kr.poker8029: folds
Uncalled bet ($2) returned to VolkovDmitri
VolkovDmitri collected $2 from pot
VolkovDmitri: doesn't show hand
*** SUMMARY ***
Total pot $2 | Rake $0
Seat 1: VolkovDmitri (big blind) collected ($2)
Seat 6: kr.poker8029 (button) (small blind) folded before Flop


PokerStars Hand #148949398222:  Hold'em Limit ($3/$6 USD) - 2016/02/17 7:31:43 ET
Table 'Dalera' 6-max Seat #1 is the button
Seat 1: VolkovDmitri ($139.26 in chips)
Seat 6: kr.poker8029 ($99.32 in chips)
VolkovDmitri: posts small blind $1
kr.poker8029: posts big blind $3
*** HOLE CARDS ***
VolkovDmitri: raises $3 to $6
kr.poker8029: folds
Uncalled bet ($3) returned to VolkovDmitri
VolkovDmitri collected $6 from pot
VolkovDmitri: doesn't show hand
*** SUMMARY ***
Total pot $6 | Rake $0
Seat 1: VolkovDmitri (button) (small blind) collected ($6)
Seat 6: kr.poker8029 (big blind) folded before Flop


PokerStars Hand #148949362196:  Hold'em Limit ($3/$6 USD) - 2016/02/17 7:30:44 ET
Table 'Dalera' 6-max Seat #6 is the button
Seat 1: VolkovDmitri ($157.26 in chips)
Seat 6: kr.poker8029 ($81.82 in chips)
kr.poker8029: posts small blind $1
VolkovDmitri: posts big blind $3
*** HOLE CARDS ***
kr.poker8029: raises $3 to $6
VolkovDmitri: calls $3
*** FLOP *** [Ts Qc Js]
VolkovDmitri: checks
kr.poker8029: bets $3
VolkovDmitri: raises $3 to $6
kr.poker8029: calls $3
*** TURN *** [Ts Qc Js] [5c]
VolkovDmitri: checks
kr.poker8029: bets $6
VolkovDmitri: calls $6
*** RIVER *** [Ts Qc Js 5c] [7c]
VolkovDmitri: checks
kr.poker8029: bets $6
VolkovDmitri: folds
Uncalled bet ($6) returned to kr.poker8029
kr.poker8029 collected $35.50 from pot
*** SUMMARY ***
Total pot $36 | Rake $0.50
Board [Ts Qc Js 5c 7c]
Seat 1: VolkovDmitri (big blind) folded on the River
Seat 6: kr.poker8029 (button) (small blind) collected ($35.50)


PokerStars Hand #148949402249:  Hold'em Limit ($3/$6 USD) - 2016/02/17 7:31:49 ET
Table 'Dalera' 6-max Seat #6 is the button
Seat 1: VolkovDmitri ($142.26 in chips)
Seat 6: kr.poker8029 ($96.32 in chips)
kr.poker8029: posts small blind $1
VolkovDmitri: posts big blind $3
*** HOLE CARDS ***
kr.poker8029: folds
Uncalled bet ($2) returned to VolkovDmitri
VolkovDmitri collected $2 from pot
VolkovDmitri: doesn't show hand
*** SUMMARY ***
Total pot $2 | Rake $0
Seat 1: VolkovDmitri (big blind) collected ($2)
Seat 6: kr.poker8029 (button) (small blind) folded before Flop


PokerStars Hand #148949405742:  Hold'em Limit ($3/$6 USD) - 2016/02/17 7:31:55 ET
Table 'Dalera' 6-max Seat #1 is the button
Seat 1: VolkovDmitri ($143.26 in chips)
Seat 6: kr.poker8029 ($95.32 in chips)
VolkovDmitri: posts small blind $1
kr.poker8029: posts big blind $3
*** HOLE CARDS ***
VolkovDmitri: raises $3 to $6
kr.poker8029: calls $3
*** FLOP *** [6s As 3s]
kr.poker8029: checks
VolkovDmitri: bets $3
kr.poker8029: calls $3
*** TURN *** [6s As 3s] [Jc]
kr.poker8029: checks
VolkovDmitri: bets $6
kr.poker8029: calls $6
*** RIVER *** [6s As 3s Jc] [5d]
kr.poker8029: bets $6
VolkovDmitri: raises $6 to $12
kr.poker8029: folds
Uncalled bet ($6) returned to VolkovDmitri
VolkovDmitri collected $41.50 from pot
VolkovDmitri: doesn't show hand
*** SUMMARY ***
Total pot $42 | Rake $0.50
Board [6s As 3s Jc 5d]
Seat 1: VolkovDmitri (button) (small blind) collected ($41.50)
Seat 6: kr.poker8029 (big blind) folded on the River


PokerStars Hand #148949444516:  Hold'em Limit ($3/$6 USD) - 2016/02/17 7:32:58 ET
Table 'Dalera' 6-max Seat #6 is the button
Seat 1: VolkovDmitri ($175.28 in chips)
Seat 6: kr.poker8029 ($62.32 in chips)
kr.poker8029: posts small blind $1
VolkovDmitri: posts big blind $3
*** HOLE CARDS ***
kr.poker8029: folds
Uncalled bet ($2) returned to VolkovDmitri
VolkovDmitri collected $2 from pot
*** SUMMARY ***
Total pot $2 | Rake $0
Seat 1: VolkovDmitri (big blind) collected ($2)
Seat 6: kr.poker8029 (button) (small blind) folded before Flop


PokerStars Hand #148949436505:  Hold'em Limit ($3/$6 USD) - 2016/02/17 7:32:45 ET
Table 'Dalera' 6-max Seat #1 is the button
Seat 1: VolkovDmitri ($169.52 in chips)
Seat 6: kr.poker8029 ($68.32 in chips)
VolkovDmitri: posts small blind $1
kr.poker8029: posts big blind $3
*** HOLE CARDS ***
VolkovDmitri: raises $3 to $6
kr.poker8029: calls $3
*** FLOP *** [Qh 2d As]
kr.poker8029: checks
VolkovDmitri: bets $3
kr.poker8029: folds
Uncalled bet ($3) returned to VolkovDmitri
VolkovDmitri collected $11.76 from pot
VolkovDmitri: doesn't show hand
*** SUMMARY ***
Total pot $12 | Rake $0.24
Board [Qh 2d As]
Seat 1: VolkovDmitri (button) (small blind) collected ($11.76)
Seat 6: kr.poker8029 (big blind) folded on the Flop


PokerStars Hand #148949427015:  Hold'em Limit ($3/$6 USD) - 2016/02/17 7:32:30 ET
Table 'Dalera' 6-max Seat #6 is the button
Seat 1: VolkovDmitri ($163.76 in chips)
Seat 6: kr.poker8029 ($74.32 in chips)
kr.poker8029: posts small blind $1
VolkovDmitri: posts big blind $3
*** HOLE CARDS ***
kr.poker8029: raises $3 to $6
VolkovDmitri: calls $3
*** FLOP *** [7s 6s 7h]
VolkovDmitri: checks
kr.poker8029: checks
*** TURN *** [7s 6s 7h] [Ad]
VolkovDmitri: bets $6
kr.poker8029: folds
Uncalled bet ($6) returned to VolkovDmitri
VolkovDmitri collected $11.76 from pot
VolkovDmitri: doesn't show hand
*** SUMMARY ***
Total pot $12 | Rake $0.24
Board [7s 6s 7h Ad]
Seat 1: VolkovDmitri (big blind) collected ($11.76)
Seat 6: kr.poker8029 (button) (small blind) folded on the Turn


PokerStars Hand #148949476955:  Hold'em Limit ($3/$6 USD) - 2016/02/17 7:33:50 ET
Table 'Dalera' 6-max Seat #1 is the button
Seat 1: VolkovDmitri ($206.78 in chips)
Seat 6: kr.poker8029 ($630.47 in chips)
VolkovDmitri: posts small blind $1
kr.poker8029: posts big blind $3
*** HOLE CARDS ***
VolkovDmitri: raises $3 to $6
kr.poker8029: folds
Uncalled bet ($3) returned to VolkovDmitri
VolkovDmitri collected $6 from pot
VolkovDmitri: doesn't show hand
*** SUMMARY ***
Total pot $6 | Rake $0
Seat 1: VolkovDmitri (button) (small blind) collected ($6)
Seat 6: kr.poker8029 (big blind) folded before Flop


PokerStars Hand #148949473676:  Hold'em Limit ($3/$6 USD) - 2016/02/17 7:33:45 ET
Table 'Dalera' 6-max Seat #6 is the button
Seat 1: VolkovDmitri ($205.78 in chips)
Seat 6: kr.poker8029 ($631.47 in chips)
kr.poker8029: posts small blind $1
VolkovDmitri: posts big blind $3
*** HOLE CARDS ***
kr.poker8029: folds
Uncalled bet ($2) returned to VolkovDmitri
VolkovDmitri collected $2 from pot
VolkovDmitri: doesn't show hand
*** SUMMARY ***
Total pot $2 | Rake $0
Seat 1: VolkovDmitri (big blind) collected ($2)
Seat 6: kr.poker8029 (button) (small blind) folded before Flop


PokerStars Hand #148949447684:  Hold'em Limit ($3/$6 USD) - 2016/02/17 7:33:03 ET
Table 'Dalera' 6-max Seat #1 is the button
Seat 1: VolkovDmitri ($176.28 in chips)
Seat 6: kr.poker8029 ($61.32 in chips)
VolkovDmitri: posts small blind $1
kr.poker8029: posts big blind $3
*** HOLE CARDS ***
VolkovDmitri: raises $3 to $6
kr.poker8029: raises $3 to $9
VolkovDmitri: calls $3
*** FLOP *** [Kh Qs 8s]
kr.poker8029: bets $3
VolkovDmitri: raises $3 to $6
kr.poker8029: raises $3 to $9
VolkovDmitri: calls $3
*** TURN *** [Kh Qs 8s] [5s]
kr.poker8029: bets $6
VolkovDmitri: calls $6
*** RIVER *** [Kh Qs 8s 5s] [Jc]
kr.poker8029: bets $6
VolkovDmitri: calls $6
*** SHOW DOWN ***
kr.poker8029: shows [9c 9d] (a pair of Nines)
VolkovDmitri: shows [9h Kc] (a pair of Kings)
VolkovDmitri collected $59.50 from pot
*** SUMMARY ***
Total pot $60 | Rake $0.50
Board [Kh Qs 8s 5s Jc]
Seat 1: VolkovDmitri (button) (small blind) showed [9h Kc] and won ($59.50) with a pair of Kings
Seat 6: kr.poker8029 (big blind) showed [9c 9d] and lost with a pair of Nines


PokerStars Hand #148949498136:  Hold'em Limit ($3/$6 USD) - 2016/02/17 7:34:25 ET
Table 'Dalera' 6-max Seat #1 is the button
Seat 1: VolkovDmitri ($203.78 in chips)
Seat 6: kr.poker8029 ($633.23 in chips)
VolkovDmitri: posts small blind $1
kr.poker8029: posts big blind $3
*** HOLE CARDS ***
VolkovDmitri: raises $3 to $6
kr.poker8029: calls $3
*** FLOP *** [8c 7s 7h]
kr.poker8029: checks
VolkovDmitri: bets $3
kr.poker8029: calls $3
*** TURN *** [8c 7s 7h] [2c]
kr.poker8029: checks
VolkovDmitri: checks
*** RIVER *** [8c 7s 7h 2c] [Ks]
kr.poker8029: bets $6
VolkovDmitri: calls $6
*** SHOW DOWN ***
kr.poker8029: shows [4c Ad] (a pair of Sevens)
VolkovDmitri: mucks hand
kr.poker8029 collected $29.50 from pot
*** SUMMARY ***
Total pot $30 | Rake $0.50
Board [8c 7s 7h 2c Ks]
Seat 1: VolkovDmitri (button) (small blind) mucked
Seat 6: kr.poker8029 (big blind) showed [4c Ad] and won ($29.50) with a pair of Sevens


PokerStars Hand #148949480471:  Hold'em Limit ($3/$6 USD) - 2016/02/17 7:33:56 ET
Table 'Dalera' 6-max Seat #6 is the button
Seat 1: VolkovDmitri ($209.78 in chips)
Seat 6: kr.poker8029 ($627.47 in chips)
kr.poker8029: posts small blind $1
VolkovDmitri: posts big blind $3
*** HOLE CARDS ***
kr.poker8029: raises $3 to $6
VolkovDmitri: calls $3
*** FLOP *** [7h Ks 6c]
VolkovDmitri: checks
kr.poker8029: bets $3
VolkovDmitri: folds
Uncalled bet ($3) returned to kr.poker8029
kr.poker8029 collected $11.76 from pot
*** SUMMARY ***
Total pot $12 | Rake $0.24
Board [7h Ks 6c]
Seat 1: VolkovDmitri (big blind) folded on the Flop
Seat 6: kr.poker8029 (button) (small blind) collected ($11.76)


PokerStars Hand #148949520028:  Hold'em Limit ($3/$6 USD) - 2016/02/17 7:35:00 ET
Table 'Dalera' 6-max Seat #6 is the button
Seat 1: VolkovDmitri ($188.78 in chips)
Seat 6: kr.poker8029 ($647.73 in chips)
kr.poker8029: posts small blind $1
VolkovDmitri: posts big blind $3
*** HOLE CARDS ***
kr.poker8029: folds
Uncalled bet ($2) returned to VolkovDmitri
VolkovDmitri collected $2 from pot
VolkovDmitri: doesn't show hand
*** SUMMARY ***
Total pot $2 | Rake $0
Seat 1: VolkovDmitri (big blind) collected ($2)
Seat 6: kr.poker8029 (button) (small blind) folded before Flop


PokerStars Hand #148949538241:  Hold'em Limit ($3/$6 USD) - 2016/02/17 7:35:29 ET
Table 'Dalera' 6-max Seat #6 is the button
Seat 1: VolkovDmitri ($195.54 in chips)
Seat 6: kr.poker8029 ($640.73 in chips)
kr.poker8029: posts small blind $1
VolkovDmitri: posts big blind $3
*** HOLE CARDS ***
kr.poker8029: raises $3 to $6
VolkovDmitri: calls $3
*** FLOP *** [8d 3h 5c]
VolkovDmitri: bets $3
kr.poker8029: calls $3
*** TURN *** [8d 3h 5c] [8h]
VolkovDmitri: bets $6
kr.poker8029: folds
Uncalled bet ($6) returned to VolkovDmitri
VolkovDmitri collected $17.64 from pot
VolkovDmitri: doesn't show hand
*** SUMMARY ***
Total pot $18 | Rake $0.36
Board [8d 3h 5c 8h]
Seat 1: VolkovDmitri (big blind) collected ($17.64)
Seat 6: kr.poker8029 (button) (small blind) folded on the Turn


PokerStars Hand #148949523401:  Hold'em Limit ($3/$6 USD) - 2016/02/17 7:35:05 ET
Table 'Dalera' 6-max Seat #1 is the button
Seat 1: VolkovDmitri ($189.78 in chips)
Seat 6: kr.poker8029 ($646.73 in chips)
VolkovDmitri: posts small blind $1
kr.poker8029: posts big blind $3
*** HOLE CARDS ***
VolkovDmitri: raises $3 to $6
kr.poker8029: calls $3
*** FLOP *** [Qc Js 4h]
kr.poker8029: checks
VolkovDmitri: bets $3
kr.poker8029: folds
Uncalled bet ($3) returned to VolkovDmitri
VolkovDmitri collected $11.76 from pot
VolkovDmitri: doesn't show hand
*** SUMMARY ***
Total pot $12 | Rake $0.24
Board [Qc Js 4h]
Seat 1: VolkovDmitri (button) (small blind) collected ($11.76)
Seat 6: kr.poker8029 (big blind) folded on the Flop


PokerStars Hand #148949551014:  Hold'em Limit ($3/$6 USD) - 2016/02/17 7:35:50 ET
Table 'Dalera' 6-max Seat #1 is the button
Seat 1: VolkovDmitri ($204.18 in chips)
Seat 6: kr.poker8029 ($631.73 in chips)
VolkovDmitri: posts small blind $1
kr.poker8029: posts big blind $3
*** HOLE CARDS ***
VolkovDmitri: raises $3 to $6
kr.poker8029: calls $3
*** FLOP *** [Qs Jc 5d]
kr.poker8029: checks
VolkovDmitri: bets $3
kr.poker8029: folds
Uncalled bet ($3) returned to VolkovDmitri
VolkovDmitri collected $11.76 from pot
VolkovDmitri: doesn't show hand
*** SUMMARY ***
Total pot $12 | Rake $0.24
Board [Qs Jc 5d]
Seat 1: VolkovDmitri (button) (small blind) collected ($11.76)
Seat 6: kr.poker8029 (big blind) folded on the Flop


PokerStars Hand #148949592907:  Hold'em Limit ($3/$6 USD) - 2016/02/17 7:36:56 ET
Table 'Dalera' 6-max Seat #1 is the button
Seat 1: VolkovDmitri ($185.94 in chips)
Seat 6: kr.poker8029 ($649.23 in chips)
VolkovDmitri: posts small blind $1
kr.poker8029: posts big blind $3
*** HOLE CARDS ***
VolkovDmitri: raises $3 to $6
kr.poker8029: folds
Uncalled bet ($3) returned to VolkovDmitri
VolkovDmitri collected $6 from pot
VolkovDmitri: doesn't show hand
*** SUMMARY ***
Total pot $6 | Rake $0
Seat 1: VolkovDmitri (button) (small blind) collected ($6)
Seat 6: kr.poker8029 (big blind) folded before Flop


PokerStars Hand #148949564379:  Hold'em Limit ($3/$6 USD) - 2016/02/17 7:36:11 ET
Table 'Dalera' 6-max Seat #6 is the button
Seat 1: VolkovDmitri ($209.94 in chips)
Seat 6: kr.poker8029 ($625.73 in chips)
kr.poker8029: posts small blind $1
VolkovDmitri: posts big blind $3
*** HOLE CARDS ***
kr.poker8029: raises $3 to $6
VolkovDmitri: raises $3 to $9
kr.poker8029: calls $3
*** FLOP *** [7d 6h 5h]
VolkovDmitri: checks
kr.poker8029: bets $3
VolkovDmitri: calls $3
*** TURN *** [7d 6h 5h] [6s]
VolkovDmitri: checks
kr.poker8029: bets $6
VolkovDmitri: calls $6
*** RIVER *** [7d 6h 5h 6s] [As]
VolkovDmitri: checks
kr.poker8029: bets $6
VolkovDmitri: calls $6
*** SHOW DOWN ***
kr.poker8029: shows [Qc Ad] (two pair, Aces and Sixes)
VolkovDmitri: mucks hand
kr.poker8029 collected $47.50 from pot
*** SUMMARY ***
Total pot $48 | Rake $0.50
Board [7d 6h 5h 6s As]
Seat 1: VolkovDmitri (big blind) mucked
Seat 6: kr.poker8029 (button) (small blind) showed [Qc Ad] and won ($47.50) with two pair, Aces and Sixes


PokerStars Hand #148949599529:  Hold'em Limit ($3/$6 USD) - 2016/02/17 7:37:07 ET
Table 'Dalera' 6-max Seat #6 is the button
Seat 1: VolkovDmitri ($188.94 in chips)
Seat 6: kr.poker8029 ($646.23 in chips)
kr.poker8029: posts small blind $1
VolkovDmitri: posts big blind $3
*** HOLE CARDS ***
kr.poker8029: raises $3 to $6
VolkovDmitri: calls $3
*** FLOP *** [Td 2c Jd]
VolkovDmitri: bets $3
kr.poker8029: calls $3
*** TURN *** [Td 2c Jd] [5c]
VolkovDmitri: bets $6
kr.poker8029: calls $6
*** RIVER *** [Td 2c Jd 5c] [Ks]
VolkovDmitri: bets $6
kr.poker8029: raises $6 to $12
Leblanc1 joins the table at seat #2
VolkovDmitri: raises $6 to $18
kr.poker8029: calls $6
*** SHOW DOWN ***
VolkovDmitri: shows [2s Kd] (two pair, Kings and Deuces)
kr.poker8029: mucks hand
VolkovDmitri collected $65.50 from pot
*** SUMMARY ***
Total pot $66 | Rake $0.50
Board [Td 2c Jd 5c Ks]
Seat 1: VolkovDmitri (big blind) showed [2s Kd] and won ($65.50) with two pair, Kings and Deuces
Seat 6: kr.poker8029 (button) (small blind) mucked


PokerStars Hand #148949632764:  Hold'em Limit ($3/$6 USD) - 2016/02/17 7:38:01 ET
Table 'Dalera' 6-max Seat #6 is the button
Seat 1: VolkovDmitri ($212.44 in chips)
Seat 6: kr.poker8029 ($621.87 in chips)
kr.poker8029: posts small blind $1
VolkovDmitri: posts big blind $3
*** HOLE CARDS ***
kr.poker8029: folds
Uncalled bet ($2) returned to VolkovDmitri
VolkovDmitri collected $2 from pot
VolkovDmitri: doesn't show hand
*** SUMMARY ***
Total pot $2 | Rake $0
Seat 1: VolkovDmitri (big blind) collected ($2)
Seat 6: kr.poker8029 (button) (small blind) folded before Flop


PokerStars Hand #148949623367:  Hold'em Limit ($3/$6 USD) - 2016/02/17 7:37:45 ET
Table 'Dalera' 6-max Seat #1 is the button
Seat 1: VolkovDmitri ($221.44 in chips)
Seat 6: kr.poker8029 ($613.23 in chips)
VolkovDmitri: posts small blind $1
kr.poker8029: posts big blind $3
*** HOLE CARDS ***
VolkovDmitri: raises $3 to $6
kr.poker8029: calls $3
*** FLOP *** [4h Kh 2c]
kr.poker8029: checks
VolkovDmitri: bets $3
kr.poker8029: raises $3 to $6
VolkovDmitri: folds
Uncalled bet ($3) returned to kr.poker8029
kr.poker8029 collected $17.64 from pot
*** SUMMARY ***
Total pot $18 | Rake $0.36
Board [4h Kh 2c]
Seat 1: VolkovDmitri (button) (small blind) folded on the Flop
Seat 6: kr.poker8029 (big blind) collected ($17.64)


PokerStars Hand #148949653168:  Hold'em Limit ($3/$6 USD) - 2016/02/17 7:38:34 ET
Table 'Dalera' 6-max Seat #6 is the button
Seat 1: VolkovDmitri ($195.44 in chips)
Seat 6: kr.poker8029 ($638.37 in chips)
kr.poker8029: posts small blind $1
VolkovDmitri: posts big blind $3
*** HOLE CARDS ***
kr.poker8029: folds
Uncalled bet ($2) returned to VolkovDmitri
VolkovDmitri collected $2 from pot
VolkovDmitri: doesn't show hand
*** SUMMARY ***
Total pot $2 | Rake $0
Seat 1: VolkovDmitri (big blind) collected ($2)
Seat 6: kr.poker8029 (button) (small blind) folded before Flop


PokerStars Hand #148949636112:  Hold'em Limit ($3/$6 USD) - 2016/02/17 7:38:06 ET
Table 'Dalera' 6-max Seat #1 is the button
Seat 1: VolkovDmitri ($213.44 in chips)
Seat 6: kr.poker8029 ($620.87 in chips)
VolkovDmitri: posts small blind $1
kr.poker8029: posts big blind $3
*** HOLE CARDS ***
VolkovDmitri: raises $3 to $6
kr.poker8029: raises $3 to $9
VolkovDmitri: calls $3
*** FLOP *** [2s 5s 5c]
kr.poker8029: bets $3
VolkovDmitri: calls $3
*** TURN *** [2s 5s 5c] [7c]
kr.poker8029: bets $6
VolkovDmitri: calls $6
*** RIVER *** [2s 5s 5c 7c] [3d]
kr.poker8029: bets $6
VolkovDmitri: folds
Uncalled bet ($6) returned to kr.poker8029
kr.poker8029 collected $35.50 from pot
*** SUMMARY ***
Total pot $36 | Rake $0.50
Board [2s 5s 5c 7c 3d]
Seat 1: VolkovDmitri (button) (small blind) folded on the River
Seat 6: kr.poker8029 (big blind) collected ($35.50)


PokerStars Hand #148949670063:  Hold'em Limit ($3/$6 USD) - 2016/02/17 7:39:01 ET
Table 'Dalera' 6-max Seat #6 is the button
Seat 1: VolkovDmitri ($210.94 in chips)
Seat 6: kr.poker8029 ($622.37 in chips)
kr.poker8029: posts small blind $1
VolkovDmitri: posts big blind $3
*** HOLE CARDS ***
kr.poker8029: raises $3 to $6
VolkovDmitri: calls $3
*** FLOP *** [2c Ah 9s]
VolkovDmitri: checks
kr.poker8029: bets $3
VolkovDmitri: calls $3
*** TURN *** [2c Ah 9s] [9h]
serge020 joins the table at seat #3
VolkovDmitri: checks
kr.poker8029: bets $6
VolkovDmitri: raises $6 to $12
kr.poker8029: calls $6
*** RIVER *** [2c Ah 9s 9h] [Td]
VolkovDmitri: bets $6
kr.poker8029: calls $6
*** SHOW DOWN ***
VolkovDmitri: shows [Jc 9d] (three of a kind, Nines)
kr.poker8029: mucks hand
VolkovDmitri collected $53.50 from pot
*** SUMMARY ***
Total pot $54 | Rake $0.50
Board [2c Ah 9s 9h Td]
Seat 1: VolkovDmitri (big blind) showed [Jc 9d] and won ($53.50) with three of a kind, Nines
Seat 6: kr.poker8029 (button) (small blind) mucked


