PokerStars Hand #168680761781:  Hold'em Limit ($3/$6 USD) - 2017/04/06 19:04:54 ET
Table 'Danae II' 6-max Seat #6 is the button
Seat 2: krytalex ($99.10 in chips)
Seat 6: barranqueiro ($85.10 in chips)
barranqueiro: posts small blind $1
krytalex: posts big blind $3
*** HOLE CARDS ***
barranqueiro: calls $2
krytalex: checks
*** FLOP *** [7d 6s 2d]
krytalex: bets $3
barranqueiro: calls $3
*** TURN *** [7d 6s 2d] [8s]
krytalex: bets $6
barranqueiro: raises $6 to $12
krytalex: calls $6
*** RIVER *** [7d 6s 2d 8s] [Js]
krytalex: checks
barranqueiro: bets $6
krytalex: calls $6
*** SHOW DOWN ***
barranqueiro: shows [2c 8c] (two pair, Eights and Deuces)
krytalex: mucks hand
barranqueiro collected $47.50 from pot
*** SUMMARY ***
Total pot $48 | Rake $0.50
Board [7d 6s 2d 8s Js]
Seat 2: krytalex (big blind) mucked
Seat 6: barranqueiro (button) (small blind) showed [2c 8c] and won ($47.50) with two pair, Eights and Deuces


PokerStars Hand #168680755822:  Hold'em Limit ($3/$6 USD) - 2017/04/06 19:04:45 ET
Table 'Danae II' 6-max Seat #2 is the button
Seat 2: krytalex ($100.10 in chips)
Seat 6: barranqueiro ($84.10 in chips)
krytalex: posts small blind $1
barranqueiro: posts big blind $3
*** HOLE CARDS ***
krytalex: folds
Uncalled bet ($2) returned to barranqueiro
barranqueiro collected $2 from pot
*** SUMMARY ***
Total pot $2 | Rake $0
Seat 2: krytalex (button) (small blind) folded before Flop
Seat 6: barranqueiro (big blind) collected ($2)


PokerStars Hand #168680822026:  Hold'em Limit ($3/$6 USD) - 2017/04/06 19:06:20 ET
Table 'Danae II' 6-max Seat #2 is the button
Seat 2: krytalex ($72 in chips)
Seat 6: barranqueiro ($128.86 in chips)
krytalex: posts small blind $1
barranqueiro: posts big blind $3
*** HOLE CARDS ***
krytalex: folds
Uncalled bet ($2) returned to barranqueiro
barranqueiro collected $2 from pot
*** SUMMARY ***
Total pot $2 | Rake $0
Seat 2: krytalex (button) (small blind) folded before Flop
Seat 6: barranqueiro (big blind) collected ($2)


PokerStars Hand #168680798639:  Hold'em Limit ($3/$6 USD) - 2017/04/06 19:05:46 ET
Table 'Danae II' 6-max Seat #6 is the button
Seat 2: krytalex ($72 in chips)
Seat 6: barranqueiro ($123.10 in chips)
barranqueiro: posts small blind $1
krytalex: posts big blind $3
*** HOLE CARDS ***
B_loJkl joins the table at seat #1
barranqueiro: raises $3 to $6
krytalex: calls $3
*** FLOP *** [Ah 4d 4s]
krytalex: checks
barranqueiro: bets $3
krytalex: folds
Uncalled bet ($3) returned to barranqueiro
barranqueiro collected $11.76 from pot
*** SUMMARY ***
Total pot $12 | Rake $0.24
Board [Ah 4d 4s]
Seat 2: krytalex (big blind) folded on the Flop
Seat 6: barranqueiro (button) (small blind) collected ($11.76)


PokerStars Hand #168680782600:  Hold'em Limit ($3/$6 USD) - 2017/04/06 19:05:23 ET
Table 'Danae II' 6-max Seat #2 is the button
Seat 2: krytalex ($75.10 in chips)
Seat 6: barranqueiro ($108.60 in chips)
krytalex: posts small blind $1
barranqueiro: posts big blind $3
*** HOLE CARDS ***
krytalex: raises $3 to $6
barranqueiro: calls $3
*** FLOP *** [5c Ac Ts]
barranqueiro: checks
krytalex: bets $3
barranqueiro: calls $3
*** TURN *** [5c Ac Ts] [5h]
barranqueiro: checks
krytalex: checks
*** RIVER *** [5c Ac Ts 5h] [Jc]
barranqueiro: bets $6
krytalex: calls $6
*** SHOW DOWN ***
barranqueiro: shows [Jh As] (two pair, Aces and Jacks)
krytalex: mucks hand
barranqueiro collected $29.50 from pot
*** SUMMARY ***
Total pot $30 | Rake $0.50
Board [5c Ac Ts 5h Jc]
Seat 2: krytalex (button) (small blind) mucked
Seat 6: barranqueiro (big blind) showed [Jh As] and won ($29.50) with two pair, Aces and Jacks


PokerStars Hand #168680922329:  Hold'em Limit ($3/$6 USD) - 2017/04/06 19:08:49 ET
Table 'Danae II' 6-max Seat #3 is the button
Seat 2: krytalex ($106.81 in chips)
Seat 3: ToDaFelt ($114 in chips)
ToDaFelt: posts small blind $1
B_loJkl: is sitting out
krytalex: posts big blind $3
*** HOLE CARDS ***
ToDaFelt: raises $3 to $6
B_loJkl leaves the table
krytalex: calls $3
*** FLOP *** [7s 7h 6d]
krytalex: checks
ToDaFelt: bets $3
krytalex: raises $3 to $6
ToDaFelt: calls $3
*** TURN *** [7s 7h 6d] [Th]
krytalex: bets $6
ToDaFelt: folds
Uncalled bet ($6) returned to krytalex
krytalex collected $23.52 from pot
*** SUMMARY ***
Total pot $24 | Rake $0.48
Board [7s 7h 6d Th]
Seat 2: krytalex (big blind) collected ($23.52)
Seat 3: ToDaFelt (button) (small blind) folded on the Turn


