PokerStars Hand #156629533774:  Hold'em Limit ($3/$6 USD) - 2016/07/30 8:05:46 ET
Table 'Danae' 6-max Seat #3 is the button
Seat 3: gdog slim ($123.39 in chips)
Seat 5: AzureCaper ($72 in chips)
gdog slim: posts small blind $1
AzureCaper: posts big blind $3
*** HOLE CARDS ***
gdog slim: folds
Uncalled bet ($2) returned to AzureCaper
AzureCaper collected $2 from pot
AzureCaper: doesn't show hand
belik555 joins the table at seat #6
*** SUMMARY ***
Total pot $2 | Rake $0
Seat 3: gdog slim (button) (small blind) folded before Flop
Seat 5: AzureCaper (big blind) collected ($2)


PokerStars Hand #156629531444:  Hold'em Limit ($3/$6 USD) - 2016/07/30 8:05:41 ET
Table 'Danae' 6-max Seat #5 is the button
Seat 3: gdog slim ($122.39 in chips)
Seat 5: AzureCaper ($73 in chips)
AzureCaper: posts small blind $1
gdog slim: posts big blind $3
*** HOLE CARDS ***
AzureCaper: folds
Uncalled bet ($2) returned to gdog slim
gdog slim collected $2 from pot
*** SUMMARY ***
Total pot $2 | Rake $0
Seat 3: gdog slim (big blind) collected ($2)
Seat 5: AzureCaper (button) (small blind) folded before Flop


PokerStars Hand #156629528724:  Hold'em Limit ($3/$6 USD) - 2016/07/30 8:05:35 ET
Table 'Danae' 6-max Seat #3 is the button
Seat 3: gdog slim ($123.39 in chips)
Seat 5: AzureCaper ($72 in chips)
gdog slim: posts small blind $1
AzureCaper: posts big blind $3
*** HOLE CARDS ***
gdog slim: folds
Uncalled bet ($2) returned to AzureCaper
AzureCaper collected $2 from pot
AzureCaper: doesn't show hand
*** SUMMARY ***
Total pot $2 | Rake $0
Seat 3: gdog slim (button) (small blind) folded before Flop
Seat 5: AzureCaper (big blind) collected ($2)


PokerStars Hand #156629526245:  Hold'em Limit ($3/$6 USD) - 2016/07/30 8:05:30 ET
Table 'Danae' 6-max Seat #5 is the button
Seat 3: gdog slim ($122.39 in chips)
Seat 5: AzureCaper ($72 in chips)
AzureCaper: posts small blind $1
gdog slim: posts big blind $3
*** HOLE CARDS ***
AzureCaper: folds
Uncalled bet ($2) returned to gdog slim
gdog slim collected $2 from pot
*** SUMMARY ***
Total pot $2 | Rake $0
Seat 3: gdog slim (big blind) collected ($2)
Seat 5: AzureCaper (button) (small blind) folded before Flop


PokerStars Hand #156629508422:  Hold'em Limit ($3/$6 USD) - 2016/07/30 8:04:53 ET
Table 'Danae' 6-max Seat #3 is the button
Seat 3: gdog slim ($101.89 in chips)
Seat 5: AzureCaper ($72 in chips)
Agrotait: is sitting out
gdog slim: posts small blind $1
AzureCaper: posts big blind $3
*** HOLE CARDS ***
gdog slim: raises $3 to $6
Agrotait leaves the table
AzureCaper: calls $3
*** FLOP *** [2d Jh 3c]
AzureCaper: checks
vestimokrec joins the table at seat #4
gdog slim: bets $3
AzureCaper: calls $3
*** TURN *** [2d Jh 3c] [Js]
AzureCaper: checks
gdog slim: bets $6
AzureCaper: calls $6
*** RIVER *** [2d Jh 3c Js] [Qh]
AzureCaper: checks
gdog slim: bets $6
AzureCaper: calls $6
*** SHOW DOWN ***
gdog slim: shows [Tc Jc] (three of a kind, Jacks)
AzureCaper: mucks hand
gdog slim collected $41.50 from pot
*** SUMMARY ***
Total pot $42 | Rake $0.50
Board [2d Jh 3c Js Qh]
Seat 3: gdog slim (button) (small blind) showed [Tc Jc] and won ($41.50) with three of a kind, Jacks
Seat 5: AzureCaper (big blind) mucked


PokerStars Hand #156629783208:  Hold'em Limit ($3/$6 USD) - 2016/07/30 8:14:21 ET
Table 'Danae' 6-max Seat #6 is the button
Seat 3: gdog slim ($103.93 in chips)
Seat 6: belik555 ($84.06 in chips)
belik555: posts small blind $1
gdog slim: posts big blind $3
*** HOLE CARDS ***
belik555: raises $3 to $6
gdog slim: folds
Uncalled bet ($3) returned to belik555
belik555 collected $6 from pot
belik555: doesn't show hand
*** SUMMARY ***
Total pot $6 | Rake $0
Seat 3: gdog slim (big blind) folded before Flop
Seat 6: belik555 (button) (small blind) collected ($6)


PokerStars Hand #156629778557:  Hold'em Limit ($3/$6 USD) - 2016/07/30 8:14:11 ET
Table 'Danae' 6-max Seat #3 is the button
Seat 3: gdog slim ($104.93 in chips)
Seat 6: belik555 ($83.06 in chips)
gdog slim: posts small blind $1
belik555: posts big blind $3
*** HOLE CARDS ***
gdog slim: folds
Uncalled bet ($2) returned to belik555
belik555 collected $2 from pot
belik555: doesn't show hand
*** SUMMARY ***
Total pot $2 | Rake $0
Seat 3: gdog slim (button) (small blind) folded before Flop
Seat 6: belik555 (big blind) collected ($2)


PokerStars Hand #156629808580:  Hold'em Limit ($3/$6 USD) - 2016/07/30 8:15:14 ET
Table 'Danae' 6-max Seat #6 is the button
Seat 3: gdog slim ($91.93 in chips)
Seat 6: belik555 ($95.70 in chips)
belik555: posts small blind $1
gdog slim: posts big blind $3
*** HOLE CARDS ***
belik555: raises $3 to $6
gdog slim: calls $3
*** FLOP *** [Th Qh Tc]
gdog slim: checks
belik555: bets $3
gdog slim: calls $3
*** TURN *** [Th Qh Tc] [2c]
gdog slim: checks
belik555: checks
*** RIVER *** [Th Qh Tc 2c] [8h]
gdog slim: bets $6
belik555: calls $6
*** SHOW DOWN ***
gdog slim: shows [Kh 7d] (a pair of Tens)
belik555: shows [Ah 5s] (a pair of Tens - Ace kicker)
belik555 collected $29.50 from pot
*** SUMMARY ***
Total pot $30 | Rake $0.50
Board [Th Qh Tc 2c 8h]
Seat 3: gdog slim (big blind) showed [Kh 7d] and lost with a pair of Tens
Seat 6: belik555 (button) (small blind) showed [Ah 5s] and won ($29.50) with a pair of Tens


PokerStars Hand #156629806021:  Hold'em Limit ($3/$6 USD) - 2016/07/30 8:15:09 ET
Table 'Danae' 6-max Seat #3 is the button
Seat 3: gdog slim ($92.93 in chips)
Seat 6: belik555 ($94.70 in chips)
gdog slim: posts small blind $1
belik555: posts big blind $3
*** HOLE CARDS ***
gdog slim: folds
Uncalled bet ($2) returned to belik555
belik555 collected $2 from pot
belik555: doesn't show hand
*** SUMMARY ***
Total pot $2 | Rake $0
Seat 3: gdog slim (button) (small blind) folded before Flop
Seat 6: belik555 (big blind) collected ($2)


PokerStars Hand #156629802751:  Hold'em Limit ($3/$6 USD) - 2016/07/30 8:15:02 ET
Table 'Danae' 6-max Seat #6 is the button
Seat 3: gdog slim ($91.93 in chips)
Seat 6: belik555 ($95.70 in chips)
belik555: posts small blind $1
gdog slim: posts big blind $3
*** HOLE CARDS ***
belik555: folds
Uncalled bet ($2) returned to gdog slim
gdog slim collected $2 from pot
*** SUMMARY ***
Total pot $2 | Rake $0
Seat 3: gdog slim (big blind) collected ($2)
Seat 6: belik555 (button) (small blind) folded before Flop


PokerStars Hand #156629786538:  Hold'em Limit ($3/$6 USD) - 2016/07/30 8:14:28 ET
Table 'Danae' 6-max Seat #3 is the button
Seat 3: gdog slim ($100.93 in chips)
Seat 6: belik555 ($87.06 in chips)
gdog slim: posts small blind $1
belik555: posts big blind $3
*** HOLE CARDS ***
gdog slim: raises $3 to $6
belik555: calls $3
*** FLOP *** [Kc 3c 7h]
belik555: checks
gdog slim: bets $3
belik555: calls $3
*** TURN *** [Kc 3c 7h] [7d]
belik555: checks
gdog slim: checks
*** RIVER *** [Kc 3c 7h 7d] [6d]
belik555: checks
gdog slim: checks
*** SHOW DOWN ***
belik555: shows [Qh 5c] (a pair of Sevens)
gdog slim: mucks hand
belik555 collected $17.64 from pot
*** SUMMARY ***
Total pot $18 | Rake $0.36
Board [Kc 3c 7h 7d 6d]
Seat 3: gdog slim (button) (small blind) mucked
Seat 6: belik555 (big blind) showed [Qh 5c] and won ($17.64) with a pair of Sevens


