PokerStars Hand #163175450763:  Hold'em Limit ($3/$6 USD) - 2016/12/19 0:22:39 ET
Table 'Danae' 10-max Seat #1 is the button
Seat 1: LifeisagameX ($84 in chips)
Seat 5: FabronxRJ ($120 in chips)
LifeisagameX: posts small blind $1
FabronxRJ: posts big blind $3
*** HOLE CARDS ***
LifeisagameX: raises $3 to $6
FabronxRJ: calls $3
*** FLOP *** [2h 5c Kd]
FabronxRJ: bets $3
LifeisagameX: raises $3 to $6
FabronxRJ: calls $3
*** TURN *** [2h 5c Kd] [9h]
FabronxRJ: checks
LifeisagameX: bets $6
FabronxRJ: calls $6
*** RIVER *** [2h 5c Kd 9h] [7d]
FabronxRJ: checks
LifeisagameX: bets $6
FabronxRJ: folds
Uncalled bet ($6) returned to LifeisagameX
LifeisagameX collected $35.50 from pot
LifeisagameX: doesn't show hand
*** SUMMARY ***
Total pot $36 | Rake $0.50
Board [2h 5c Kd 9h 7d]
Seat 1: LifeisagameX (button) (small blind) collected ($35.50)
Seat 5: FabronxRJ (big blind) folded on the River


PokerStars Hand #163175464686:  Hold'em Limit ($3/$6 USD) - 2016/12/19 0:23:34 ET
Table 'Danae' 10-max Seat #5 is the button
Seat 1: LifeisagameX ($101.50 in chips)
Seat 5: FabronxRJ ($102 in chips)
FabronxRJ: posts small blind $1
LifeisagameX: posts big blind $3
*** HOLE CARDS ***
FabronxRJ: calls $2
LifeisagameX: raises $3 to $6
FabronxRJ: raises $3 to $9
LifeisagameX: calls $3
*** FLOP *** [Ac Kh Qh]
LifeisagameX: checks
FabronxRJ: bets $3
LifeisagameX: calls $3
*** TURN *** [Ac Kh Qh] [3c]
LifeisagameX: checks
FabronxRJ: bets $6
LifeisagameX: folds
Uncalled bet ($6) returned to FabronxRJ
FabronxRJ collected $23.52 from pot
FabronxRJ: doesn't show hand
*** SUMMARY ***
Total pot $24 | Rake $0.48
Board [Ac Kh Qh 3c]
Seat 1: LifeisagameX (big blind) folded on the Turn
Seat 5: FabronxRJ (button) (small blind) collected ($23.52)


PokerStars Hand #163175510171:  Hold'em Limit ($3/$6 USD) - 2016/12/19 0:26:34 ET
Table 'Danae' 10-max Seat #5 is the button
Seat 1: LifeisagameX ($131 in chips)
Seat 5: FabronxRJ ($71.52 in chips)
FabronxRJ: posts small blind $1
LifeisagameX: posts big blind $3
*** HOLE CARDS ***
FabronxRJ: raises $3 to $6
LifeisagameX: calls $3
*** FLOP *** [9d 5s Qh]
LifeisagameX: checks
FabronxRJ: bets $3
LifeisagameX: folds
Uncalled bet ($3) returned to FabronxRJ
FabronxRJ collected $11.76 from pot
FabronxRJ: doesn't show hand
*** SUMMARY ***
Total pot $12 | Rake $0.24
Board [9d 5s Qh]
Seat 1: LifeisagameX (big blind) folded on the Flop
Seat 5: FabronxRJ (button) (small blind) collected ($11.76)


PokerStars Hand #163175487652:  Hold'em Limit ($3/$6 USD) - 2016/12/19 0:25:05 ET
Table 'Danae' 10-max Seat #1 is the button
Seat 1: LifeisagameX ($89.50 in chips)
Seat 5: FabronxRJ ($113.52 in chips)
LifeisagameX: posts small blind $1
FabronxRJ: posts big blind $3
*** HOLE CARDS ***
LifeisagameX: raises $3 to $6
FabronxRJ: raises $3 to $9
LifeisagameX: calls $3
*** FLOP *** [Ah 3c 9s]
FabronxRJ: checks
LifeisagameX: bets $3
FabronxRJ: calls $3
*** TURN *** [Ah 3c 9s] [Qs]
FabronxRJ: checks
LifeisagameX: bets $6
FabronxRJ: raises $6 to $12
LifeisagameX: raises $6 to $18
FabronxRJ: raises $6 to $24
Betting is capped
LifeisagameX: calls $6
*** RIVER *** [Ah 3c 9s Qs] [6h]
FabronxRJ: bets $6
LifeisagameX: calls $6
*** SHOW DOWN ***
FabronxRJ: shows [Ac Jh] (a pair of Aces)
LifeisagameX: shows [Qc Ad] (two pair, Aces and Queens)
LifeisagameX collected $83.50 from pot
*** SUMMARY ***
Total pot $84 | Rake $0.50
Board [Ah 3c 9s Qs 6h]
Seat 1: LifeisagameX (button) (small blind) showed [Qc Ad] and won ($83.50) with two pair, Aces and Queens
Seat 5: FabronxRJ (big blind) showed [Ac Jh] and lost with a pair of Aces


PokerStars Hand #163175521313:  Hold'em Limit ($3/$6 USD) - 2016/12/19 0:27:18 ET
Table 'Danae' 10-max Seat #5 is the button
Seat 1: LifeisagameX ($124 in chips)
Seat 5: FabronxRJ ($123.79 in chips)
FabronxRJ: posts small blind $1
LifeisagameX: posts big blind $3
*** HOLE CARDS ***
FabronxRJ: folds
Uncalled bet ($2) returned to LifeisagameX
LifeisagameX collected $2 from pot
LifeisagameX: doesn't show hand
*** SUMMARY ***
Total pot $2 | Rake $0
Seat 1: LifeisagameX (big blind) collected ($2)
Seat 5: FabronxRJ (button) (small blind) folded before Flop


PokerStars Hand #163175518427:  Hold'em Limit ($3/$6 USD) - 2016/12/19 0:27:07 ET
Table 'Danae' 10-max Seat #1 is the button
Seat 1: LifeisagameX ($125 in chips)
Seat 5: FabronxRJ ($122.79 in chips)
LifeisagameX: posts small blind $1
FabronxRJ: posts big blind $3
*** HOLE CARDS ***
LifeisagameX: folds
Uncalled bet ($2) returned to FabronxRJ
FabronxRJ collected $2 from pot
FabronxRJ: doesn't show hand
*** SUMMARY ***
Total pot $2 | Rake $0
Seat 1: LifeisagameX (button) (small blind) folded before Flop
Seat 5: FabronxRJ (big blind) collected ($2)


PokerStars Hand #163175522729:  Hold'em Limit ($3/$6 USD) - 2016/12/19 0:27:24 ET
Table 'Danae' 10-max Seat #1 is the button
Seat 1: LifeisagameX ($125 in chips)
Seat 5: FabronxRJ ($122.79 in chips)
LifeisagameX: posts small blind $1
FabronxRJ: posts big blind $3
*** HOLE CARDS ***
LifeisagameX: raises $3 to $6
FabronxRJ: calls $3
*** FLOP *** [Qd Qs Kh]
FabronxRJ: checks
LifeisagameX: bets $3
FabronxRJ: calls $3
*** TURN *** [Qd Qs Kh] [Th]
FabronxRJ: checks
LifeisagameX: bets $6
FabronxRJ: raises $6 to $12
LifeisagameX: calls $6
*** RIVER *** [Qd Qs Kh Th] [6s]
FabronxRJ: bets $6
LifeisagameX: calls $6
*** SHOW DOWN ***
FabronxRJ: shows [Td 3h] (two pair, Queens and Tens)
LifeisagameX: shows [As Qc] (three of a kind, Queens)
LifeisagameX collected $53.50 from pot
*** SUMMARY ***
Total pot $54 | Rake $0.50
Board [Qd Qs Kh Th 6s]
Seat 1: LifeisagameX (button) (small blind) showed [As Qc] and won ($53.50) with three of a kind, Queens
Seat 5: FabronxRJ (big blind) showed [Td 3h] and lost with two pair, Queens and Tens


PokerStars Hand #163175535839:  Hold'em Limit ($3/$6 USD) - 2016/12/19 0:28:16 ET
Table 'Danae' 10-max Seat #5 is the button
Seat 1: LifeisagameX ($151.50 in chips)
Seat 5: FabronxRJ ($95.79 in chips)
FabronxRJ: posts small blind $1
LifeisagameX: posts big blind $3
*** HOLE CARDS ***
FabronxRJ: calls $2
LifeisagameX: checks
*** FLOP *** [7d 9h Kc]
LifeisagameX: checks
FabronxRJ: checks
*** TURN *** [7d 9h Kc] [8d]
LifeisagameX: bets $6
FabronxRJ: calls $6
*** RIVER *** [7d 9h Kc 8d] [Ac]
LifeisagameX: bets $6
FabronxRJ: calls $6
*** SHOW DOWN ***
LifeisagameX: shows [3d Tc] (high card Ace)
FabronxRJ: shows [8s Jd] (a pair of Eights)
FabronxRJ collected $29.50 from pot
*** SUMMARY ***
Total pot $30 | Rake $0.50
Board [7d 9h Kc 8d Ac]
Seat 1: LifeisagameX (big blind) showed [3d Tc] and lost with high card Ace
Seat 5: FabronxRJ (button) (small blind) showed [8s Jd] and won ($29.50) with a pair of Eights


PokerStars Hand #163175557683:  Hold'em Limit ($3/$6 USD) - 2016/12/19 0:29:28 ET
Table 'Danae' 10-max Seat #1 is the button
Seat 1: LifeisagameX ($136.50 in chips)
Seat 5: FabronxRJ ($110.29 in chips)
LifeisagameX: posts small blind $1
FabronxRJ: posts big blind $3
*** HOLE CARDS ***
LifeisagameX: raises $3 to $6
FabronxRJ: calls $3
*** FLOP *** [8d 5h Kd]
FabronxRJ: checks
LifeisagameX: bets $3
FabronxRJ: calls $3
*** TURN *** [8d 5h Kd] [9c]
FabronxRJ: checks
LifeisagameX: checks
*** RIVER *** [8d 5h Kd 9c] [7c]
FabronxRJ: bets $6
LifeisagameX: folds
Uncalled bet ($6) returned to FabronxRJ
FabronxRJ collected $17.64 from pot
*** SUMMARY ***
Total pot $18 | Rake $0.36
Board [8d 5h Kd 9c 7c]
Seat 1: LifeisagameX (button) (small blind) folded on the River
Seat 5: FabronxRJ (big blind) collected ($17.64)


PokerStars Hand #163175590832:  Hold'em Limit ($3/$6 USD) - 2016/12/19 0:31:40 ET
Table 'Danae' 10-max Seat #5 is the button
Seat 1: LifeisagameX ($141 in chips)
Seat 5: FabronxRJ ($104.93 in chips)
FabronxRJ: posts small blind $1
LifeisagameX: posts big blind $3
*** HOLE CARDS ***
FabronxRJ: raises $3 to $6
LifeisagameX: calls $3
*** FLOP *** [Tc Ac As]
LifeisagameX: checks
FabronxRJ: bets $3
LifeisagameX: folds
Uncalled bet ($3) returned to FabronxRJ
FabronxRJ collected $11.76 from pot
FabronxRJ: doesn't show hand
*** SUMMARY ***
Total pot $12 | Rake $0.24
Board [Tc Ac As]
Seat 1: LifeisagameX (big blind) folded on the Flop
Seat 5: FabronxRJ (button) (small blind) collected ($11.76)


PokerStars Hand #163175588151:  Hold'em Limit ($3/$6 USD) - 2016/12/19 0:31:29 ET
Table 'Danae' 10-max Seat #1 is the button
Seat 1: LifeisagameX ($142 in chips)
Seat 5: FabronxRJ ($103.93 in chips)
LifeisagameX: posts small blind $1
FabronxRJ: posts big blind $3
*** HOLE CARDS ***
LifeisagameX: folds
Uncalled bet ($2) returned to FabronxRJ
FabronxRJ collected $2 from pot
*** SUMMARY ***
Total pot $2 | Rake $0
Seat 1: LifeisagameX (button) (small blind) folded before Flop
Seat 5: FabronxRJ (big blind) collected ($2)


PokerStars Hand #163175570489:  Hold'em Limit ($3/$6 USD) - 2016/12/19 0:30:18 ET
Table 'Danae' 10-max Seat #5 is the button
Seat 1: LifeisagameX ($127.50 in chips)
Seat 5: FabronxRJ ($118.93 in chips)
FabronxRJ: posts small blind $1
LifeisagameX: posts big blind $3
*** HOLE CARDS ***
FabronxRJ: calls $2
LifeisagameX: raises $3 to $6
FabronxRJ: calls $3
*** FLOP *** [9h 5h 5d]
LifeisagameX: bets $3
FabronxRJ: raises $3 to $6
LifeisagameX: raises $3 to $9
FabronxRJ: calls $3
*** TURN *** [9h 5h 5d] [6h]
LifeisagameX: bets $6
FabronxRJ: folds
Uncalled bet ($6) returned to LifeisagameX
LifeisagameX collected $29.50 from pot
*** SUMMARY ***
Total pot $30 | Rake $0.50
Board [9h 5h 5d 6h]
Seat 1: LifeisagameX (big blind) collected ($29.50)
Seat 5: FabronxRJ (button) (small blind) folded on the Turn


PokerStars Hand #163175595710:  Hold'em Limit ($3/$6 USD) - 2016/12/19 0:32:00 ET
Table 'Danae' 10-max Seat #1 is the button
Seat 1: LifeisagameX ($135 in chips)
Seat 5: FabronxRJ ($110.69 in chips)
LifeisagameX: posts small blind $1
FabronxRJ: posts big blind $3
*** HOLE CARDS ***
LifeisagameX: raises $3 to $6
FabronxRJ: calls $3
*** FLOP *** [8s Qd 3c]
FabronxRJ: checks
LifeisagameX: bets $3
FabronxRJ: folds
Uncalled bet ($3) returned to LifeisagameX
LifeisagameX collected $11.76 from pot
LifeisagameX: doesn't show hand
*** SUMMARY ***
Total pot $12 | Rake $0.24
Board [8s Qd 3c]
Seat 1: LifeisagameX (button) (small blind) collected ($11.76)
Seat 5: FabronxRJ (big blind) folded on the Flop


PokerStars Hand #163175603535:  Hold'em Limit ($3/$6 USD) - 2016/12/19 0:32:31 ET
Table 'Danae' 10-max Seat #5 is the button
Seat 1: LifeisagameX ($140.76 in chips)
Seat 5: FabronxRJ ($104.69 in chips)
FabronxRJ: posts small blind $1
LifeisagameX: posts big blind $3
*** HOLE CARDS ***
FabronxRJ: calls $2
LifeisagameX: checks
*** FLOP *** [4d 6s 4s]
LifeisagameX: bets $3
FabronxRJ: calls $3
*** TURN *** [4d 6s 4s] [Th]
LifeisagameX: bets $6
FabronxRJ: raises $6 to $12
LifeisagameX: calls $6
*** RIVER *** [4d 6s 4s Th] [2c]
LifeisagameX: checks
FabronxRJ: bets $6
LifeisagameX: raises $6 to $12
FabronxRJ: calls $6
*** SHOW DOWN ***
LifeisagameX: shows [3s 5c] (a straight, Deuce to Six)
FabronxRJ: mucks hand
LifeisagameX collected $59.50 from pot
*** SUMMARY ***
Total pot $60 | Rake $0.50
Board [4d 6s 4s Th 2c]
Seat 1: LifeisagameX (big blind) showed [3s 5c] and won ($59.50) with a straight, Deuce to Six
Seat 5: FabronxRJ (button) (small blind) mucked


PokerStars Hand #163175627103:  Hold'em Limit ($3/$6 USD) - 2016/12/19 0:34:06 ET
Table 'Danae' 10-max Seat #1 is the button
Seat 1: LifeisagameX ($170.26 in chips)
Seat 5: FabronxRJ ($74.69 in chips)
LifeisagameX: posts small blind $1
FabronxRJ: posts big blind $3
*** HOLE CARDS ***
LifeisagameX: raises $3 to $6
FabronxRJ: calls $3
*** FLOP *** [8d 7h 8c]
FabronxRJ: checks
LifeisagameX: bets $3
FabronxRJ: calls $3
*** TURN *** [8d 7h 8c] [9c]
FabronxRJ: checks
LifeisagameX: checks
*** RIVER *** [8d 7h 8c 9c] [Td]
FabronxRJ: bets $6
LifeisagameX: folds
Uncalled bet ($6) returned to FabronxRJ
FabronxRJ collected $17.64 from pot
*** SUMMARY ***
Total pot $18 | Rake $0.36
Board [8d 7h 8c 9c Td]
Seat 1: LifeisagameX (button) (small blind) folded on the River
Seat 5: FabronxRJ (big blind) collected ($17.64)


PokerStars Hand #163175659345:  Hold'em Limit ($3/$6 USD) - 2016/12/19 0:36:16 ET
Table 'Danae' 10-max Seat #1 is the button
Seat 1: LifeisagameX ($137.26 in chips)
Seat 5: FabronxRJ ($106.83 in chips)
LifeisagameX: posts small blind $1
FabronxRJ: posts big blind $3
*** HOLE CARDS ***
LifeisagameX: folds
Uncalled bet ($2) returned to FabronxRJ
FabronxRJ collected $2 from pot
*** SUMMARY ***
Total pot $2 | Rake $0
Seat 1: LifeisagameX (button) (small blind) folded before Flop
Seat 5: FabronxRJ (big blind) collected ($2)


PokerStars Hand #163175639049:  Hold'em Limit ($3/$6 USD) - 2016/12/19 0:34:55 ET
Table 'Danae' 10-max Seat #5 is the button
Seat 1: LifeisagameX ($161.26 in chips)
Seat 5: FabronxRJ ($83.33 in chips)
FabronxRJ: posts small blind $1
LifeisagameX: posts big blind $3
*** HOLE CARDS ***
FabronxRJ: raises $3 to $6
LifeisagameX: calls $3
*** FLOP *** [Ks 5h 2h]
LifeisagameX: checks
FabronxRJ: bets $3
LifeisagameX: raises $3 to $6
FabronxRJ: calls $3
*** TURN *** [Ks 5h 2h] [5d]
LifeisagameX: bets $6
FabronxRJ: raises $6 to $12
LifeisagameX: calls $6
*** RIVER *** [Ks 5h 2h 5d] [8c]
LifeisagameX: checks
FabronxRJ: bets $6
LifeisagameX: folds
Uncalled bet ($6) returned to FabronxRJ
FabronxRJ collected $47.50 from pot
*** SUMMARY ***
Total pot $48 | Rake $0.50
Board [Ks 5h 2h 5d 8c]
Seat 1: LifeisagameX (big blind) folded on the River
Seat 5: FabronxRJ (button) (small blind) collected ($47.50)


PokerStars Hand #163175672557:  Hold'em Limit ($3/$6 USD) - 2016/12/19 0:37:09 ET
Table 'Danae' 10-max Seat #1 is the button
Seat 1: LifeisagameX ($144.90 in chips)
Seat 5: FabronxRJ ($98.83 in chips)
LifeisagameX: posts small blind $1
FabronxRJ: posts big blind $3
*** HOLE CARDS ***
LifeisagameX: raises $3 to $6
FabronxRJ: raises $3 to $9
LifeisagameX: calls $3
*** FLOP *** [Qd 9d Ts]
FabronxRJ: bets $3
LifeisagameX: calls $3
*** TURN *** [Qd 9d Ts] [Th]
FabronxRJ: checks
LifeisagameX: bets $6
FabronxRJ: calls $6
*** RIVER *** [Qd 9d Ts Th] [4d]
FabronxRJ: checks
LifeisagameX: bets $6
FabronxRJ: calls $6
*** SHOW DOWN ***
LifeisagameX: shows [Ks Tc] (three of a kind, Tens)
FabronxRJ: mucks hand
LifeisagameX collected $47.50 from pot
*** SUMMARY ***
Total pot $48 | Rake $0.50
Board [Qd 9d Ts Th 4d]
Seat 1: LifeisagameX (button) (small blind) showed [Ks Tc] and won ($47.50) with three of a kind, Tens
Seat 5: FabronxRJ (big blind) mucked


PokerStars Hand #163175683524:  Hold'em Limit ($3/$6 USD) - 2016/12/19 0:37:53 ET
Table 'Danae' 10-max Seat #5 is the button
Seat 1: LifeisagameX ($168.40 in chips)
Seat 5: FabronxRJ ($74.83 in chips)
FabronxRJ: posts small blind $1
LifeisagameX: posts big blind $3
*** HOLE CARDS ***
FabronxRJ: raises $3 to $6
LifeisagameX: calls $3
*** FLOP *** [Js Qd 6s]
LifeisagameX: checks
FabronxRJ: bets $3
LifeisagameX: raises $3 to $6
FabronxRJ: folds
Uncalled bet ($3) returned to LifeisagameX
LifeisagameX collected $17.64 from pot
LifeisagameX: doesn't show hand
*** SUMMARY ***
Total pot $18 | Rake $0.36
Board [Js Qd 6s]
Seat 1: LifeisagameX (big blind) collected ($17.64)
Seat 5: FabronxRJ (button) (small blind) folded on the Flop


PokerStars Hand #163175689266:  Hold'em Limit ($3/$6 USD) - 2016/12/19 0:38:16 ET
Table 'Danae' 10-max Seat #1 is the button
Seat 1: LifeisagameX ($177.04 in chips)
Seat 5: FabronxRJ ($65.83 in chips)
LifeisagameX: posts small blind $1
FabronxRJ: posts big blind $3
*** HOLE CARDS ***
LifeisagameX: raises $3 to $6
FabronxRJ: calls $3
*** FLOP *** [9h Jc Kc]
FabronxRJ: checks
LifeisagameX: bets $3
FabronxRJ: calls $3
*** TURN *** [9h Jc Kc] [2s]
FabronxRJ: checks
LifeisagameX: bets $6
FabronxRJ: raises $6 to $12
LifeisagameX: raises $6 to $18
FabronxRJ: calls $6
*** RIVER *** [9h Jc Kc 2s] [Jd]
FabronxRJ: checks
LifeisagameX: bets $6
FabronxRJ: calls $6
*** SHOW DOWN ***
LifeisagameX: shows [Kd Jh] (a full house, Jacks full of Kings)
FabronxRJ: mucks hand
LifeisagameX collected $65.50 from pot
*** SUMMARY ***
Total pot $66 | Rake $0.50
Board [9h Jc Kc 2s Jd]
Seat 1: LifeisagameX (button) (small blind) showed [Kd Jh] and won ($65.50) with a full house, Jacks full of Kings
Seat 5: FabronxRJ (big blind) mucked


