PokerStars Hand #172222182519:  Hold'em Limit ($3/$6 USD) - 2017/06/25 11:40:13 ET
Table 'Danae' 6-max Seat #2 is the button
Seat 1: Yarra56 ($200.71 in chips)
Seat 2: MATEKATA2 ($301.62 in chips)
MATEKATA2: posts small blind $1
Yarra56: posts big blind $3
*** HOLE CARDS ***
MATEKATA2: calls $2
Yarra56: checks
*** FLOP *** [6c 9s As]
Yarra56: checks
MATEKATA2: bets $3
Yarra56: folds
Uncalled bet ($3) returned to MATEKATA2
MATEKATA2 collected $5.88 from pot
MATEKATA2: doesn't show hand
*** SUMMARY ***
Total pot $6 | Rake $0.12
Board [6c 9s As]
Seat 1: Yarra56 (big blind) folded on the Flop
Seat 2: MATEKATA2 (button) (small blind) collected ($5.88)


PokerStars Hand #172222174051:  Hold'em Limit ($3/$6 USD) - 2017/06/25 11:40:00 ET
Table 'Danae' 6-max Seat #1 is the button
Seat 1: Yarra56 ($197.83 in chips)
Seat 2: MATEKATA2 ($304.62 in chips)
Yarra56: posts small blind $1
MATEKATA2: posts big blind $3
*** HOLE CARDS ***
Yarra56: calls $2
MATEKATA2: checks
*** FLOP *** [2h Qc 6c]
MATEKATA2: checks
Yarra56: bets $3
MATEKATA2: folds
Uncalled bet ($3) returned to Yarra56
Yarra56 collected $5.88 from pot
Yarra56: doesn't show hand
*** SUMMARY ***
Total pot $6 | Rake $0.12
Board [2h Qc 6c]
Seat 1: Yarra56 (button) (small blind) collected ($5.88)
Seat 2: MATEKATA2 (big blind) folded on the Flop


