PokerStars Hand #146313203741:  Hold'em Limit ($3/$6 USD) - 2016/01/02 3:27:25 ET
Table 'Danae' 6-max Seat #1 is the button
Seat 1: VolkovDmitri ($120 in chips)
Seat 3: cheeestar198 ($30 in chips)
VolkovDmitri: posts small blind $1
cheeestar198: posts big blind $3
*** HOLE CARDS ***
VolkovDmitri: raises $3 to $6
cheeestar198: calls $3
*** FLOP *** [As Kh 9d]
cheeestar198: checks
VolkovDmitri: bets $3
cheeestar198: calls $3
*** TURN *** [As Kh 9d] [Ac]
cheeestar198: checks
VolkovDmitri: checks
*** RIVER *** [As Kh 9d Ac] [Jd]
cheeestar198: bets $6
VolkovDmitri: folds
Uncalled bet ($6) returned to cheeestar198
cheeestar198 collected $17.64 from pot
cheeestar198: doesn't show hand
*** SUMMARY ***
Total pot $18 | Rake $0.36
Board [As Kh 9d Ac Jd]
Seat 1: VolkovDmitri (button) (small blind) folded on the River
Seat 3: cheeestar198 (big blind) collected ($17.64)


PokerStars Hand #146313222296:  Hold'em Limit ($3/$6 USD) - 2016/01/02 3:28:17 ET
Table 'Danae' 6-max Seat #1 is the button
Seat 1: VolkovDmitri ($120 in chips)
Seat 3: cheeestar198 ($44.40 in chips)
VolkovDmitri: posts small blind $1
cheeestar198: posts big blind $3
*** HOLE CARDS ***
VolkovDmitri: raises $3 to $6
cheeestar198: calls $3
*** FLOP *** [4s Jc 9h]
cheeestar198: checks
VolkovDmitri: bets $3
cheeestar198: folds
Uncalled bet ($3) returned to VolkovDmitri
VolkovDmitri collected $11.76 from pot
VolkovDmitri: doesn't show hand
*** SUMMARY ***
Total pot $12 | Rake $0.24
Board [4s Jc 9h]
Seat 1: VolkovDmitri (button) (small blind) collected ($11.76)
Seat 3: cheeestar198 (big blind) folded on the Flop


PokerStars Hand #146313234030:  Hold'em Limit ($3/$6 USD) - 2016/01/02 3:28:50 ET
Table 'Danae' 6-max Seat #1 is the button
Seat 1: VolkovDmitri ($134.40 in chips)
Seat 3: cheeestar198 ($29.40 in chips)
VolkovDmitri: posts small blind $1
cheeestar198: posts big blind $3
*** HOLE CARDS ***
VolkovDmitri: raises $3 to $6
cheeestar198: calls $3
*** FLOP *** [3d Qd 7c]
cheeestar198: bets $3
VolkovDmitri: calls $3
*** TURN *** [3d Qd 7c] [Qc]
cheeestar198: bets $6
VolkovDmitri: raises $6 to $12
cheeestar198: calls $6
*** RIVER *** [3d Qd 7c Qc] [5s]
cheeestar198: bets $6
VolkovDmitri: raises $6 to $12
cheeestar198: calls $2.40 and is all-in
Uncalled bet ($3.60) returned to VolkovDmitri
*** SHOW DOWN ***
VolkovDmitri: shows [8c 8s] (two pair, Queens and Eights)
cheeestar198: shows [7h Kd] (two pair, Queens and Sevens)
VolkovDmitri collected $58.30 from pot
*** SUMMARY ***
Total pot $58.80 | Rake $0.50
Board [3d Qd 7c Qc 5s]
Seat 1: VolkovDmitri (button) (small blind) showed [8c 8s] and won ($58.30) with two pair, Queens and Eights
Seat 3: cheeestar198 (big blind) showed [7h Kd] and lost with two pair, Queens and Sevens


PokerStars Hand #146313227165:  Hold'em Limit ($3/$6 USD) - 2016/01/02 3:28:31 ET
Table 'Danae' 6-max Seat #3 is the button
Seat 1: VolkovDmitri ($125.76 in chips)
Seat 3: cheeestar198 ($38.40 in chips)
cheeestar198: posts small blind $1
VolkovDmitri: posts big blind $3
*** HOLE CARDS ***
cheeestar198: calls $2
VolkovDmitri: raises $3 to $6
cheeestar198: calls $3
*** FLOP *** [2h Qs Kc]
VolkovDmitri: bets $3
cheeestar198: calls $3
*** TURN *** [2h Qs Kc] [3d]
VolkovDmitri: bets $6
cheeestar198: folds
Uncalled bet ($6) returned to VolkovDmitri
VolkovDmitri collected $17.64 from pot
VolkovDmitri: doesn't show hand
*** SUMMARY ***
Total pot $18 | Rake $0.36
Board [2h Qs Kc 3d]
Seat 1: VolkovDmitri (big blind) collected ($17.64)
Seat 3: cheeestar198 (button) (small blind) folded on the Turn


