PokerStars Hand #165613848517:  Hold'em Limit ($3/$6 USD) - 2017/02/03 10:58:55 ET
Table 'Dangreen II' 6-max Seat #3 is the button
Seat 3: SANKO2009 ($116 in chips)
Seat 4: Agrotait ($76 in chips)
SANKO2009: posts small blind $1
Agrotait: posts big blind $3
*** HOLE CARDS ***
vestimokrec joins the table at seat #5
SANKO2009: raises $3 to $6
Agrotait: calls $3
*** FLOP *** [As Jh Ad]
Agrotait: checks
SANKO2009: bets $3
Great_Kang joins the table at seat #6
Agrotait: raises $3 to $6
SANKO2009: raises $3 to $9
Agrotait: folds
Uncalled bet ($3) returned to SANKO2009
SANKO2009 collected $23.52 from pot
SANKO2009: doesn't show hand
*** SUMMARY ***
Total pot $24 | Rake $0.48
Board [As Jh Ad]
Seat 3: SANKO2009 (button) (small blind) collected ($23.52)
Seat 4: Agrotait (big blind) folded on the Flop


PokerStars Hand #165613843538:  Hold'em Limit ($3/$6 USD) - 2017/02/03 10:58:48 ET
Table 'Dangreen II' 6-max Seat #4 is the button
Seat 3: SANKO2009 ($119 in chips)
Seat 4: Agrotait ($73 in chips)
Agrotait: posts small blind $1
SANKO2009: posts big blind $3
*** HOLE CARDS ***
Agrotait: raises $3 to $6
SANKO2009: folds
Uncalled bet ($3) returned to Agrotait
Agrotait collected $6 from pot
Agrotait: doesn't show hand
*** SUMMARY ***
Total pot $6 | Rake $0
Seat 3: SANKO2009 (big blind) folded before Flop
Seat 4: Agrotait (button) (small blind) collected ($6)


PokerStars Hand #165613835323:  Hold'em Limit ($3/$6 USD) - 2017/02/03 10:58:36 ET
Table 'Dangreen II' 6-max Seat #3 is the button
Seat 3: SANKO2009 ($120 in chips)
Seat 4: Agrotait ($72 in chips)
SANKO2009: posts small blind $1
Agrotait: posts big blind $3
*** HOLE CARDS ***
SANKO2009: folds
Uncalled bet ($2) returned to Agrotait
Agrotait collected $2 from pot
Agrotait: doesn't show hand
*** SUMMARY ***
Total pot $2 | Rake $0
Seat 3: SANKO2009 (button) (small blind) folded before Flop
Seat 4: Agrotait (big blind) collected ($2)


PokerStars Hand #165615653552:  Hold'em Limit ($3/$6 USD) - 2017/02/03 11:37:26 ET
Table 'Dangreen II' 6-max Seat #6 is the button
Seat 2: krytalex ($89.53 in chips)
Seat 6: Great_Kang ($343.17 in chips)
Great_Kang: posts small blind $1
krytalex: posts big blind $3
*** HOLE CARDS ***
Great_Kang: raises $3 to $6
krytalex: raises $3 to $9
Great_Kang: calls $3
*** FLOP *** [7c Ad Jc]
krytalex: bets $3
Great_Kang: calls $3
*** TURN *** [7c Ad Jc] [9s]
krytalex: bets $6
Great_Kang: calls $6
*** RIVER *** [7c Ad Jc 9s] [2s]
krytalex: checks
Great_Kang: checks
*** SHOW DOWN ***
krytalex: shows [9d Kd] (a pair of Nines)
Great_Kang: mucks hand
krytalex collected $35.50 from pot
*** SUMMARY ***
Total pot $36 | Rake $0.50
Board [7c Ad Jc 9s 2s]
Seat 2: krytalex (big blind) showed [9d Kd] and won ($35.50) with a pair of Nines
Seat 6: Great_Kang (button) (small blind) mucked


PokerStars Hand #165615644334:  Hold'em Limit ($3/$6 USD) - 2017/02/03 11:37:15 ET
Table 'Dangreen II' 6-max Seat #2 is the button
Seat 2: krytalex ($86.53 in chips)
Seat 6: Great_Kang ($346.17 in chips)
krytalex: posts small blind $1
HAL9QQQ was removed from the table for failing to post
vestimokrec: is sitting out
Great_Kang: posts big blind $3
*** HOLE CARDS ***
krytalex: raises $3 to $6
vestimokrec leaves the table
Great_Kang: folds
Uncalled bet ($3) returned to krytalex
krytalex collected $6 from pot
*** SUMMARY ***
Total pot $6 | Rake $0
Seat 2: krytalex (button) (small blind) collected ($6)
Seat 6: Great_Kang (big blind) folded before Flop


PokerStars Hand #165615679249:  Hold'em Limit ($3/$6 USD) - 2017/02/03 11:37:58 ET
Table 'Dangreen II' 6-max Seat #2 is the button
Seat 2: krytalex ($107.03 in chips)
Seat 6: Great_Kang ($325.17 in chips)
krytalex: posts small blind $1
Great_Kang: posts big blind $3
*** HOLE CARDS ***
krytalex: raises $3 to $6
Great_Kang: calls $3
*** FLOP *** [Jh Jd 5s]
Great_Kang: checks
krytalex: bets $3
Great_Kang: folds
Uncalled bet ($3) returned to krytalex
krytalex collected $11.76 from pot
*** SUMMARY ***
Total pot $12 | Rake $0.24
Board [Jh Jd 5s]
Seat 2: krytalex (button) (small blind) collected ($11.76)
Seat 6: Great_Kang (big blind) folded on the Flop


