PokerStars Hand #144829109400:  Hold'em Limit ($3/$6 USD) - 2015/12/04 17:13:15 ET
Table 'Dangreen' 6-max Seat #1 is the button
Seat 1: SashaYuvelir ($72 in chips)
Seat 6: fluit83 ($54 in chips)
SashaYuvelir: posts small blind $1
ChrisTuff: is sitting out
fluit83: posts big blind $3
*** HOLE CARDS ***
SashaYuvelir: raises $3 to $6
fluit83: folds
Uncalled bet ($3) returned to SashaYuvelir
SashaYuvelir collected $6 from pot
SashaYuvelir: doesn't show hand
*** SUMMARY ***
Total pot $6 | Rake $0
Seat 1: SashaYuvelir (button) (small blind) collected ($6)
Seat 6: fluit83 (big blind) folded before Flop


PokerStars Hand #144829116288:  Hold'em Limit ($3/$6 USD) - 2015/12/04 17:13:22 ET
Table 'Dangreen' 6-max Seat #6 is the button
Seat 1: SashaYuvelir ($75 in chips)
Seat 6: fluit83 ($51 in chips)
fluit83: posts small blind $1
SashaYuvelir: posts big blind $3
*** HOLE CARDS ***
fluit83: folds
Uncalled bet ($2) returned to SashaYuvelir
ChrisTuff leaves the table
SashaYuvelir collected $2 from pot
*** SUMMARY ***
Total pot $2 | Rake $0
Seat 1: SashaYuvelir (big blind) collected ($2)
Seat 6: fluit83 (button) (small blind) folded before Flop


