PokerStars Hand #164601901419:  Hold'em Limit ($3/$6 USD) - 2017/01/15 4:30:12 ET
Table 'Danjon' 6-max Seat #3 is the button
Seat 3: D Negranz ($32 in chips)
Seat 4: Agrotait ($72 in chips)
D Negranz: posts small blind $1
GoliafUa joins the table at seat #5
Agrotait: posts big blind $3
*** HOLE CARDS ***
D Negranz: raises $3 to $6
Agrotait: folds
Uncalled bet ($3) returned to D Negranz
D Negranz collected $6 from pot
D Negranz: doesn't show hand
*** SUMMARY ***
Total pot $6 | Rake $0
Seat 3: D Negranz (button) (small blind) collected ($6)
Seat 4: Agrotait (big blind) folded before Flop


PokerStars Hand #164601936405:  Hold'em Limit ($3/$6 USD) - 2017/01/15 4:31:38 ET
Table 'Danjon' 6-max Seat #3 is the button
Seat 3: D Negranz ($20 in chips)
Seat 4: Agrotait ($83.50 in chips)
D Negranz: posts small blind $1
Agrotait: posts big blind $3
*** HOLE CARDS ***
D Negranz: raises $3 to $6
Agrotait: folds
Uncalled bet ($3) returned to D Negranz
D Negranz collected $6 from pot
D Negranz: doesn't show hand
*** SUMMARY ***
Total pot $6 | Rake $0
Seat 3: D Negranz (button) (small blind) collected ($6)
Seat 4: Agrotait (big blind) folded before Flop


PokerStars Hand #164601939282:  Hold'em Limit ($3/$6 USD) - 2017/01/15 4:31:45 ET
Table 'Danjon' 6-max Seat #4 is the button
Seat 3: D Negranz ($23 in chips)
Seat 4: Agrotait ($80.50 in chips)
Agrotait: posts small blind $1
D Negranz: posts big blind $3
*** HOLE CARDS ***
Agrotait: raises $3 to $6
D Negranz: calls $3
*** FLOP *** [6s 8c 3h]
D Negranz: checks
Agrotait: bets $3
D Negranz: calls $3
*** TURN *** [6s 8c 3h] [Ad]
D Negranz: checks
Agrotait: bets $6
D Negranz: raises $6 to $12
Agrotait: calls $6
*** RIVER *** [6s 8c 3h Ad] [4h]
D Negranz: bets $2 and is all-in
Agrotait: calls $2
*** SHOW DOWN ***
D Negranz: shows [Ah 5d] (a pair of Aces)
Agrotait: shows [9h 6d] (a pair of Sixes)
D Negranz collected $45.50 from pot
*** SUMMARY ***
Total pot $46 | Rake $0.50
Board [6s 8c 3h Ad 4h]
Seat 3: D Negranz (big blind) showed [Ah 5d] and won ($45.50) with a pair of Aces
Seat 4: Agrotait (button) (small blind) showed [9h 6d] and lost with a pair of Sixes


PokerStars Hand #164601974928:  Hold'em Limit ($3/$6 USD) - 2017/01/15 4:33:13 ET
Table 'Danjon' 6-max Seat #3 is the button
Seat 3: D Negranz ($53.96 in chips)
Seat 4: Agrotait ($62.82 in chips)
D Negranz: posts small blind $1
Agrotait: posts big blind $3
*** HOLE CARDS ***
D Negranz: raises $3 to $6
Agrotait: folds
Uncalled bet ($3) returned to D Negranz
D Negranz collected $6 from pot
D Negranz: doesn't show hand
*** SUMMARY ***
Total pot $6 | Rake $0
Seat 3: D Negranz (button) (small blind) collected ($6)
Seat 4: Agrotait (big blind) folded before Flop


PokerStars Hand #164601956418:  Hold'em Limit ($3/$6 USD) - 2017/01/15 4:32:27 ET
Table 'Danjon' 6-max Seat #4 is the button
Seat 3: D Negranz ($45.32 in chips)
Seat 4: Agrotait ($71.82 in chips)
Agrotait: posts small blind $1
D Negranz: posts big blind $3
*** HOLE CARDS ***
Agrotait: raises $3 to $6
D Negranz: calls $3
*** FLOP *** [Qh 6d Jd]
D Negranz: checks
Agrotait: bets $3
D Negranz: calls $3
*** TURN *** [Qh 6d Jd] [Jc]
D Negranz: checks
Agrotait: checks
*** RIVER *** [Qh 6d Jd Jc] [Th]
D Negranz: checks
Agrotait: checks
*** SHOW DOWN ***
D Negranz: shows [6c Ac] (two pair, Jacks and Sixes)
Agrotait: mucks hand
D Negranz collected $17.64 from pot
*** SUMMARY ***
Total pot $18 | Rake $0.36
Board [Qh 6d Jd Jc Th]
Seat 3: D Negranz (big blind) showed [6c Ac] and won ($17.64) with two pair, Jacks and Sixes
Seat 4: Agrotait (button) (small blind) mucked


PokerStars Hand #164601948034:  Hold'em Limit ($3/$6 USD) - 2017/01/15 4:32:06 ET
Table 'Danjon' 6-max Seat #3 is the button
Seat 3: D Negranz ($45.50 in chips)
Seat 4: Agrotait ($72 in chips)
D Negranz: posts small blind $1
Agrotait: posts big blind $3
*** HOLE CARDS ***
D Negranz: raises $3 to $6
Agrotait: calls $3
*** FLOP *** [Ac Qh Tc]
Agrotait: checks
D Negranz: bets $3
Agrotait: calls $3
*** TURN *** [Ac Qh Tc] [Kd]
Agrotait: checks
D Negranz: checks
*** RIVER *** [Ac Qh Tc Kd] [Jd]
Agrotait: checks
D Negranz: checks
*** SHOW DOWN ***
Agrotait: shows [Ts 9h] (a straight, Ten to Ace)
D Negranz: shows [Ad 8h] (a straight, Ten to Ace)
Agrotait collected $8.82 from pot
D Negranz collected $8.82 from pot
*** SUMMARY ***
Total pot $18 | Rake $0.36
Board [Ac Qh Tc Kd Jd]
Seat 3: D Negranz (button) (small blind) showed [Ad 8h] and won ($8.82) with a straight, Ten to Ace
Seat 4: Agrotait (big blind) showed [Ts 9h] and won ($8.82) with a straight, Ten to Ace


PokerStars Hand #164602046082:  Hold'em Limit ($3/$6 USD) - 2017/01/15 4:36:04 ET
Table 'Danjon' 6-max Seat #4 is the button
Seat 3: D Negranz ($77.44 in chips)
Seat 4: Agrotait ($74.64 in chips)
Agrotait: posts small blind $1
D Negranz: posts big blind $3
*** HOLE CARDS ***
Agrotait: raises $3 to $6
D Negranz: folds
Uncalled bet ($3) returned to Agrotait
Agrotait collected $6 from pot
Agrotait: doesn't show hand
*** SUMMARY ***
Total pot $6 | Rake $0
Seat 3: D Negranz (big blind) folded before Flop
Seat 4: Agrotait (button) (small blind) collected ($6)


PokerStars Hand #164602044355:  Hold'em Limit ($3/$6 USD) - 2017/01/15 4:36:00 ET
Table 'Danjon' 6-max Seat #3 is the button
Seat 3: D Negranz ($78.44 in chips)
Seat 4: Agrotait ($73.64 in chips)
D Negranz: posts small blind $1
Agrotait: posts big blind $3
*** HOLE CARDS ***
D Negranz: folds
Uncalled bet ($2) returned to Agrotait
Agrotait collected $2 from pot
Agrotait: doesn't show hand
*** SUMMARY ***
Total pot $2 | Rake $0
Seat 3: D Negranz (button) (small blind) folded before Flop
Seat 4: Agrotait (big blind) collected ($2)


PokerStars Hand #164602051565:  Hold'em Limit ($3/$6 USD) - 2017/01/15 4:36:17 ET
Table 'Danjon' 6-max Seat #3 is the button
Seat 3: D Negranz ($74.44 in chips)
Seat 4: Agrotait ($77.64 in chips)
D Negranz: posts small blind $1
Agrotait: posts big blind $3
*** HOLE CARDS ***
D Negranz: raises $3 to $6
Agrotait: calls $3
*** FLOP *** [9s Ts 3s]
Agrotait: checks
D Negranz: bets $3
Agrotait: folds
Uncalled bet ($3) returned to D Negranz
D Negranz collected $11.76 from pot
D Negranz: doesn't show hand
*** SUMMARY ***
Total pot $12 | Rake $0.24
Board [9s Ts 3s]
Seat 3: D Negranz (button) (small blind) collected ($11.76)
Seat 4: Agrotait (big blind) folded on the Flop


PokerStars Hand #164602067720:  Hold'em Limit ($3/$6 USD) - 2017/01/15 4:36:56 ET
Table 'Danjon' 6-max Seat #4 is the button
Seat 3: D Negranz ($80.20 in chips)
Seat 4: Agrotait ($71.64 in chips)
Agrotait: posts small blind $1
D Negranz: posts big blind $3
*** HOLE CARDS ***
Agrotait: folds
Uncalled bet ($2) returned to D Negranz
D Negranz collected $2 from pot
D Negranz: doesn't show hand
*** SUMMARY ***
Total pot $2 | Rake $0
Seat 3: D Negranz (big blind) collected ($2)
Seat 4: Agrotait (button) (small blind) folded before Flop


PokerStars Hand #164602071151:  Hold'em Limit ($3/$6 USD) - 2017/01/15 4:37:04 ET
Table 'Danjon' 6-max Seat #3 is the button
Seat 3: D Negranz ($81.20 in chips)
Seat 4: Agrotait ($70.64 in chips)
D Negranz: posts small blind $1
Agrotait: posts big blind $3
*** HOLE CARDS ***
D Negranz: raises $3 to $6
Agrotait: folds
Uncalled bet ($3) returned to D Negranz
D Negranz collected $6 from pot
D Negranz: doesn't show hand
*** SUMMARY ***
Total pot $6 | Rake $0
Seat 3: D Negranz (button) (small blind) collected ($6)
Seat 4: Agrotait (big blind) folded before Flop


PokerStars Hand #164602075354:  Hold'em Limit ($3/$6 USD) - 2017/01/15 4:37:14 ET
Table 'Danjon' 6-max Seat #4 is the button
Seat 3: D Negranz ($84.20 in chips)
Seat 4: Agrotait ($67.64 in chips)
Agrotait: posts small blind $1
D Negranz: posts big blind $3
*** HOLE CARDS ***
Agrotait: folds
Uncalled bet ($2) returned to D Negranz
D Negranz collected $2 from pot
D Negranz: doesn't show hand
*** SUMMARY ***
Total pot $2 | Rake $0
Seat 3: D Negranz (big blind) collected ($2)
Seat 4: Agrotait (button) (small blind) folded before Flop


