PokerStars Hand #159154970102:  Hold'em Limit ($3/$6 USD) - 2016/09/27 7:14:21 ET
Table 'Danjon' 6-max Seat #2 is the button
Seat 1: SilaSoNi ($156.53 in chips)
Seat 2: Krazy90 ($123.53 in chips)
Krazy90: posts small blind $1
Sollylol: is sitting out
SilaSoNi: posts big blind $3
*** HOLE CARDS ***
Krazy90: raises $3 to $6
SilaSoNi: calls $3
*** FLOP *** [6d Ad 9d]
SilaSoNi: checks
Sollylol leaves the table
Krazy90: bets $3
SilaSoNi: calls $3
*** TURN *** [6d Ad 9d] [5h]
SilaSoNi: checks
Krazy90: checks
*** RIVER *** [6d Ad 9d 5h] [Td]
SilaSoNi: checks
Krazy90: checks
*** SHOW DOWN ***
SilaSoNi: shows [8d Js] (a flush, Ace high)
Krazy90: mucks hand
SilaSoNi collected $17.64 from pot
*** SUMMARY ***
Total pot $18 | Rake $0.36
Board [6d Ad 9d 5h Td]
Seat 1: SilaSoNi (big blind) showed [8d Js] and won ($17.64) with a flush, Ace high
Seat 2: Krazy90 (button) (small blind) mucked


PokerStars Hand #159154979640:  Hold'em Limit ($3/$6 USD) - 2016/09/27 7:14:44 ET
Table 'Danjon' 6-max Seat #1 is the button
Seat 1: SilaSoNi ($165.17 in chips)
Seat 2: Krazy90 ($120 in chips)
SilaSoNi: posts small blind $1
Krazy90: posts big blind $3
*** HOLE CARDS ***
SilaSoNi: raises $3 to $6
Krazy90: calls $3
*** FLOP *** [As Ks 4h]
Krazy90: checks
SilaSoNi: bets $3
Krazy90: folds
Uncalled bet ($3) returned to SilaSoNi
SilaSoNi collected $11.76 from pot
SilaSoNi: doesn't show hand
*** SUMMARY ***
Total pot $12 | Rake $0.24
Board [As Ks 4h]
Seat 1: SilaSoNi (button) (small blind) collected ($11.76)
Seat 2: Krazy90 (big blind) folded on the Flop


PokerStars Hand #159155000005:  Hold'em Limit ($3/$6 USD) - 2016/09/27 7:15:32 ET
Table 'Danjon' 6-max Seat #1 is the button
Seat 1: SilaSoNi ($149.93 in chips)
Seat 2: Krazy90 ($140.50 in chips)
SilaSoNi: posts small blind $1
Krazy90: posts big blind $3
*** HOLE CARDS ***
SilaSoNi: raises $3 to $6
Krazy90: calls $3
*** FLOP *** [Ah 8d As]
Krazy90: checks
SilaSoNi: bets $3
Krazy90: folds
Uncalled bet ($3) returned to SilaSoNi
SilaSoNi collected $11.76 from pot
SilaSoNi: doesn't show hand
*** SUMMARY ***
Total pot $12 | Rake $0.24
Board [Ah 8d As]
Seat 1: SilaSoNi (button) (small blind) collected ($11.76)
Seat 2: Krazy90 (big blind) folded on the Flop


PokerStars Hand #159155012098:  Hold'em Limit ($3/$6 USD) - 2016/09/27 7:16:01 ET
Table 'Danjon' 6-max Seat #2 is the button
Seat 1: SilaSoNi ($155.69 in chips)
Seat 2: Krazy90 ($134.50 in chips)
Krazy90: posts small blind $1
SilaSoNi: posts big blind $3
*** HOLE CARDS ***
Krazy90: raises $3 to $6
SilaSoNi: calls $3
*** FLOP *** [9s Jd 9c]
SilaSoNi: checks
Krazy90: bets $3
SilaSoNi: raises $3 to $6
Krazy90: folds
Uncalled bet ($3) returned to SilaSoNi
SilaSoNi collected $17.64 from pot
SilaSoNi: doesn't show hand
*** SUMMARY ***
Total pot $18 | Rake $0.36
Board [9s Jd 9c]
Seat 1: SilaSoNi (big blind) collected ($17.64)
Seat 2: Krazy90 (button) (small blind) folded on the Flop


PokerStars Hand #159155021689:  Hold'em Limit ($3/$6 USD) - 2016/09/27 7:16:24 ET
Table 'Danjon' 6-max Seat #1 is the button
Seat 1: SilaSoNi ($164.33 in chips)
Seat 2: Krazy90 ($125.50 in chips)
SilaSoNi: posts small blind $1
Krazy90: posts big blind $3
*** HOLE CARDS ***
SilaSoNi: folds
Uncalled bet ($2) returned to Krazy90
Krazy90 collected $2 from pot
Krazy90: doesn't show hand
*** SUMMARY ***
Total pot $2 | Rake $0
Seat 1: SilaSoNi (button) (small blind) folded before Flop
Seat 2: Krazy90 (big blind) collected ($2)


PokerStars Hand #159155036591:  Hold'em Limit ($3/$6 USD) - 2016/09/27 7:17:00 ET
Table 'Danjon' 6-max Seat #1 is the button
Seat 1: SilaSoNi ($148.33 in chips)
Seat 2: Krazy90 ($141 in chips)
SilaSoNi: posts small blind $1
Krazy90: posts big blind $3
*** HOLE CARDS ***
SilaSoNi: folds
Uncalled bet ($2) returned to Krazy90
Krazy90 collected $2 from pot
Krazy90: doesn't show hand
*** SUMMARY ***
Total pot $2 | Rake $0
Seat 1: SilaSoNi (button) (small blind) folded before Flop
Seat 2: Krazy90 (big blind) collected ($2)


PokerStars Hand #159155024821:  Hold'em Limit ($3/$6 USD) - 2016/09/27 7:16:32 ET
Table 'Danjon' 6-max Seat #2 is the button
Seat 1: SilaSoNi ($163.33 in chips)
Seat 2: Krazy90 ($126.50 in chips)
Krazy90: posts small blind $1
SilaSoNi: posts big blind $3
*** HOLE CARDS ***
Krazy90: raises $3 to $6
SilaSoNi: raises $3 to $9
Krazy90: raises $3 to $12
Betting is capped
SilaSoNi: calls $3
*** FLOP *** [3d Jd 6s]
SilaSoNi: bets $3
Krazy90: calls $3
*** TURN *** [3d Jd 6s] [Td]
SilaSoNi: checks
Krazy90: checks
*** RIVER *** [3d Jd 6s Td] [Tc]
SilaSoNi: checks
Krazy90: checks
*** SHOW DOWN ***
SilaSoNi: shows [2c Ac] (a pair of Tens)
Krazy90: shows [Qs Ah] (a pair of Tens - Ace+Queen kicker)
Krazy90 collected $29.50 from pot
*** SUMMARY ***
Total pot $30 | Rake $0.50
Board [3d Jd 6s Td Tc]
Seat 1: SilaSoNi (big blind) showed [2c Ac] and lost with a pair of Tens
Seat 2: Krazy90 (button) (small blind) showed [Qs Ah] and won ($29.50) with a pair of Tens


PokerStars Hand #159155054318:  Hold'em Limit ($3/$6 USD) - 2016/09/27 7:17:42 ET
Table 'Danjon' 6-max Seat #1 is the button
Seat 1: SilaSoNi ($123.33 in chips)
Seat 2: Krazy90 ($165.50 in chips)
SilaSoNi: posts small blind $1
Krazy90: posts big blind $3
*** HOLE CARDS ***
SilaSoNi: raises $3 to $6
Krazy90: calls $3
*** FLOP *** [8h Ks 5s]
Krazy90: checks
SilaSoNi: bets $3
Krazy90: folds
Uncalled bet ($3) returned to SilaSoNi
SilaSoNi collected $11.76 from pot
SilaSoNi: doesn't show hand
*** SUMMARY ***
Total pot $12 | Rake $0.24
Board [8h Ks 5s]
Seat 1: SilaSoNi (button) (small blind) collected ($11.76)
Seat 2: Krazy90 (big blind) folded on the Flop


PokerStars Hand #159155071447:  Hold'em Limit ($3/$6 USD) - 2016/09/27 7:18:23 ET
Table 'Danjon' 6-max Seat #2 is the button
Seat 1: SilaSoNi ($151.59 in chips)
Seat 2: Krazy90 ($136.50 in chips)
Krazy90: posts small blind $1
SilaSoNi: posts big blind $3
*** HOLE CARDS ***
Krazy90: raises $3 to $6
SilaSoNi: folds
Uncalled bet ($3) returned to Krazy90
Krazy90 collected $6 from pot
Krazy90: doesn't show hand
*** SUMMARY ***
Total pot $6 | Rake $0
Seat 1: SilaSoNi (big blind) folded before Flop
Seat 2: Krazy90 (button) (small blind) collected ($6)


PokerStars Hand #159155038755:  Hold'em Limit ($3/$6 USD) - 2016/09/27 7:17:05 ET
Table 'Danjon' 6-max Seat #2 is the button
Seat 1: SilaSoNi ($147.33 in chips)
Seat 2: Krazy90 ($142 in chips)
Krazy90: posts small blind $1
SilaSoNi: posts big blind $3
*** HOLE CARDS ***
Krazy90: raises $3 to $6
SilaSoNi: raises $3 to $9
Krazy90: calls $3
*** FLOP *** [Kd 3s 2h]
SilaSoNi: bets $3
Krazy90: calls $3
*** TURN *** [Kd 3s 2h] [Jd]
SilaSoNi: checks
Krazy90: bets $6
SilaSoNi: calls $6
*** RIVER *** [Kd 3s 2h Jd] [Qc]
SilaSoNi: checks
Krazy90: bets $6
SilaSoNi: calls $6
*** SHOW DOWN ***
Krazy90: shows [Ks Ac] (a pair of Kings)
SilaSoNi: mucks hand
Krazy90 collected $47.50 from pot
*** SUMMARY ***
Total pot $48 | Rake $0.50
Board [Kd 3s 2h Jd Qc]
Seat 1: SilaSoNi (big blind) mucked
Seat 2: Krazy90 (button) (small blind) showed [Ks Ac] and won ($47.50) with a pair of Kings


PokerStars Hand #159155068926:  Hold'em Limit ($3/$6 USD) - 2016/09/27 7:18:17 ET
Table 'Danjon' 6-max Seat #1 is the button
Seat 1: SilaSoNi ($152.59 in chips)
Seat 2: Krazy90 ($135.50 in chips)
SilaSoNi: posts small blind $1
Krazy90: posts big blind $3
*** HOLE CARDS ***
SilaSoNi: folds
Uncalled bet ($2) returned to Krazy90
Krazy90 collected $2 from pot
Krazy90: doesn't show hand
*** SUMMARY ***
Total pot $2 | Rake $0
Seat 1: SilaSoNi (button) (small blind) folded before Flop
Seat 2: Krazy90 (big blind) collected ($2)


PokerStars Hand #159155059144:  Hold'em Limit ($3/$6 USD) - 2016/09/27 7:17:54 ET
Table 'Danjon' 6-max Seat #2 is the button
Seat 1: SilaSoNi ($129.09 in chips)
Seat 2: Krazy90 ($159.50 in chips)
Krazy90: posts small blind $1
SilaSoNi: posts big blind $3
*** HOLE CARDS ***
Krazy90: raises $3 to $6
SilaSoNi: calls $3
*** FLOP *** [8c 2d 7s]
SilaSoNi: checks
Krazy90: bets $3
SilaSoNi: raises $3 to $6
Krazy90: calls $3
*** TURN *** [8c 2d 7s] [5c]
SilaSoNi: bets $6
Krazy90: calls $6
*** RIVER *** [8c 2d 7s 5c] [Jc]
SilaSoNi: bets $6
Krazy90: calls $6
*** SHOW DOWN ***
SilaSoNi: shows [Qc 8s] (a pair of Eights)
Krazy90: mucks hand
SilaSoNi collected $47.50 from pot
*** SUMMARY ***
Total pot $48 | Rake $0.50
Board [8c 2d 7s 5c Jc]
Seat 1: SilaSoNi (big blind) showed [Qc 8s] and won ($47.50) with a pair of Eights
Seat 2: Krazy90 (button) (small blind) mucked


PokerStars Hand #159155075072:  Hold'em Limit ($3/$6 USD) - 2016/09/27 7:18:32 ET
Table 'Danjon' 6-max Seat #1 is the button
Seat 1: SilaSoNi ($148.59 in chips)
Seat 2: Krazy90 ($139.50 in chips)
SilaSoNi: posts small blind $1
Krazy90: posts big blind $3
*** HOLE CARDS ***
SilaSoNi: raises $3 to $6
Krazy90: calls $3
*** FLOP *** [9c 2c Tc]
Krazy90: checks
SilaSoNi: bets $3
Krazy90: raises $3 to $6
SilaSoNi: calls $3
*** TURN *** [9c 2c Tc] [Js]
Krazy90: bets $6
SilaSoNi: calls $6
*** RIVER *** [9c 2c Tc Js] [Kd]
Krazy90: bets $6
SilaSoNi: calls $6
*** SHOW DOWN ***
Krazy90: shows [Jc 3c] (a flush, Jack high)
SilaSoNi: mucks hand
Krazy90 collected $47.50 from pot
*** SUMMARY ***
Total pot $48 | Rake $0.50
Board [9c 2c Tc Js Kd]
Seat 1: SilaSoNi (button) (small blind) mucked
Seat 2: Krazy90 (big blind) showed [Jc 3c] and won ($47.50) with a flush, Jack high


PokerStars Hand #159155087552:  Hold'em Limit ($3/$6 USD) - 2016/09/27 7:19:01 ET
Table 'Danjon' 6-max Seat #2 is the button
Seat 1: SilaSoNi ($124.59 in chips)
Seat 2: Krazy90 ($163 in chips)
Krazy90: posts small blind $1
SilaSoNi: posts big blind $3
*** HOLE CARDS ***
Krazy90: folds
Uncalled bet ($2) returned to SilaSoNi
SilaSoNi collected $2 from pot
SilaSoNi: doesn't show hand
*** SUMMARY ***
Total pot $2 | Rake $0
Seat 1: SilaSoNi (big blind) collected ($2)
Seat 2: Krazy90 (button) (small blind) folded before Flop


PokerStars Hand #159155090312:  Hold'em Limit ($3/$6 USD) - 2016/09/27 7:19:07 ET
Table 'Danjon' 6-max Seat #1 is the button
Seat 1: SilaSoNi ($125.59 in chips)
Seat 2: Krazy90 ($162 in chips)
SilaSoNi: posts small blind $1
Krazy90: posts big blind $3
*** HOLE CARDS ***
SilaSoNi: raises $3 to $6
Krazy90: calls $3
*** FLOP *** [2h Kh 6s]
Krazy90: checks
SilaSoNi: bets $3
Krazy90: raises $3 to $6
SilaSoNi: calls $3
*** TURN *** [2h Kh 6s] [8s]
Krazy90: bets $6
SilaSoNi: calls $6
*** RIVER *** [2h Kh 6s 8s] [5c]
Krazy90: bets $6
SilaSoNi: raises $6 to $12
Krazy90: calls $6
*** SHOW DOWN ***
SilaSoNi: shows [7h 4h] (a straight, Four to Eight)
Krazy90: mucks hand
SilaSoNi collected $59.50 from pot
*** SUMMARY ***
Total pot $60 | Rake $0.50
Board [2h Kh 6s 8s 5c]
Seat 1: SilaSoNi (button) (small blind) showed [7h 4h] and won ($59.50) with a straight, Four to Eight
Seat 2: Krazy90 (big blind) mucked


PokerStars Hand #159155106557:  Hold'em Limit ($3/$6 USD) - 2016/09/27 7:19:45 ET
Table 'Danjon' 6-max Seat #2 is the button
Seat 1: SilaSoNi ($155.09 in chips)
Seat 2: Krazy90 ($132 in chips)
Krazy90: posts small blind $1
SilaSoNi: posts big blind $3
*** HOLE CARDS ***
Krazy90: raises $3 to $6
SilaSoNi: calls $3
*** FLOP *** [6s 5d 3c]
SilaSoNi: checks
Krazy90: bets $3
SilaSoNi: calls $3
*** TURN *** [6s 5d 3c] [8s]
SilaSoNi: checks
Krazy90: checks
*** RIVER *** [6s 5d 3c 8s] [9h]
SilaSoNi: checks
Krazy90: bets $6
SilaSoNi: calls $6
*** SHOW DOWN ***
Krazy90: shows [As 7c] (a straight, Five to Nine)
SilaSoNi: mucks hand
Krazy90 collected $29.50 from pot
*** SUMMARY ***
Total pot $30 | Rake $0.50
Board [6s 5d 3c 8s 9h]
Seat 1: SilaSoNi (big blind) mucked
Seat 2: Krazy90 (button) (small blind) showed [As 7c] and won ($29.50) with a straight, Five to Nine


PokerStars Hand #159155118509:  Hold'em Limit ($3/$6 USD) - 2016/09/27 7:20:13 ET
Table 'Danjon' 6-max Seat #1 is the button
Seat 1: SilaSoNi ($140.09 in chips)
Seat 2: Krazy90 ($146.50 in chips)
SilaSoNi: posts small blind $1
Krazy90: posts big blind $3
*** HOLE CARDS ***
SilaSoNi: raises $3 to $6
Krazy90: calls $3
*** FLOP *** [8h Qc 9c]
Krazy90: checks
SilaSoNi: bets $3
Krazy90: calls $3
*** TURN *** [8h Qc 9c] [2h]
Krazy90: checks
SilaSoNi: checks
*** RIVER *** [8h Qc 9c 2h] [5c]
Krazy90: bets $6
SilaSoNi: calls $6
*** SHOW DOWN ***
Krazy90: shows [3s Ts] (high card Queen)
SilaSoNi: shows [Ah Js] (high card Ace)
SilaSoNi collected $29.50 from pot
*** SUMMARY ***
Total pot $30 | Rake $0.50
Board [8h Qc 9c 2h 5c]
Seat 1: SilaSoNi (button) (small blind) showed [Ah Js] and won ($29.50) with high card Ace
Seat 2: Krazy90 (big blind) showed [3s Ts] and lost with high card Queen


PokerStars Hand #159155131961:  Hold'em Limit ($3/$6 USD) - 2016/09/27 7:20:45 ET
Table 'Danjon' 6-max Seat #2 is the button
Seat 1: SilaSoNi ($154.59 in chips)
Seat 2: Krazy90 ($131.50 in chips)
Krazy90: posts small blind $1
SilaSoNi: posts big blind $3
*** HOLE CARDS ***
Krazy90: raises $3 to $6
SilaSoNi: raises $3 to $9
Krazy90: calls $3
*** FLOP *** [4c 3c 7c]
SilaSoNi: bets $3
Krazy90: calls $3
*** TURN *** [4c 3c 7c] [5h]
SilaSoNi: checks
Krazy90: bets $6
SilaSoNi: raises $6 to $12
Krazy90: folds
Uncalled bet ($6) returned to SilaSoNi
SilaSoNi collected $35.50 from pot
SilaSoNi: doesn't show hand
*** SUMMARY ***
Total pot $36 | Rake $0.50
Board [4c 3c 7c 5h]
Seat 1: SilaSoNi (big blind) collected ($35.50)
Seat 2: Krazy90 (button) (small blind) folded on the Turn


PokerStars Hand #159155155865:  Hold'em Limit ($3/$6 USD) - 2016/09/27 7:21:41 ET
Table 'Danjon' 6-max Seat #2 is the button
Seat 1: SilaSoNi ($163.09 in chips)
Seat 2: Krazy90 ($128.64 in chips)
Krazy90: posts small blind $1
SilaSoNi: posts big blind $3
*** HOLE CARDS ***
Krazy90: raises $3 to $6
SilaSoNi: folds
Uncalled bet ($3) returned to Krazy90
Krazy90 collected $6 from pot
*** SUMMARY ***
Total pot $6 | Rake $0
Seat 1: SilaSoNi (big blind) folded before Flop
Seat 2: Krazy90 (button) (small blind) collected ($6)


PokerStars Hand #159155147544:  Hold'em Limit ($3/$6 USD) - 2016/09/27 7:21:21 ET
Table 'Danjon' 6-max Seat #1 is the button
Seat 1: SilaSoNi ($172.09 in chips)
Seat 2: Krazy90 ($120 in chips)
SilaSoNi: posts small blind $1
Krazy90: posts big blind $3
*** HOLE CARDS ***
SilaSoNi: raises $3 to $6
Krazy90: calls $3
*** FLOP *** [3c 3d Td]
Krazy90: checks
SilaSoNi: bets $3
Krazy90: calls $3
*** TURN *** [3c 3d Td] [8s]
Krazy90: checks
SilaSoNi: checks
*** RIVER *** [3c 3d Td 8s] [3h]
Krazy90: bets $6
SilaSoNi: folds
Uncalled bet ($6) returned to Krazy90
Krazy90 collected $17.64 from pot
Krazy90: doesn't show hand
*** SUMMARY ***
Total pot $18 | Rake $0.36
Board [3c 3d Td 8s 3h]
Seat 1: SilaSoNi (button) (small blind) folded on the River
Seat 2: Krazy90 (big blind) collected ($17.64)


PokerStars Hand #159155172080:  Hold'em Limit ($3/$6 USD) - 2016/09/27 7:22:19 ET
Table 'Danjon' 6-max Seat #1 is the button
Seat 1: SilaSoNi ($175.59 in chips)
Seat 2: Krazy90 ($120 in chips)
SilaSoNi: posts small blind $1
Krazy90: posts big blind $3
*** HOLE CARDS ***
SilaSoNi: folds
Uncalled bet ($2) returned to Krazy90
Krazy90 collected $2 from pot
Krazy90: doesn't show hand
*** SUMMARY ***
Total pot $2 | Rake $0
Seat 1: SilaSoNi (button) (small blind) folded before Flop
Seat 2: Krazy90 (big blind) collected ($2)


PokerStars Hand #159155169678:  Hold'em Limit ($3/$6 USD) - 2016/09/27 7:22:13 ET
Table 'Danjon' 6-max Seat #2 is the button
Seat 1: SilaSoNi ($174.59 in chips)
Seat 2: Krazy90 ($120 in chips)
Krazy90: posts small blind $1
SilaSoNi: posts big blind $3
*** HOLE CARDS ***
Krazy90: folds
Uncalled bet ($2) returned to SilaSoNi
SilaSoNi collected $2 from pot
SilaSoNi: doesn't show hand
*** SUMMARY ***
Total pot $2 | Rake $0
Seat 1: SilaSoNi (big blind) collected ($2)
Seat 2: Krazy90 (button) (small blind) folded before Flop


PokerStars Hand #159155158576:  Hold'em Limit ($3/$6 USD) - 2016/09/27 7:21:47 ET
Table 'Danjon' 6-max Seat #1 is the button
Seat 1: SilaSoNi ($160.09 in chips)
Seat 2: Krazy90 ($131.64 in chips)
SilaSoNi: posts small blind $1
Krazy90: posts big blind $3
*** HOLE CARDS ***
SilaSoNi: raises $3 to $6
Krazy90: calls $3
*** FLOP *** [6c 8s 8c]
Krazy90: checks
SilaSoNi: bets $3
Krazy90: calls $3
*** TURN *** [6c 8s 8c] [Ts]
Krazy90: checks
SilaSoNi: checks
*** RIVER *** [6c 8s 8c Ts] [2d]
Krazy90: checks
SilaSoNi: bets $6
Krazy90: calls $6
*** SHOW DOWN ***
SilaSoNi: shows [2h Qh] (two pair, Eights and Deuces)
Krazy90: mucks hand
SilaSoNi collected $29.50 from pot
*** SUMMARY ***
Total pot $30 | Rake $0.50
Board [6c 8s 8c Ts 2d]
Seat 1: SilaSoNi (button) (small blind) showed [2h Qh] and won ($29.50) with two pair, Eights and Deuces
Seat 2: Krazy90 (big blind) mucked


PokerStars Hand #159155186396:  Hold'em Limit ($3/$6 USD) - 2016/09/27 7:22:52 ET
Table 'Danjon' 6-max Seat #1 is the button
Seat 1: SilaSoNi ($147.59 in chips)
Seat 2: Krazy90 ($147.50 in chips)
SilaSoNi: posts small blind $1
Krazy90: posts big blind $3
*** HOLE CARDS ***
SilaSoNi: folds
Uncalled bet ($2) returned to Krazy90
Krazy90 collected $2 from pot
Krazy90: doesn't show hand
*** SUMMARY ***
Total pot $2 | Rake $0
Seat 1: SilaSoNi (button) (small blind) folded before Flop
Seat 2: Krazy90 (big blind) collected ($2)


PokerStars Hand #159155175543:  Hold'em Limit ($3/$6 USD) - 2016/09/27 7:22:27 ET
Table 'Danjon' 6-max Seat #2 is the button
Seat 1: SilaSoNi ($174.59 in chips)
Seat 2: Krazy90 ($121 in chips)
Krazy90: posts small blind $1
SilaSoNi: posts big blind $3
*** HOLE CARDS ***
Krazy90: raises $3 to $6
SilaSoNi: raises $3 to $9
Krazy90: calls $3
*** FLOP *** [5h 8s 8h]
SilaSoNi: bets $3
Krazy90: raises $3 to $6
SilaSoNi: calls $3
*** TURN *** [5h 8s 8h] [2s]
SilaSoNi: checks
Krazy90: bets $6
SilaSoNi: calls $6
*** RIVER *** [5h 8s 8h 2s] [9s]
SilaSoNi: checks
Krazy90: bets $6
SilaSoNi: calls $6
*** SHOW DOWN ***
Krazy90: shows [Th 8c] (three of a kind, Eights)
SilaSoNi: mucks hand
Krazy90 collected $53.50 from pot
*** SUMMARY ***
Total pot $54 | Rake $0.50
Board [5h 8s 8h 2s 9s]
Seat 1: SilaSoNi (big blind) mucked
Seat 2: Krazy90 (button) (small blind) showed [Th 8c] and won ($53.50) with three of a kind, Eights


