PokerStars Hand #171598104686:  Hold'em Limit ($3/$6 USD) - 2017/06/10 13:08:04 ET
Table 'Danubia' 6-max Seat #6 is the button
Seat 1: Krazy90 ($125.76 in chips)
Seat 6: Titanic001 ($105.75 in chips)
Titanic001: posts small blind $1
Krazy90: posts big blind $3
*** HOLE CARDS ***
Titanic001: folds
Uncalled bet ($2) returned to Krazy90
Krazy90 collected $2 from pot
Krazy90: doesn't show hand
*** SUMMARY ***
Total pot $2 | Rake $0
Seat 1: Krazy90 (big blind) collected ($2)
Seat 6: Titanic001 (button) (small blind) folded before Flop


PokerStars Hand #171598084855:  Hold'em Limit ($3/$6 USD) - 2017/06/10 13:07:36 ET
Table 'Danubia' 6-max Seat #1 is the button
Seat 1: Krazy90 ($120 in chips)
Seat 6: Titanic001 ($111.75 in chips)
GoliafUa: is sitting out
Krazy90: posts small blind $1
Titanic001: posts big blind $3
*** HOLE CARDS ***
Krazy90: raises $3 to $6
Titanic001: calls $3
*** FLOP *** [3h 3c Jd]
Titanic001: checks
Krazy90: bets $3
Titanic001: folds
Uncalled bet ($3) returned to Krazy90
Krazy90 collected $11.76 from pot
Krazy90: doesn't show hand
*** SUMMARY ***
Total pot $12 | Rake $0.24
Board [3h 3c Jd]
Seat 1: Krazy90 (button) (small blind) collected ($11.76)
Seat 6: Titanic001 (big blind) folded on the Flop


PokerStars Hand #171598147880:  Hold'em Limit ($3/$6 USD) - 2017/06/10 13:09:05 ET
Table 'Danubia' 6-max Seat #6 is the button
Seat 1: Krazy90 ($120 in chips)
Seat 6: Titanic001 ($141.53 in chips)
Titanic001: posts small blind $1
Krazy90: posts big blind $3
*** HOLE CARDS ***
Titanic001: folds
Uncalled bet ($2) returned to Krazy90
Krazy90 collected $2 from pot
Krazy90: doesn't show hand
*** SUMMARY ***
Total pot $2 | Rake $0
Seat 1: Krazy90 (big blind) collected ($2)
Seat 6: Titanic001 (button) (small blind) folded before Flop


PokerStars Hand #171598136388:  Hold'em Limit ($3/$6 USD) - 2017/06/10 13:08:49 ET
Table 'Danubia' 6-max Seat #1 is the button
Seat 1: Krazy90 ($120 in chips)
Seat 6: Titanic001 ($118.03 in chips)
Krazy90: posts small blind $1
Titanic001: posts big blind $3
*** HOLE CARDS ***
Krazy90: raises $3 to $6
Titanic001: raises $3 to $9
Krazy90: calls $3
*** FLOP *** [Th Ac 2d]
Titanic001: bets $3
Krazy90: calls $3
*** TURN *** [Th Ac 2d] [5c]
Titanic001: bets $6
Krazy90: calls $6
*** RIVER *** [Th Ac 2d 5c] [6h]
Titanic001: bets $6
Krazy90: calls $6
*** SHOW DOWN ***
Titanic001: shows [Ad Js] (a pair of Aces)
Krazy90: mucks hand
Titanic001 collected $47.50 from pot
*** SUMMARY ***
Total pot $48 | Rake $0.50
Board [Th Ac 2d 5c 6h]
Seat 1: Krazy90 (button) (small blind) mucked
Seat 6: Titanic001 (big blind) showed [Ad Js] and won ($47.50) with a pair of Aces


PokerStars Hand #171598130129:  Hold'em Limit ($3/$6 USD) - 2017/06/10 13:08:40 ET
Table 'Danubia' 6-max Seat #6 is the button
Seat 1: Krazy90 ($124 in chips)
Seat 6: Titanic001 ($112.27 in chips)
Titanic001: posts small blind $1
Krazy90: posts big blind $3
*** HOLE CARDS ***
Titanic001: raises $3 to $6
Krazy90: calls $3
*** FLOP *** [9c 9s 3h]
Krazy90: checks
Titanic001: bets $3
Krazy90: folds
Uncalled bet ($3) returned to Titanic001
Titanic001 collected $11.76 from pot
*** SUMMARY ***
Total pot $12 | Rake $0.24
Board [9c 9s 3h]
Seat 1: Krazy90 (big blind) folded on the Flop
Seat 6: Titanic001 (button) (small blind) collected ($11.76)


PokerStars Hand #171598126274:  Hold'em Limit ($3/$6 USD) - 2017/06/10 13:08:34 ET
Table 'Danubia' 6-max Seat #1 is the button
Seat 1: Krazy90 ($121 in chips)
Seat 6: Titanic001 ($115.27 in chips)
Krazy90: posts small blind $1
Titanic001: posts big blind $3
*** HOLE CARDS ***
Krazy90: raises $3 to $6
Titanic001: folds
Uncalled bet ($3) returned to Krazy90
Krazy90 collected $6 from pot
Krazy90: doesn't show hand
*** SUMMARY ***
Total pot $6 | Rake $0
Seat 1: Krazy90 (button) (small blind) collected ($6)
Seat 6: Titanic001 (big blind) folded before Flop


PokerStars Hand #171598122940:  Hold'em Limit ($3/$6 USD) - 2017/06/10 13:08:30 ET
Table 'Danubia' 6-max Seat #6 is the button
Seat 1: Krazy90 ($120 in chips)
Seat 6: Titanic001 ($116.27 in chips)
Titanic001: posts small blind $1
Krazy90: posts big blind $3
*** HOLE CARDS ***
Titanic001: folds
Uncalled bet ($2) returned to Krazy90
Krazy90 collected $2 from pot
Krazy90: doesn't show hand
*** SUMMARY ***
Total pot $2 | Rake $0
Seat 1: Krazy90 (big blind) collected ($2)
Seat 6: Titanic001 (button) (small blind) folded before Flop


PokerStars Hand #171598108032:  Hold'em Limit ($3/$6 USD) - 2017/06/10 13:08:09 ET
Table 'Danubia' 6-max Seat #1 is the button
Seat 1: Krazy90 ($126.76 in chips)
Seat 6: Titanic001 ($104.75 in chips)
Krazy90: posts small blind $1
Titanic001: posts big blind $3
*** HOLE CARDS ***
Krazy90: raises $3 to $6
Titanic001: raises $3 to $9
Krazy90: calls $3
*** FLOP *** [6d 5s 5c]
Titanic001: bets $3
Krazy90: calls $3
*** TURN *** [6d 5s 5c] [Jh]
Titanic001: bets $6
Krazy90: folds
Uncalled bet ($6) returned to Titanic001
Titanic001 collected $23.52 from pot
*** SUMMARY ***
Total pot $24 | Rake $0.48
Board [6d 5s 5c Jh]
Seat 1: Krazy90 (button) (small blind) folded on the Turn
Seat 6: Titanic001 (big blind) collected ($23.52)


PokerStars Hand #171598201231:  Hold'em Limit ($3/$6 USD) - 2017/06/10 13:10:21 ET
Table 'Danubia' 6-max Seat #1 is the button
Seat 1: Krazy90 ($120 in chips)
Seat 6: Titanic001 ($162.55 in chips)
Krazy90: posts small blind $1
Titanic001: posts big blind $3
*** HOLE CARDS ***
Krazy90: folds
Uncalled bet ($2) returned to Titanic001
Titanic001 collected $2 from pot
*** SUMMARY ***
Total pot $2 | Rake $0
Seat 1: Krazy90 (button) (small blind) folded before Flop
Seat 6: Titanic001 (big blind) collected ($2)


PokerStars Hand #171598171821:  Hold'em Limit ($3/$6 USD) - 2017/06/10 13:09:39 ET
Table 'Danubia' 6-max Seat #6 is the button
Seat 1: Krazy90 ($124 in chips)
Seat 6: Titanic001 ($148.05 in chips)
Titanic001: posts small blind $1
Krazy90: posts big blind $3
*** HOLE CARDS ***
Titanic001: raises $3 to $6
Krazy90: calls $3
*** FLOP *** [Kh 3c Js]
Krazy90: checks
Titanic001: bets $3
Krazy90: calls $3
*** TURN *** [Kh 3c Js] [4h]
Krazy90: checks
Titanic001: checks
*** RIVER *** [Kh 3c Js 4h] [Tc]
Krazy90: bets $6
Titanic001: calls $6
*** SHOW DOWN ***
Krazy90: shows [5c 5d] (a pair of Fives)
Titanic001: shows [9d Td] (a pair of Tens)
Titanic001 collected $29.50 from pot
*** SUMMARY ***
Total pot $30 | Rake $0.50
Board [Kh 3c Js 4h Tc]
Seat 1: Krazy90 (big blind) showed [5c 5d] and lost with a pair of Fives
Seat 6: Titanic001 (button) (small blind) showed [9d Td] and won ($29.50) with a pair of Tens


PokerStars Hand #171598166913:  Hold'em Limit ($3/$6 USD) - 2017/06/10 13:09:32 ET
Table 'Danubia' 6-max Seat #1 is the button
Seat 1: Krazy90 ($121 in chips)
Seat 6: Titanic001 ($151.05 in chips)
Krazy90: posts small blind $1
Titanic001: posts big blind $3
*** HOLE CARDS ***
Krazy90: raises $3 to $6
Titanic001: folds
Uncalled bet ($3) returned to Krazy90
Krazy90 collected $6 from pot
Krazy90: doesn't show hand
*** SUMMARY ***
Total pot $6 | Rake $0
Seat 1: Krazy90 (button) (small blind) collected ($6)
Seat 6: Titanic001 (big blind) folded before Flop


PokerStars Hand #171598163736:  Hold'em Limit ($3/$6 USD) - 2017/06/10 13:09:28 ET
Table 'Danubia' 6-max Seat #6 is the button
Seat 1: Krazy90 ($120 in chips)
Seat 6: Titanic001 ($152.05 in chips)
Titanic001: posts small blind $1
Krazy90: posts big blind $3
*** HOLE CARDS ***
Titanic001: folds
Uncalled bet ($2) returned to Krazy90
Krazy90 collected $2 from pot
Krazy90: doesn't show hand
*** SUMMARY ***
Total pot $2 | Rake $0
Seat 1: Krazy90 (big blind) collected ($2)
Seat 6: Titanic001 (button) (small blind) folded before Flop


PokerStars Hand #171598244519:  Hold'em Limit ($3/$6 USD) - 2017/06/10 13:11:22 ET
Table 'Danubia' 6-max Seat #6 is the button
Seat 1: Krazy90 ($123 in chips)
Seat 6: Titanic001 ($190.55 in chips)
Titanic001: posts small blind $1
Krazy90: posts big blind $3
*** HOLE CARDS ***
Titanic001: folds
Uncalled bet ($2) returned to Krazy90
Krazy90 collected $2 from pot
Krazy90: doesn't show hand
*** SUMMARY ***
Total pot $2 | Rake $0
Seat 1: Krazy90 (big blind) collected ($2)
Seat 6: Titanic001 (button) (small blind) folded before Flop


PokerStars Hand #171598240480:  Hold'em Limit ($3/$6 USD) - 2017/06/10 13:11:17 ET
Table 'Danubia' 6-max Seat #1 is the button
Seat 1: Krazy90 ($120 in chips)
Seat 6: Titanic001 ($193.55 in chips)
Krazy90: posts small blind $1
Titanic001: posts big blind $3
*** HOLE CARDS ***
Krazy90: raises $3 to $6
Titanic001: folds
Uncalled bet ($3) returned to Krazy90
Krazy90 collected $6 from pot
Krazy90: doesn't show hand
*** SUMMARY ***
Total pot $6 | Rake $0
Seat 1: Krazy90 (button) (small blind) collected ($6)
Seat 6: Titanic001 (big blind) folded before Flop


PokerStars Hand #171598229471:  Hold'em Limit ($3/$6 USD) - 2017/06/10 13:11:01 ET
Table 'Danubia' 6-max Seat #6 is the button
Seat 1: Krazy90 ($120 in chips)
Seat 6: Titanic001 ($173.05 in chips)
Titanic001: posts small blind $1
Krazy90: posts big blind $3
*** HOLE CARDS ***
Titanic001: raises $3 to $6
Krazy90: calls $3
*** FLOP *** [6d 4s 7d]
Krazy90: checks
Titanic001: bets $3
Krazy90: calls $3
*** TURN *** [6d 4s 7d] [8c]
Krazy90: bets $6
Titanic001: raises $6 to $12
Krazy90: calls $6
*** RIVER *** [6d 4s 7d 8c] [Ks]
Krazy90: checks
Titanic001: bets $6
Krazy90: folds
Uncalled bet ($6) returned to Titanic001
Titanic001 collected $41.50 from pot
*** SUMMARY ***
Total pot $42 | Rake $0.50
Board [6d 4s 7d 8c Ks]
Seat 1: Krazy90 (big blind) folded on the River
Seat 6: Titanic001 (button) (small blind) collected ($41.50)


PokerStars Hand #171598218444:  Hold'em Limit ($3/$6 USD) - 2017/06/10 13:10:45 ET
Table 'Danubia' 6-max Seat #1 is the button
Seat 1: Krazy90 ($125 in chips)
Seat 6: Titanic001 ($158.55 in chips)
Krazy90: posts small blind $1
Titanic001: posts big blind $3
*** HOLE CARDS ***
Krazy90: calls $2
Titanic001: raises $3 to $6
Krazy90: calls $3
*** FLOP *** [Ad 5c Ah]
Titanic001: bets $3
Krazy90: calls $3
*** TURN *** [Ad 5c Ah] [8c]
Titanic001: checks
Krazy90: bets $6
Titanic001: raises $6 to $12
Krazy90: folds
Uncalled bet ($6) returned to Titanic001
Titanic001 collected $29.50 from pot
*** SUMMARY ***
Total pot $30 | Rake $0.50
Board [Ad 5c Ah 8c]
Seat 1: Krazy90 (button) (small blind) folded on the Turn
Seat 6: Titanic001 (big blind) collected ($29.50)


PokerStars Hand #171598214869:  Hold'em Limit ($3/$6 USD) - 2017/06/10 13:10:40 ET
Table 'Danubia' 6-max Seat #6 is the button
Seat 1: Krazy90 ($124 in chips)
Seat 6: Titanic001 ($159.55 in chips)
Titanic001: posts small blind $1
Krazy90: posts big blind $3
*** HOLE CARDS ***
Titanic001: folds
Uncalled bet ($2) returned to Krazy90
Krazy90 collected $2 from pot
Krazy90: doesn't show hand
*** SUMMARY ***
Total pot $2 | Rake $0
Seat 1: Krazy90 (big blind) collected ($2)
Seat 6: Titanic001 (button) (small blind) folded before Flop


PokerStars Hand #171598208378:  Hold'em Limit ($3/$6 USD) - 2017/06/10 13:10:31 ET
Table 'Danubia' 6-max Seat #1 is the button
Seat 1: Krazy90 ($121 in chips)
Seat 6: Titanic001 ($162.55 in chips)
Krazy90: posts small blind $1
Titanic001: posts big blind $3
*** HOLE CARDS ***
Krazy90: raises $3 to $6
Titanic001: folds
Uncalled bet ($3) returned to Krazy90
Krazy90 collected $6 from pot
Krazy90: doesn't show hand
*** SUMMARY ***
Total pot $6 | Rake $0
Seat 1: Krazy90 (button) (small blind) collected ($6)
Seat 6: Titanic001 (big blind) folded before Flop


PokerStars Hand #171598205237:  Hold'em Limit ($3/$6 USD) - 2017/06/10 13:10:27 ET
Table 'Danubia' 6-max Seat #6 is the button
Seat 1: Krazy90 ($120 in chips)
Seat 6: Titanic001 ($163.55 in chips)
Titanic001: posts small blind $1
Krazy90: posts big blind $3
*** HOLE CARDS ***
Titanic001: folds
Uncalled bet ($2) returned to Krazy90
Krazy90 collected $2 from pot
Krazy90: doesn't show hand
*** SUMMARY ***
Total pot $2 | Rake $0
Seat 1: Krazy90 (big blind) collected ($2)
Seat 6: Titanic001 (button) (small blind) folded before Flop


PokerStars Hand #171598281197:  Hold'em Limit ($3/$6 USD) - 2017/06/10 13:12:14 ET
Table 'Danubia' 6-max Seat #1 is the button
Seat 1: Krazy90 ($137.50 in chips)
Seat 6: Titanic001 ($183.07 in chips)
Krazy90: posts small blind $1
Titanic001: posts big blind $3
*** HOLE CARDS ***
Krazy90: folds
Uncalled bet ($2) returned to Titanic001
Titanic001 collected $2 from pot
*** SUMMARY ***
Total pot $2 | Rake $0
Seat 1: Krazy90 (button) (small blind) folded before Flop
Seat 6: Titanic001 (big blind) collected ($2)


PokerStars Hand #171598266303:  Hold'em Limit ($3/$6 USD) - 2017/06/10 13:11:53 ET
Table 'Danubia' 6-max Seat #1 is the button
Seat 1: Krazy90 ($121 in chips)
Seat 6: Titanic001 ($200.07 in chips)
Krazy90: posts small blind $1
Titanic001: posts big blind $3
*** HOLE CARDS ***
Krazy90: folds
Uncalled bet ($2) returned to Titanic001
Titanic001 collected $2 from pot
*** SUMMARY ***
Total pot $2 | Rake $0
Seat 1: Krazy90 (button) (small blind) folded before Flop
Seat 6: Titanic001 (big blind) collected ($2)


PokerStars Hand #171598262275:  Hold'em Limit ($3/$6 USD) - 2017/06/10 13:11:48 ET
Table 'Danubia' 6-max Seat #6 is the button
Seat 1: Krazy90 ($120 in chips)
Seat 6: Titanic001 ($201.07 in chips)
Titanic001: posts small blind $1
Krazy90: posts big blind $3
*** HOLE CARDS ***
Titanic001: folds
Uncalled bet ($2) returned to Krazy90
Krazy90 collected $2 from pot
Krazy90: doesn't show hand
*** SUMMARY ***
Total pot $2 | Rake $0
Seat 1: Krazy90 (big blind) collected ($2)
Seat 6: Titanic001 (button) (small blind) folded before Flop


PokerStars Hand #171598258773:  Hold'em Limit ($3/$6 USD) - 2017/06/10 13:11:43 ET
Table 'Danubia' 6-max Seat #1 is the button
Seat 1: Krazy90 ($121 in chips)
Seat 6: Titanic001 ($200.07 in chips)
Krazy90: posts small blind $1
Titanic001: posts big blind $3
*** HOLE CARDS ***
Krazy90: folds
Uncalled bet ($2) returned to Titanic001
Titanic001 collected $2 from pot
*** SUMMARY ***
Total pot $2 | Rake $0
Seat 1: Krazy90 (button) (small blind) folded before Flop
Seat 6: Titanic001 (big blind) collected ($2)


PokerStars Hand #171598255651:  Hold'em Limit ($3/$6 USD) - 2017/06/10 13:11:38 ET
Table 'Danubia' 6-max Seat #6 is the button
Seat 1: Krazy90 ($120 in chips)
Seat 6: Titanic001 ($201.07 in chips)
Titanic001: posts small blind $1
Krazy90: posts big blind $3
*** HOLE CARDS ***
Titanic001: folds
Uncalled bet ($2) returned to Krazy90
Krazy90 collected $2 from pot
Krazy90: doesn't show hand
*** SUMMARY ***
Total pot $2 | Rake $0
Seat 1: Krazy90 (big blind) collected ($2)
Seat 6: Titanic001 (button) (small blind) folded before Flop


PokerStars Hand #171598247914:  Hold'em Limit ($3/$6 USD) - 2017/06/10 13:11:27 ET
Table 'Danubia' 6-max Seat #1 is the button
Seat 1: Krazy90 ($124 in chips)
Seat 6: Titanic001 ($189.55 in chips)
Krazy90: posts small blind $1
Titanic001: posts big blind $3
*** HOLE CARDS ***
Krazy90: raises $3 to $6
Titanic001: raises $3 to $9
Krazy90: calls $3
*** FLOP *** [3d 3c 8h]
Titanic001: bets $3
Krazy90: calls $3
*** TURN *** [3d 3c 8h] [Ah]
Titanic001: bets $6
Krazy90: folds
Uncalled bet ($6) returned to Titanic001
Titanic001 collected $23.52 from pot
*** SUMMARY ***
Total pot $24 | Rake $0.48
Board [3d 3c 8h Ah]
Seat 1: Krazy90 (button) (small blind) folded on the Turn
Seat 6: Titanic001 (big blind) collected ($23.52)


PokerStars Hand #171598290948:  Hold'em Limit ($3/$6 USD) - 2017/06/10 13:12:28 ET
Table 'Danubia' 6-max Seat #1 is the button
Seat 1: Krazy90 ($130.50 in chips)
Seat 6: Titanic001 ($189.83 in chips)
Krazy90: posts small blind $1
Titanic001: posts big blind $3
*** HOLE CARDS ***
Krazy90: folds
Uncalled bet ($2) returned to Titanic001
Titanic001 collected $2 from pot
*** SUMMARY ***
Total pot $2 | Rake $0
Seat 1: Krazy90 (button) (small blind) folded before Flop
Seat 6: Titanic001 (big blind) collected ($2)


PokerStars Hand #171598318969:  Hold'em Limit ($3/$6 USD) - 2017/06/10 13:13:08 ET
Table 'Danubia' 6-max Seat #6 is the button
Seat 1: Krazy90 ($131.50 in chips)
Seat 6: Titanic001 ($188.71 in chips)
Titanic001: posts small blind $1
Krazy90: posts big blind $3
*** HOLE CARDS ***
Titanic001: folds
Uncalled bet ($2) returned to Krazy90
Krazy90 collected $2 from pot
Krazy90: doesn't show hand
*** SUMMARY ***
Total pot $2 | Rake $0
Seat 1: Krazy90 (big blind) collected ($2)
Seat 6: Titanic001 (button) (small blind) folded before Flop


PokerStars Hand #171598315381:  Hold'em Limit ($3/$6 USD) - 2017/06/10 13:13:03 ET
Table 'Danubia' 6-max Seat #1 is the button
Seat 1: Krazy90 ($128.50 in chips)
Seat 6: Titanic001 ($191.71 in chips)
Krazy90: posts small blind $1
Titanic001: posts big blind $3
*** HOLE CARDS ***
Krazy90: raises $3 to $6
Titanic001: folds
Uncalled bet ($3) returned to Krazy90
Krazy90 collected $6 from pot
Krazy90: doesn't show hand
*** SUMMARY ***
Total pot $6 | Rake $0
Seat 1: Krazy90 (button) (small blind) collected ($6)
Seat 6: Titanic001 (big blind) folded before Flop


PokerStars Hand #171598312158:  Hold'em Limit ($3/$6 USD) - 2017/06/10 13:12:58 ET
Table 'Danubia' 6-max Seat #6 is the button
Seat 1: Krazy90 ($127.50 in chips)
Seat 6: Titanic001 ($192.71 in chips)
Titanic001: posts small blind $1
Krazy90: posts big blind $3
*** HOLE CARDS ***
Titanic001: folds
Uncalled bet ($2) returned to Krazy90
Krazy90 collected $2 from pot
Krazy90: doesn't show hand
*** SUMMARY ***
Total pot $2 | Rake $0
Seat 1: Krazy90 (big blind) collected ($2)
Seat 6: Titanic001 (button) (small blind) folded before Flop


PokerStars Hand #171598303935:  Hold'em Limit ($3/$6 USD) - 2017/06/10 13:12:46 ET
Table 'Danubia' 6-max Seat #1 is the button
Seat 1: Krazy90 ($130.50 in chips)
Seat 6: Titanic001 ($189.83 in chips)
Krazy90: posts small blind $1
Titanic001: posts big blind $3
*** HOLE CARDS ***
Krazy90: calls $2
Titanic001: checks
*** FLOP *** [Ac 8h 2c]
Titanic001: bets $3
Krazy90: folds
Uncalled bet ($3) returned to Titanic001
Titanic001 collected $5.88 from pot
*** SUMMARY ***
Total pot $6 | Rake $0.12
Board [Ac 8h 2c]
Seat 1: Krazy90 (button) (small blind) folded on the Flop
Seat 6: Titanic001 (big blind) collected ($5.88)


PokerStars Hand #171598300493:  Hold'em Limit ($3/$6 USD) - 2017/06/10 13:12:42 ET
Table 'Danubia' 6-max Seat #6 is the button
Seat 1: Krazy90 ($129.50 in chips)
Seat 6: Titanic001 ($190.83 in chips)
Titanic001: posts small blind $1
Krazy90: posts big blind $3
*** HOLE CARDS ***
Titanic001: folds
Uncalled bet ($2) returned to Krazy90
Krazy90 collected $2 from pot
Krazy90: doesn't show hand
*** SUMMARY ***
Total pot $2 | Rake $0
Seat 1: Krazy90 (big blind) collected ($2)
Seat 6: Titanic001 (button) (small blind) folded before Flop


PokerStars Hand #171598297387:  Hold'em Limit ($3/$6 USD) - 2017/06/10 13:12:37 ET
Table 'Danubia' 6-max Seat #1 is the button
Seat 1: Krazy90 ($130.50 in chips)
Seat 6: Titanic001 ($189.83 in chips)
Krazy90: posts small blind $1
Titanic001: posts big blind $3
*** HOLE CARDS ***
Krazy90: folds
Uncalled bet ($2) returned to Titanic001
Titanic001 collected $2 from pot
*** SUMMARY ***
Total pot $2 | Rake $0
Seat 1: Krazy90 (button) (small blind) folded before Flop
Seat 6: Titanic001 (big blind) collected ($2)


PokerStars Hand #171598294266:  Hold'em Limit ($3/$6 USD) - 2017/06/10 13:12:33 ET
Table 'Danubia' 6-max Seat #6 is the button
Seat 1: Krazy90 ($129.50 in chips)
Seat 6: Titanic001 ($190.83 in chips)
Titanic001: posts small blind $1
Krazy90: posts big blind $3
*** HOLE CARDS ***
Titanic001: folds
Uncalled bet ($2) returned to Krazy90
Krazy90 collected $2 from pot
Krazy90: doesn't show hand
*** SUMMARY ***
Total pot $2 | Rake $0
Seat 1: Krazy90 (big blind) collected ($2)
Seat 6: Titanic001 (button) (small blind) folded before Flop


PokerStars Hand #171598284432:  Hold'em Limit ($3/$6 USD) - 2017/06/10 13:12:19 ET
Table 'Danubia' 6-max Seat #6 is the button
Seat 1: Krazy90 ($136.50 in chips)
Seat 6: Titanic001 ($184.07 in chips)
Titanic001: posts small blind $1
Krazy90: posts big blind $3
*** HOLE CARDS ***
Titanic001: raises $3 to $6
Krazy90: calls $3
*** FLOP *** [3c 9c Ts]
Krazy90: checks
Titanic001: bets $3
Krazy90: folds
Uncalled bet ($3) returned to Titanic001
Titanic001 collected $11.76 from pot
*** SUMMARY ***
Total pot $12 | Rake $0.24
Board [3c 9c Ts]
Seat 1: Krazy90 (big blind) folded on the Flop
Seat 6: Titanic001 (button) (small blind) collected ($11.76)


PokerStars Hand #171598337172:  Hold'em Limit ($3/$6 USD) - 2017/06/10 13:13:34 ET
Table 'Danubia' 6-max Seat #6 is the button
Seat 1: Krazy90 ($156 in chips)
Seat 6: Titanic001 ($163.71 in chips)
Titanic001: posts small blind $1
Krazy90: posts big blind $3
*** HOLE CARDS ***
Titanic001: folds
Uncalled bet ($2) returned to Krazy90
Krazy90 collected $2 from pot
Krazy90: doesn't show hand
*** SUMMARY ***
Total pot $2 | Rake $0
Seat 1: Krazy90 (big blind) collected ($2)
Seat 6: Titanic001 (button) (small blind) folded before Flop


PokerStars Hand #171598322342:  Hold'em Limit ($3/$6 USD) - 2017/06/10 13:13:13 ET
Table 'Danubia' 6-max Seat #1 is the button
Seat 1: Krazy90 ($132.50 in chips)
Seat 6: Titanic001 ($187.71 in chips)
Krazy90: posts small blind $1
Titanic001: posts big blind $3
*** HOLE CARDS ***
Krazy90: raises $3 to $6
Titanic001: calls $3
*** FLOP *** [6s 8s 5c]
Titanic001: checks
Krazy90: bets $3
Titanic001: raises $3 to $6
Krazy90: calls $3
*** TURN *** [6s 8s 5c] [Kd]
Titanic001: bets $6
Krazy90: raises $6 to $12
Titanic001: calls $6
*** RIVER *** [6s 8s 5c Kd] [Tc]
kikiriki joins the table at seat #3
Titanic001: checks
Krazy90: bets $6
Titanic001: folds
Uncalled bet ($6) returned to Krazy90
Krazy90 collected $47.50 from pot
Krazy90: doesn't show hand
*** SUMMARY ***
Total pot $48 | Rake $0.50
Board [6s 8s 5c Kd Tc]
Seat 1: Krazy90 (button) (small blind) collected ($47.50)
Seat 6: Titanic001 (big blind) folded on the River


