PokerStars Hand #156868413067:  Hold'em Limit ($3/$6 USD) - 2016/08/04 16:49:45 ET
Table 'Danubia II' 6-max Seat #4 is the button
Seat 1: hairy1961 ($78.28 in chips)
Seat 4: AzureCaper ($73 in chips)
AzureCaper: posts small blind $1
hairy1961: posts big blind $3
*** HOLE CARDS ***
AzureCaper: raises $3 to $6
hairy1961: folds
Uncalled bet ($3) returned to AzureCaper
AzureCaper collected $6 from pot
AzureCaper: doesn't show hand
*** SUMMARY ***
Total pot $6 | Rake $0
Seat 1: hairy1961 (big blind) folded before Flop
Seat 4: AzureCaper (button) (small blind) collected ($6)


PokerStars Hand #156868408972:  Hold'em Limit ($3/$6 USD) - 2016/08/04 16:49:40 ET
Table 'Danubia II' 6-max Seat #1 is the button
Seat 1: hairy1961 ($79.28 in chips)
Seat 4: AzureCaper ($72 in chips)
hairy1961: posts small blind $1
AzureCaper: posts big blind $3
*** HOLE CARDS ***
hairy1961: folds
Uncalled bet ($2) returned to AzureCaper
AzureCaper collected $2 from pot
AzureCaper: doesn't show hand
*** SUMMARY ***
Total pot $2 | Rake $0
Seat 1: hairy1961 (button) (small blind) folded before Flop
Seat 4: AzureCaper (big blind) collected ($2)


PokerStars Hand #156868391121:  Hold'em Limit ($3/$6 USD) - 2016/08/04 16:49:18 ET
Table 'Danubia II' 6-max Seat #4 is the button
Seat 1: hairy1961 ($70.64 in chips)
Seat 4: AzureCaper ($73 in chips)
AzureCaper: posts small blind $1
hairy1961: posts big blind $3
*** HOLE CARDS ***
AzureCaper: raises $3 to $6
hairy1961: calls $3
*** FLOP *** [5s 5c 6d]
hairy1961: checks
AzureCaper: bets $3
hairy1961: calls $3
*** TURN *** [5s 5c 6d] [9c]
hairy1961: bets $6
AzureCaper: folds
Uncalled bet ($6) returned to hairy1961
hairy1961 collected $17.64 from pot
hairy1961: doesn't show hand
*** SUMMARY ***
Total pot $18 | Rake $0.36
Board [5s 5c 6d 9c]
Seat 1: hairy1961 (big blind) collected ($17.64)
Seat 4: AzureCaper (button) (small blind) folded on the Turn


PokerStars Hand #156868434995:  Hold'em Limit ($3/$6 USD) - 2016/08/04 16:50:12 ET
Table 'Danubia II' 6-max Seat #4 is the button
Seat 1: hairy1961 ($74.28 in chips)
Seat 4: AzureCaper ($77 in chips)
AzureCaper: posts small blind $1
hairy1961: posts big blind $3
*** HOLE CARDS ***
AzureCaper: raises $3 to $6
hairy1961: calls $3
*** FLOP *** [Jc 2s Kh]
hairy1961: checks
AzureCaper: bets $3
hairy1961: calls $3
*** TURN *** [Jc 2s Kh] [Ac]
hairy1961: checks
AzureCaper: bets $6
hairy1961: calls $6
*** RIVER *** [Jc 2s Kh Ac] [Qh]
hairy1961: checks
AzureCaper: checks
*** SHOW DOWN ***
hairy1961: shows [Qd Ks] (two pair, Kings and Queens)
AzureCaper: mucks hand
hairy1961 collected $29.50 from pot
*** SUMMARY ***
Total pot $30 | Rake $0.50
Board [Jc 2s Kh Ac Qh]
Seat 1: hairy1961 (big blind) showed [Qd Ks] and won ($29.50) with two pair, Kings and Queens
Seat 4: AzureCaper (button) (small blind) mucked


PokerStars Hand #156868427868:  Hold'em Limit ($3/$6 USD) - 2016/08/04 16:50:03 ET
Table 'Danubia II' 6-max Seat #1 is the button
Seat 1: hairy1961 ($71.28 in chips)
Seat 4: AzureCaper ($80 in chips)
hairy1961: posts small blind $1
AzureCaper: posts big blind $3
*** HOLE CARDS ***
hairy1961: raises $3 to $6
AzureCaper: folds
Uncalled bet ($3) returned to hairy1961
hairy1961 collected $6 from pot
hairy1961: doesn't show hand
*** SUMMARY ***
Total pot $6 | Rake $0
Seat 1: hairy1961 (button) (small blind) collected ($6)
Seat 4: AzureCaper (big blind) folded before Flop


PokerStars Hand #156868422812:  Hold'em Limit ($3/$6 USD) - 2016/08/04 16:49:57 ET
Table 'Danubia II' 6-max Seat #4 is the button
Seat 1: hairy1961 ($74.28 in chips)
Seat 4: AzureCaper ($77 in chips)
AzureCaper: posts small blind $1
hairy1961: posts big blind $3
*** HOLE CARDS ***
AzureCaper: raises $3 to $6
hairy1961: folds
Uncalled bet ($3) returned to AzureCaper
AzureCaper collected $6 from pot
AzureCaper: doesn't show hand
*** SUMMARY ***
Total pot $6 | Rake $0
Seat 1: hairy1961 (big blind) folded before Flop
Seat 4: AzureCaper (button) (small blind) collected ($6)


PokerStars Hand #156868417810:  Hold'em Limit ($3/$6 USD) - 2016/08/04 16:49:51 ET
Table 'Danubia II' 6-max Seat #1 is the button
Seat 1: hairy1961 ($75.28 in chips)
Seat 4: AzureCaper ($76 in chips)
hairy1961: posts small blind $1
AzureCaper: posts big blind $3
*** HOLE CARDS ***
hairy1961: folds
Uncalled bet ($2) returned to AzureCaper
AzureCaper collected $2 from pot
AzureCaper: doesn't show hand
*** SUMMARY ***
Total pot $2 | Rake $0
Seat 1: hairy1961 (button) (small blind) folded before Flop
Seat 4: AzureCaper (big blind) collected ($2)


PokerStars Hand #156868508686:  Hold'em Limit ($3/$6 USD) - 2016/08/04 16:51:43 ET
Table 'Danubia II' 6-max Seat #4 is the button
Seat 1: hairy1961 ($88.06 in chips)
Seat 4: AzureCaper ($89.50 in chips)
AzureCaper: posts small blind $1
hairy1961: posts big blind $3
*** HOLE CARDS ***
AzureCaper: raises $3 to $6
hairy1961: folds
Uncalled bet ($3) returned to AzureCaper
AzureCaper collected $6 from pot
AzureCaper: doesn't show hand
*** SUMMARY ***
Total pot $6 | Rake $0
Seat 1: hairy1961 (big blind) folded before Flop
Seat 4: AzureCaper (button) (small blind) collected ($6)


PokerStars Hand #156868492511:  Hold'em Limit ($3/$6 USD) - 2016/08/04 16:51:23 ET
Table 'Danubia II' 6-max Seat #1 is the button
Seat 1: hairy1961 ($106.06 in chips)
Seat 4: AzureCaper ($72 in chips)
hairy1961: posts small blind $1
AzureCaper: posts big blind $3
*** HOLE CARDS ***
hairy1961: raises $3 to $6
AzureCaper: calls $3
*** FLOP *** [9h 5h Kd]
AzureCaper: checks
hairy1961: bets $3
AzureCaper: raises $3 to $6
hairy1961: calls $3
*** TURN *** [9h 5h Kd] [4h]
AzureCaper: bets $6
hairy1961: calls $6
*** RIVER *** [9h 5h Kd 4h] [As]
AzureCaper: checks
hairy1961: checks
*** SHOW DOWN ***
AzureCaper: shows [Jh 9c] (a pair of Nines)
hairy1961: mucks hand
AzureCaper collected $35.50 from pot
*** SUMMARY ***
Total pot $36 | Rake $0.50
Board [9h 5h Kd 4h As]
Seat 1: hairy1961 (button) (small blind) mucked
Seat 4: AzureCaper (big blind) showed [Jh 9c] and won ($35.50) with a pair of Nines


PokerStars Hand #156868478670:  Hold'em Limit ($3/$6 USD) - 2016/08/04 16:51:06 ET
Table 'Danubia II' 6-max Seat #4 is the button
Seat 1: hairy1961 ($94.54 in chips)
Seat 4: AzureCaper ($73 in chips)
AzureCaper: posts small blind $1
hairy1961: posts big blind $3
*** HOLE CARDS ***
AzureCaper: raises $3 to $6
hairy1961: raises $3 to $9
AzureCaper: calls $3
*** FLOP *** [Ac 7s 9s]
hairy1961: bets $3
AzureCaper: calls $3
*** TURN *** [Ac 7s 9s] [7h]
hairy1961: bets $6
AzureCaper: folds
Uncalled bet ($6) returned to hairy1961
hairy1961 collected $23.52 from pot
hairy1961: doesn't show hand
*** SUMMARY ***
Total pot $24 | Rake $0.48
Board [Ac 7s 9s 7h]
Seat 1: hairy1961 (big blind) collected ($23.52)
Seat 4: AzureCaper (button) (small blind) folded on the Turn


PokerStars Hand #156868474617:  Hold'em Limit ($3/$6 USD) - 2016/08/04 16:51:01 ET
Table 'Danubia II' 6-max Seat #1 is the button
Seat 1: hairy1961 ($95.54 in chips)
Seat 4: AzureCaper ($72 in chips)
hairy1961: posts small blind $1
AzureCaper: posts big blind $3
*** HOLE CARDS ***
hairy1961: folds
Uncalled bet ($2) returned to AzureCaper
AzureCaper collected $2 from pot
AzureCaper: doesn't show hand
*** SUMMARY ***
Total pot $2 | Rake $0
Seat 1: hairy1961 (button) (small blind) folded before Flop
Seat 4: AzureCaper (big blind) collected ($2)


PokerStars Hand #156868471014:  Hold'em Limit ($3/$6 USD) - 2016/08/04 16:50:57 ET
Table 'Danubia II' 6-max Seat #4 is the button
Seat 1: hairy1961 ($94.54 in chips)
Seat 4: AzureCaper ($72 in chips)
AzureCaper: posts small blind $1
hairy1961: posts big blind $3
*** HOLE CARDS ***
AzureCaper: folds
Uncalled bet ($2) returned to hairy1961
hairy1961 collected $2 from pot
hairy1961: doesn't show hand
*** SUMMARY ***
Total pot $2 | Rake $0
Seat 1: hairy1961 (big blind) collected ($2)
Seat 4: AzureCaper (button) (small blind) folded before Flop


PokerStars Hand #156868456461:  Hold'em Limit ($3/$6 USD) - 2016/08/04 16:50:39 ET
Table 'Danubia II' 6-max Seat #1 is the button
Seat 1: hairy1961 ($88.78 in chips)
Seat 4: AzureCaper ($72 in chips)
hairy1961: posts small blind $1
AzureCaper: posts big blind $3
*** HOLE CARDS ***
hairy1961: raises $3 to $6
AzureCaper: calls $3
*** FLOP *** [9h Ts 5s]
AzureCaper: checks
hairy1961: checks
*** TURN *** [9h Ts 5s] [7d]
AzureCaper: checks
hairy1961: checks
*** RIVER *** [9h Ts 5s 7d] [Js]
AzureCaper: checks
hairy1961: bets $6
AzureCaper: folds
Uncalled bet ($6) returned to hairy1961
hairy1961 collected $11.76 from pot
hairy1961: doesn't show hand
*** SUMMARY ***
Total pot $12 | Rake $0.24
Board [9h Ts 5s 7d Js]
Seat 1: hairy1961 (button) (small blind) collected ($11.76)
Seat 4: AzureCaper (big blind) folded on the River


PokerStars Hand #156868544591:  Hold'em Limit ($3/$6 USD) - 2016/08/04 16:52:28 ET
Table 'Danubia II' 6-max Seat #4 is the button
Seat 1: hairy1961 ($102.56 in chips)
Seat 4: AzureCaper ($74.50 in chips)
AzureCaper: posts small blind $1
hairy1961: posts big blind $3
*** HOLE CARDS ***
AzureCaper: folds
Uncalled bet ($2) returned to hairy1961
hairy1961 collected $2 from pot
ChipsOrre joins the table at seat #3
hairy1961: doesn't show hand
*** SUMMARY ***
Total pot $2 | Rake $0
Seat 1: hairy1961 (big blind) collected ($2)
Seat 4: AzureCaper (button) (small blind) folded before Flop


PokerStars Hand #156868539591:  Hold'em Limit ($3/$6 USD) - 2016/08/04 16:52:22 ET
Table 'Danubia II' 6-max Seat #1 is the button
Seat 1: hairy1961 ($103.56 in chips)
Seat 4: AzureCaper ($73.50 in chips)
hairy1961: posts small blind $1
AzureCaper: posts big blind $3
*** HOLE CARDS ***
hairy1961: folds
Uncalled bet ($2) returned to AzureCaper
AzureCaper collected $2 from pot
AzureCaper: doesn't show hand
*** SUMMARY ***
Total pot $2 | Rake $0
Seat 1: hairy1961 (button) (small blind) folded before Flop
Seat 4: AzureCaper (big blind) collected ($2)


PokerStars Hand #156868535658:  Hold'em Limit ($3/$6 USD) - 2016/08/04 16:52:17 ET
Table 'Danubia II' 6-max Seat #4 is the button
Seat 1: hairy1961 ($102.56 in chips)
Seat 4: AzureCaper ($74.50 in chips)
AzureCaper: posts small blind $1
hairy1961: posts big blind $3
*** HOLE CARDS ***
AzureCaper: folds
Uncalled bet ($2) returned to hairy1961
hairy1961 collected $2 from pot
hairy1961: doesn't show hand
*** SUMMARY ***
Total pot $2 | Rake $0
Seat 1: hairy1961 (big blind) collected ($2)
Seat 4: AzureCaper (button) (small blind) folded before Flop


PokerStars Hand #156868531122:  Hold'em Limit ($3/$6 USD) - 2016/08/04 16:52:12 ET
Table 'Danubia II' 6-max Seat #1 is the button
Seat 1: hairy1961 ($103.56 in chips)
Seat 4: AzureCaper ($73.50 in chips)
hairy1961: posts small blind $1
AzureCaper: posts big blind $3
*** HOLE CARDS ***
hairy1961: folds
Uncalled bet ($2) returned to AzureCaper
AzureCaper collected $2 from pot
AzureCaper: doesn't show hand
*** SUMMARY ***
Total pot $2 | Rake $0
Seat 1: hairy1961 (button) (small blind) folded before Flop
Seat 4: AzureCaper (big blind) collected ($2)


PokerStars Hand #156868527516:  Hold'em Limit ($3/$6 USD) - 2016/08/04 16:52:07 ET
Table 'Danubia II' 6-max Seat #4 is the button
Seat 1: hairy1961 ($102.56 in chips)
Seat 4: AzureCaper ($74.50 in chips)
AzureCaper: posts small blind $1
hairy1961: posts big blind $3
*** HOLE CARDS ***
AzureCaper: folds
Uncalled bet ($2) returned to hairy1961
hairy1961 collected $2 from pot
hairy1961: doesn't show hand
*** SUMMARY ***
Total pot $2 | Rake $0
Seat 1: hairy1961 (big blind) collected ($2)
Seat 4: AzureCaper (button) (small blind) folded before Flop


PokerStars Hand #156868513131:  Hold'em Limit ($3/$6 USD) - 2016/08/04 16:51:49 ET
Table 'Danubia II' 6-max Seat #1 is the button
Seat 1: hairy1961 ($85.06 in chips)
Seat 4: AzureCaper ($92.50 in chips)
hairy1961: posts small blind $1
AzureCaper: posts big blind $3
*** HOLE CARDS ***
hairy1961: raises $3 to $6
AzureCaper: calls $3
*** FLOP *** [2d 9h Qs]
AzureCaper: checks
hairy1961: checks
*** TURN *** [2d 9h Qs] [As]
AzureCaper: checks
hairy1961: bets $6
AzureCaper: calls $6
*** RIVER *** [2d 9h Qs As] [4s]
AzureCaper: checks
hairy1961: bets $6
AzureCaper: calls $6
*** SHOW DOWN ***
hairy1961: shows [Ac Tc] (a pair of Aces)
AzureCaper: mucks hand
hairy1961 collected $35.50 from pot
*** SUMMARY ***
Total pot $36 | Rake $0.50
Board [2d 9h Qs As 4s]
Seat 1: hairy1961 (button) (small blind) showed [Ac Tc] and won ($35.50) with a pair of Aces
Seat 4: AzureCaper (big blind) mucked


PokerStars Hand #156868681911:  Hold'em Limit ($3/$6 USD) - 2016/08/04 16:55:29 ET
Table 'Danubia II' 6-max Seat #4 is the button
Seat 3: ChipsOrre ($150.67 in chips)
Seat 4: AzureCaper ($123 in chips)
AzureCaper: posts small blind $1
hairy1961: is sitting out
ChipsOrre: posts big blind $3
*** HOLE CARDS ***
AzureCaper: raises $3 to $6
ChipsOrre: calls $3
*** FLOP *** [9c 6s 3h]
ChipsOrre: checks
AzureCaper: bets $3
ChipsOrre: calls $3
*** TURN *** [9c 6s 3h] [Kc]
ChipsOrre: checks
AzureCaper: bets $6
ChipsOrre: raises $6 to $12
AzureCaper: raises $6 to $18
ChipsOrre: calls $6
*** RIVER *** [9c 6s 3h Kc] [8s]
ChipsOrre: checks
AzureCaper: bets $6
ChipsOrre: calls $6
*** SHOW DOWN ***
AzureCaper: shows [6c Ks] (two pair, Kings and Sixes)
ChipsOrre: mucks hand
AzureCaper collected $65.50 from pot
*** SUMMARY ***
Total pot $66 | Rake $0.50
Board [9c 6s 3h Kc 8s]
Seat 3: ChipsOrre (big blind) mucked
Seat 4: AzureCaper (button) (small blind) showed [6c Ks] and won ($65.50) with two pair, Kings and Sixes


PokerStars Hand #156868703340:  Hold'em Limit ($3/$6 USD) - 2016/08/04 16:56:06 ET
Table 'Danubia II' 6-max Seat #3 is the button
Seat 3: ChipsOrre ($103.67 in chips)
Seat 4: AzureCaper ($169 in chips)
ChipsOrre: posts small blind $1
AzureCaper: posts big blind $3
*** HOLE CARDS ***
ChipsOrre: raises $3 to $6
AzureCaper: calls $3
*** FLOP *** [Kd 3c 2h]
AzureCaper: checks
ChipsOrre: bets $3
AzureCaper: folds
Uncalled bet ($3) returned to ChipsOrre
ChipsOrre collected $11.76 from pot
ChipsOrre: doesn't show hand
*** SUMMARY ***
Total pot $12 | Rake $0.24
Board [Kd 3c 2h]
Seat 3: ChipsOrre (button) (small blind) collected ($11.76)
Seat 4: AzureCaper (big blind) folded on the Flop


PokerStars Hand #156868699800:  Hold'em Limit ($3/$6 USD) - 2016/08/04 16:56:00 ET
Table 'Danubia II' 6-max Seat #4 is the button
Seat 3: ChipsOrre ($102.67 in chips)
Seat 4: AzureCaper ($170 in chips)
AzureCaper: posts small blind $1
ChipsOrre: posts big blind $3
*** HOLE CARDS ***
AzureCaper: folds
Uncalled bet ($2) returned to ChipsOrre
ChipsOrre collected $2 from pot
ChipsOrre: doesn't show hand
*** SUMMARY ***
Total pot $2 | Rake $0
Seat 3: ChipsOrre (big blind) collected ($2)
Seat 4: AzureCaper (button) (small blind) folded before Flop


PokerStars Hand #156868692129:  Hold'em Limit ($3/$6 USD) - 2016/08/04 16:55:47 ET
Table 'Danubia II' 6-max Seat #3 is the button
Seat 3: ChipsOrre ($117.67 in chips)
Seat 4: AzureCaper ($155.50 in chips)
ChipsOrre: posts small blind $1
AzureCaper: posts big blind $3
*** HOLE CARDS ***
ChipsOrre: raises $3 to $6
AzureCaper: calls $3
*** FLOP *** [Kh 2d Qh]
AzureCaper: checks
ChipsOrre: bets $3
AzureCaper: calls $3
*** TURN *** [Kh 2d Qh] [3c]
AzureCaper: checks
ChipsOrre: bets $6
AzureCaper: calls $6
*** RIVER *** [Kh 2d Qh 3c] [9h]
AzureCaper: checks
ChipsOrre: checks
*** SHOW DOWN ***
AzureCaper: shows [Jc 2c] (a pair of Deuces)
ChipsOrre: mucks hand
AzureCaper collected $29.50 from pot
*** SUMMARY ***
Total pot $30 | Rake $0.50
Board [Kh 2d Qh 3c 9h]
Seat 3: ChipsOrre (button) (small blind) mucked
Seat 4: AzureCaper (big blind) showed [Jc 2c] and won ($29.50) with a pair of Deuces


PokerStars Hand #156868916397:  Hold'em Limit ($3/$6 USD) - 2016/08/04 17:01:44 ET
Table 'Danubia II' 6-max Seat #4 is the button
Seat 3: ChipsOrre ($118.92 in chips)
Seat 4: AzureCaper ($174.17 in chips)
AzureCaper: posts small blind $1
ImaTuna: is sitting out
ChipsOrre: posts big blind $3
*** HOLE CARDS ***
mixidix joins the table at seat #6
AzureCaper: raises $3 to $6
ChipsOrre: raises $3 to $9
AzureCaper: calls $3
*** FLOP *** [Ah 6c 7h]
ChipsOrre: bets $3
AzureCaper: folds
Uncalled bet ($3) returned to ChipsOrre
ChipsOrre collected $17.64 from pot
ChipsOrre: doesn't show hand
*** SUMMARY ***
Total pot $18 | Rake $0.36
Board [Ah 6c 7h]
Seat 3: ChipsOrre (big blind) collected ($17.64)
Seat 4: AzureCaper (button) (small blind) folded on the Flop


PokerStars Hand #156868922885:  Hold'em Limit ($3/$6 USD) - 2016/08/04 17:01:53 ET
Table 'Danubia II' 6-max Seat #3 is the button
Seat 3: ChipsOrre ($127.56 in chips)
Seat 4: AzureCaper ($165.17 in chips)
ChipsOrre: posts small blind $1
AzureCaper: posts big blind $3
*** HOLE CARDS ***
ChipsOrre: raises $3 to $6
AzureCaper: calls $3
*** FLOP *** [6d 8h 4d]
AzureCaper: checks
ChipsOrre: bets $3
AzureCaper: folds
Uncalled bet ($3) returned to ChipsOrre
ChipsOrre collected $11.76 from pot
ChipsOrre: doesn't show hand
*** SUMMARY ***
Total pot $12 | Rake $0.24
Board [6d 8h 4d]
Seat 3: ChipsOrre (button) (small blind) collected ($11.76)
Seat 4: AzureCaper (big blind) folded on the Flop


PokerStars Hand #156869778744:  Hold'em Limit ($3/$6 USD) - 2016/08/04 17:20:54 ET
Table 'Danubia II' 6-max Seat #5 is the button
Seat 4: AzureCaper ($121.07 in chips)
Seat 5: lexasux ($39.07 in chips)
lexasux: posts small blind $1
AzureCaper: posts big blind $3
*** HOLE CARDS ***
lexasux: folds
Uncalled bet ($2) returned to AzureCaper
lexasux leaves the table
AzureCaper collected $2 from pot
AzureCaper: doesn't show hand
*** SUMMARY ***
Total pot $2 | Rake $0
Seat 4: AzureCaper (big blind) collected ($2)
Seat 5: lexasux (button) (small blind) folded before Flop


