PokerStars Hand #171107293036:  Hold'em Limit ($3/$6 USD) - 2017/05/30 7:15:56 ET
Table 'Danubia' 6-max Seat #1 is the button
Seat 1: aremom4e ($72 in chips)
Seat 5: MTails ($120 in chips)
aremom4e: posts small blind $1
MTails: posts big blind $3
*** HOLE CARDS ***
aremom4e: raises $3 to $6
TbIP-TbIP 88 joins the table at seat #2
MTails: calls $3
*** FLOP *** [7h Qh Js]
MTails: checks
aremom4e: bets $3
MTails: raises $3 to $6
aremom4e: calls $3
*** TURN *** [7h Qh Js] [4d]
MTails: checks
aremom4e: bets $6
MTails: calls $6
*** RIVER *** [7h Qh Js 4d] [8s]
MTails: checks
aremom4e: checks
*** SHOW DOWN ***
MTails: shows [7d 5s] (a pair of Sevens)
aremom4e: mucks hand
MTails collected $35.50 from pot
*** SUMMARY ***
Total pot $36 | Rake $0.50
Board [7h Qh Js 4d 8s]
Seat 1: aremom4e (button) (small blind) mucked
Seat 5: MTails (big blind) showed [7d 5s] and won ($35.50) with a pair of Sevens


PokerStars Hand #171107300673:  Hold'em Limit ($3/$6 USD) - 2017/05/30 7:16:15 ET
Table 'Danubia' 6-max Seat #5 is the button
Seat 1: aremom4e ($54 in chips)
Seat 5: MTails ($137.50 in chips)
MTails: posts small blind $1
aremom4e: posts big blind $3
*** HOLE CARDS ***
MTails: raises $3 to $6
aremom4e: calls $3
*** FLOP *** [9d 2h 4c]
aremom4e: checks
MTails: bets $3
aremom4e: folds
Uncalled bet ($3) returned to MTails
MTails collected $11.76 from pot
*** SUMMARY ***
Total pot $12 | Rake $0.24
Board [9d 2h 4c]
Seat 1: aremom4e (big blind) folded on the Flop
Seat 5: MTails (button) (small blind) collected ($11.76)


PokerStars Hand #171109037057:  Hold'em Limit ($3/$6 USD) - 2017/05/30 8:22:02 ET
Table 'Danubia' 6-max Seat #5 is the button
Seat 4: juustmuckit1 ($101.87 in chips)
Seat 5: krossguard ($201.86 in chips)
krossguard: posts small blind $1
scorpio04: is sitting out
Widegermany was removed from the table for failing to post
B_loJkl: is sitting out
juustmuckit1: posts big blind $3
*** HOLE CARDS ***
krossguard: raises $3 to $6
juustmuckit1: calls $3
*** FLOP *** [Ks 9h 4h]
scorpio04 leaves the table
juustmuckit1: checks
krossguard: bets $3
juustmuckit1: calls $3
*** TURN *** [Ks 9h 4h] [Ad]
juustmuckit1: checks
krossguard: checks
*** RIVER *** [Ks 9h 4h Ad] [7h]
juustmuckit1: bets $6
krossguard: folds
Uncalled bet ($6) returned to juustmuckit1
juustmuckit1 collected $17.64 from pot
*** SUMMARY ***
Total pot $18 | Rake $0.36
Board [Ks 9h 4h Ad 7h]
Seat 4: juustmuckit1 (big blind) collected ($17.64)
Seat 5: krossguard (button) (small blind) folded on the River


PokerStars Hand #171109045934:  Hold'em Limit ($3/$6 USD) - 2017/05/30 8:22:21 ET
Table 'Danubia' 6-max Seat #4 is the button
Seat 4: juustmuckit1 ($110.51 in chips)
Seat 5: krossguard ($192.86 in chips)
juustmuckit1: posts small blind $1
krossguard: posts big blind $3
*** HOLE CARDS ***
juustmuckit1: raises $3 to $6
krossguard: calls $3
*** FLOP *** [Jd 9s 9h]
krossguard: checks
juustmuckit1: bets $3
krossguard: raises $3 to $6
juustmuckit1: calls $3
*** TURN *** [Jd 9s 9h] [6s]
krossguard: bets $6
juustmuckit1: raises $6 to $12
B_loJkl leaves the table
krossguard: calls $6
*** RIVER *** [Jd 9s 9h 6s] [3s]
EVBET joins the table at seat #6
krossguard: checks
juustmuckit1: bets $6
krossguard: calls $6
*** SHOW DOWN ***
juustmuckit1: shows [9d Ts] (three of a kind, Nines)
B_loJkl joins the table at seat #1
krossguard: mucks hand
juustmuckit1 collected $59.50 from pot
*** SUMMARY ***
Total pot $60 | Rake $0.50
Board [Jd 9s 9h 6s 3s]
Seat 4: juustmuckit1 (button) (small blind) showed [9d Ts] and won ($59.50) with three of a kind, Nines
Seat 5: krossguard (big blind) mucked


PokerStars Hand #171109128003:  Hold'em Limit ($3/$6 USD) - 2017/05/30 8:25:15 ET
Table 'Danubia' 6-max Seat #4 is the button
Seat 1: B_loJkl ($126 in chips)
Seat 4: juustmuckit1 ($160.93 in chips)
juustmuckit1: posts small blind $1
EVBET: is sitting out
EVBET leaves the table
B_loJkl: posts big blind $3
*** HOLE CARDS ***
juustmuckit1: calls $2
B_loJkl: raises $3 to $6
juustmuckit1: calls $3
*** FLOP *** [7d Ks As]
B_loJkl: checks
juustmuckit1: checks
*** TURN *** [7d Ks As] [2s]
B_loJkl: bets $6
juustmuckit1: folds
Uncalled bet ($6) returned to B_loJkl
B_loJkl collected $11.76 from pot
B_loJkl: doesn't show hand
*** SUMMARY ***
Total pot $12 | Rake $0.24
Board [7d Ks As 2s]
Seat 1: B_loJkl (big blind) collected ($11.76)
Seat 4: juustmuckit1 (button) (small blind) folded on the Turn


PokerStars Hand #171109137721:  Hold'em Limit ($3/$6 USD) - 2017/05/30 8:25:35 ET
Table 'Danubia' 6-max Seat #1 is the button
Seat 1: B_loJkl ($131.76 in chips)
Seat 4: juustmuckit1 ($154.93 in chips)
B_loJkl: posts small blind $1
juustmuckit1: posts big blind $3
*** HOLE CARDS ***
B_loJkl: raises $3 to $6
juustmuckit1: calls $3
*** FLOP *** [8d 6d As]
juustmuckit1: checks
B_loJkl: bets $3
juustmuckit1: raises $3 to $6
B_loJkl: calls $3
*** TURN *** [8d 6d As] [Ks]
juustmuckit1: bets $6
B_loJkl: calls $6
*** RIVER *** [8d 6d As Ks] [Qd]
juustmuckit1: bets $6
B_loJkl: raises $6 to $12
juustmuckit1: raises $6 to $18
B_loJkl: raises $6 to $24
Betting is capped
juustmuckit1: calls $6
*** SHOW DOWN ***
B_loJkl: shows [2d Kd] (a flush, King high)
juustmuckit1: shows [4d Ad] (a flush, Ace high)
juustmuckit1 collected $83.50 from pot
*** SUMMARY ***
Total pot $84 | Rake $0.50
Board [8d 6d As Ks Qd]
Seat 1: B_loJkl (button) (small blind) showed [2d Kd] and lost with a flush, King high
Seat 4: juustmuckit1 (big blind) showed [4d Ad] and won ($83.50) with a flush, Ace high


PokerStars Hand #171109161686:  Hold'em Limit ($3/$6 USD) - 2017/05/30 8:26:26 ET
Table 'Danubia' 6-max Seat #4 is the button
Seat 4: juustmuckit1 ($196.43 in chips)
Seat 6: B_loJkl ($150 in chips)
juustmuckit1: posts small blind $1
B_loJkl: posts big blind $3
*** HOLE CARDS ***
juustmuckit1: raises $3 to $6
krossguard leaves the table
B_loJkl: calls $3
*** FLOP *** [Ad 6c 8s]
krossguard joins the table at seat #1
B_loJkl: checks
juustmuckit1: bets $3
B_loJkl: calls $3
*** TURN *** [Ad 6c 8s] [As]
B_loJkl: checks
krossguard leaves the table
juustmuckit1: bets $6
B_loJkl: calls $6
*** RIVER *** [Ad 6c 8s As] [7s]
B_loJkl: checks
juustmuckit1: checks
*** SHOW DOWN ***
B_loJkl: shows [4c 6d] (two pair, Aces and Sixes)
juustmuckit1: mucks hand
B_loJkl collected $29.50 from pot
*** SUMMARY ***
Total pot $30 | Rake $0.50
Board [Ad 6c 8s As 7s]
Seat 4: juustmuckit1 (button) (small blind) mucked
Seat 6: B_loJkl (big blind) showed [4c 6d] and won ($29.50) with two pair, Aces and Sixes


PokerStars Hand #171109191980:  Hold'em Limit ($3/$6 USD) - 2017/05/30 8:27:29 ET
Table 'Danubia' 6-max Seat #4 is the button
Seat 4: juustmuckit1 ($166.43 in chips)
Seat 6: B_loJkl ($179 in chips)
juustmuckit1: posts small blind $1
B_loJkl: posts big blind $3
*** HOLE CARDS ***
juustmuckit1: folds
Uncalled bet ($2) returned to B_loJkl
B_loJkl collected $2 from pot
B_loJkl: doesn't show hand
*** SUMMARY ***
Total pot $2 | Rake $0
Seat 4: juustmuckit1 (button) (small blind) folded before Flop
Seat 6: B_loJkl (big blind) collected ($2)


PokerStars Hand #171109179942:  Hold'em Limit ($3/$6 USD) - 2017/05/30 8:27:04 ET
Table 'Danubia' 6-max Seat #6 is the button
Seat 4: juustmuckit1 ($181.43 in chips)
Seat 6: B_loJkl ($164.50 in chips)
B_loJkl: posts small blind $1
juustmuckit1: posts big blind $3
*** HOLE CARDS ***
B_loJkl: raises $3 to $6
juustmuckit1: calls $3
*** FLOP *** [8c 9h Kc]
juustmuckit1: checks
B_loJkl: bets $3
juustmuckit1: calls $3
*** TURN *** [8c 9h Kc] [4c]
juustmuckit1: checks
B_loJkl: bets $6
juustmuckit1: calls $6
*** RIVER *** [8c 9h Kc 4c] [6d]
juustmuckit1: checks
B_loJkl: bets $6
juustmuckit1: folds
Uncalled bet ($6) returned to B_loJkl
B_loJkl collected $29.50 from pot
B_loJkl: doesn't show hand
*** SUMMARY ***
Total pot $30 | Rake $0.50
Board [8c 9h Kc 4c 6d]
Seat 4: juustmuckit1 (big blind) folded on the River
Seat 6: B_loJkl (button) (small blind) collected ($29.50)


PokerStars Hand #171109208353:  Hold'em Limit ($3/$6 USD) - 2017/05/30 8:28:04 ET
Table 'Danubia' 6-max Seat #6 is the button
Seat 4: juustmuckit1 ($153.43 in chips)
Seat 6: B_loJkl ($191.50 in chips)
B_loJkl: posts small blind $1
juustmuckit1: posts big blind $3
*** HOLE CARDS ***
B_loJkl: raises $3 to $6
juustmuckit1: folds
Uncalled bet ($3) returned to B_loJkl
B_loJkl collected $6 from pot
B_loJkl: doesn't show hand
*** SUMMARY ***
Total pot $6 | Rake $0
Seat 4: juustmuckit1 (big blind) folded before Flop
Seat 6: B_loJkl (button) (small blind) collected ($6)


PokerStars Hand #171109205305:  Hold'em Limit ($3/$6 USD) - 2017/05/30 8:27:57 ET
Table 'Danubia' 6-max Seat #4 is the button
Seat 4: juustmuckit1 ($150.43 in chips)
Seat 6: B_loJkl ($194.50 in chips)
juustmuckit1: posts small blind $1
B_loJkl: posts big blind $3
*** HOLE CARDS ***
juustmuckit1: raises $3 to $6
B_loJkl: folds
Uncalled bet ($3) returned to juustmuckit1
juustmuckit1 collected $6 from pot
juustmuckit1: doesn't show hand
*** SUMMARY ***
Total pot $6 | Rake $0
Seat 4: juustmuckit1 (button) (small blind) collected ($6)
Seat 6: B_loJkl (big blind) folded before Flop


PokerStars Hand #171109194288:  Hold'em Limit ($3/$6 USD) - 2017/05/30 8:27:34 ET
Table 'Danubia' 6-max Seat #6 is the button
Seat 4: juustmuckit1 ($165.43 in chips)
Seat 6: B_loJkl ($180 in chips)
B_loJkl: posts small blind $1
juustmuckit1: posts big blind $3
*** HOLE CARDS ***
B_loJkl: raises $3 to $6
juustmuckit1: calls $3
*** FLOP *** [Ad 9c Kh]
juustmuckit1: checks
B_loJkl: bets $3
juustmuckit1: calls $3
*** TURN *** [Ad 9c Kh] [2c]
juustmuckit1: checks
B_loJkl: bets $6
juustmuckit1: calls $6
*** RIVER *** [Ad 9c Kh 2c] [5h]
juustmuckit1: checks
B_loJkl: bets $6
juustmuckit1: folds
Uncalled bet ($6) returned to B_loJkl
B_loJkl collected $29.50 from pot
B_loJkl: doesn't show hand
*** SUMMARY ***
Total pot $30 | Rake $0.50
Board [Ad 9c Kh 2c 5h]
Seat 4: juustmuckit1 (big blind) folded on the River
Seat 6: B_loJkl (button) (small blind) collected ($29.50)


PokerStars Hand #171109221930:  Hold'em Limit ($3/$6 USD) - 2017/05/30 8:28:32 ET
Table 'Danubia' 6-max Seat #6 is the button
Seat 4: juustmuckit1 ($135.43 in chips)
Seat 6: B_loJkl ($209 in chips)
B_loJkl: posts small blind $1
juustmuckit1: posts big blind $3
*** HOLE CARDS ***
B_loJkl: raises $3 to $6
juustmuckit1: calls $3
*** FLOP *** [7s 2d 6h]
juustmuckit1: checks
B_loJkl: checks
*** TURN *** [7s 2d 6h] [Qh]
juustmuckit1: checks
B_loJkl: checks
*** RIVER *** [7s 2d 6h Qh] [4c]
juustmuckit1: checks
B_loJkl: checks
*** SHOW DOWN ***
juustmuckit1: shows [Th Kc] (high card King)
B_loJkl: mucks hand
juustmuckit1 collected $11.76 from pot
*** SUMMARY ***
Total pot $12 | Rake $0.24
Board [7s 2d 6h Qh 4c]
Seat 4: juustmuckit1 (big blind) showed [Th Kc] and won ($11.76) with high card King
Seat 6: B_loJkl (button) (small blind) mucked


PokerStars Hand #171109212057:  Hold'em Limit ($3/$6 USD) - 2017/05/30 8:28:11 ET
Table 'Danubia' 6-max Seat #4 is the button
Seat 4: juustmuckit1 ($150.43 in chips)
Seat 6: B_loJkl ($194.50 in chips)
juustmuckit1: posts small blind $1
B_loJkl: posts big blind $3
*** HOLE CARDS ***
juustmuckit1: raises $3 to $6
B_loJkl: calls $3
*** FLOP *** [Jc 5c 3c]
B_loJkl: checks
juustmuckit1: bets $3
B_loJkl: calls $3
*** TURN *** [Jc 5c 3c] [As]
B_loJkl: checks
juustmuckit1: checks
*** RIVER *** [Jc 5c 3c As] [6h]
B_loJkl: bets $6
juustmuckit1: calls $6
*** SHOW DOWN ***
B_loJkl: shows [Ac Qd] (a pair of Aces)
juustmuckit1: mucks hand
B_loJkl collected $29.50 from pot
*** SUMMARY ***
Total pot $30 | Rake $0.50
Board [Jc 5c 3c As 6h]
Seat 4: juustmuckit1 (button) (small blind) mucked
Seat 6: B_loJkl (big blind) showed [Ac Qd] and won ($29.50) with a pair of Aces


PokerStars Hand #171109243069:  Hold'em Limit ($3/$6 USD) - 2017/05/30 8:29:17 ET
Table 'Danubia' 6-max Seat #6 is the button
Seat 4: juustmuckit1 ($120.19 in chips)
Seat 6: B_loJkl ($223.50 in chips)
B_loJkl: posts small blind $1
juustmuckit1: posts big blind $3
*** HOLE CARDS ***
sydd7 joins the table at seat #2
B_loJkl: folds
Uncalled bet ($2) returned to juustmuckit1
juustmuckit1 collected $2 from pot
juustmuckit1: doesn't show hand
*** SUMMARY ***
Total pot $2 | Rake $0
Seat 4: juustmuckit1 (big blind) collected ($2)
Seat 6: B_loJkl (button) (small blind) folded before Flop


PokerStars Hand #171109230018:  Hold'em Limit ($3/$6 USD) - 2017/05/30 8:28:49 ET
Table 'Danubia' 6-max Seat #4 is the button
Seat 4: juustmuckit1 ($141.19 in chips)
Seat 6: B_loJkl ($203 in chips)
juustmuckit1: posts small blind $1
B_loJkl: posts big blind $3
*** HOLE CARDS ***
juustmuckit1: raises $3 to $6
B_loJkl: calls $3
*** FLOP *** [Th Jd 5d]
B_loJkl: checks
juustmuckit1: bets $3
B_loJkl: calls $3
*** TURN *** [Th Jd 5d] [8s]
B_loJkl: checks
juustmuckit1: bets $6
B_loJkl: calls $6
*** RIVER *** [Th Jd 5d 8s] [4d]
B_loJkl: bets $6
juustmuckit1: calls $6
*** SHOW DOWN ***
B_loJkl: shows [Tc 4s] (two pair, Tens and Fours)
juustmuckit1: mucks hand
B_loJkl collected $41.50 from pot
*** SUMMARY ***
Total pot $42 | Rake $0.50
Board [Th Jd 5d 8s 4d]
Seat 4: juustmuckit1 (button) (small blind) mucked
Seat 6: B_loJkl (big blind) showed [Tc 4s] and won ($41.50) with two pair, Tens and Fours


PokerStars Hand #171110907683:  Hold'em Limit ($3/$6 USD) - 2017/05/30 9:25:19 ET
Table 'Danubia' 6-max Seat #1 is the button
Seat 1: Blikon ($247.20 in chips)
Seat 2: sydd7 ($88.82 in chips)
Blikon: posts small blind $1
sydd7: posts big blind $3
*** HOLE CARDS ***
juustmuckit1 joins the table at seat #4
Blikon: raises $3 to $6
sydd7: folds
Uncalled bet ($3) returned to Blikon
Blikon collected $6 from pot
*** SUMMARY ***
Total pot $6 | Rake $0
Seat 1: Blikon (button) (small blind) collected ($6)
Seat 2: sydd7 (big blind) folded before Flop


PokerStars Hand #171110898524:  Hold'em Limit ($3/$6 USD) - 2017/05/30 9:25:01 ET
Table 'Danubia' 6-max Seat #2 is the button
Seat 1: Blikon ($226.70 in chips)
Seat 2: sydd7 ($109.82 in chips)
sydd7: posts small blind $1
B_loJkl: is sitting out
Blikon: posts big blind $3
*** HOLE CARDS ***
sydd7: raises $3 to $6
Blikon: calls $3
*** FLOP *** [4d Js Kc]
Blikon: checks
sydd7: bets $3
Blikon: calls $3
*** TURN *** [4d Js Kc] [3h]
Blikon: checks
sydd7: bets $6
Blikon: calls $6
*** RIVER *** [4d Js Kc 3h] [4h]
Blikon: checks
sydd7: bets $6
Blikon: calls $6
*** SHOW DOWN ***
sydd7: shows [9h 8h] (a pair of Fours)
Blikon: shows [5c Ah] (a pair of Fours - Ace kicker)
Blikon collected $41.50 from pot
*** SUMMARY ***
Total pot $42 | Rake $0.50
Board [4d Js Kc 3h 4h]
Seat 1: Blikon (big blind) showed [5c Ah] and won ($41.50) with a pair of Fours
Seat 2: sydd7 (button) (small blind) showed [9h 8h] and lost with a pair of Fours


