PokerStars Hand #160023663768:  Hold'em Limit ($3/$6 USD) - 2016/10/16 14:59:42 ET
Table 'Danubia' 6-max Seat #3 is the button
Seat 3: theduckybaby ($342.73 in chips)
Seat 4: FHstyles ($93 in chips)
theduckybaby: posts small blind $1
FHstyles: posts big blind $3
*** HOLE CARDS ***
Luanto 14 joins the table at seat #5
theduckybaby: folds
Uncalled bet ($2) returned to FHstyles
FHstyles collected $2 from pot
FHstyles: doesn't show hand
*** SUMMARY ***
Total pot $2 | Rake $0
Seat 3: theduckybaby (button) (small blind) folded before Flop
Seat 4: FHstyles (big blind) collected ($2)


PokerStars Hand #160023648547:  Hold'em Limit ($3/$6 USD) - 2016/10/16 14:59:20 ET
Table 'Danubia' 6-max Seat #4 is the button
Seat 3: theduckybaby ($334.09 in chips)
Seat 4: FHstyles ($102 in chips)
FHstyles: posts small blind $1
theduckybaby: posts big blind $3
*** HOLE CARDS ***
FHstyles: raises $3 to $6
theduckybaby: calls $3
*** FLOP *** [Ts 9c 9s]
theduckybaby: checks
FHstyles: bets $3
theduckybaby: calls $3
*** TURN *** [Ts 9c 9s] [7h]
theduckybaby: checks
FHstyles: checks
*** RIVER *** [Ts 9c 9s 7h] [8s]
theduckybaby: checks
FHstyles: checks
*** SHOW DOWN ***
theduckybaby: shows [Qd Qc] (two pair, Queens and Nines)
FHstyles: mucks hand
theduckybaby collected $17.64 from pot
*** SUMMARY ***
Total pot $18 | Rake $0.36
Board [Ts 9c 9s 7h 8s]
Seat 3: theduckybaby (big blind) showed [Qd Qc] and won ($17.64) with two pair, Queens and Nines
Seat 4: FHstyles (button) (small blind) mucked


PokerStars Hand #160023870360:  Hold'em Limit ($3/$6 USD) - 2016/10/16 15:03:34 ET
Table 'Danubia' 6-max Seat #5 is the button
Seat 3: theduckybaby ($351.87 in chips)
Seat 5: Luanto 14 ($134.66 in chips)
Luanto 14: posts small blind $1
theduckybaby: posts big blind $3
*** HOLE CARDS ***
Luanto 14: raises $3 to $6
theduckybaby: folds
Uncalled bet ($3) returned to Luanto 14
Luanto 14 collected $6 from pot
Luanto 14: doesn't show hand
*** SUMMARY ***
Total pot $6 | Rake $0
Seat 3: theduckybaby (big blind) folded before Flop
Seat 5: Luanto 14 (button) (small blind) collected ($6)


PokerStars Hand #160023833300:  Hold'em Limit ($3/$6 USD) - 2016/10/16 15:02:58 ET
Table 'Danubia' 6-max Seat #3 is the button
Seat 3: theduckybaby ($354.87 in chips)
Seat 5: Luanto 14 ($131.78 in chips)
FHstyles has timed out while being disconnected
FHstyles: is sitting out
theduckybaby: posts small blind $1
Luanto 14: posts big blind $3
*** HOLE CARDS ***
theduckybaby: calls $2
Luanto 14: checks
*** FLOP *** [9s 5d Jh]
FHstyles is disconnected
Luanto 14: bets $3
theduckybaby: folds
Uncalled bet ($3) returned to Luanto 14
Luanto 14 collected $5.88 from pot
Luanto 14: doesn't show hand
*** SUMMARY ***
Total pot $6 | Rake $0.12
Board [9s 5d Jh]
Seat 3: theduckybaby (button) (small blind) folded on the Flop
Seat 5: Luanto 14 (big blind) collected ($5.88)


PokerStars Hand #160023914835:  Hold'em Limit ($3/$6 USD) - 2016/10/16 15:04:17 ET
Table 'Danubia' 6-max Seat #5 is the button
Seat 3: theduckybaby ($362.37 in chips)
Seat 5: Luanto 14 ($123.66 in chips)
Luanto 14: posts small blind $1
theduckybaby: posts big blind $3
*** HOLE CARDS ***
Luanto 14: folds
Uncalled bet ($2) returned to theduckybaby
theduckybaby collected $2 from pot
theduckybaby: doesn't show hand
*** SUMMARY ***
Total pot $2 | Rake $0
Seat 3: theduckybaby (big blind) collected ($2)
Seat 5: Luanto 14 (button) (small blind) folded before Flop


PokerStars Hand #160023907641:  Hold'em Limit ($3/$6 USD) - 2016/10/16 15:04:10 ET
Table 'Danubia' 6-max Seat #3 is the button
Seat 3: theduckybaby ($363.37 in chips)
Seat 5: Luanto 14 ($122.66 in chips)
theduckybaby: posts small blind $1
Luanto 14: posts big blind $3
*** HOLE CARDS ***
theduckybaby: folds
Uncalled bet ($2) returned to Luanto 14
Luanto 14 collected $2 from pot
Luanto 14: doesn't show hand
*** SUMMARY ***
Total pot $2 | Rake $0
Seat 3: theduckybaby (button) (small blind) folded before Flop
Seat 5: Luanto 14 (big blind) collected ($2)


PokerStars Hand #160023942744:  Hold'em Limit ($3/$6 USD) - 2016/10/16 15:04:44 ET
Table 'Danubia' 6-max Seat #5 is the button
Seat 3: theduckybaby ($362.37 in chips)
Seat 5: Luanto 14 ($123.66 in chips)
Luanto 14: posts small blind $1
theduckybaby: posts big blind $3
*** HOLE CARDS ***
Luanto 14: raises $3 to $6
theduckybaby: folds
Uncalled bet ($3) returned to Luanto 14
Luanto 14 collected $6 from pot
Luanto 14: doesn't show hand
*** SUMMARY ***
Total pot $6 | Rake $0
Seat 3: theduckybaby (big blind) folded before Flop
Seat 5: Luanto 14 (button) (small blind) collected ($6)


PokerStars Hand #160023919574:  Hold'em Limit ($3/$6 USD) - 2016/10/16 15:04:22 ET
Table 'Danubia' 6-max Seat #3 is the button
Seat 3: theduckybaby ($363.37 in chips)
Seat 5: Luanto 14 ($122.66 in chips)
theduckybaby: posts small blind $1
Luanto 14: posts big blind $3
*** HOLE CARDS ***
theduckybaby: folds
Uncalled bet ($2) returned to Luanto 14
Luanto 14 collected $2 from pot
Luanto 14: doesn't show hand
*** SUMMARY ***
Total pot $2 | Rake $0
Seat 3: theduckybaby (button) (small blind) folded before Flop
Seat 5: Luanto 14 (big blind) collected ($2)


PokerStars Hand #160023900886:  Hold'em Limit ($3/$6 USD) - 2016/10/16 15:04:03 ET
Table 'Danubia' 6-max Seat #5 is the button
Seat 3: theduckybaby ($366.37 in chips)
Seat 5: Luanto 14 ($119.66 in chips)
Luanto 14: posts small blind $1
theduckybaby: posts big blind $3
*** HOLE CARDS ***
Luanto 14: raises $3 to $6
theduckybaby: folds
Uncalled bet ($3) returned to Luanto 14
Luanto 14 collected $6 from pot
Luanto 14: doesn't show hand
*** SUMMARY ***
Total pot $6 | Rake $0
Seat 3: theduckybaby (big blind) folded before Flop
Seat 5: Luanto 14 (button) (small blind) collected ($6)


PokerStars Hand #160023878928:  Hold'em Limit ($3/$6 USD) - 2016/10/16 15:03:42 ET
Table 'Danubia' 6-max Seat #3 is the button
Seat 3: theduckybaby ($348.87 in chips)
Seat 5: Luanto 14 ($137.66 in chips)
theduckybaby: posts small blind $1
Luanto 14: posts big blind $3
*** HOLE CARDS ***
theduckybaby: raises $3 to $6
Luanto 14: calls $3
*** FLOP *** [3c Jd 8c]
Luanto 14: checks
theduckybaby: bets $3
Luanto 14: raises $3 to $6
theduckybaby: calls $3
*** TURN *** [3c Jd 8c] [Td]
Luanto 14: bets $6
theduckybaby: raises $6 to $12
Luanto 14: folds
Uncalled bet ($6) returned to theduckybaby
theduckybaby collected $35.50 from pot
theduckybaby: doesn't show hand
*** SUMMARY ***
Total pot $36 | Rake $0.50
Board [3c Jd 8c Td]
Seat 3: theduckybaby (button) (small blind) collected ($35.50)
Seat 5: Luanto 14 (big blind) folded on the Turn


