PokerStars Hand #151127030069:  Hold'em Limit ($3/$6 USD) - 2016/03/29 14:42:09 ET
Table 'Danubia' 6-max Seat #4 is the button
Seat 3: Mizt3r X ($126.73 in chips)
Seat 4: AzureCaper ($73 in chips)
AzureCaper: posts small blind $1
Mizt3r X: posts big blind $3
*** HOLE CARDS ***
AzureCaper: raises $3 to $6
Mizt3r X: folds
Uncalled bet ($3) returned to AzureCaper
AzureCaper collected $6 from pot
AzureCaper: doesn't show hand
*** SUMMARY ***
Total pot $6 | Rake $0
Seat 3: Mizt3r X (big blind) folded before Flop
Seat 4: AzureCaper (button) (small blind) collected ($6)


PokerStars Hand #151127025806:  Hold'em Limit ($3/$6 USD) - 2016/03/29 14:42:05 ET
Table 'Danubia' 6-max Seat #3 is the button
Seat 3: Mizt3r X ($127.73 in chips)
Seat 4: AzureCaper ($72 in chips)
Mizt3r X: posts small blind $1
AzureCaper: posts big blind $3
*** HOLE CARDS ***
Mizt3r X: folds
Uncalled bet ($2) returned to AzureCaper
AzureCaper collected $2 from pot
AzureCaper: doesn't show hand
*** SUMMARY ***
Total pot $2 | Rake $0
Seat 3: Mizt3r X (button) (small blind) folded before Flop
Seat 4: AzureCaper (big blind) collected ($2)


PokerStars Hand #151127021822:  Hold'em Limit ($3/$6 USD) - 2016/03/29 14:42:01 ET
Table 'Danubia' 6-max Seat #4 is the button
Seat 3: Mizt3r X ($126.73 in chips)
Seat 4: AzureCaper ($72 in chips)
AzureCaper: posts small blind $1
Mizt3r X: posts big blind $3
*** HOLE CARDS ***
AzureCaper: folds
Uncalled bet ($2) returned to Mizt3r X
Mizt3r X collected $2 from pot
*** SUMMARY ***
Total pot $2 | Rake $0
Seat 3: Mizt3r X (big blind) collected ($2)
Seat 4: AzureCaper (button) (small blind) folded before Flop


PokerStars Hand #151127011467:  Hold'em Limit ($3/$6 USD) - 2016/03/29 14:41:50 ET
Table 'Danubia' 6-max Seat #3 is the button
Seat 3: Mizt3r X ($120.97 in chips)
Seat 4: AzureCaper ($76 in chips)
Mizt3r X: posts small blind $1
AzureCaper: posts big blind $3
*** HOLE CARDS ***
Mizt3r X: raises $3 to $6
AzureCaper: calls $3
*** FLOP *** [Js Ad 6h]
AzureCaper: checks
Mizt3r X: bets $3
AzureCaper: folds
Uncalled bet ($3) returned to Mizt3r X
Mizt3r X collected $11.76 from pot
*** SUMMARY ***
Total pot $12 | Rake $0.24
Board [Js Ad 6h]
Seat 3: Mizt3r X (button) (small blind) collected ($11.76)
Seat 4: AzureCaper (big blind) folded on the Flop


PokerStars Hand #151127006147:  Hold'em Limit ($3/$6 USD) - 2016/03/29 14:41:44 ET
Table 'Danubia' 6-max Seat #4 is the button
Seat 3: Mizt3r X ($123.97 in chips)
Seat 4: AzureCaper ($73 in chips)
AzureCaper: posts small blind $1
Mizt3r X: posts big blind $3
*** HOLE CARDS ***
AzureCaper: raises $3 to $6
Mizt3r X: folds
Uncalled bet ($3) returned to AzureCaper
AzureCaper collected $6 from pot
*** SUMMARY ***
Total pot $6 | Rake $0
Seat 3: Mizt3r X (big blind) folded before Flop
Seat 4: AzureCaper (button) (small blind) collected ($6)


PokerStars Hand #151127001055:  Hold'em Limit ($3/$6 USD) - 2016/03/29 14:41:39 ET
Table 'Danubia' 6-max Seat #3 is the button
Seat 3: Mizt3r X ($124.97 in chips)
Seat 4: AzureCaper ($72 in chips)
Mizt3r X: posts small blind $1
AzureCaper: posts big blind $3
*** HOLE CARDS ***
Mizt3r X: folds
Uncalled bet ($2) returned to AzureCaper
AzureCaper collected $2 from pot
*** SUMMARY ***
Total pot $2 | Rake $0
Seat 3: Mizt3r X (button) (small blind) folded before Flop
Seat 4: AzureCaper (big blind) collected ($2)


PokerStars Hand #151127086648:  Hold'em Limit ($3/$6 USD) - 2016/03/29 14:43:08 ET
Table 'Danubia' 6-max Seat #4 is the button
Seat 3: Mizt3r X ($141.23 in chips)
Seat 4: AzureCaper ($72 in chips)
AzureCaper: posts small blind $1
Mizt3r X: posts big blind $3
*** HOLE CARDS ***
AzureCaper: raises $3 to $6
Mizt3r X: folds
Uncalled bet ($3) returned to AzureCaper
AzureCaper collected $6 from pot
AzureCaper: doesn't show hand
*** SUMMARY ***
Total pot $6 | Rake $0
Seat 3: Mizt3r X (big blind) folded before Flop
Seat 4: AzureCaper (button) (small blind) collected ($6)


PokerStars Hand #151127080187:  Hold'em Limit ($3/$6 USD) - 2016/03/29 14:43:01 ET
Table 'Danubia' 6-max Seat #3 is the button
Seat 3: Mizt3r X ($138.23 in chips)
Seat 4: AzureCaper ($75 in chips)
Mizt3r X: posts small blind $1
AzureCaper: posts big blind $3
*** HOLE CARDS ***
Mizt3r X: raises $3 to $6
AzureCaper: folds
Uncalled bet ($3) returned to Mizt3r X
Mizt3r X collected $6 from pot
*** SUMMARY ***
Total pot $6 | Rake $0
Seat 3: Mizt3r X (button) (small blind) collected ($6)
Seat 4: AzureCaper (big blind) folded before Flop


PokerStars Hand #151127073100:  Hold'em Limit ($3/$6 USD) - 2016/03/29 14:42:54 ET
Table 'Danubia' 6-max Seat #4 is the button
Seat 3: Mizt3r X ($141.23 in chips)
Seat 4: AzureCaper ($72 in chips)
AzureCaper: posts small blind $1
Mizt3r X: posts big blind $3
*** HOLE CARDS ***
AzureCaper: raises $3 to $6
Mizt3r X: folds
Uncalled bet ($3) returned to AzureCaper
AzureCaper collected $6 from pot
AzureCaper: doesn't show hand
*** SUMMARY ***
Total pot $6 | Rake $0
Seat 3: Mizt3r X (big blind) folded before Flop
Seat 4: AzureCaper (button) (small blind) collected ($6)


PokerStars Hand #151127053956:  Hold'em Limit ($3/$6 USD) - 2016/03/29 14:42:34 ET
Table 'Danubia' 6-max Seat #3 is the button
Seat 3: Mizt3r X ($120.73 in chips)
Seat 4: AzureCaper ($78.76 in chips)
Mizt3r X: posts small blind $1
AzureCaper: posts big blind $3
*** HOLE CARDS ***
Mizt3r X: raises $3 to $6
AzureCaper: calls $3
*** FLOP *** [8d 8s Qs]
AzureCaper: checks
Mizt3r X: bets $3
AzureCaper: calls $3
*** TURN *** [8d 8s Qs] [Kd]
AzureCaper: checks
Mizt3r X: bets $6
AzureCaper: calls $6
*** RIVER *** [8d 8s Qs Kd] [7h]
AzureCaper: checks
Mizt3r X: bets $6
AzureCaper: calls $6
*** SHOW DOWN ***
Mizt3r X: shows [Jh 8h] (three of a kind, Eights)
AzureCaper: mucks hand
Mizt3r X collected $41.50 from pot
*** SUMMARY ***
Total pot $42 | Rake $0.50
Board [8d 8s Qs Kd 7h]
Seat 3: Mizt3r X (button) (small blind) showed [Jh 8h] and won ($41.50) with three of a kind, Eights
Seat 4: AzureCaper (big blind) mucked


PokerStars Hand #151127040161:  Hold'em Limit ($3/$6 USD) - 2016/03/29 14:42:20 ET
Table 'Danubia' 6-max Seat #4 is the button
Seat 3: Mizt3r X ($126.73 in chips)
Seat 4: AzureCaper ($73 in chips)
AzureCaper: posts small blind $1
Mizt3r X: posts big blind $3
*** HOLE CARDS ***
AzureCaper: raises $3 to $6
Mizt3r X: calls $3
*** FLOP *** [6c Ad 3s]
Mizt3r X: checks
AzureCaper: bets $3
Mizt3r X: folds
Uncalled bet ($3) returned to AzureCaper
AzureCaper collected $11.76 from pot
AzureCaper: doesn't show hand
*** SUMMARY ***
Total pot $12 | Rake $0.24
Board [6c Ad 3s]
Seat 3: Mizt3r X (big blind) folded on the Flop
Seat 4: AzureCaper (button) (small blind) collected ($11.76)


PokerStars Hand #151127035855:  Hold'em Limit ($3/$6 USD) - 2016/03/29 14:42:15 ET
Table 'Danubia' 6-max Seat #3 is the button
Seat 3: Mizt3r X ($123.73 in chips)
Seat 4: AzureCaper ($76 in chips)
Mizt3r X: posts small blind $1
AzureCaper: posts big blind $3
*** HOLE CARDS ***
Mizt3r X: raises $3 to $6
AzureCaper: folds
Uncalled bet ($3) returned to Mizt3r X
Mizt3r X collected $6 from pot
*** SUMMARY ***
Total pot $6 | Rake $0
Seat 3: Mizt3r X (button) (small blind) collected ($6)
Seat 4: AzureCaper (big blind) folded before Flop


PokerStars Hand #151127142581:  Hold'em Limit ($3/$6 USD) - 2016/03/29 14:44:05 ET
Table 'Danubia' 6-max Seat #3 is the button
Seat 3: Mizt3r X ($156.37 in chips)
Seat 4: AzureCaper ($72 in chips)
Mizt3r X: posts small blind $1
AzureCaper: posts big blind $3
*** HOLE CARDS ***
Mizt3r X: raises $3 to $6
AzureCaper: raises $3 to $9
Mizt3r X: calls $3
*** FLOP *** [7d 2h Ts]
AzureCaper: bets $3
Mizt3r X: folds
Uncalled bet ($3) returned to AzureCaper
AzureCaper collected $17.64 from pot
AzureCaper: doesn't show hand
*** SUMMARY ***
Total pot $18 | Rake $0.36
Board [7d 2h Ts]
Seat 3: Mizt3r X (button) (small blind) folded on the Flop
Seat 4: AzureCaper (big blind) collected ($17.64)


PokerStars Hand #151127138194:  Hold'em Limit ($3/$6 USD) - 2016/03/29 14:44:01 ET
Table 'Danubia' 6-max Seat #4 is the button
Seat 3: Mizt3r X ($155.37 in chips)
Seat 4: AzureCaper ($73 in chips)
AzureCaper: posts small blind $1
Mizt3r X: posts big blind $3
*** HOLE CARDS ***
AzureCaper: folds
Uncalled bet ($2) returned to Mizt3r X
Mizt3r X collected $2 from pot
*** SUMMARY ***
Total pot $2 | Rake $0
Seat 3: Mizt3r X (big blind) collected ($2)
Seat 4: AzureCaper (button) (small blind) folded before Flop


PokerStars Hand #151127134073:  Hold'em Limit ($3/$6 USD) - 2016/03/29 14:43:57 ET
Table 'Danubia' 6-max Seat #3 is the button
Seat 3: Mizt3r X ($156.37 in chips)
Seat 4: AzureCaper ($72 in chips)
Mizt3r X: posts small blind $1
AzureCaper: posts big blind $3
*** HOLE CARDS ***
Mizt3r X: folds
Uncalled bet ($2) returned to AzureCaper
AzureCaper collected $2 from pot
AzureCaper: doesn't show hand
*** SUMMARY ***
Total pot $2 | Rake $0
Seat 3: Mizt3r X (button) (small blind) folded before Flop
Seat 4: AzureCaper (big blind) collected ($2)


PokerStars Hand #151127125933:  Hold'em Limit ($3/$6 USD) - 2016/03/29 14:43:48 ET
Table 'Danubia' 6-max Seat #4 is the button
Seat 3: Mizt3r X ($147.73 in chips)
Seat 4: AzureCaper ($80.64 in chips)
AzureCaper: posts small blind $1
Mizt3r X: posts big blind $3
*** HOLE CARDS ***
AzureCaper: raises $3 to $6
Mizt3r X: raises $3 to $9
AzureCaper: calls $3
*** FLOP *** [6c 9d 8h]
Mizt3r X: bets $3
AzureCaper: folds
Uncalled bet ($3) returned to Mizt3r X
Mizt3r X collected $17.64 from pot
*** SUMMARY ***
Total pot $18 | Rake $0.36
Board [6c 9d 8h]
Seat 3: Mizt3r X (big blind) collected ($17.64)
Seat 4: AzureCaper (button) (small blind) folded on the Flop


PokerStars Hand #151127115818:  Hold'em Limit ($3/$6 USD) - 2016/03/29 14:43:38 ET
Table 'Danubia' 6-max Seat #3 is the button
Seat 3: Mizt3r X ($156.73 in chips)
Seat 4: AzureCaper ($72 in chips)
Mizt3r X: posts small blind $1
AzureCaper: posts big blind $3
*** HOLE CARDS ***
Mizt3r X: raises $3 to $6
AzureCaper: raises $3 to $9
Mizt3r X: calls $3
*** FLOP *** [3h 9d 3d]
AzureCaper: bets $3
Mizt3r X: folds
Uncalled bet ($3) returned to AzureCaper
AzureCaper collected $17.64 from pot
AzureCaper: doesn't show hand
*** SUMMARY ***
Total pot $18 | Rake $0.36
Board [3h 9d 3d]
Seat 3: Mizt3r X (button) (small blind) folded on the Flop
Seat 4: AzureCaper (big blind) collected ($17.64)


PokerStars Hand #151127110079:  Hold'em Limit ($3/$6 USD) - 2016/03/29 14:43:32 ET
Table 'Danubia' 6-max Seat #4 is the button
Seat 3: Mizt3r X ($155.73 in chips)
Seat 4: AzureCaper ($72 in chips)
AzureCaper: posts small blind $1
Mizt3r X: posts big blind $3
*** HOLE CARDS ***
AzureCaper: folds
Uncalled bet ($2) returned to Mizt3r X
Mizt3r X collected $2 from pot
*** SUMMARY ***
Total pot $2 | Rake $0
Seat 3: Mizt3r X (big blind) collected ($2)
Seat 4: AzureCaper (button) (small blind) folded before Flop


PokerStars Hand #151127091590:  Hold'em Limit ($3/$6 USD) - 2016/03/29 14:43:13 ET
Table 'Danubia' 6-max Seat #3 is the button
Seat 3: Mizt3r X ($138.23 in chips)
Seat 4: AzureCaper ($75 in chips)
Mizt3r X: posts small blind $1
AzureCaper: posts big blind $3
*** HOLE CARDS ***
Mizt3r X: raises $3 to $6
AzureCaper: raises $3 to $9
Mizt3r X: calls $3
*** FLOP *** [3h 6s 5h]
AzureCaper: bets $3
Mizt3r X: calls $3
*** TURN *** [3h 6s 5h] [8c]
AzureCaper: bets $6
Mizt3r X: calls $6
*** RIVER *** [3h 6s 5h 8c] [5c]
AzureCaper: checks
Mizt3r X: checks
*** SHOW DOWN ***
AzureCaper: shows [Ad Ts] (a pair of Fives)
Mizt3r X: shows [3c Jc] (two pair, Fives and Threes)
Mizt3r X collected $35.50 from pot
*** SUMMARY ***
Total pot $36 | Rake $0.50
Board [3h 6s 5h 8c 5c]
Seat 3: Mizt3r X (button) (small blind) showed [3c Jc] and won ($35.50) with two pair, Fives and Threes
Seat 4: AzureCaper (big blind) showed [Ad Ts] and lost with a pair of Fives


PokerStars Hand #151127176495:  Hold'em Limit ($3/$6 USD) - 2016/03/29 14:44:40 ET
Table 'Danubia' 6-max Seat #3 is the button
Seat 3: Mizt3r X ($120.37 in chips)
Seat 4: AzureCaper ($107.14 in chips)
Mizt3r X: posts small blind $1
AzureCaper: posts big blind $3
*** HOLE CARDS ***
Mizt3r X: raises $3 to $6
AzureCaper: calls $3
*** FLOP *** [4h Ah 9d]
AzureCaper: checks
Mizt3r X: checks
*** TURN *** [4h Ah 9d] [Js]
AzureCaper: checks
Mizt3r X: bets $6
AzureCaper: folds
Uncalled bet ($6) returned to Mizt3r X
Zubasa07 joins the table at seat #5
Mizt3r X collected $11.76 from pot
*** SUMMARY ***
Total pot $12 | Rake $0.24
Board [4h Ah 9d Js]
Seat 3: Mizt3r X (button) (small blind) collected ($11.76)
Seat 4: AzureCaper (big blind) folded on the Turn


PokerStars Hand #151127152396:  Hold'em Limit ($3/$6 USD) - 2016/03/29 14:44:16 ET
Table 'Danubia' 6-max Seat #4 is the button
Seat 3: Mizt3r X ($147.37 in chips)
Seat 4: AzureCaper ($80.64 in chips)
AzureCaper: posts small blind $1
Mizt3r X: posts big blind $3
*** HOLE CARDS ***
AzureCaper: raises $3 to $6
Mizt3r X: raises $3 to $9
AzureCaper: raises $3 to $12
Betting is capped
Mizt3r X: calls $3
*** FLOP *** [Qs 7d Ac]
Mizt3r X: checks
AzureCaper: bets $3
Mizt3r X: calls $3
*** TURN *** [Qs 7d Ac] [2s]
Mizt3r X: checks
AzureCaper: bets $6
Mizt3r X: calls $6
*** RIVER *** [Qs 7d Ac 2s] [9s]
Mizt3r X: checks
AzureCaper: bets $6
Mizt3r X: calls $6
*** SHOW DOWN ***
AzureCaper: shows [Qc Ah] (two pair, Aces and Queens)
Mizt3r X: mucks hand
AzureCaper collected $53.50 from pot
*** SUMMARY ***
Total pot $54 | Rake $0.50
Board [Qs 7d Ac 2s 9s]
Seat 3: Mizt3r X (big blind) mucked
Seat 4: AzureCaper (button) (small blind) showed [Qc Ah] and won ($53.50) with two pair, Aces and Queens


