PokerStars Hand #146041529418:  Hold'em Limit ($3/$6 USD) - 2015/12/27 23:00:56 ET
Table 'Dardanos' 2-max Seat #1 is the button
Seat 1: NEST201300 ($111.76 in chips)
Seat 2: ChrisTuff ($127.50 in chips)
NEST201300: posts small blind $1
ChrisTuff: posts big blind $3
*** HOLE CARDS ***
NEST201300: calls $2
ChrisTuff: raises $3 to $6
NEST201300: calls $3
*** FLOP *** [5d 9c 6d]
ChrisTuff: bets $3
NEST201300: calls $3
*** TURN *** [5d 9c 6d] [Kd]
ChrisTuff: bets $6
NEST201300: folds
Uncalled bet ($6) returned to ChrisTuff
ChrisTuff collected $17.64 from pot
ChrisTuff: doesn't show hand
*** SUMMARY ***
Total pot $18 | Rake $0.36
Board [5d 9c 6d Kd]
Seat 1: NEST201300 (button) (small blind) folded on the Turn
Seat 2: ChrisTuff (big blind) collected ($17.64)


PokerStars Hand #146041528023:  Hold'em Limit ($3/$6 USD) - 2015/12/27 23:00:52 ET
Table 'Dardanos' 2-max Seat #2 is the button
Seat 1: NEST201300 ($110.76 in chips)
Seat 2: ChrisTuff ($128.50 in chips)
ChrisTuff: posts small blind $1
NEST201300: posts big blind $3
*** HOLE CARDS ***
ChrisTuff: folds
Uncalled bet ($2) returned to NEST201300
NEST201300 collected $2 from pot
NEST201300: doesn't show hand
*** SUMMARY ***
Total pot $2 | Rake $0
Seat 1: NEST201300 (big blind) collected ($2)
Seat 2: ChrisTuff (button) (small blind) folded before Flop


PokerStars Hand #146041524236:  Hold'em Limit ($3/$6 USD) - 2015/12/27 23:00:40 ET
Table 'Dardanos' 2-max Seat #1 is the button
Seat 1: NEST201300 ($105 in chips)
Seat 2: ChrisTuff ($134.50 in chips)
NEST201300: posts small blind $1
ChrisTuff: posts big blind $3
*** HOLE CARDS ***
NEST201300: raises $3 to $6
ChrisTuff: calls $3
*** FLOP *** [4c 2s Qc]
ChrisTuff: checks
NEST201300: bets $3
ChrisTuff: folds
Uncalled bet ($3) returned to NEST201300
NEST201300 collected $11.76 from pot
NEST201300: doesn't show hand
*** SUMMARY ***
Total pot $12 | Rake $0.24
Board [4c 2s Qc]
Seat 1: NEST201300 (button) (small blind) collected ($11.76)
Seat 2: ChrisTuff (big blind) folded on the Flop


PokerStars Hand #146041512564:  Hold'em Limit ($3/$6 USD) - 2015/12/27 23:00:04 ET
Table 'Dardanos' 2-max Seat #2 is the button
Seat 1: NEST201300 ($120 in chips)
Seat 2: ChrisTuff ($120 in chips)
ChrisTuff: posts small blind $1
NEST201300: posts big blind $3
*** HOLE CARDS ***
ChrisTuff: raises $3 to $6
NEST201300: calls $3
*** FLOP *** [As 5s 4d]
NEST201300: checks
ChrisTuff: bets $3
NEST201300: calls $3
*** TURN *** [As 5s 4d] [8h]
NEST201300: checks
ChrisTuff: checks
*** RIVER *** [As 5s 4d 8h] [Kh]
NEST201300: bets $6
ChrisTuff: calls $6
*** SHOW DOWN ***
NEST201300: shows [3s Td] (high card Ace)
ChrisTuff: shows [Tc Kd] (a pair of Kings)
ChrisTuff collected $29.50 from pot
*** SUMMARY ***
Total pot $30 | Rake $0.50
Board [As 5s 4d 8h Kh]
Seat 1: NEST201300 (big blind) showed [3s Td] and lost with high card Ace
Seat 2: ChrisTuff (button) (small blind) showed [Tc Kd] and won ($29.50) with a pair of Kings


PokerStars Hand #146041553575:  Hold'em Limit ($3/$6 USD) - 2015/12/27 23:02:06 ET
Table 'Dardanos' 2-max Seat #2 is the button
Seat 1: NEST201300 ($102.26 in chips)
Seat 2: ChrisTuff ($135.64 in chips)
ChrisTuff: posts small blind $1
NEST201300: posts big blind $3
*** HOLE CARDS ***
ChrisTuff: raises $3 to $6
NEST201300: raises $3 to $9
ChrisTuff: raises $3 to $12
Betting is capped
NEST201300: calls $3
*** FLOP *** [5s Kh 2d]
NEST201300: bets $3
ChrisTuff: calls $3
*** TURN *** [5s Kh 2d] [Qh]
NEST201300: bets $6
ChrisTuff: raises $6 to $12
NEST201300: calls $6
*** RIVER *** [5s Kh 2d Qh] [Qs]
NEST201300: checks
ChrisTuff: bets $6
NEST201300: calls $6
*** SHOW DOWN ***
ChrisTuff: shows [Kc Ad] (two pair, Kings and Queens)
NEST201300: mucks hand
ChrisTuff collected $65.50 from pot
*** SUMMARY ***
Total pot $66 | Rake $0.50
Board [5s Kh 2d Qh Qs]
Seat 1: NEST201300 (big blind) mucked
Seat 2: ChrisTuff (button) (small blind) showed [Kc Ad] and won ($65.50) with two pair, Kings and Queens


PokerStars Hand #146041546082:  Hold'em Limit ($3/$6 USD) - 2015/12/27 23:01:45 ET
Table 'Dardanos' 2-max Seat #1 is the button
Seat 1: NEST201300 ($87.76 in chips)
Seat 2: ChrisTuff ($150.64 in chips)
NEST201300: posts small blind $1
ChrisTuff: posts big blind $3
*** HOLE CARDS ***
NEST201300: raises $3 to $6
ChrisTuff: raises $3 to $9
NEST201300: raises $3 to $12
Betting is capped
ChrisTuff: calls $3
*** FLOP *** [Qc 2h Qd]
ChrisTuff: checks
NEST201300: bets $3
ChrisTuff: calls $3
*** TURN *** [Qc 2h Qd] [6d]
ChrisTuff: checks
NEST201300: bets $6
ChrisTuff: folds
Uncalled bet ($6) returned to NEST201300
NEST201300 collected $29.50 from pot
NEST201300: doesn't show hand
*** SUMMARY ***
Total pot $30 | Rake $0.50
Board [Qc 2h Qd 6d]
Seat 1: NEST201300 (button) (small blind) collected ($29.50)
Seat 2: ChrisTuff (big blind) folded on the Turn


PokerStars Hand #146041536204:  Hold'em Limit ($3/$6 USD) - 2015/12/27 23:01:16 ET
Table 'Dardanos' 2-max Seat #2 is the button
Seat 1: NEST201300 ($102.76 in chips)
Seat 2: ChrisTuff ($136.14 in chips)
ChrisTuff: posts small blind $1
NEST201300: posts big blind $3
*** HOLE CARDS ***
ChrisTuff: raises $3 to $6
NEST201300: calls $3
*** FLOP *** [2h 2d Jc]
NEST201300: checks
ChrisTuff: bets $3
NEST201300: calls $3
*** TURN *** [2h 2d Jc] [8h]
NEST201300: checks
ChrisTuff: checks
*** RIVER *** [2h 2d Jc 8h] [8c]
NEST201300: bets $6
ChrisTuff: calls $6
*** SHOW DOWN ***
NEST201300: shows [Th 5d] (two pair, Eights and Deuces)
ChrisTuff: shows [Td Kc] (two pair, Eights and Deuces - King kicker)
ChrisTuff collected $29.50 from pot
*** SUMMARY ***
Total pot $30 | Rake $0.50
Board [2h 2d Jc 8h 8c]
Seat 1: NEST201300 (big blind) showed [Th 5d] and lost with two pair, Eights and Deuces
Seat 2: ChrisTuff (button) (small blind) showed [Td Kc] and won ($29.50) with two pair, Eights and Deuces


PokerStars Hand #146041571477:  Hold'em Limit ($3/$6 USD) - 2015/12/27 23:02:58 ET
Table 'Dardanos' 2-max Seat #1 is the button
Seat 1: NEST201300 ($102.76 in chips)
Seat 2: ChrisTuff ($134.14 in chips)
NEST201300: posts small blind $1
ChrisTuff: posts big blind $3
*** HOLE CARDS ***
NEST201300: raises $3 to $6
ChrisTuff: raises $3 to $9
NEST201300: calls $3
*** FLOP *** [As 9h Jd]
ChrisTuff: bets $3
NEST201300: calls $3
*** TURN *** [As 9h Jd] [5s]
ChrisTuff: checks
NEST201300: bets $6
ChrisTuff: calls $6
*** RIVER *** [As 9h Jd 5s] [Kc]
ChrisTuff: checks
NEST201300: checks
*** SHOW DOWN ***
ChrisTuff: shows [Qh Ks] (a pair of Kings)
NEST201300: mucks hand
ChrisTuff collected $35.50 from pot
*** SUMMARY ***
Total pot $36 | Rake $0.50
Board [As 9h Jd 5s Kc]
Seat 1: NEST201300 (button) (small blind) mucked
Seat 2: ChrisTuff (big blind) showed [Qh Ks] and won ($35.50) with a pair of Kings


PokerStars Hand #146041569613:  Hold'em Limit ($3/$6 USD) - 2015/12/27 23:02:53 ET
Table 'Dardanos' 2-max Seat #2 is the button
Seat 1: NEST201300 ($101.76 in chips)
Seat 2: ChrisTuff ($135.14 in chips)
ChrisTuff: posts small blind $1
NEST201300: posts big blind $3
*** HOLE CARDS ***
ChrisTuff: folds
Uncalled bet ($2) returned to NEST201300
NEST201300 collected $2 from pot
NEST201300: doesn't show hand
*** SUMMARY ***
Total pot $2 | Rake $0
Seat 1: NEST201300 (big blind) collected ($2)
Seat 2: ChrisTuff (button) (small blind) folded before Flop


PokerStars Hand #146041560264:  Hold'em Limit ($3/$6 USD) - 2015/12/27 23:02:26 ET
Table 'Dardanos' 2-max Seat #1 is the button
Seat 1: NEST201300 ($69.26 in chips)
Seat 2: ChrisTuff ($168.14 in chips)
NEST201300: posts small blind $1
ChrisTuff: posts big blind $3
*** HOLE CARDS ***
NEST201300: raises $3 to $6
ChrisTuff: calls $3
*** FLOP *** [8c 7s 8s]
ChrisTuff: checks
NEST201300: bets $3
ChrisTuff: calls $3
*** TURN *** [8c 7s 8s] [Ah]
ChrisTuff: checks
NEST201300: bets $6
ChrisTuff: raises $6 to $12
NEST201300: raises $6 to $18
ChrisTuff: calls $6
*** RIVER *** [8c 7s 8s Ah] [3d]
ChrisTuff: checks
NEST201300: bets $6
ChrisTuff: calls $6
*** SHOW DOWN ***
NEST201300: shows [8d 9h] (three of a kind, Eights)
ChrisTuff: mucks hand
NEST201300 collected $65.50 from pot
*** SUMMARY ***
Total pot $66 | Rake $0.50
Board [8c 7s 8s Ah 3d]
Seat 1: NEST201300 (button) (small blind) showed [8d 9h] and won ($65.50) with three of a kind, Eights
Seat 2: ChrisTuff (big blind) mucked


PokerStars Hand #146041592933:  Hold'em Limit ($3/$6 USD) - 2015/12/27 23:03:59 ET
Table 'Dardanos' 2-max Seat #1 is the button
Seat 1: NEST201300 ($93.40 in chips)
Seat 2: ChrisTuff ($142.64 in chips)
NEST201300: posts small blind $1
ChrisTuff: posts big blind $3
*** HOLE CARDS ***
NEST201300: raises $3 to $6
ChrisTuff: calls $3
*** FLOP *** [6h 2h 7s]
ChrisTuff: checks
NEST201300: bets $3
ChrisTuff: calls $3
*** TURN *** [6h 2h 7s] [As]
ChrisTuff: checks
NEST201300: bets $6
ChrisTuff: folds
Uncalled bet ($6) returned to NEST201300
NEST201300 collected $17.64 from pot
NEST201300: doesn't show hand
*** SUMMARY ***
Total pot $18 | Rake $0.36
Board [6h 2h 7s As]
Seat 1: NEST201300 (button) (small blind) collected ($17.64)
Seat 2: ChrisTuff (big blind) folded on the Turn


PokerStars Hand #146041582846:  Hold'em Limit ($3/$6 USD) - 2015/12/27 23:03:31 ET
Table 'Dardanos' 2-max Seat #2 is the button
Seat 1: NEST201300 ($84.76 in chips)
Seat 2: ChrisTuff ($151.64 in chips)
ChrisTuff: posts small blind $1
NEST201300: posts big blind $3
*** HOLE CARDS ***
ChrisTuff: raises $3 to $6
NEST201300: raises $3 to $9
ChrisTuff: calls $3
*** FLOP *** [7s Ac 8c]
NEST201300: bets $3
ChrisTuff: folds
Uncalled bet ($3) returned to NEST201300
NEST201300 collected $17.64 from pot
NEST201300: doesn't show hand
*** SUMMARY ***
Total pot $18 | Rake $0.36
Board [7s Ac 8c]
Seat 1: NEST201300 (big blind) collected ($17.64)
Seat 2: ChrisTuff (button) (small blind) folded on the Flop


PokerStars Hand #146041620542:  Hold'em Limit ($3/$6 USD) - 2015/12/27 23:05:18 ET
Table 'Dardanos' 2-max Seat #2 is the button
Seat 1: NEST201300 ($81.04 in chips)
Seat 2: ChrisTuff ($154.14 in chips)
ChrisTuff: posts small blind $1
NEST201300: posts big blind $3
*** HOLE CARDS ***
ChrisTuff: folds
Uncalled bet ($2) returned to NEST201300
NEST201300 collected $2 from pot
NEST201300: doesn't show hand
*** SUMMARY ***
Total pot $2 | Rake $0
Seat 1: NEST201300 (big blind) collected ($2)
Seat 2: ChrisTuff (button) (small blind) folded before Flop


PokerStars Hand #146041618320:  Hold'em Limit ($3/$6 USD) - 2015/12/27 23:05:12 ET
Table 'Dardanos' 2-max Seat #1 is the button
Seat 1: NEST201300 ($78.04 in chips)
Seat 2: ChrisTuff ($157.14 in chips)
NEST201300: posts small blind $1
ChrisTuff: posts big blind $3
*** HOLE CARDS ***
NEST201300: raises $3 to $6
ChrisTuff: folds
Uncalled bet ($3) returned to NEST201300
NEST201300 collected $6 from pot
NEST201300: doesn't show hand
*** SUMMARY ***
Total pot $6 | Rake $0
Seat 1: NEST201300 (button) (small blind) collected ($6)
Seat 2: ChrisTuff (big blind) folded before Flop


PokerStars Hand #146041603588:  Hold'em Limit ($3/$6 USD) - 2015/12/27 23:04:30 ET
Table 'Dardanos' 2-max Seat #2 is the button
Seat 1: NEST201300 ($102.04 in chips)
Seat 2: ChrisTuff ($133.64 in chips)
ChrisTuff: posts small blind $1
NEST201300: posts big blind $3
*** HOLE CARDS ***
ChrisTuff: raises $3 to $6
NEST201300: calls $3
*** FLOP *** [8c Qs 7s]
NEST201300: checks
ChrisTuff: bets $3
NEST201300: raises $3 to $6
ChrisTuff: calls $3
*** TURN *** [8c Qs 7s] [Kh]
NEST201300: bets $6
ChrisTuff: raises $6 to $12
NEST201300: calls $6
*** RIVER *** [8c Qs 7s Kh] [Jh]
NEST201300: checks
ChrisTuff: bets $6
NEST201300: folds
Uncalled bet ($6) returned to ChrisTuff
ChrisTuff collected $47.50 from pot
ChrisTuff: doesn't show hand
*** SUMMARY ***
Total pot $48 | Rake $0.50
Board [8c Qs 7s Kh Jh]
Seat 1: NEST201300 (big blind) folded on the River
Seat 2: ChrisTuff (button) (small blind) collected ($47.50)


PokerStars Hand #146041641999:  Hold'em Limit ($3/$6 USD) - 2015/12/27 23:06:21 ET
Table 'Dardanos' 2-max Seat #1 is the button
Seat 1: NEST201300 ($56.68 in chips)
Seat 2: ChrisTuff ($177.40 in chips)
NEST201300: posts small blind $1
ChrisTuff: posts big blind $3
*** HOLE CARDS ***
NEST201300: raises $3 to $6
ChrisTuff: folds
Uncalled bet ($3) returned to NEST201300
NEST201300 collected $6 from pot
NEST201300: doesn't show hand
*** SUMMARY ***
Total pot $6 | Rake $0
Seat 1: NEST201300 (button) (small blind) collected ($6)
Seat 2: ChrisTuff (big blind) folded before Flop


PokerStars Hand #146041638713:  Hold'em Limit ($3/$6 USD) - 2015/12/27 23:06:11 ET
Table 'Dardanos' 2-max Seat #2 is the button
Seat 1: NEST201300 ($48.04 in chips)
Seat 2: ChrisTuff ($186.40 in chips)
ChrisTuff: posts small blind $1
NEST201300: posts big blind $3
*** HOLE CARDS ***
ChrisTuff: raises $3 to $6
NEST201300: raises $3 to $9
ChrisTuff: calls $3
*** FLOP *** [2d 8h Jc]
NEST201300: bets $3
ChrisTuff: folds
Uncalled bet ($3) returned to NEST201300
NEST201300 collected $17.64 from pot
NEST201300: doesn't show hand
*** SUMMARY ***
Total pot $18 | Rake $0.36
Board [2d 8h Jc]
Seat 1: NEST201300 (big blind) collected ($17.64)
Seat 2: ChrisTuff (button) (small blind) folded on the Flop


PokerStars Hand #146041632878:  Hold'em Limit ($3/$6 USD) - 2015/12/27 23:05:54 ET
Table 'Dardanos' 2-max Seat #1 is the button
Seat 1: NEST201300 ($75.04 in chips)
Seat 2: ChrisTuff ($159.90 in chips)
NEST201300: posts small blind $1
ChrisTuff: posts big blind $3
*** HOLE CARDS ***
NEST201300: raises $3 to $6
ChrisTuff: calls $3
*** FLOP *** [Tc Kh 6d]
ChrisTuff: checks
NEST201300: bets $3
ChrisTuff: calls $3
*** TURN *** [Tc Kh 6d] [5d]
ChrisTuff: checks
NEST201300: bets $6
ChrisTuff: calls $6
*** RIVER *** [Tc Kh 6d 5d] [2d]
ChrisTuff: checks
NEST201300: bets $6
ChrisTuff: raises $6 to $12
NEST201300: calls $6
*** SHOW DOWN ***
ChrisTuff: shows [8d Jd] (a flush, Jack high)
NEST201300: mucks hand
ChrisTuff collected $53.50 from pot
*** SUMMARY ***
Total pot $54 | Rake $0.50
Board [Tc Kh 6d 5d 2d]
Seat 1: NEST201300 (button) (small blind) mucked
Seat 2: ChrisTuff (big blind) showed [8d Jd] and won ($53.50) with a flush, Jack high


PokerStars Hand #146041624825:  Hold'em Limit ($3/$6 USD) - 2015/12/27 23:05:31 ET
Table 'Dardanos' 2-max Seat #2 is the button
Seat 1: NEST201300 ($81.04 in chips)
Seat 2: ChrisTuff ($154.14 in chips)
ChrisTuff: posts small blind $1
NEST201300: posts big blind $3
*** HOLE CARDS ***
ChrisTuff: raises $3 to $6
NEST201300: calls $3
*** FLOP *** [2c Kc 4d]
NEST201300: checks
ChrisTuff: bets $3
NEST201300: folds
Uncalled bet ($3) returned to ChrisTuff
ChrisTuff collected $11.76 from pot
*** SUMMARY ***
Total pot $12 | Rake $0.24
Board [2c Kc 4d]
Seat 1: NEST201300 (big blind) folded on the Flop
Seat 2: ChrisTuff (button) (small blind) collected ($11.76)


PokerStars Hand #146041622958:  Hold'em Limit ($3/$6 USD) - 2015/12/27 23:05:25 ET
Table 'Dardanos' 2-max Seat #1 is the button
Seat 1: NEST201300 ($82.04 in chips)
Seat 2: ChrisTuff ($153.14 in chips)
NEST201300: posts small blind $1
ChrisTuff: posts big blind $3
*** HOLE CARDS ***
NEST201300: folds
Uncalled bet ($2) returned to ChrisTuff
ChrisTuff collected $2 from pot
ChrisTuff: doesn't show hand
*** SUMMARY ***
Total pot $2 | Rake $0
Seat 1: NEST201300 (button) (small blind) folded before Flop
Seat 2: ChrisTuff (big blind) collected ($2)


PokerStars Hand #146041657791:  Hold'em Limit ($3/$6 USD) - 2015/12/27 23:07:06 ET
Table 'Dardanos' 2-max Seat #2 is the button
Seat 1: NEST201300 ($82.18 in chips)
Seat 2: ChrisTuff ($151.40 in chips)
ChrisTuff: posts small blind $1
NEST201300: posts big blind $3
*** HOLE CARDS ***
ChrisTuff: raises $3 to $6
NEST201300: folds
Uncalled bet ($3) returned to ChrisTuff
ChrisTuff collected $6 from pot
ChrisTuff: doesn't show hand
*** SUMMARY ***
Total pot $6 | Rake $0
Seat 1: NEST201300 (big blind) folded before Flop
Seat 2: ChrisTuff (button) (small blind) collected ($6)


PokerStars Hand #146041655870:  Hold'em Limit ($3/$6 USD) - 2015/12/27 23:07:01 ET
Table 'Dardanos' 2-max Seat #1 is the button
Seat 1: NEST201300 ($83.18 in chips)
Seat 2: ChrisTuff ($150.40 in chips)
NEST201300: posts small blind $1
ChrisTuff: posts big blind $3
*** HOLE CARDS ***
NEST201300: folds
Uncalled bet ($2) returned to ChrisTuff
ChrisTuff collected $2 from pot
ChrisTuff: doesn't show hand
*** SUMMARY ***
Total pot $2 | Rake $0
Seat 1: NEST201300 (button) (small blind) folded before Flop
Seat 2: ChrisTuff (big blind) collected ($2)


PokerStars Hand #146041644686:  Hold'em Limit ($3/$6 USD) - 2015/12/27 23:06:29 ET
Table 'Dardanos' 2-max Seat #2 is the button
Seat 1: NEST201300 ($59.68 in chips)
Seat 2: ChrisTuff ($174.40 in chips)
ChrisTuff: posts small blind $1
NEST201300: posts big blind $3
*** HOLE CARDS ***
ChrisTuff: raises $3 to $6
NEST201300: calls $3
*** FLOP *** [4c Qh 5c]
NEST201300: checks
ChrisTuff: bets $3
NEST201300: raises $3 to $6
ChrisTuff: calls $3
*** TURN *** [4c Qh 5c] [2c]
NEST201300: bets $6
ChrisTuff: calls $6
*** RIVER *** [4c Qh 5c 2c] [Ah]
NEST201300: bets $6
ChrisTuff: calls $6
*** SHOW DOWN ***
NEST201300: shows [3d Kc] (a straight, Ace to Five)
ChrisTuff: mucks hand
NEST201300 collected $47.50 from pot
*** SUMMARY ***
Total pot $48 | Rake $0.50
Board [4c Qh 5c 2c Ah]
Seat 1: NEST201300 (big blind) showed [3d Kc] and won ($47.50) with a straight, Ace to Five
Seat 2: ChrisTuff (button) (small blind) mucked


PokerStars Hand #146041679427:  Hold'em Limit ($3/$6 USD) - 2015/12/27 23:08:09 ET
Table 'Dardanos' 2-max Seat #2 is the button
Seat 1: NEST201300 ($72.44 in chips)
Seat 2: ChrisTuff ($159.90 in chips)
ChrisTuff: posts small blind $1
NEST201300: posts big blind $3
*** HOLE CARDS ***
ChrisTuff: raises $3 to $6
NEST201300: calls $3
*** FLOP *** [2c Td 6d]
NEST201300: checks
ChrisTuff: bets $3
NEST201300: folds
Uncalled bet ($3) returned to ChrisTuff
ChrisTuff collected $11.76 from pot
ChrisTuff: doesn't show hand
*** SUMMARY ***
Total pot $12 | Rake $0.24
Board [2c Td 6d]
Seat 1: NEST201300 (big blind) folded on the Flop
Seat 2: ChrisTuff (button) (small blind) collected ($11.76)


PokerStars Hand #146041675924:  Hold'em Limit ($3/$6 USD) - 2015/12/27 23:07:59 ET
Table 'Dardanos' 2-max Seat #1 is the button
Seat 1: NEST201300 ($66.68 in chips)
Seat 2: ChrisTuff ($165.90 in chips)
NEST201300: posts small blind $1
ChrisTuff: posts big blind $3
*** HOLE CARDS ***
NEST201300: raises $3 to $6
ChrisTuff: calls $3
*** FLOP *** [4c 6d Td]
ChrisTuff: checks
NEST201300: bets $3
ChrisTuff: folds
Uncalled bet ($3) returned to NEST201300
NEST201300 collected $11.76 from pot
NEST201300: doesn't show hand
*** SUMMARY ***
Total pot $12 | Rake $0.24
Board [4c 6d Td]
Seat 1: NEST201300 (button) (small blind) collected ($11.76)
Seat 2: ChrisTuff (big blind) folded on the Flop


PokerStars Hand #146041669185:  Hold'em Limit ($3/$6 USD) - 2015/12/27 23:07:39 ET
Table 'Dardanos' 2-max Seat #2 is the button
Seat 1: NEST201300 ($99.68 in chips)
Seat 2: ChrisTuff ($133.40 in chips)
ChrisTuff: posts small blind $1
NEST201300: posts big blind $3
*** HOLE CARDS ***
ChrisTuff: raises $3 to $6
NEST201300: calls $3
*** FLOP *** [3h Jh 5d]
NEST201300: checks
ChrisTuff: bets $3
NEST201300: calls $3
*** TURN *** [3h Jh 5d] [2d]
NEST201300: checks
ChrisTuff: bets $6
NEST201300: raises $6 to $12
ChrisTuff: calls $6
*** RIVER *** [3h Jh 5d 2d] [Ad]
NEST201300: bets $6
ChrisTuff: raises $6 to $12
NEST201300: calls $6
*** SHOW DOWN ***
ChrisTuff: shows [4s 5c] (a straight, Ace to Five)
NEST201300: mucks hand
ChrisTuff collected $65.50 from pot
*** SUMMARY ***
Total pot $66 | Rake $0.50
Board [3h Jh 5d 2d Ad]
Seat 1: NEST201300 (big blind) mucked
Seat 2: ChrisTuff (button) (small blind) showed [4s 5c] and won ($65.50) with a straight, Ace to Five


PokerStars Hand #146041660925:  Hold'em Limit ($3/$6 USD) - 2015/12/27 23:07:15 ET
Table 'Dardanos' 2-max Seat #1 is the button
Seat 1: NEST201300 ($79.18 in chips)
Seat 2: ChrisTuff ($154.40 in chips)
NEST201300: posts small blind $1
ChrisTuff: posts big blind $3
*** HOLE CARDS ***
NEST201300: raises $3 to $6
ChrisTuff: calls $3
*** FLOP *** [3c Ah 4h]
ChrisTuff: checks
NEST201300: bets $3
ChrisTuff: raises $3 to $6
NEST201300: raises $3 to $9
ChrisTuff: calls $3
*** TURN *** [3c Ah 4h] [9d]
ChrisTuff: checks
NEST201300: bets $6
ChrisTuff: calls $6
*** RIVER *** [3c Ah 4h 9d] [4s]
ChrisTuff: checks
NEST201300: bets $6
ChrisTuff: folds
Uncalled bet ($6) returned to NEST201300
NEST201300 collected $41.50 from pot
NEST201300: doesn't show hand
*** SUMMARY ***
Total pot $42 | Rake $0.50
Board [3c Ah 4h 9d 4s]
Seat 1: NEST201300 (button) (small blind) collected ($41.50)
Seat 2: ChrisTuff (big blind) folded on the River


PokerStars Hand #146041700766:  Hold'em Limit ($3/$6 USD) - 2015/12/27 23:09:11 ET
Table 'Dardanos' 2-max Seat #1 is the button
Seat 1: NEST201300 ($56.84 in chips)
Seat 2: ChrisTuff ($173.92 in chips)
NEST201300: posts small blind $1
ChrisTuff: posts big blind $3
*** HOLE CARDS ***
NEST201300: raises $3 to $6
ChrisTuff: calls $3
*** FLOP *** [Td 2c 7c]
ChrisTuff: checks
NEST201300: bets $3
ChrisTuff: raises $3 to $6
NEST201300: calls $3
*** TURN *** [Td 2c 7c] [6s]
ChrisTuff: bets $6
NEST201300: calls $6
*** RIVER *** [Td 2c 7c 6s] [9d]
ChrisTuff: checks
NEST201300: checks
*** SHOW DOWN ***
ChrisTuff: shows [Kh 7d] (a pair of Sevens)
NEST201300: mucks hand
ChrisTuff collected $35.50 from pot
*** SUMMARY ***
Total pot $36 | Rake $0.50
Board [Td 2c 7c 6s 9d]
Seat 1: NEST201300 (button) (small blind) mucked
Seat 2: ChrisTuff (big blind) showed [Kh 7d] and won ($35.50) with a pair of Sevens


PokerStars Hand #146041697423:  Hold'em Limit ($3/$6 USD) - 2015/12/27 23:09:01 ET
Table 'Dardanos' 2-max Seat #2 is the button
Seat 1: NEST201300 ($48.20 in chips)
Seat 2: ChrisTuff ($182.92 in chips)
ChrisTuff: posts small blind $1
NEST201300: posts big blind $3
*** HOLE CARDS ***
ChrisTuff: raises $3 to $6
NEST201300: raises $3 to $9
ChrisTuff: calls $3
*** FLOP *** [Ac Qs Jh]
NEST201300: bets $3
ChrisTuff: folds
Uncalled bet ($3) returned to NEST201300
NEST201300 collected $17.64 from pot
NEST201300: doesn't show hand
*** SUMMARY ***
Total pot $18 | Rake $0.36
Board [Ac Qs Jh]
Seat 1: NEST201300 (big blind) collected ($17.64)
Seat 2: ChrisTuff (button) (small blind) folded on the Flop


PokerStars Hand #146041693243:  Hold'em Limit ($3/$6 USD) - 2015/12/27 23:08:49 ET
Table 'Dardanos' 2-max Seat #1 is the button
Seat 1: NEST201300 ($54.20 in chips)
Seat 2: ChrisTuff ($177.16 in chips)
NEST201300: posts small blind $1
ChrisTuff: posts big blind $3
*** HOLE CARDS ***
NEST201300: raises $3 to $6
ChrisTuff: calls $3
*** FLOP *** [Ts Tc 2c]
ChrisTuff: checks
NEST201300: checks
*** TURN *** [Ts Tc 2c] [Qh]
ChrisTuff: bets $6
NEST201300: folds
Uncalled bet ($6) returned to ChrisTuff
ChrisTuff collected $11.76 from pot
ChrisTuff: doesn't show hand
*** SUMMARY ***
Total pot $12 | Rake $0.24
Board [Ts Tc 2c Qh]
Seat 1: NEST201300 (button) (small blind) folded on the Turn
Seat 2: ChrisTuff (big blind) collected ($11.76)


PokerStars Hand #146041688069:  Hold'em Limit ($3/$6 USD) - 2015/12/27 23:08:34 ET
Table 'Dardanos' 2-max Seat #2 is the button
Seat 1: NEST201300 ($72.20 in chips)
Seat 2: ChrisTuff ($159.66 in chips)
ChrisTuff: posts small blind $1
NEST201300: posts big blind $3
*** HOLE CARDS ***
ChrisTuff: raises $3 to $6
NEST201300: raises $3 to $9
ChrisTuff: calls $3
*** FLOP *** [2c 3d As]
NEST201300: bets $3
ChrisTuff: calls $3
*** TURN *** [2c 3d As] [3s]
NEST201300: checks
ChrisTuff: checks
*** RIVER *** [2c 3d As 3s] [8s]
NEST201300: bets $6
ChrisTuff: calls $6
*** SHOW DOWN ***
NEST201300: shows [7h Th] (a pair of Threes)
ChrisTuff: shows [4s Qd] (a pair of Threes - Ace+Queen kicker)
ChrisTuff collected $35.50 from pot
*** SUMMARY ***
Total pot $36 | Rake $0.50
Board [2c 3d As 3s 8s]
Seat 1: NEST201300 (big blind) showed [7h Th] and lost with a pair of Threes
Seat 2: ChrisTuff (button) (small blind) showed [4s Qd] and won ($35.50) with a pair of Threes


PokerStars Hand #146041682559:  Hold'em Limit ($3/$6 USD) - 2015/12/27 23:08:18 ET
Table 'Dardanos' 2-max Seat #1 is the button
Seat 1: NEST201300 ($66.44 in chips)
Seat 2: ChrisTuff ($165.66 in chips)
NEST201300: posts small blind $1
ChrisTuff: posts big blind $3
*** HOLE CARDS ***
NEST201300: raises $3 to $6
ChrisTuff: calls $3
*** FLOP *** [4s 7s Kh]
ChrisTuff: checks
NEST201300: checks
*** TURN *** [4s 7s Kh] [4d]
ChrisTuff: checks
NEST201300: bets $6
ChrisTuff: folds
Uncalled bet ($6) returned to NEST201300
NEST201300 collected $11.76 from pot
NEST201300: doesn't show hand
*** SUMMARY ***
Total pot $12 | Rake $0.24
Board [4s 7s Kh 4d]
Seat 1: NEST201300 (button) (small blind) collected ($11.76)
Seat 2: ChrisTuff (big blind) folded on the Turn


PokerStars Hand #146041716687:  Hold'em Limit ($3/$6 USD) - 2015/12/27 23:09:58 ET
Table 'Dardanos' 2-max Seat #2 is the button
Seat 1: NEST201300 ($38.36 in chips)
Seat 2: ChrisTuff ($190.94 in chips)
ChrisTuff: posts small blind $1
NEST201300: posts big blind $3
*** HOLE CARDS ***
ChrisTuff: raises $3 to $6
NEST201300: raises $3 to $9
ChrisTuff: calls $3
*** FLOP *** [6h Th 4h]
NEST201300: bets $3
ChrisTuff: calls $3
*** TURN *** [6h Th 4h] [2s]
NEST201300: bets $6
ChrisTuff: calls $6
*** RIVER *** [6h Th 4h 2s] [Jc]
NEST201300: bets $6
ChrisTuff: folds
Uncalled bet ($6) returned to NEST201300
NEST201300 collected $35.50 from pot
NEST201300: doesn't show hand
*** SUMMARY ***
Total pot $36 | Rake $0.50
Board [6h Th 4h 2s Jc]
Seat 1: NEST201300 (big blind) collected ($35.50)
Seat 2: ChrisTuff (button) (small blind) folded on the River


PokerStars Hand #146041712208:  Hold'em Limit ($3/$6 USD) - 2015/12/27 23:09:45 ET
Table 'Dardanos' 2-max Seat #1 is the button
Seat 1: NEST201300 ($50.36 in chips)
Seat 2: ChrisTuff ($179.42 in chips)
NEST201300: posts small blind $1
ChrisTuff: posts big blind $3
*** HOLE CARDS ***
NEST201300: raises $3 to $6
ChrisTuff: raises $3 to $9
NEST201300: calls $3
*** FLOP *** [7d Js 4c]
ChrisTuff: bets $3
NEST201300: calls $3
*** TURN *** [7d Js 4c] [Qd]
ChrisTuff: bets $6
NEST201300: folds
Uncalled bet ($6) returned to ChrisTuff
ChrisTuff collected $23.52 from pot
*** SUMMARY ***
Total pot $24 | Rake $0.48
Board [7d Js 4c Qd]
Seat 1: NEST201300 (button) (small blind) folded on the Turn
Seat 2: ChrisTuff (big blind) collected ($23.52)


PokerStars Hand #146041707295:  Hold'em Limit ($3/$6 USD) - 2015/12/27 23:09:30 ET
Table 'Dardanos' 2-max Seat #2 is the button
Seat 1: NEST201300 ($38.84 in chips)
Seat 2: ChrisTuff ($191.42 in chips)
ChrisTuff: posts small blind $1
NEST201300: posts big blind $3
*** HOLE CARDS ***
ChrisTuff: raises $3 to $6
NEST201300: raises $3 to $9
ChrisTuff: calls $3
*** FLOP *** [9s 8s 6c]
NEST201300: bets $3
ChrisTuff: calls $3
*** TURN *** [9s 8s 6c] [4d]
NEST201300: bets $6
ChrisTuff: folds
Uncalled bet ($6) returned to NEST201300
NEST201300 collected $23.52 from pot
NEST201300: doesn't show hand
*** SUMMARY ***
Total pot $24 | Rake $0.48
Board [9s 8s 6c 4d]
Seat 1: NEST201300 (big blind) collected ($23.52)
Seat 2: ChrisTuff (button) (small blind) folded on the Turn


PokerStars Hand #146041733990:  Hold'em Limit ($3/$6 USD) - 2015/12/27 23:10:49 ET
Table 'Dardanos' 2-max Seat #1 is the button
Seat 1: NEST201300 ($21.29 in chips)
Seat 2: ChrisTuff ($206.58 in chips)
NEST201300: posts small blind $1
ChrisTuff: posts big blind $3
*** HOLE CARDS ***
NEST201300: raises $3 to $6
ChrisTuff: raises $3 to $9
NEST201300: calls $3
*** FLOP *** [5d 8c 2h]
ChrisTuff: bets $3
NEST201300: calls $3
*** TURN *** [5d 8c 2h] [9d]
ChrisTuff: bets $6
NEST201300: calls $6
*** RIVER *** [5d 8c 2h 9d] [Jh]
ChrisTuff: bets $6
NEST201300: calls $3.29 and is all-in
Uncalled bet ($2.71) returned to ChrisTuff
*** SHOW DOWN ***
ChrisTuff: shows [4c Ad] (high card Ace)
NEST201300: shows [Qs 6c] (high card Queen)
NEST201300 leaves the table
ChrisTuff collected $42.08 from pot
ChrisTuff was removed from the table for failing to post
*** SUMMARY ***
Total pot $42.58 | Rake $0.50
Board [5d 8c 2h 9d Jh]
Seat 1: NEST201300 (button) (small blind) showed [Qs 6c] and lost with high card Queen
Seat 2: ChrisTuff (big blind) showed [4c Ad] and won ($42.08) with high card Ace


PokerStars Hand #146041728750:  Hold'em Limit ($3/$6 USD) - 2015/12/27 23:10:33 ET
Table 'Dardanos' 2-max Seat #2 is the button
Seat 1: NEST201300 ($10.86 in chips)
Seat 2: ChrisTuff ($217.44 in chips)
ChrisTuff: posts small blind $1
NEST201300: posts big blind $3
*** HOLE CARDS ***
ChrisTuff: raises $3 to $6
NEST201300: raises $3 to $9
ChrisTuff: calls $3
*** FLOP *** [7d 5s Th]
NEST201300: bets $1.86 and is all-in
ChrisTuff: calls $1.86
*** TURN *** [7d 5s Th] [7s]
*** RIVER *** [7d 5s Th 7s] [8h]
*** SHOW DOWN ***
NEST201300: shows [Jh 5d] (two pair, Sevens and Fives)
ChrisTuff: shows [Jd 3h] (a pair of Sevens)
NEST201300 collected $21.29 from pot
*** SUMMARY ***
Total pot $21.72 | Rake $0.43
Board [7d 5s Th 7s 8h]
Seat 1: NEST201300 (big blind) showed [Jh 5d] and won ($21.29) with two pair, Sevens and Fives
Seat 2: ChrisTuff (button) (small blind) showed [Jd 3h] and lost with a pair of Sevens


PokerStars Hand #146041721555:  Hold'em Limit ($3/$6 USD) - 2015/12/27 23:10:12 ET
Table 'Dardanos' 2-max Seat #1 is the button
Seat 1: NEST201300 ($55.86 in chips)
Seat 2: ChrisTuff ($172.94 in chips)
NEST201300: posts small blind $1
ChrisTuff: posts big blind $3
*** HOLE CARDS ***
NEST201300: raises $3 to $6
ChrisTuff: raises $3 to $9
NEST201300: calls $3
*** FLOP *** [6d 2s 8h]
ChrisTuff: bets $3
NEST201300: raises $3 to $6
ChrisTuff: calls $3
*** TURN *** [6d 2s 8h] [9d]
ChrisTuff: checks
NEST201300: bets $6
ChrisTuff: calls $6
*** RIVER *** [6d 2s 8h 9d] [3d]
ChrisTuff: checks
NEST201300: bets $6
ChrisTuff: raises $6 to $12
NEST201300: raises $6 to $18
ChrisTuff: raises $6 to $24
Betting is capped
NEST201300: calls $6
*** SHOW DOWN ***
ChrisTuff: shows [Ad Jd] (a flush, Ace high)
NEST201300: mucks hand
ChrisTuff collected $89.50 from pot
*** SUMMARY ***
Total pot $90 | Rake $0.50
Board [6d 2s 8h 9d 3d]
Seat 1: NEST201300 (button) (small blind) mucked
Seat 2: ChrisTuff (big blind) showed [Ad Jd] and won ($89.50) with a flush, Ace high


