PokerStars Hand #148470155168:  Hold'em Limit ($3/$6 USD) - 2016/02/08 16:35:00 ET
Table 'Dardanos II' 6-max Seat #6 is the button
Seat 1: VolkovDmitri ($120 in chips)
Seat 6: NiktheDon ($120 in chips)
NiktheDon: posts small blind $1
VolkovDmitri: posts big blind $3
*** HOLE CARDS ***
GoliafUa joins the table at seat #3
Pete81 joins the table at seat #2
NiktheDon: calls $2
VolkovDmitri: raises $3 to $6
NiktheDon: raises $3 to $9
VolkovDmitri: calls $3
*** FLOP *** [2s 3c 5d]
VolkovDmitri: checks
NiktheDon: bets $3
VolkovDmitri: calls $3
*** TURN *** [2s 3c 5d] [8h]
VolkovDmitri: checks
NiktheDon: bets $6
VolkovDmitri: calls $6
*** RIVER *** [2s 3c 5d 8h] [4s]
VolkovDmitri: checks
NiktheDon: bets $6
VolkovDmitri: calls $6
*** SHOW DOWN ***
NiktheDon: shows [Jd Jh] (a pair of Jacks)
VolkovDmitri: mucks hand
NiktheDon collected $47.50 from pot
*** SUMMARY ***
Total pot $48 | Rake $0.50
Board [2s 3c 5d 8h 4s]
Seat 1: VolkovDmitri (big blind) mucked
Seat 6: NiktheDon (button) (small blind) showed [Jd Jh] and won ($47.50) with a pair of Jacks


PokerStars Hand #148472190867:  Hold'em Limit ($3/$6 USD) - 2016/02/08 17:07:08 ET
Table 'Dardanos II' 6-max Seat #4 is the button
Seat 2: BelSv ($78 in chips)
Seat 4: Chessnok ($96.68 in chips)
Chessnok: posts small blind $1
BelSv: posts big blind $3
*** HOLE CARDS ***
Chessnok: raises $3 to $6
arshak.62 leaves the table
BelSv: raises $3 to $9
Chessnok: calls $3
*** FLOP *** [9c 3s 7d]
BelSv: checks
Chessnok: checks
*** TURN *** [9c 3s 7d] [2s]
BelSv: checks
Chessnok: checks
*** RIVER *** [9c 3s 7d 2s] [7h]
BelSv: checks
Chessnok: checks
*** SHOW DOWN ***
BelSv: shows [Qh Kd] (a pair of Sevens)
Chessnok: mucks hand
BelSv collected $17.64 from pot
*** SUMMARY ***
Total pot $18 | Rake $0.36
Board [9c 3s 7d 2s 7h]
Seat 2: BelSv (big blind) showed [Qh Kd] and won ($17.64) with a pair of Sevens
Seat 4: Chessnok (button) (small blind) mucked


