PokerStars Hand #160985402819:  Hold'em Limit ($3/$6 USD) - 2016/11/06 8:26:54 ET
Table 'Dares II' 6-max Seat #2 is the button
Seat 1: LifeisagameX ($84 in chips)
Seat 2: chanchorengo ($121 in chips)
chanchorengo: posts small blind $1
LifeisagameX: posts big blind $3
*** HOLE CARDS ***
chanchorengo: calls $2
LifeisagameX: raises $3 to $6
chanchorengo: calls $3
*** FLOP *** [6d Td 4h]
Pelurile joins the table at seat #3
LifeisagameX: bets $3
chanchorengo: raises $3 to $6
LifeisagameX: raises $3 to $9
chanchorengo: calls $3
*** TURN *** [6d Td 4h] [3s]
LifeisagameX: bets $6
chanchorengo: calls $6
*** RIVER *** [6d Td 4h 3s] [2c]
LifeisagameX: checks
chanchorengo: checks
*** SHOW DOWN ***
LifeisagameX: shows [Th 9d] (a pair of Tens)
chanchorengo: mucks hand
LifeisagameX collected $41.50 from pot
*** SUMMARY ***
Total pot $42 | Rake $0.50
Board [6d Td 4h 3s 2c]
Seat 1: LifeisagameX (big blind) showed [Th 9d] and won ($41.50) with a pair of Tens
Seat 2: chanchorengo (button) (small blind) mucked


PokerStars Hand #160985449788:  Hold'em Limit ($3/$6 USD) - 2016/11/06 8:28:04 ET
Table 'Dares II' 6-max Seat #1 is the button
Seat 1: LifeisagameX ($104.50 in chips)
Seat 2: chanchorengo ($100 in chips)
LifeisagameX: posts small blind $1
chanchorengo: posts big blind $3
*** HOLE CARDS ***
LifeisagameX: raises $3 to $6
chanchorengo: calls $3
*** FLOP *** [3d Ac 7h]
chanchorengo: checks
LifeisagameX: bets $3
chanchorengo: calls $3
*** TURN *** [3d Ac 7h] [7s]
chanchorengo: checks
LifeisagameX: checks
*** RIVER *** [3d Ac 7h 7s] [2c]
chanchorengo: bets $6
LifeisagameX: folds
Uncalled bet ($6) returned to chanchorengo
chanchorengo collected $17.64 from pot
*** SUMMARY ***
Total pot $18 | Rake $0.36
Board [3d Ac 7h 7s 2c]
Seat 1: LifeisagameX (button) (small blind) folded on the River
Seat 2: chanchorengo (big blind) collected ($17.64)


PokerStars Hand #160985635282:  Hold'em Limit ($3/$6 USD) - 2016/11/06 8:32:39 ET
Table 'Dares II' 6-max Seat #2 is the button
Seat 2: chanchorengo ($54.64 in chips)
Seat 3: Pelurile ($72 in chips)
chanchorengo: posts small blind $1
Pelurile: posts big blind $3
*** HOLE CARDS ***
chanchorengo: raises $3 to $6
LifeisagameX leaves the table
Pelurile: calls $3
*** FLOP *** [6d As 3c]
Pelurile: checks
chanchorengo: bets $3
Pelurile: folds
Uncalled bet ($3) returned to chanchorengo
chanchorengo collected $11.76 from pot
*** SUMMARY ***
Total pot $12 | Rake $0.24
Board [6d As 3c]
Seat 2: chanchorengo (button) (small blind) collected ($11.76)
Seat 3: Pelurile (big blind) folded on the Flop


PokerStars Hand #160985673770:  Hold'em Limit ($3/$6 USD) - 2016/11/06 8:33:35 ET
Table 'Dares II' 6-max Seat #3 is the button
Seat 2: chanchorengo ($57.40 in chips)
Seat 3: Pelurile ($74.76 in chips)
Pelurile: posts small blind $1
chanchorengo: posts big blind $3
*** HOLE CARDS ***
Pelurile: raises $3 to $6
chanchorengo: calls $3
*** FLOP *** [3h 3s 6c]
chanchorengo: checks
Pelurile: bets $3
chanchorengo: folds
Uncalled bet ($3) returned to Pelurile
Pelurile collected $11.76 from pot
Pelurile: doesn't show hand
*** SUMMARY ***
Total pot $12 | Rake $0.24
Board [3h 3s 6c]
Seat 2: chanchorengo (big blind) folded on the Flop
Seat 3: Pelurile (button) (small blind) collected ($11.76)


PokerStars Hand #160985669227:  Hold'em Limit ($3/$6 USD) - 2016/11/06 8:33:29 ET
Table 'Dares II' 6-max Seat #2 is the button
Seat 2: chanchorengo ($54.40 in chips)
Seat 3: Pelurile ($77.76 in chips)
chanchorengo: posts small blind $1
Pelurile: posts big blind $3
*** HOLE CARDS ***
chanchorengo: raises $3 to $6
Pelurile: folds
Uncalled bet ($3) returned to chanchorengo
chanchorengo collected $6 from pot
*** SUMMARY ***
Total pot $6 | Rake $0
Seat 2: chanchorengo (button) (small blind) collected ($6)
Seat 3: Pelurile (big blind) folded before Flop


PokerStars Hand #160985654849:  Hold'em Limit ($3/$6 USD) - 2016/11/06 8:33:08 ET
Table 'Dares II' 6-max Seat #3 is the button
Seat 2: chanchorengo ($60.40 in chips)
Seat 3: Pelurile ($72 in chips)
Pelurile: posts small blind $1
chanchorengo: posts big blind $3
*** HOLE CARDS ***
Pelurile: raises $3 to $6
chanchorengo: calls $3
*** FLOP *** [Tc Td Jc]
chanchorengo: checks
Pelurile: bets $3
chanchorengo: folds
Uncalled bet ($3) returned to Pelurile
Pelurile collected $11.76 from pot
Pelurile: doesn't show hand
*** SUMMARY ***
Total pot $12 | Rake $0.24
Board [Tc Td Jc]
Seat 2: chanchorengo (big blind) folded on the Flop
Seat 3: Pelurile (button) (small blind) collected ($11.76)


PokerStars Hand #160985720923:  Hold'em Limit ($3/$6 USD) - 2016/11/06 8:34:44 ET
Table 'Dares II' 6-max Seat #2 is the button
Seat 2: chanchorengo ($39.40 in chips)
Seat 3: Pelurile ($92.16 in chips)
chanchorengo: posts small blind $1
Pelurile: posts big blind $3
*** HOLE CARDS ***
chanchorengo: folds
Uncalled bet ($2) returned to Pelurile
Pelurile collected $2 from pot
Pelurile: doesn't show hand
*** SUMMARY ***
Total pot $2 | Rake $0
Seat 2: chanchorengo (button) (small blind) folded before Flop
Seat 3: Pelurile (big blind) collected ($2)


PokerStars Hand #160985713599:  Hold'em Limit ($3/$6 USD) - 2016/11/06 8:34:34 ET
Table 'Dares II' 6-max Seat #3 is the button
Seat 2: chanchorengo ($42.40 in chips)
Seat 3: Pelurile ($89.16 in chips)
Pelurile: posts small blind $1
chanchorengo: posts big blind $3
*** HOLE CARDS ***
Pelurile: raises $3 to $6
chanchorengo: folds
Uncalled bet ($3) returned to Pelurile
Pelurile collected $6 from pot
Pelurile: doesn't show hand
*** SUMMARY ***
Total pot $6 | Rake $0
Seat 2: chanchorengo (big blind) folded before Flop
Seat 3: Pelurile (button) (small blind) collected ($6)


PokerStars Hand #160985687548:  Hold'em Limit ($3/$6 USD) - 2016/11/06 8:33:56 ET
Table 'Dares II' 6-max Seat #2 is the button
Seat 2: chanchorengo ($51.40 in chips)
Seat 3: Pelurile ($80.52 in chips)
chanchorengo: posts small blind $1
Pelurile: posts big blind $3
*** HOLE CARDS ***
chanchorengo: calls $2
Pelurile: checks
*** FLOP *** [Kd 2d Ks]
Pelurile: checks
chanchorengo: checks
*** TURN *** [Kd 2d Ks] [4c]
Pelurile: bets $6
chanchorengo: calls $6
*** RIVER *** [Kd 2d Ks 4c] [4d]
Pelurile: bets $6
chanchorengo: folds
Uncalled bet ($6) returned to Pelurile
Pelurile collected $17.64 from pot
Pelurile: doesn't show hand
*** SUMMARY ***
Total pot $18 | Rake $0.36
Board [Kd 2d Ks 4c 4d]
Seat 2: chanchorengo (button) (small blind) folded on the River
Seat 3: Pelurile (big blind) collected ($17.64)


PokerStars Hand #160985761114:  Hold'em Limit ($3/$6 USD) - 2016/11/06 8:35:44 ET
Table 'Dares II' 6-max Seat #2 is the button
Seat 2: chanchorengo ($175.90 in chips)
Seat 3: Pelurile ($75.16 in chips)
chanchorengo: posts small blind $1
Pelurile: posts big blind $3
*** HOLE CARDS ***
chanchorengo: raises $3 to $6
Pelurile: calls $3
*** FLOP *** [Kc 4h 2c]
Pelurile: checks
chanchorengo: bets $3
Pelurile: folds
Uncalled bet ($3) returned to chanchorengo
chanchorengo collected $11.76 from pot
*** SUMMARY ***
Total pot $12 | Rake $0.24
Board [Kc 4h 2c]
Seat 2: chanchorengo (button) (small blind) collected ($11.76)
Seat 3: Pelurile (big blind) folded on the Flop


PokerStars Hand #160985724402:  Hold'em Limit ($3/$6 USD) - 2016/11/06 8:34:49 ET
Table 'Dares II' 6-max Seat #3 is the button
Seat 2: chanchorengo ($38.40 in chips)
Seat 3: Pelurile ($93.16 in chips)
Pelurile: posts small blind $1
chanchorengo: posts big blind $3
*** HOLE CARDS ***
Pelurile: raises $3 to $6
chanchorengo: raises $3 to $9
Pelurile: calls $3
*** FLOP *** [Jd 9d Ah]
chanchorengo: bets $3
Pelurile: calls $3
*** TURN *** [Jd 9d Ah] [8d]
chanchorengo: bets $6
Pelurile: calls $6
*** RIVER *** [Jd 9d Ah 8d] [7h]
chanchorengo: bets $6
Pelurile: folds
Uncalled bet ($6) returned to chanchorengo
chanchorengo collected $35.50 from pot
*** SUMMARY ***
Total pot $36 | Rake $0.50
Board [Jd 9d Ah 8d 7h]
Seat 2: chanchorengo (big blind) collected ($35.50)
Seat 3: Pelurile (button) (small blind) folded on the River


PokerStars Hand #160985794485:  Hold'em Limit ($3/$6 USD) - 2016/11/06 8:36:32 ET
Table 'Dares II' 6-max Seat #2 is the button
Seat 2: chanchorengo ($175.66 in chips)
Seat 3: Pelurile ($77.76 in chips)
chanchorengo: posts small blind $1
Pelurile: posts big blind $3
*** HOLE CARDS ***
chanchorengo: raises $3 to $6
Pelurile: calls $3
*** FLOP *** [As Jh 2h]
Pelurile: checks
chanchorengo: bets $3
Pelurile: folds
Uncalled bet ($3) returned to chanchorengo
chanchorengo collected $11.76 from pot
*** SUMMARY ***
Total pot $12 | Rake $0.24
Board [As Jh 2h]
Seat 2: chanchorengo (button) (small blind) collected ($11.76)
Seat 3: Pelurile (big blind) folded on the Flop


PokerStars Hand #160985779224:  Hold'em Limit ($3/$6 USD) - 2016/11/06 8:36:10 ET
Table 'Dares II' 6-max Seat #3 is the button
Seat 2: chanchorengo ($181.66 in chips)
Seat 3: Pelurile ($72 in chips)
Pelurile: posts small blind $1
chanchorengo: posts big blind $3
*** HOLE CARDS ***
Pelurile: raises $3 to $6
goldsecret19 joins the table at seat #5
chanchorengo: calls $3
*** FLOP *** [8d As Ad]
goldsecret19 leaves the table
chanchorengo: checks
Pelurile: bets $3
goldsecret19 joins the table at seat #1
chanchorengo: folds
Uncalled bet ($3) returned to Pelurile
Pelurile collected $11.76 from pot
Pelurile: doesn't show hand
*** SUMMARY ***
Total pot $12 | Rake $0.24
Board [8d As Ad]
Seat 2: chanchorengo (big blind) folded on the Flop
Seat 3: Pelurile (button) (small blind) collected ($11.76)


PokerStars Hand #160987342114:  Hold'em Limit ($3/$6 USD) - 2016/11/06 9:13:59 ET
Table 'Dares II' 6-max Seat #2 is the button
Seat 2: chanchorengo ($248.39 in chips)
Seat 6: jackRizzar ($176.74 in chips)
chanchorengo: posts small blind $1
YseRussia: is sitting out
jackRizzar: posts big blind $3
*** HOLE CARDS ***
chanchorengo: folds
Uncalled bet ($2) returned to jackRizzar
jackRizzar collected $2 from pot
jackRizzar: doesn't show hand
*** SUMMARY ***
Total pot $2 | Rake $0
Seat 2: chanchorengo (button) (small blind) folded before Flop
Seat 6: jackRizzar (big blind) collected ($2)


PokerStars Hand #160987346467:  Hold'em Limit ($3/$6 USD) - 2016/11/06 9:14:05 ET
Table 'Dares II' 6-max Seat #6 is the button
Seat 2: chanchorengo ($247.39 in chips)
Seat 6: jackRizzar ($177.74 in chips)
jackRizzar: posts small blind $1
chanchorengo: posts big blind $3
*** HOLE CARDS ***
jackRizzar: raises $3 to $6
chanchorengo: raises $3 to $9
jackRizzar: calls $3
*** FLOP *** [6h Kd 7d]
chanchorengo: checks
jackRizzar: bets $3
sim5sim5 leaves the table
chanchorengo: calls $3
*** TURN *** [6h Kd 7d] [2s]
YseRussia leaves the table
chanchorengo: checks
jackRizzar: checks
*** RIVER *** [6h Kd 7d 2s] [3s]
chanchorengo: checks
jackRizzar: checks
*** SHOW DOWN ***
chanchorengo: shows [9d 9h] (a pair of Nines)
jackRizzar: mucks hand
chanchorengo collected $23.52 from pot
*** SUMMARY ***
Total pot $24 | Rake $0.48
Board [6h Kd 7d 2s 3s]
Seat 2: chanchorengo (big blind) showed [9d 9h] and won ($23.52) with a pair of Nines
Seat 6: jackRizzar (button) (small blind) mucked


PokerStars Hand #160989857055:  Hold'em Limit ($3/$6 USD) - 2016/11/06 10:09:26 ET
Table 'Dares II' 6-max Seat #4 is the button
Seat 3: andyrr ($121.50 in chips)
Seat 4: EpifDi ($42 in chips)
EpifDi: posts small blind $1
andyrr: posts big blind $3
*** HOLE CARDS ***
EpifDi: folds
Uncalled bet ($2) returned to andyrr
andyrr collected $2 from pot
andyrr: doesn't show hand
*** SUMMARY ***
Total pot $2 | Rake $0
Seat 3: andyrr (big blind) collected ($2)
Seat 4: EpifDi (button) (small blind) folded before Flop


PokerStars Hand #160989812475:  Hold'em Limit ($3/$6 USD) - 2016/11/06 10:08:31 ET
Table 'Dares II' 6-max Seat #4 is the button
Seat 4: EpifDi ($72 in chips)
Seat 5: LifeisagameX ($101.50 in chips)
EpifDi: posts small blind $1
LifeisagameX: posts big blind $3
*** HOLE CARDS ***
EpifDi: raises $3 to $6
LifeisagameX: calls $3
*** FLOP *** [Th 4s 4d]
LifeisagameX: checks
EpifDi: bets $3
LifeisagameX: calls $3
*** TURN *** [Th 4s 4d] [7c]
LifeisagameX: checks
EpifDi: checks
*** RIVER *** [Th 4s 4d 7c] [Jc]
LifeisagameX: checks
EpifDi: checks
*** SHOW DOWN ***
LifeisagameX: shows [Ac 3d] (a pair of Fours)
EpifDi: mucks hand
LifeisagameX collected $17.64 from pot
*** SUMMARY ***
Total pot $18 | Rake $0.36
Board [Th 4s 4d 7c Jc]
Seat 4: EpifDi (button) (small blind) mucked
Seat 5: LifeisagameX (big blind) showed [Ac 3d] and won ($17.64) with a pair of Fours


PokerStars Hand #160989773399:  Hold'em Limit ($3/$6 USD) - 2016/11/06 10:07:43 ET
Table 'Dares II' 6-max Seat #5 is the button
Seat 4: EpifDi ($90 in chips)
Seat 5: LifeisagameX ($84 in chips)
LifeisagameX: posts small blind $1
EpifDi: posts big blind $3
*** HOLE CARDS ***
LifeisagameX: raises $3 to $6
andyrr joins the table at seat #3
EpifDi: raises $3 to $9
LifeisagameX: calls $3
*** FLOP *** [As Js 4h]
EpifDi: bets $3
LifeisagameX: calls $3
*** TURN *** [As Js 4h] [Qs]
EpifDi: checks
LifeisagameX: checks
*** RIVER *** [As Js 4h Qs] [5d]
EpifDi: bets $6
LifeisagameX: calls $6
*** SHOW DOWN ***
EpifDi: shows [Qh Ks] (a pair of Queens)
LifeisagameX: shows [Kh Kd] (a pair of Kings)
LifeisagameX collected $35.50 from pot
*** SUMMARY ***
Total pot $36 | Rake $0.50
Board [As Js 4h Qs 5d]
Seat 4: EpifDi (big blind) showed [Qh Ks] and lost with a pair of Queens
Seat 5: LifeisagameX (button) (small blind) showed [Kh Kd] and won ($35.50) with a pair of Kings


PokerStars Hand #160989878694:  Hold'em Limit ($3/$6 USD) - 2016/11/06 10:09:53 ET
Table 'Dares II' 6-max Seat #3 is the button
Seat 3: andyrr ($115.50 in chips)
Seat 4: EpifDi ($47.76 in chips)
andyrr: posts small blind $1
EpifDi: posts big blind $3
*** HOLE CARDS ***
andyrr: folds
Uncalled bet ($2) returned to EpifDi
EpifDi collected $2 from pot
EpifDi: doesn't show hand
*** SUMMARY ***
Total pot $2 | Rake $0
Seat 3: andyrr (button) (small blind) folded before Flop
Seat 4: EpifDi (big blind) collected ($2)


PokerStars Hand #160989875017:  Hold'em Limit ($3/$6 USD) - 2016/11/06 10:09:49 ET
Table 'Dares II' 6-max Seat #4 is the button
Seat 3: andyrr ($114.50 in chips)
Seat 4: EpifDi ($48.76 in chips)
EpifDi: posts small blind $1
andyrr: posts big blind $3
*** HOLE CARDS ***
EpifDi: folds
Uncalled bet ($2) returned to andyrr
Pelurile joins the table at seat #5
andyrr collected $2 from pot
andyrr: doesn't show hand
*** SUMMARY ***
Total pot $2 | Rake $0
Seat 3: andyrr (big blind) collected ($2)
Seat 4: EpifDi (button) (small blind) folded before Flop


PokerStars Hand #160989871144:  Hold'em Limit ($3/$6 USD) - 2016/11/06 10:09:44 ET
Table 'Dares II' 6-max Seat #3 is the button
Seat 3: andyrr ($115.50 in chips)
Seat 4: EpifDi ($47.76 in chips)
andyrr: posts small blind $1
EpifDi: posts big blind $3
*** HOLE CARDS ***
andyrr: folds
Uncalled bet ($2) returned to EpifDi
EpifDi collected $2 from pot
EpifDi: doesn't show hand
*** SUMMARY ***
Total pot $2 | Rake $0
Seat 3: andyrr (button) (small blind) folded before Flop
Seat 4: EpifDi (big blind) collected ($2)


PokerStars Hand #160989864202:  Hold'em Limit ($3/$6 USD) - 2016/11/06 10:09:35 ET
Table 'Dares II' 6-max Seat #4 is the button
Seat 3: andyrr ($121.50 in chips)
Seat 4: EpifDi ($42 in chips)
EpifDi: posts small blind $1
andyrr: posts big blind $3
*** HOLE CARDS ***
EpifDi: raises $3 to $6
andyrr: calls $3
*** FLOP *** [8d 9s Jc]
andyrr: checks
EpifDi: bets $3
andyrr: folds
Uncalled bet ($3) returned to EpifDi
EpifDi collected $11.76 from pot
EpifDi: doesn't show hand
*** SUMMARY ***
Total pot $12 | Rake $0.24
Board [8d 9s Jc]
Seat 3: andyrr (big blind) folded on the Flop
Seat 4: EpifDi (button) (small blind) collected ($11.76)


PokerStars Hand #160989860840:  Hold'em Limit ($3/$6 USD) - 2016/11/06 10:09:31 ET
Table 'Dares II' 6-max Seat #3 is the button
Seat 3: andyrr ($122.50 in chips)
Seat 4: EpifDi ($41 in chips)
andyrr: posts small blind $1
EpifDi: posts big blind $3
*** HOLE CARDS ***
andyrr: folds
Uncalled bet ($2) returned to EpifDi
EpifDi collected $2 from pot
EpifDi: doesn't show hand
*** SUMMARY ***
Total pot $2 | Rake $0
Seat 3: andyrr (button) (small blind) folded before Flop
Seat 4: EpifDi (big blind) collected ($2)


PokerStars Hand #160989975933:  Hold'em Limit ($3/$6 USD) - 2016/11/06 10:11:53 ET
Table 'Dares II' 6-max Seat #5 is the button
Seat 4: EpifDi ($93.39 in chips)
Seat 5: Pelurile ($32.03 in chips)
Pelurile: posts small blind $1
zimin10: is sitting out
EpifDi: posts big blind $3
*** HOLE CARDS ***
Pelurile: raises $3 to $6
EpifDi: calls $3
*** FLOP *** [Kh 5d 7h]
EpifDi: checks
Pelurile: bets $3
EpifDi: folds
Uncalled bet ($3) returned to Pelurile
Pelurile collected $11.76 from pot
Pelurile: doesn't show hand
*** SUMMARY ***
Total pot $12 | Rake $0.24
Board [Kh 5d 7h]
Seat 4: EpifDi (big blind) folded on the Flop
Seat 5: Pelurile (button) (small blind) collected ($11.76)


PokerStars Hand #160990025967:  Hold'em Limit ($3/$6 USD) - 2016/11/06 10:12:55 ET
Table 'Dares II' 6-max Seat #5 is the button
Seat 4: EpifDi ($107.89 in chips)
Seat 5: Pelurile ($16.79 in chips)
Pelurile: posts small blind $1
EpifDi: posts big blind $3
*** HOLE CARDS ***
Pelurile: raises $3 to $6
EpifDi: calls $3
*** FLOP *** [9d 8c Ah]
EpifDi: checks
Pelurile: bets $3
EpifDi: calls $3
*** TURN *** [9d 8c Ah] [Jd]
EpifDi: bets $6
Pelurile: raises $1.79 to $7.79 and is all-in
EpifDi: calls $1.79
*** RIVER *** [9d 8c Ah Jd] [Kd]
*** SHOW DOWN ***
EpifDi: shows [3s Ac] (a pair of Aces)
Pelurile: shows [5s As] (a pair of Aces)
EpifDi collected $16.54 from pot
Pelurile collected $16.54 from pot
*** SUMMARY ***
Total pot $33.58 | Rake $0.50
Board [9d 8c Ah Jd Kd]
Seat 4: EpifDi (big blind) showed [3s Ac] and won ($16.54) with a pair of Aces
Seat 5: Pelurile (button) (small blind) showed [5s As] and won ($16.54) with a pair of Aces


PokerStars Hand #160989991053:  Hold'em Limit ($3/$6 USD) - 2016/11/06 10:12:12 ET
Table 'Dares II' 6-max Seat #4 is the button
Seat 4: EpifDi ($87.39 in chips)
Seat 5: Pelurile ($37.79 in chips)
EpifDi: posts small blind $1
Pelurile: posts big blind $3
*** HOLE CARDS ***
EpifDi: raises $3 to $6
Pelurile: calls $3
*** FLOP *** [4s 6s 6c]
Pelurile: checks
EpifDi: bets $3
Pelurile: calls $3
*** TURN *** [4s 6s 6c] [9c]
Pelurile: checks
EpifDi: bets $6
Pelurile: calls $6
*** RIVER *** [4s 6s 6c 9c] [2d]
Pelurile: checks
EpifDi: bets $6
Pelurile: calls $6
*** SHOW DOWN ***
EpifDi: shows [Qc Qh] (two pair, Queens and Sixes)
Pelurile: mucks hand
EpifDi collected $41.50 from pot
*** SUMMARY ***
Total pot $42 | Rake $0.50
Board [4s 6s 6c 9c 2d]
Seat 4: EpifDi (button) (small blind) showed [Qc Qh] and won ($41.50) with two pair, Queens and Sixes
Seat 5: Pelurile (big blind) mucked


PokerStars Hand #160990050692:  Hold'em Limit ($3/$6 USD) - 2016/11/06 10:13:25 ET
Table 'Dares II' 6-max Seat #4 is the button
Seat 4: EpifDi ($107.64 in chips)
Seat 5: Pelurile ($16.54 in chips)
EpifDi: posts small blind $1
Pelurile: posts big blind $3
*** HOLE CARDS ***
EpifDi: raises $3 to $6
Pelurile: calls $3
*** FLOP *** [5d Tc Kh]
Pelurile: checks
EpifDi: bets $3
Pelurile: raises $3 to $6
EpifDi: raises $3 to $9
Pelurile: raises $1.54 to $10.54 and is all-in
Betting is capped
EpifDi: calls $1.54
*** TURN *** [5d Tc Kh] [9d]
*** RIVER *** [5d Tc Kh 9d] [8d]
*** SHOW DOWN ***
Pelurile: shows [6s Th] (a pair of Tens)
EpifDi: shows [As Ac] (a pair of Aces)
EpifDi collected $32.58 from pot
*** SUMMARY ***
Total pot $33.08 | Rake $0.50
Board [5d Tc Kh 9d 8d]
Seat 4: EpifDi (button) (small blind) showed [As Ac] and won ($32.58) with a pair of Aces
Seat 5: Pelurile (big blind) showed [6s Th] and lost with a pair of Tens


