PokerStars Hand #150504327923:  Hold'em Limit ($3/$6 USD) - 2016/03/17 15:40:30 ET
Table 'Dawn' 6-max Seat #3 is the button
Seat 3: SmellyToes4u ($266.41 in chips)
Seat 5: pompier40 ($65.07 in chips)
SmellyToes4u: posts small blind $1
pompier40: posts big blind $3
*** HOLE CARDS ***
SmellyToes4u: raises $3 to $6
pompier40: calls $3
*** FLOP *** [3h Qh Jh]
pompier40: checks
SmellyToes4u: bets $3
pompier40: calls $3
*** TURN *** [3h Qh Jh] [Ad]
pompier40: checks
SmellyToes4u: bets $6
pompier40: calls $6
*** RIVER *** [3h Qh Jh Ad] [9s]
pompier40: checks
SmellyToes4u: bets $6
pompier40: calls $6
*** SHOW DOWN ***
SmellyToes4u: shows [Tc Kd] (a straight, Ten to Ace)
Arsenavet said, "Pompier where Your money has gone? :))))))"
pompier40: mucks hand
SmellyToes4u collected $41.50 from pot
*** SUMMARY ***
Total pot $42 | Rake $0.50
Board [3h Qh Jh Ad 9s]
Seat 3: SmellyToes4u (button) (small blind) showed [Tc Kd] and won ($41.50) with a straight, Ten to Ace
Seat 5: pompier40 (big blind) mucked


PokerStars Hand #150504801146:  Hold'em Limit ($3/$6 USD) - 2016/03/17 15:48:47 ET
Table 'Dawn' 6-max Seat #5 is the button
Seat 4: allan76d ($203.69 in chips)
Seat 5: pompier40 ($7.67 in chips)
pompier40: posts small blind $1
allan76d: posts big blind $3
*** HOLE CARDS ***
pompier40: folds
Uncalled bet ($2) returned to allan76d
allan76d collected $2 from pot
allan76d: doesn't show hand
*** SUMMARY ***
Total pot $2 | Rake $0
Seat 4: allan76d (big blind) collected ($2)
Seat 5: pompier40 (button) (small blind) folded before Flop


PokerStars Hand #150504774482:  Hold'em Limit ($3/$6 USD) - 2016/03/17 15:48:19 ET
Table 'Dawn' 6-max Seat #4 is the button
Seat 4: allan76d ($189.19 in chips)
Seat 5: pompier40 ($22.67 in chips)
allan76d: posts small blind $1
pompier40: posts big blind $3
*** HOLE CARDS ***
allan76d: raises $3 to $6
pompier40: calls $3
*** FLOP *** [7c 9s 6d]
frmaroni leaves the table
pompier40: checks
allan76d: bets $3
pompier40: calls $3
*** TURN *** [7c 9s 6d] [4h]
pompier40: checks
allan76d: bets $6
pompier40: calls $6
*** RIVER *** [7c 9s 6d 4h] [4c]
pompier40: checks
allan76d: checks
*** SHOW DOWN ***
pompier40: shows [8s Kh] (a pair of Fours)
allan76d: shows [9c Qc] (two pair, Nines and Fours)
allan76d collected $29.50 from pot
*** SUMMARY ***
Total pot $30 | Rake $0.50
Board [7c 9s 6d 4h 4c]
Seat 4: allan76d (button) (small blind) showed [9c Qc] and won ($29.50) with two pair, Nines and Fours
Seat 5: pompier40 (big blind) showed [8s Kh] and lost with a pair of Fours


PokerStars Hand #150504816409:  Hold'em Limit ($3/$6 USD) - 2016/03/17 15:49:03 ET
Table 'Dawn' 6-max Seat #4 is the button
Seat 4: allan76d ($204.69 in chips)
Seat 5: pompier40 ($156.67 in chips)
allan76d: posts small blind $1
pompier40: posts big blind $3
*** HOLE CARDS ***
allan76d: raises $3 to $6
pompier40: raises $3 to $9
allan76d: calls $3
*** FLOP *** [7h 7s 7c]
pompier40: bets $3
allan76d: calls $3
*** TURN *** [7h 7s 7c] [4s]
pompier40: bets $6
allan76d: calls $6
*** RIVER *** [7h 7s 7c 4s] [Tc]
pompier40: bets $6
allan76d: calls $6
*** SHOW DOWN ***
pompier40: shows [Jd Ac] (three of a kind, Sevens)
allan76d: shows [Kd Ad] (three of a kind, Sevens - Ace+King kicker)
allan76d collected $47.50 from pot
*** SUMMARY ***
Total pot $48 | Rake $0.50
Board [7h 7s 7c 4s Tc]
Seat 4: allan76d (button) (small blind) showed [Kd Ad] and won ($47.50) with three of a kind, Sevens
Seat 5: pompier40 (big blind) showed [Jd Ac] and lost with three of a kind, Sevens


PokerStars Hand #150504832684:  Hold'em Limit ($3/$6 USD) - 2016/03/17 15:49:21 ET
Table 'Dawn' 6-max Seat #5 is the button
Seat 4: allan76d ($228.19 in chips)
Seat 5: pompier40 ($132.67 in chips)
pompier40: posts small blind $1
allan76d: posts big blind $3
*** HOLE CARDS ***
pompier40: raises $3 to $6
allan76d: calls $3
*** FLOP *** [8s 3s Qc]
allan76d: checks
pompier40: bets $3
allan76d: calls $3
*** TURN *** [8s 3s Qc] [Ac]
allan76d: checks
pompier40: bets $6
allan76d: raises $6 to $12
pompier40: raises $6 to $18
allan76d: calls $6
*** RIVER *** [8s 3s Qc Ac] [9c]
allan76d: checks
pompier40: bets $6
allan76d: calls $6
*** SHOW DOWN ***
pompier40: shows [3d 8h] (two pair, Eights and Threes)
allan76d: mucks hand
pompier40 collected $65.50 from pot
*** SUMMARY ***
Total pot $66 | Rake $0.50
Board [8s 3s Qc Ac 9c]
Seat 4: allan76d (big blind) mucked
Seat 5: pompier40 (button) (small blind) showed [3d 8h] and won ($65.50) with two pair, Eights and Threes


PokerStars Hand #150504855199:  Hold'em Limit ($3/$6 USD) - 2016/03/17 15:49:45 ET
Table 'Dawn' 6-max Seat #4 is the button
Seat 4: allan76d ($195.19 in chips)
Seat 5: pompier40 ($165.17 in chips)
allan76d: posts small blind $1
pompier40: posts big blind $3
*** HOLE CARDS ***
allan76d: raises $3 to $6
pompier40: calls $3
*** FLOP *** [Js Ah Qd]
pompier40: checks
allan76d: bets $3
pompier40: calls $3
*** TURN *** [Js Ah Qd] [9c]
pompier40: checks
allan76d: checks
*** RIVER *** [Js Ah Qd 9c] [Qs]
pompier40: checks
allan76d: checks
*** SHOW DOWN ***
pompier40: shows [6h Tc] (a pair of Queens)
allan76d: shows [7c Kd] (a pair of Queens - Ace+King kicker)
allan76d collected $17.64 from pot
*** SUMMARY ***
Total pot $18 | Rake $0.36
Board [Js Ah Qd 9c Qs]
Seat 4: allan76d (button) (small blind) showed [7c Kd] and won ($17.64) with a pair of Queens
Seat 5: pompier40 (big blind) showed [6h Tc] and lost with a pair of Queens


PokerStars Hand #150504904431:  Hold'em Limit ($3/$6 USD) - 2016/03/17 15:50:36 ET
Table 'Dawn' 6-max Seat #4 is the button
Seat 4: allan76d ($194.83 in chips)
Seat 5: pompier40 ($164.81 in chips)
allan76d: posts small blind $1
pompier40: posts big blind $3
*** HOLE CARDS ***
allan76d: raises $3 to $6
pompier40: calls $3
*** FLOP *** [3d 2d 8c]
pompier40: checks
allan76d: bets $3
pompier40: calls $3
*** TURN *** [3d 2d 8c] [Ah]
pompier40: checks
allan76d: bets $6
pompier40: raises $6 to $12
allan76d: calls $6
*** RIVER *** [3d 2d 8c Ah] [3c]
pompier40: bets $6
allan76d: calls $6
*** SHOW DOWN ***
pompier40: shows [Ac 6s] (two pair, Aces and Threes)
allan76d: mucks hand
pompier40 collected $53.50 from pot
7Cinghiale leaves the table
*** SUMMARY ***
Total pot $54 | Rake $0.50
Board [3d 2d 8c Ah 3c]
Seat 4: allan76d (button) (small blind) mucked
Seat 5: pompier40 (big blind) showed [Ac 6s] and won ($53.50) with two pair, Aces and Threes


PokerStars Hand #150504888747:  Hold'em Limit ($3/$6 USD) - 2016/03/17 15:50:20 ET
Table 'Dawn' 6-max Seat #5 is the button
Seat 4: allan76d ($203.83 in chips)
Seat 5: pompier40 ($156.17 in chips)
pompier40: posts small blind $1
allan76d: posts big blind $3
*** HOLE CARDS ***
pompier40: raises $3 to $6
allan76d: calls $3
*** FLOP *** [2c Qh 4s]
allan76d: checks
7Cinghiale joins the table at seat #1
pompier40: bets $3
allan76d: calls $3
*** TURN *** [2c Qh 4s] [Ts]
allan76d: checks
pompier40: bets $6
allan76d: folds
Uncalled bet ($6) returned to pompier40
pompier40 collected $17.64 from pot
*** SUMMARY ***
Total pot $18 | Rake $0.36
Board [2c Qh 4s Ts]
Seat 4: allan76d (big blind) folded on the Turn
Seat 5: pompier40 (button) (small blind) collected ($17.64)


PokerStars Hand #150504920262:  Hold'em Limit ($3/$6 USD) - 2016/03/17 15:50:53 ET
Table 'Dawn' 6-max Seat #5 is the button
Seat 4: allan76d ($167.83 in chips)
Seat 5: pompier40 ($191.31 in chips)
pompier40: posts small blind $1
allan76d: posts big blind $3
*** HOLE CARDS ***
pompier40: calls $2
allan76d: checks
*** FLOP *** [2h Kd 3s]
allan76d: checks
pompier40: bets $3
allan76d: folds
Uncalled bet ($3) returned to pompier40
pompier40 collected $5.88 from pot
*** SUMMARY ***
Total pot $6 | Rake $0.12
Board [2h Kd 3s]
Seat 4: allan76d (big blind) folded on the Flop
Seat 5: pompier40 (button) (small blind) collected ($5.88)


PokerStars Hand #150504937289:  Hold'em Limit ($3/$6 USD) - 2016/03/17 15:51:12 ET
Table 'Dawn' 6-max Seat #5 is the button
Seat 4: allan76d ($167.83 in chips)
Seat 5: pompier40 ($191.19 in chips)
pompier40: posts small blind $1
allan76d: posts big blind $3
*** HOLE CARDS ***
pompier40: folds
Uncalled bet ($2) returned to allan76d
allan76d collected $2 from pot
allan76d: doesn't show hand
*** SUMMARY ***
Total pot $2 | Rake $0
Seat 4: allan76d (big blind) collected ($2)
Seat 5: pompier40 (button) (small blind) folded before Flop


PokerStars Hand #150504930870:  Hold'em Limit ($3/$6 USD) - 2016/03/17 15:51:05 ET
Table 'Dawn' 6-max Seat #4 is the button
Seat 4: allan76d ($164.83 in chips)
Seat 5: pompier40 ($194.19 in chips)
allan76d: posts small blind $1
pompier40: posts big blind $3
*** HOLE CARDS ***
allan76d: raises $3 to $6
pompier40: folds
Uncalled bet ($3) returned to allan76d
allan76d collected $6 from pot
allan76d: doesn't show hand
*** SUMMARY ***
Total pot $6 | Rake $0
Seat 4: allan76d (button) (small blind) collected ($6)
Seat 5: pompier40 (big blind) folded before Flop


PokerStars Hand #150504963974:  Hold'em Limit ($3/$6 USD) - 2016/03/17 15:51:40 ET
Table 'Dawn' 6-max Seat #4 is the button
Seat 4: allan76d ($152.83 in chips)
Seat 5: pompier40 ($205.69 in chips)
allan76d: posts small blind $1
pompier40: posts big blind $3
*** HOLE CARDS ***
allan76d: folds
Uncalled bet ($2) returned to pompier40
pompier40 collected $2 from pot
*** SUMMARY ***
Total pot $2 | Rake $0
Seat 4: allan76d (button) (small blind) folded before Flop
Seat 5: pompier40 (big blind) collected ($2)


PokerStars Hand #150504946601:  Hold'em Limit ($3/$6 USD) - 2016/03/17 15:51:21 ET
Table 'Dawn' 6-max Seat #5 is the button
Seat 4: allan76d ($167.83 in chips)
Seat 5: pompier40 ($191.19 in chips)
pompier40: posts small blind $1
allan76d: posts big blind $3
*** HOLE CARDS ***
pompier40: raises $3 to $6
allan76d: calls $3
*** FLOP *** [3h Ah Jc]
allan76d: checks
pompier40: bets $3
allan76d: calls $3
*** TURN *** [3h Ah Jc] [Td]
allan76d: checks
pompier40: checks
*** RIVER *** [3h Ah Jc Td] [7s]
allan76d: checks
pompier40: bets $6
allan76d: calls $6
*** SHOW DOWN ***
pompier40: shows [3s Ts] (two pair, Tens and Threes)
allan76d: mucks hand
pompier40 collected $29.50 from pot
*** SUMMARY ***
Total pot $30 | Rake $0.50
Board [3h Ah Jc Td 7s]
Seat 4: allan76d (big blind) mucked
Seat 5: pompier40 (button) (small blind) showed [3s Ts] and won ($29.50) with two pair, Tens and Threes


PokerStars Hand #150504941957:  Hold'em Limit ($3/$6 USD) - 2016/03/17 15:51:17 ET
Table 'Dawn' 6-max Seat #4 is the button
Seat 4: allan76d ($168.83 in chips)
Seat 5: pompier40 ($190.19 in chips)
allan76d: posts small blind $1
pompier40: posts big blind $3
*** HOLE CARDS ***
allan76d: folds
Uncalled bet ($2) returned to pompier40
pompier40 collected $2 from pot
*** SUMMARY ***
Total pot $2 | Rake $0
Seat 4: allan76d (button) (small blind) folded before Flop
Seat 5: pompier40 (big blind) collected ($2)


PokerStars Hand #150504992773:  Hold'em Limit ($3/$6 USD) - 2016/03/17 15:52:11 ET
Table 'Dawn' 6-max Seat #4 is the button
Seat 4: allan76d ($151.58 in chips)
Seat 5: pompier40 ($206.44 in chips)
allan76d: posts small blind $1
pompier40: posts big blind $3
*** HOLE CARDS ***
allan76d: folds
Uncalled bet ($2) returned to pompier40
pompier40 collected $2 from pot
*** SUMMARY ***
Total pot $2 | Rake $0
Seat 4: allan76d (button) (small blind) folded before Flop
Seat 5: pompier40 (big blind) collected ($2)


PokerStars Hand #150504968252:  Hold'em Limit ($3/$6 USD) - 2016/03/17 15:51:45 ET
Table 'Dawn' 6-max Seat #5 is the button
Seat 4: allan76d ($151.83 in chips)
Seat 5: pompier40 ($206.69 in chips)
pompier40: posts small blind $1
allan76d: posts big blind $3
*** HOLE CARDS ***
pompier40: raises $3 to $6
allan76d: raises $3 to $9
pompier40: calls $3
*** FLOP *** [Qc Th Td]
allan76d: bets $3
pompier40: calls $3
*** TURN *** [Qc Th Td] [4c]
allan76d: bets $6
pompier40: calls $6
*** RIVER *** [Qc Th Td 4c] [Ad]
allan76d: checks
pompier40: checks
*** SHOW DOWN ***
allan76d: shows [8c Kd] (a pair of Tens)
pompier40: shows [3c Kc] (a pair of Tens)
allan76d collected $17.75 from pot
pompier40 collected $17.75 from pot
*** SUMMARY ***
Total pot $36 | Rake $0.50
Board [Qc Th Td 4c Ad]
Seat 4: allan76d (big blind) showed [8c Kd] and won ($17.75) with a pair of Tens
Seat 5: pompier40 (button) (small blind) showed [3c Kc] and won ($17.75) with a pair of Tens


PokerStars Hand #150505008899:  Hold'em Limit ($3/$6 USD) - 2016/03/17 15:52:28 ET
Table 'Dawn' 6-max Seat #4 is the button
Seat 4: allan76d ($144.58 in chips)
Seat 5: pompier40 ($213.20 in chips)
allan76d: posts small blind $1
pompier40: posts big blind $3
*** HOLE CARDS ***
allan76d: raises $3 to $6
pompier40: calls $3
*** FLOP *** [2s 4s 8d]
pompier40: bets $3
allan76d: calls $3
*** TURN *** [2s 4s 8d] [Qc]
pompier40: checks
allan76d: checks
*** RIVER *** [2s 4s 8d Qc] [Kh]
pompier40: checks
allan76d: checks
*** SHOW DOWN ***
pompier40: shows [Js 5s] (high card King)
allan76d: mucks hand
pompier40 collected $17.64 from pot
*** SUMMARY ***
Total pot $18 | Rake $0.36
Board [2s 4s 8d Qc Kh]
Seat 4: allan76d (button) (small blind) mucked
Seat 5: pompier40 (big blind) showed [Js 5s] and won ($17.64) with high card King


PokerStars Hand #150504997252:  Hold'em Limit ($3/$6 USD) - 2016/03/17 15:52:16 ET
Table 'Dawn' 6-max Seat #5 is the button
Seat 4: allan76d ($150.58 in chips)
Seat 5: pompier40 ($207.44 in chips)
pompier40: posts small blind $1
allan76d: posts big blind $3
*** HOLE CARDS ***
pompier40: raises $3 to $6
allan76d: calls $3
*** FLOP *** [8d Th Kh]
allan76d: checks
pompier40: bets $3
allan76d: folds
Uncalled bet ($3) returned to pompier40
pompier40 collected $11.76 from pot
*** SUMMARY ***
Total pot $12 | Rake $0.24
Board [8d Th Kh]
Seat 4: allan76d (big blind) folded on the Flop
Seat 5: pompier40 (button) (small blind) collected ($11.76)


PokerStars Hand #150505070820:  Hold'em Limit ($3/$6 USD) - 2016/03/17 15:53:35 ET
Table 'Dawn' 6-max Seat #4 is the button
Seat 4: allan76d ($105.58 in chips)
Seat 5: pompier40 ($251.34 in chips)
allan76d: posts small blind $1
pompier40: posts big blind $3
*** HOLE CARDS ***
allan76d: raises $3 to $6
pompier40: calls $3
*** FLOP *** [5s 3c Qc]
pompier40: bets $3
allan76d: calls $3
*** TURN *** [5s 3c Qc] [9d]
pompier40: bets $6
allan76d: calls $6
*** RIVER *** [5s 3c Qc 9d] [6d]
pompier40: bets $6
allan76d: calls $6
*** SHOW DOWN ***
pompier40: shows [8c 7c] (a straight, Five to Nine)
allan76d: mucks hand
pompier40 collected $41.50 from pot
*** SUMMARY ***
Total pot $42 | Rake $0.50
Board [5s 3c Qc 9d 6d]
Seat 4: allan76d (button) (small blind) mucked
Seat 5: pompier40 (big blind) showed [8c 7c] and won ($41.50) with a straight, Five to Nine


PokerStars Hand #150505065256:  Hold'em Limit ($3/$6 USD) - 2016/03/17 15:53:29 ET
Table 'Dawn' 6-max Seat #5 is the button
Seat 4: allan76d ($104.58 in chips)
Seat 5: pompier40 ($252.34 in chips)
pompier40: posts small blind $1
allan76d: posts big blind $3
*** HOLE CARDS ***
kungsbjörn joins the table at seat #2
pompier40: folds
Uncalled bet ($2) returned to allan76d
allan76d collected $2 from pot
allan76d: doesn't show hand
*** SUMMARY ***
Total pot $2 | Rake $0
Seat 4: allan76d (big blind) collected ($2)
Seat 5: pompier40 (button) (small blind) folded before Flop


PokerStars Hand #150505059201:  Hold'em Limit ($3/$6 USD) - 2016/03/17 15:53:22 ET
Table 'Dawn' 6-max Seat #4 is the button
Seat 4: allan76d ($105.58 in chips)
Seat 5: pompier40 ($251.34 in chips)
allan76d: posts small blind $1
pompier40: posts big blind $3
*** HOLE CARDS ***
allan76d: folds
Uncalled bet ($2) returned to pompier40
pompier40 collected $2 from pot
*** SUMMARY ***
Total pot $2 | Rake $0
Seat 4: allan76d (button) (small blind) folded before Flop
Seat 5: pompier40 (big blind) collected ($2)


PokerStars Hand #150505029247:  Hold'em Limit ($3/$6 USD) - 2016/03/17 15:52:50 ET
Table 'Dawn' 6-max Seat #5 is the button
Seat 4: allan76d ($135.58 in chips)
Seat 5: pompier40 ($221.84 in chips)
pompier40: posts small blind $1
allan76d: posts big blind $3
*** HOLE CARDS ***
pompier40: raises $3 to $6
allan76d: raises $3 to $9
pompier40: raises $3 to $12
Betting is capped
allan76d: calls $3
*** FLOP *** [Td 4h Kd]
allan76d: checks
pompier40: bets $3
allan76d: raises $3 to $6
pompier40: calls $3
*** TURN *** [Td 4h Kd] [As]
allan76d: checks
pompier40: bets $6
allan76d: calls $6
*** RIVER *** [Td 4h Kd As] [9c]
allan76d: checks
pompier40: bets $6
allan76d: calls $6
*** SHOW DOWN ***
pompier40: shows [Qd Ah] (a pair of Aces)
allan76d: mucks hand
pompier40 collected $59.50 from pot
*** SUMMARY ***
Total pot $60 | Rake $0.50
Board [Td 4h Kd As 9c]
Seat 4: allan76d (big blind) mucked
Seat 5: pompier40 (button) (small blind) showed [Qd Ah] and won ($59.50) with a pair of Aces


PokerStars Hand #150508670936:  Hold'em Limit ($3/$6 USD) - 2016/03/17 16:57:51 ET
Table 'Dawn' 6-max Seat #6 is the button
Seat 5: pompier40 ($320.78 in chips)
Seat 6: Necromadx ($122.76 in chips)
Necromadx: posts small blind $1
pompier40: posts big blind $3
*** HOLE CARDS ***
Necromadx: folds
Uncalled bet ($2) returned to pompier40
pompier40 collected $2 from pot
*** SUMMARY ***
Total pot $2 | Rake $0
Seat 5: pompier40 (big blind) collected ($2)
Seat 6: Necromadx (button) (small blind) folded before Flop


PokerStars Hand #150508667038:  Hold'em Limit ($3/$6 USD) - 2016/03/17 16:57:46 ET
Table 'Dawn' 6-max Seat #5 is the button
Seat 5: pompier40 ($317.78 in chips)
Seat 6: Necromadx ($125.76 in chips)
pompier40: posts small blind $1
Necromadx: posts big blind $3
*** HOLE CARDS ***
pompier40: raises $3 to $6
Necromadx: folds
Uncalled bet ($3) returned to pompier40
pompier40 collected $6 from pot
*** SUMMARY ***
Total pot $6 | Rake $0
Seat 5: pompier40 (button) (small blind) collected ($6)
Seat 6: Necromadx (big blind) folded before Flop


PokerStars Hand #150508674242:  Hold'em Limit ($3/$6 USD) - 2016/03/17 16:57:56 ET
Table 'Dawn' 6-max Seat #5 is the button
Seat 5: pompier40 ($321.78 in chips)
Seat 6: Necromadx ($121.76 in chips)
pompier40: posts small blind $1
Necromadx: posts big blind $3
*** HOLE CARDS ***
pompier40: raises $3 to $6
Necromadx: raises $3 to $9
pompier40: raises $3 to $12
Betting is capped
Necromadx: calls $3
*** FLOP *** [Jh 7h Kc]
Necromadx: checks
pompier40: bets $3
Necromadx: calls $3
*** TURN *** [Jh 7h Kc] [Kd]
Necromadx: checks
pompier40: bets $6
Necromadx: calls $6
*** RIVER *** [Jh 7h Kc Kd] [2s]
Necromadx: checks
pompier40: checks
*** SHOW DOWN ***
Necromadx: shows [Ad Qd] (a pair of Kings)
pompier40: shows [8s 7s] (two pair, Kings and Sevens)
pompier40 collected $41.50 from pot
*** SUMMARY ***
Total pot $42 | Rake $0.50
Board [Jh 7h Kc Kd 2s]
Seat 5: pompier40 (button) (small blind) showed [8s 7s] and won ($41.50) with two pair, Kings and Sevens
Seat 6: Necromadx (big blind) showed [Ad Qd] and lost with a pair of Kings


PokerStars Hand #150508658307:  Hold'em Limit ($3/$6 USD) - 2016/03/17 16:57:35 ET
Table 'Dawn' 6-max Seat #6 is the button
Seat 5: pompier40 ($323.78 in chips)
Seat 6: Necromadx ($120 in chips)
Necromadx: posts small blind $1
ValeryRon: is sitting out
pompier40: posts big blind $3
*** HOLE CARDS ***
Necromadx: raises $3 to $6
pompier40: calls $3
*** FLOP *** [8s Kc 7s]
pompier40: checks
ValeryRon leaves the table
Necromadx: bets $3
pompier40: folds
Uncalled bet ($3) returned to Necromadx
Necromadx collected $11.76 from pot
Necromadx: doesn't show hand
*** SUMMARY ***
Total pot $12 | Rake $0.24
Board [8s Kc 7s]
Seat 5: pompier40 (big blind) folded on the Flop
Seat 6: Necromadx (button) (small blind) collected ($11.76)


PokerStars Hand #150508714441:  Hold'em Limit ($3/$6 USD) - 2016/03/17 16:58:48 ET
Table 'Dawn' 6-max Seat #5 is the button
Seat 5: pompier40 ($344.78 in chips)
Seat 6: Necromadx ($123 in chips)
pompier40: posts small blind $1
Necromadx: posts big blind $3
*** HOLE CARDS ***
pompier40: folds
Uncalled bet ($2) returned to Necromadx
Necromadx collected $2 from pot
Necromadx: doesn't show hand
*** SUMMARY ***
Total pot $2 | Rake $0
Seat 5: pompier40 (button) (small blind) folded before Flop
Seat 6: Necromadx (big blind) collected ($2)


PokerStars Hand #150508709911:  Hold'em Limit ($3/$6 USD) - 2016/03/17 16:58:43 ET
Table 'Dawn' 6-max Seat #6 is the button
Seat 5: pompier40 ($347.78 in chips)
Seat 6: Necromadx ($120 in chips)
Necromadx: posts small blind $1
pompier40: posts big blind $3
*** HOLE CARDS ***
Necromadx: raises $3 to $6
pompier40: folds
Uncalled bet ($3) returned to Necromadx
Necromadx collected $6 from pot
Necromadx: doesn't show hand
*** SUMMARY ***
Total pot $6 | Rake $0
Seat 5: pompier40 (big blind) folded before Flop
Seat 6: Necromadx (button) (small blind) collected ($6)


PokerStars Hand #150508699912:  Hold'em Limit ($3/$6 USD) - 2016/03/17 16:58:30 ET
Table 'Dawn' 6-max Seat #5 is the button
Seat 5: pompier40 ($327.28 in chips)
Seat 6: Necromadx ($134.50 in chips)
pompier40: posts small blind $1
Necromadx: posts big blind $3
*** HOLE CARDS ***
pompier40: raises $3 to $6
Necromadx: calls $3
*** FLOP *** [Jd 5d Tc]
Necromadx: checks
pompier40: bets $3
Necromadx: calls $3
*** TURN *** [Jd 5d Tc] [5s]
Necromadx: checks
pompier40: bets $6
Necromadx: calls $6
*** RIVER *** [Jd 5d Tc 5s] [6h]
Necromadx: checks
pompier40: bets $6
Necromadx: calls $6
*** SHOW DOWN ***
pompier40: shows [Jh 9h] (two pair, Jacks and Fives)
Necromadx: mucks hand
pompier40 collected $41.50 from pot
*** SUMMARY ***
Total pot $42 | Rake $0.50
Board [Jd 5d Tc 5s 6h]
Seat 5: pompier40 (button) (small blind) showed [Jh 9h] and won ($41.50) with two pair, Jacks and Fives
Seat 6: Necromadx (big blind) mucked


PokerStars Hand #150508688809:  Hold'em Limit ($3/$6 USD) - 2016/03/17 16:58:15 ET
Table 'Dawn' 6-max Seat #6 is the button
Seat 5: pompier40 ($342.28 in chips)
Seat 6: Necromadx ($120 in chips)
Necromadx: posts small blind $1
pompier40: posts big blind $3
*** HOLE CARDS ***
Necromadx: raises $3 to $6
pompier40: calls $3
*** FLOP *** [2h 9s Kh]
pompier40: bets $3
Necromadx: calls $3
*** TURN *** [2h 9s Kh] [Jd]
pompier40: bets $6
Necromadx: calls $6
*** RIVER *** [2h 9s Kh Jd] [7d]
ice0034 leaves the table
pompier40: checks
Necromadx: checks
*** SHOW DOWN ***
pompier40: shows [3h 6h] (high card King)
Necromadx: shows [As 6d] (high card Ace)
Necromadx collected $29.50 from pot
*** SUMMARY ***
Total pot $30 | Rake $0.50
Board [2h 9s Kh Jd 7d]
Seat 5: pompier40 (big blind) showed [3h 6h] and lost with high card King
Seat 6: Necromadx (button) (small blind) showed [As 6d] and won ($29.50) with high card Ace


PokerStars Hand #150508718623:  Hold'em Limit ($3/$6 USD) - 2016/03/17 16:58:54 ET
Table 'Dawn' 6-max Seat #6 is the button
Seat 5: pompier40 ($343.78 in chips)
Seat 6: Necromadx ($124 in chips)
Necromadx: posts small blind $1
pompier40: posts big blind $3
*** HOLE CARDS ***
Necromadx: raises $3 to $6
pompier40: raises $3 to $9
Necromadx: calls $3
*** FLOP *** [Ah 2d 5c]
pompier40: bets $3
Necromadx: calls $3
*** TURN *** [Ah 2d 5c] [8h]
pompier40: bets $6
Necromadx: raises $6 to $12
pompier40: calls $6
*** RIVER *** [Ah 2d 5c 8h] [6d]
pompier40: checks
Necromadx: bets $6
pompier40: calls $6
*** SHOW DOWN ***
Necromadx: shows [2s Ad] (two pair, Aces and Deuces)
pompier40: shows [9c As] (a pair of Aces)
Necromadx collected $59.50 from pot
*** SUMMARY ***
Total pot $60 | Rake $0.50
Board [Ah 2d 5c 8h 6d]
Seat 5: pompier40 (big blind) showed [9c As] and lost with a pair of Aces
Seat 6: Necromadx (button) (small blind) showed [2s Ad] and won ($59.50) with two pair, Aces and Deuces


PokerStars Hand #150508746937:  Hold'em Limit ($3/$6 USD) - 2016/03/17 16:59:31 ET
Table 'Dawn' 6-max Seat #5 is the button
Seat 5: pompier40 ($313.78 in chips)
Seat 6: Necromadx ($153.50 in chips)
pompier40: posts small blind $1
Necromadx: posts big blind $3
*** HOLE CARDS ***
pompier40: raises $3 to $6
Necromadx: calls $3
*** FLOP *** [7s 9c As]
Necromadx: checks
pompier40: bets $3
Necromadx: calls $3
*** TURN *** [7s 9c As] [7c]
Necromadx: checks
pompier40: bets $6
Necromadx: raises $6 to $12
pompier40: calls $6
*** RIVER *** [7s 9c As 7c] [3h]
Necromadx: bets $6
pompier40: folds
Uncalled bet ($6) returned to Necromadx
Necromadx collected $41.50 from pot
Necromadx: doesn't show hand
*** SUMMARY ***
Total pot $42 | Rake $0.50
Board [7s 9c As 7c 3h]
Seat 5: pompier40 (button) (small blind) folded on the River
Seat 6: Necromadx (big blind) collected ($41.50)


PokerStars Hand #150508820280:  Hold'em Limit ($3/$6 USD) - 2016/03/17 17:01:03 ET
Table 'Dawn' 6-max Seat #6 is the button
Seat 5: pompier40 ($286.18 in chips)
Seat 6: Necromadx ($179.50 in chips)
Necromadx: posts small blind $1
pompier40: posts big blind $3
*** HOLE CARDS ***
Necromadx: raises $3 to $6
pompier40: calls $3
*** FLOP *** [6c 3h Qd]
pompier40: checks
Necromadx: bets $3
pompier40: folds
Uncalled bet ($3) returned to Necromadx
Necromadx collected $11.76 from pot
Necromadx: doesn't show hand
*** SUMMARY ***
Total pot $12 | Rake $0.24
Board [6c 3h Qd]
Seat 5: pompier40 (big blind) folded on the Flop
Seat 6: Necromadx (button) (small blind) collected ($11.76)


PokerStars Hand #150508769365:  Hold'em Limit ($3/$6 USD) - 2016/03/17 17:00:00 ET
Table 'Dawn' 6-max Seat #6 is the button
Seat 5: pompier40 ($292.78 in chips)
Seat 6: Necromadx ($174 in chips)
Necromadx: posts small blind $1
pompier40: posts big blind $3
*** HOLE CARDS ***
Necromadx: raises $3 to $6
pompier40: calls $3
*** FLOP *** [Qs 2s 4h]
pompier40: checks
Necromadx: bets $3
pompier40: calls $3
*** TURN *** [Qs 2s 4h] [5c]
pompier40: checks
Necromadx: checks
*** RIVER *** [Qs 2s 4h 5c] [6d]
pompier40: bets $6
Necromadx: folds
Uncalled bet ($6) returned to pompier40
pompier40 collected $17.64 from pot
*** SUMMARY ***
Total pot $18 | Rake $0.36
Board [Qs 2s 4h 5c 6d]
Seat 5: pompier40 (big blind) collected ($17.64)
Seat 6: Necromadx (button) (small blind) folded on the River


PokerStars Hand #150508787172:  Hold'em Limit ($3/$6 USD) - 2016/03/17 17:00:22 ET
Table 'Dawn' 6-max Seat #5 is the button
Seat 5: pompier40 ($301.42 in chips)
Seat 6: Necromadx ($165 in chips)
pompier40: posts small blind $1
Necromadx: posts big blind $3
*** HOLE CARDS ***
pompier40: raises $3 to $6
Necromadx: calls $3
*** FLOP *** [Ts 7d 6c]
Necromadx: checks
pompier40: bets $3
Necromadx: folds
Uncalled bet ($3) returned to pompier40
pompier40 collected $11.76 from pot
*** SUMMARY ***
Total pot $12 | Rake $0.24
Board [Ts 7d 6c]
Seat 5: pompier40 (button) (small blind) collected ($11.76)
Seat 6: Necromadx (big blind) folded on the Flop


PokerStars Hand #150508795769:  Hold'em Limit ($3/$6 USD) - 2016/03/17 17:00:33 ET
Table 'Dawn' 6-max Seat #6 is the button
Seat 5: pompier40 ($307.18 in chips)
Seat 6: Necromadx ($159 in chips)
Necromadx: posts small blind $1
pompier40: posts big blind $3
*** HOLE CARDS ***
Necromadx: raises $3 to $6
pompier40: folds
Uncalled bet ($3) returned to Necromadx
Necromadx collected $6 from pot
Necromadx: doesn't show hand
*** SUMMARY ***
Total pot $6 | Rake $0
Seat 5: pompier40 (big blind) folded before Flop
Seat 6: Necromadx (button) (small blind) collected ($6)


PokerStars Hand #150508801495:  Hold'em Limit ($3/$6 USD) - 2016/03/17 17:00:40 ET
Table 'Dawn' 6-max Seat #5 is the button
Seat 5: pompier40 ($304.18 in chips)
Seat 6: Necromadx ($162 in chips)
pompier40: posts small blind $1
Necromadx: posts big blind $3
*** HOLE CARDS ***
pompier40: raises $3 to $6
Necromadx: calls $3
*** FLOP *** [7d 5s 8h]
Necromadx: checks
pompier40: checks
*** TURN *** [7d 5s 8h] [4s]
Necromadx: bets $6
pompier40: calls $6
*** RIVER *** [7d 5s 8h 4s] [Kc]
Necromadx: bets $6
pompier40: calls $6
*** SHOW DOWN ***
Necromadx: shows [5c Ks] (two pair, Kings and Fives)
pompier40: shows [Qh As] (high card Ace)
Necromadx collected $35.50 from pot
*** SUMMARY ***
Total pot $36 | Rake $0.50
Board [7d 5s 8h 4s Kc]
Seat 5: pompier40 (button) (small blind) showed [Qh As] and lost with high card Ace
Seat 6: Necromadx (big blind) showed [5c Ks] and won ($35.50) with two pair, Kings and Fives


PokerStars Hand #150508873908:  Hold'em Limit ($3/$6 USD) - 2016/03/17 17:02:03 ET
Table 'Dawn' 6-max Seat #6 is the button
Seat 5: pompier40 ($243.82 in chips)
Seat 6: Necromadx ($220.40 in chips)
Necromadx: posts small blind $1
pompier40: posts big blind $3
*** HOLE CARDS ***
Necromadx: raises $3 to $6
pompier40: calls $3
*** FLOP *** [4d 6s Js]
pompier40: checks
Necromadx: bets $3
pompier40: raises $3 to $6
Necromadx: calls $3
*** TURN *** [4d 6s Js] [Ks]
pompier40: bets $6
Necromadx: calls $6
*** RIVER *** [4d 6s Js Ks] [2s]
pompier40: bets $6
Necromadx: raises $6 to $12
pompier40: calls $6
*** SHOW DOWN ***
Necromadx: shows [5d 7h] (high card King)
pompier40: shows [4s Kd] (a flush, King high)
pompier40 collected $59.50 from pot
*** SUMMARY ***
Total pot $60 | Rake $0.50
Board [4d 6s Js Ks 2s]
Seat 5: pompier40 (big blind) showed [4s Kd] and won ($59.50) with a flush, King high
Seat 6: Necromadx (button) (small blind) showed [5d 7h] and lost with high card King


PokerStars Hand #150508828777:  Hold'em Limit ($3/$6 USD) - 2016/03/17 17:01:13 ET
Table 'Dawn' 6-max Seat #5 is the button
Seat 5: pompier40 ($280.18 in chips)
Seat 6: Necromadx ($185.26 in chips)
pompier40: posts small blind $1
Necromadx: posts big blind $3
*** HOLE CARDS ***
pompier40: raises $3 to $6
Necromadx: calls $3
*** FLOP *** [3c 7c 6h]
Necromadx: checks
pompier40: bets $3
Necromadx: raises $3 to $6
pompier40: calls $3
*** TURN *** [3c 7c 6h] [Jc]
Necromadx: bets $6
pompier40: raises $6 to $12
Necromadx: calls $6
*** RIVER *** [3c 7c 6h Jc] [5h]
Necromadx: checks
pompier40: bets $6
Necromadx: raises $6 to $12
pompier40: calls $6
*** SHOW DOWN ***
Necromadx: shows [9h 8d] (a straight, Five to Nine)
pompier40: mucks hand
Necromadx collected $71.50 from pot
*** SUMMARY ***
Total pot $72 | Rake $0.50
Board [3c 7c 6h Jc 5h]
Seat 5: pompier40 (button) (small blind) mucked
Seat 6: Necromadx (big blind) showed [9h 8d] and won ($71.50) with a straight, Five to Nine


PokerStars Hand #150508854538:  Hold'em Limit ($3/$6 USD) - 2016/03/17 17:01:42 ET
Table 'Dawn' 6-max Seat #6 is the button
Seat 5: pompier40 ($244.18 in chips)
Seat 6: Necromadx ($220.76 in chips)
Necromadx: posts small blind $1
pompier40: posts big blind $3
*** HOLE CARDS ***
Necromadx: raises $3 to $6
pompier40: raises $3 to $9
Necromadx: calls $3
*** FLOP *** [2h 2d Ks]
pompier40: bets $3
Necromadx: folds
Uncalled bet ($3) returned to pompier40
pompier40 collected $17.64 from pot
*** SUMMARY ***
Total pot $18 | Rake $0.36
Board [2h 2d Ks]
Seat 5: pompier40 (big blind) collected ($17.64)
Seat 6: Necromadx (button) (small blind) folded on the Flop


PokerStars Hand #150508863412:  Hold'em Limit ($3/$6 USD) - 2016/03/17 17:01:52 ET
Table 'Dawn' 6-max Seat #5 is the button
Seat 5: pompier40 ($252.82 in chips)
Seat 6: Necromadx ($211.76 in chips)
pompier40: posts small blind $1
Necromadx: posts big blind $3
*** HOLE CARDS ***
pompier40: raises $3 to $6
Necromadx: raises $3 to $9
pompier40: calls $3
*** FLOP *** [Qh 7h 6h]
Necromadx: bets $3
pompier40: folds
Uncalled bet ($3) returned to Necromadx
Necromadx collected $17.64 from pot
Necromadx: doesn't show hand
*** SUMMARY ***
Total pot $18 | Rake $0.36
Board [Qh 7h 6h]
Seat 5: pompier40 (button) (small blind) folded on the Flop
Seat 6: Necromadx (big blind) collected ($17.64)


PokerStars Hand #150508928163:  Hold'em Limit ($3/$6 USD) - 2016/03/17 17:03:00 ET
Table 'Dawn' 6-max Seat #6 is the button
Seat 5: pompier40 ($263.82 in chips)
Seat 6: Necromadx ($198.90 in chips)
Necromadx: posts small blind $1
pompier40: posts big blind $3
*** HOLE CARDS ***
Necromadx: raises $3 to $6
pompier40: calls $3
*** FLOP *** [9s 6c Ks]
pompier40: checks
Necromadx: bets $3
pompier40: calls $3
*** TURN *** [9s 6c Ks] [Th]
pompier40: checks
Necromadx: bets $6
pompier40: folds
Uncalled bet ($6) returned to Necromadx
Necromadx collected $17.64 from pot
Necromadx: doesn't show hand
*** SUMMARY ***
Total pot $18 | Rake $0.36
Board [9s 6c Ks Th]
Seat 5: pompier40 (big blind) folded on the Turn
Seat 6: Necromadx (button) (small blind) collected ($17.64)


PokerStars Hand #150508890029:  Hold'em Limit ($3/$6 USD) - 2016/03/17 17:02:20 ET
Table 'Dawn' 6-max Seat #5 is the button
Seat 5: pompier40 ($273.32 in chips)
Seat 6: Necromadx ($190.40 in chips)
pompier40: posts small blind $1
Necromadx: posts big blind $3
*** HOLE CARDS ***
pompier40: raises $3 to $6
Necromadx: raises $3 to $9
pompier40: calls $3
*** FLOP *** [9s 3h 6h]
Necromadx: checks
pompier40: checks
*** TURN *** [9s 3h 6h] [7s]
Necromadx: checks
pompier40: bets $6
Necromadx: calls $6
*** RIVER *** [9s 3h 6h 7s] [3c]
Necromadx: checks
pompier40: bets $6
Necromadx: calls $6
*** SHOW DOWN ***
pompier40: shows [Ks 8s] (a pair of Threes)
Necromadx: shows [Qs Kd] (a pair of Threes - King+Queen kicker)
Necromadx collected $41.50 from pot
*** SUMMARY ***
Total pot $42 | Rake $0.50
Board [9s 3h 6h 7s 3c]
Seat 5: pompier40 (button) (small blind) showed [Ks 8s] and lost with a pair of Threes
Seat 6: Necromadx (big blind) showed [Qs Kd] and won ($41.50) with a pair of Threes


PokerStars Hand #150508904219:  Hold'em Limit ($3/$6 USD) - 2016/03/17 17:02:35 ET
Table 'Dawn' 6-max Seat #6 is the button
Seat 5: pompier40 ($252.32 in chips)
Seat 6: Necromadx ($210.90 in chips)
Necromadx: posts small blind $1
pompier40: posts big blind $3
*** HOLE CARDS ***
Necromadx: raises $3 to $6
pompier40: folds
Uncalled bet ($3) returned to Necromadx
Necromadx collected $6 from pot
Necromadx: doesn't show hand
*** SUMMARY ***
Total pot $6 | Rake $0
Seat 5: pompier40 (big blind) folded before Flop
Seat 6: Necromadx (button) (small blind) collected ($6)


PokerStars Hand #150508911786:  Hold'em Limit ($3/$6 USD) - 2016/03/17 17:02:42 ET
Table 'Dawn' 6-max Seat #5 is the button
Seat 5: pompier40 ($249.32 in chips)
Seat 6: Necromadx ($213.90 in chips)
pompier40: posts small blind $1
Necromadx: posts big blind $3
*** HOLE CARDS ***
pompier40: raises $3 to $6
Necromadx: calls $3
*** FLOP *** [Jh 7c Ts]
Necromadx: checks
pompier40: bets $3
Necromadx: calls $3
*** TURN *** [Jh 7c Ts] [9s]
Necromadx: checks
pompier40: bets $6
Necromadx: calls $6
*** RIVER *** [Jh 7c Ts 9s] [5h]
Necromadx: checks
pompier40: checks
*** SHOW DOWN ***
Necromadx: shows [Qd 5d] (a pair of Fives)
pompier40: shows [Qh 9h] (a pair of Nines)
pompier40 collected $29.50 from pot
*** SUMMARY ***
Total pot $30 | Rake $0.50
Board [Jh 7c Ts 9s 5h]
Seat 5: pompier40 (button) (small blind) showed [Qh 9h] and won ($29.50) with a pair of Nines
Seat 6: Necromadx (big blind) showed [Qd 5d] and lost with a pair of Fives


PokerStars Hand #150508949737:  Hold'em Limit ($3/$6 USD) - 2016/03/17 17:03:22 ET
Table 'Dawn' 6-max Seat #6 is the button
Seat 5: pompier40 ($253.82 in chips)
Seat 6: Necromadx ($208.54 in chips)
Necromadx: posts small blind $1
pompier40: posts big blind $3
*** HOLE CARDS ***
Necromadx: raises $3 to $6
pompier40: folds
Uncalled bet ($3) returned to Necromadx
Necromadx collected $6 from pot
Necromadx: doesn't show hand
*** SUMMARY ***
Total pot $6 | Rake $0
Seat 5: pompier40 (big blind) folded before Flop
Seat 6: Necromadx (button) (small blind) collected ($6)


PokerStars Hand #150508943825:  Hold'em Limit ($3/$6 USD) - 2016/03/17 17:03:16 ET
Table 'Dawn' 6-max Seat #5 is the button
Seat 5: pompier40 ($254.82 in chips)
Seat 6: Necromadx ($207.54 in chips)
pompier40: posts small blind $1
Necromadx: posts big blind $3
*** HOLE CARDS ***
pompier40: folds
Uncalled bet ($2) returned to Necromadx
Necromadx collected $2 from pot
Necromadx: doesn't show hand
*** SUMMARY ***
Total pot $2 | Rake $0
Seat 5: pompier40 (button) (small blind) folded before Flop
Seat 6: Necromadx (big blind) collected ($2)


PokerStars Hand #150508955130:  Hold'em Limit ($3/$6 USD) - 2016/03/17 17:03:28 ET
Table 'Dawn' 6-max Seat #5 is the button
Seat 5: pompier40 ($250.82 in chips)
Seat 6: Necromadx ($211.54 in chips)
pompier40: posts small blind $1
Necromadx: posts big blind $3
*** HOLE CARDS ***
pompier40: raises $3 to $6
Necromadx: calls $3
*** FLOP *** [6c 2h Ts]
Necromadx: checks
pompier40: bets $3
Necromadx: folds
Uncalled bet ($3) returned to pompier40
pompier40 collected $11.76 from pot
*** SUMMARY ***
Total pot $12 | Rake $0.24
Board [6c 2h Ts]
Seat 5: pompier40 (button) (small blind) collected ($11.76)
Seat 6: Necromadx (big blind) folded on the Flop


PokerStars Hand #150508987582:  Hold'em Limit ($3/$6 USD) - 2016/03/17 17:04:02 ET
Table 'Dawn' 6-max Seat #5 is the button
Seat 5: pompier40 ($214.58 in chips)
Seat 6: Necromadx ($247.04 in chips)
pompier40: posts small blind $1
Necromadx: posts big blind $3
*** HOLE CARDS ***
pompier40: raises $3 to $6
Necromadx: folds
Uncalled bet ($3) returned to pompier40
pompier40 collected $6 from pot
*** SUMMARY ***
Total pot $6 | Rake $0
Seat 5: pompier40 (button) (small blind) collected ($6)
Seat 6: Necromadx (big blind) folded before Flop


PokerStars Hand #150508967292:  Hold'em Limit ($3/$6 USD) - 2016/03/17 17:03:41 ET
Table 'Dawn' 6-max Seat #6 is the button
Seat 5: pompier40 ($256.58 in chips)
Seat 6: Necromadx ($205.54 in chips)
Necromadx: posts small blind $1
pompier40: posts big blind $3
*** HOLE CARDS ***
Necromadx: raises $3 to $6
pompier40: raises $3 to $9
Necromadx: calls $3
*** FLOP *** [7d Qs Kh]
pompier40: bets $3
Necromadx: calls $3
*** TURN *** [7d Qs Kh] [Jh]
pompier40: bets $6
Necromadx: raises $6 to $12
pompier40: raises $6 to $18
Necromadx: calls $6
*** RIVER *** [7d Qs Kh Jh] [8h]
pompier40: bets $6
Necromadx: raises $6 to $12
pompier40: calls $6
*** SHOW DOWN ***
Necromadx: shows [Qh Qd] (three of a kind, Queens)
pompier40: mucks hand
Necromadx collected $83.50 from pot
*** SUMMARY ***
Total pot $84 | Rake $0.50
Board [7d Qs Kh Jh 8h]
Seat 5: pompier40 (big blind) mucked
Seat 6: Necromadx (button) (small blind) showed [Qh Qd] and won ($83.50) with three of a kind, Queens


