PokerStars Hand #147614936443:  Hold'em Limit ($3/$6 USD) - 2016/01/24 15:31:59 ET
Table 'Dawn' 6-max Seat #4 is the button
Seat 3: Oxm0x ($120 in chips)
Seat 4: BelSv ($78 in chips)
BelSv: posts small blind $1
VolkovDmitri: is sitting out
Oxm0x: posts big blind $3
*** HOLE CARDS ***
VolkovDmitri leaves the table
BelSv: raises $3 to $6
ZinZar joins the table at seat #5
grabaz joins the table at seat #6
Oxm0x has timed out
Oxm0x: folds
Uncalled bet ($3) returned to BelSv
BelSv collected $6 from pot
BelSv: doesn't show hand
*** SUMMARY ***
Total pot $6 | Rake $0
Seat 3: Oxm0x (big blind) folded before Flop
Seat 4: BelSv (button) (small blind) collected ($6)


PokerStars Hand #147615138022:  Hold'em Limit ($3/$6 USD) - 2016/01/24 15:34:51 ET
Table 'Dawn' 6-max Seat #1 is the button
Seat 1: oregordog ($120 in chips)
Seat 6: grabaz ($120 in chips)
oregordog: posts small blind $1
grabaz: posts big blind $3
*** HOLE CARDS ***
oregordog: raises $3 to $6
grabaz: calls $3
*** FLOP *** [Kh Ts 2s]
grabaz: checks
oregordog: bets $3
grabaz: calls $3
*** TURN *** [Kh Ts 2s] [6s]
grabaz: checks
Pokali joins the table at seat #2
oregordog: checks
*** RIVER *** [Kh Ts 2s 6s] [Ac]
grabaz: checks
oregordog: checks
*** SHOW DOWN ***
grabaz: shows [As 6c] (two pair, Aces and Sixes)
oregordog: mucks hand
grabaz collected $17.64 from pot
*** SUMMARY ***
Total pot $18 | Rake $0.36
Board [Kh Ts 2s 6s Ac]
Seat 1: oregordog (button) (small blind) mucked
Seat 6: grabaz (big blind) showed [As 6c] and won ($17.64) with two pair, Aces and Sixes


PokerStars Hand #147615176869:  Hold'em Limit ($3/$6 USD) - 2016/01/24 15:35:23 ET
Table 'Dawn' 6-max Seat #6 is the button
Seat 1: oregordog ($111 in chips)
Seat 6: grabaz ($128.64 in chips)
grabaz: posts small blind $1
oregordog: posts big blind $3
*** HOLE CARDS ***
grabaz: raises $3 to $6
oregordog: calls $3
*** FLOP *** [Ac 5d Th]
oregordog: checks
DirtyDouble2 joins the table at seat #5
grabaz: bets $3
oregordog: calls $3
*** TURN *** [Ac 5d Th] [Jc]
oregordog: checks
grabaz: bets $6
oregordog: calls $6
*** RIVER *** [Ac 5d Th Jc] [9s]
oregordog: checks
grabaz: checks
*** SHOW DOWN ***
oregordog: shows [6c Kh] (high card Ace)
grabaz: shows [6s 5h] (a pair of Fives)
grabaz collected $29.50 from pot
*** SUMMARY ***
Total pot $30 | Rake $0.50
Board [Ac 5d Th Jc 9s]
Seat 1: oregordog (big blind) showed [6c Kh] and lost with high card Ace
Seat 6: grabaz (button) (small blind) showed [6s 5h] and won ($29.50) with a pair of Fives


PokerStars Hand #147617285586:  Hold'em Limit ($3/$6 USD) - 2016/01/24 16:07:34 ET
Table 'Dawn' 6-max Seat #5 is the button
Seat 1: Herisons_11 ($203.88 in chips)
Seat 5: pripardone ($104.24 in chips)
pripardone: posts small blind $1
Pokali joins the table at seat #2
grabaz: is sitting out
Herisons_11: posts big blind $3
*** HOLE CARDS ***
grabaz leaves the table
pripardone: folds
Uncalled bet ($2) returned to Herisons_11
Herisons_11 collected $2 from pot
Herisons_11: doesn't show hand
*** SUMMARY ***
Total pot $2 | Rake $0
Seat 1: Herisons_11 (big blind) collected ($2)
Seat 5: pripardone (button) (small blind) folded before Flop


PokerStars Hand #147617962844:  Hold'em Limit ($3/$6 USD) - 2016/01/24 16:17:42 ET
Table 'Dawn' 6-max Seat #5 is the button
Seat 3: carmello774 ($144.19 in chips)
Seat 5: pripardone ($182.60 in chips)
pripardone: posts small blind $1
Herisons_11: is sitting out
carmello774: posts big blind $3
*** HOLE CARDS ***
pripardone: raises $3 to $6
carmello774: folds
Uncalled bet ($3) returned to pripardone
pripardone collected $6 from pot
pripardone: doesn't show hand
*** SUMMARY ***
Total pot $6 | Rake $0
Seat 3: carmello774 (big blind) folded before Flop
Seat 5: pripardone (button) (small blind) collected ($6)


PokerStars Hand #147617972305:  Hold'em Limit ($3/$6 USD) - 2016/01/24 16:17:51 ET
Table 'Dawn' 6-max Seat #3 is the button
Seat 3: carmello774 ($141.19 in chips)
Seat 5: pripardone ($185.60 in chips)
carmello774: posts small blind $1
pripardone: posts big blind $3
*** HOLE CARDS ***
carmello774: raises $3 to $6
pripardone: calls $3
*** FLOP *** [4c 6c Kh]
pripardone: checks
carmello774: bets $3
pripardone: calls $3
*** TURN *** [4c 6c Kh] [Td]
pripardone: checks
carmello774: bets $6
pripardone: raises $6 to $12
carmello774: calls $6
*** RIVER *** [4c 6c Kh Td] [2h]
pripardone: bets $6
carmello774: calls $6
*** SHOW DOWN ***
pripardone: shows [4d 6d] (two pair, Sixes and Fours)
carmello774: mucks hand
pripardone collected $53.50 from pot
*** SUMMARY ***
Total pot $54 | Rake $0.50
Board [4c 6c Kh Td 2h]
Seat 3: carmello774 (button) (small blind) mucked
Seat 5: pripardone (big blind) showed [4d 6d] and won ($53.50) with two pair, Sixes and Fours


PokerStars Hand #147618007278:  Hold'em Limit ($3/$6 USD) - 2016/01/24 16:18:22 ET
Table 'Dawn' 6-max Seat #5 is the button
Seat 3: carmello774 ($114.19 in chips)
Seat 5: pripardone ($212.10 in chips)
pripardone: posts small blind $1
carmello774: posts big blind $3
*** HOLE CARDS ***
pripardone: folds
Uncalled bet ($2) returned to carmello774
carmello774 collected $2 from pot
carmello774: doesn't show hand
*** SUMMARY ***
Total pot $2 | Rake $0
Seat 3: carmello774 (big blind) collected ($2)
Seat 5: pripardone (button) (small blind) folded before Flop


PokerStars Hand #147618012443:  Hold'em Limit ($3/$6 USD) - 2016/01/24 16:18:27 ET
Table 'Dawn' 6-max Seat #3 is the button
Seat 3: carmello774 ($115.19 in chips)
Seat 5: pripardone ($211.10 in chips)
carmello774: posts small blind $1
pripardone: posts big blind $3
*** HOLE CARDS ***
carmello774: raises $3 to $6
pripardone: raises $3 to $9
carmello774: calls $3
*** FLOP *** [Qd Qh 7c]
pripardone: checks
carmello774: checks
*** TURN *** [Qd Qh 7c] [Qs]
pripardone: checks
carmello774: checks
*** RIVER *** [Qd Qh 7c Qs] [6d]
pripardone: bets $6
carmello774: folds
Uncalled bet ($6) returned to pripardone
pripardone collected $17.64 from pot
pripardone: doesn't show hand
*** SUMMARY ***
Total pot $18 | Rake $0.36
Board [Qd Qh 7c Qs 6d]
Seat 3: carmello774 (button) (small blind) folded on the River
Seat 5: pripardone (big blind) collected ($17.64)


PokerStars Hand #147618027797:  Hold'em Limit ($3/$6 USD) - 2016/01/24 16:18:41 ET
Table 'Dawn' 6-max Seat #5 is the button
Seat 3: carmello774 ($106.19 in chips)
Seat 5: pripardone ($219.74 in chips)
pripardone: posts small blind $1
carmello774: posts big blind $3
*** HOLE CARDS ***
pripardone: calls $2
carmello774: checks
*** FLOP *** [8d 7s 5c]
carmello774: checks
pripardone: checks
*** TURN *** [8d 7s 5c] [5h]
carmello774: checks
pripardone: checks
*** RIVER *** [8d 7s 5c 5h] [Jd]
carmello774: bets $6
pripardone: calls $6
*** SHOW DOWN ***
carmello774: shows [Tc 5d] (three of a kind, Fives)
pripardone: mucks hand
carmello774 collected $17.64 from pot
*** SUMMARY ***
Total pot $18 | Rake $0.36
Board [8d 7s 5c 5h Jd]
Seat 3: carmello774 (big blind) showed [Tc 5d] and won ($17.64) with three of a kind, Fives
Seat 5: pripardone (button) (small blind) mucked


PokerStars Hand #147618043801:  Hold'em Limit ($3/$6 USD) - 2016/01/24 16:18:55 ET
Table 'Dawn' 6-max Seat #3 is the button
Seat 3: carmello774 ($114.83 in chips)
Seat 5: pripardone ($210.74 in chips)
carmello774: posts small blind $1
pripardone: posts big blind $3
*** HOLE CARDS ***
carmello774: raises $3 to $6
pripardone: folds
Uncalled bet ($3) returned to carmello774
carmello774 collected $6 from pot
carmello774: doesn't show hand
*** SUMMARY ***
Total pot $6 | Rake $0
Seat 3: carmello774 (button) (small blind) collected ($6)
Seat 5: pripardone (big blind) folded before Flop


PokerStars Hand #147618050989:  Hold'em Limit ($3/$6 USD) - 2016/01/24 16:19:02 ET
Table 'Dawn' 6-max Seat #5 is the button
Seat 3: carmello774 ($117.83 in chips)
Seat 5: pripardone ($207.74 in chips)
pripardone: posts small blind $1
Pokali joins the table at seat #6
carmello774: posts big blind $3
*** HOLE CARDS ***
pripardone: calls $2
carmello774: checks
*** FLOP *** [Td Jd Qc]
carmello774: checks
pripardone: checks
*** TURN *** [Td Jd Qc] [6d]
carmello774: bets $6
pripardone: calls $6
*** RIVER *** [Td Jd Qc 6d] [Qh]
carmello774: bets $6
pripardone: calls $6
*** SHOW DOWN ***
carmello774: shows [7c Qs] (three of a kind, Queens)
pripardone: mucks hand
carmello774 collected $29.50 from pot
*** SUMMARY ***
Total pot $30 | Rake $0.50
Board [Td Jd Qc 6d Qh]
Seat 3: carmello774 (big blind) showed [7c Qs] and won ($29.50) with three of a kind, Queens
Seat 5: pripardone (button) (small blind) mucked


PokerStars Hand #147618072952:  Hold'em Limit ($3/$6 USD) - 2016/01/24 16:19:22 ET
Table 'Dawn' 6-max Seat #3 is the button
Seat 3: carmello774 ($132.33 in chips)
Seat 5: pripardone ($192.74 in chips)
carmello774: posts small blind $1
pripardone: posts big blind $3
*** HOLE CARDS ***
carmello774: raises $3 to $6
pripardone: raises $3 to $9
carmello774: raises $3 to $12
Betting is capped
pripardone: calls $3
*** FLOP *** [8c 2s Kc]
pripardone: bets $3
carmello774: calls $3
*** TURN *** [8c 2s Kc] [Qd]
pripardone: bets $6
carmello774: calls $6
*** RIVER *** [8c 2s Kc Qd] [6h]
pripardone: bets $6
carmello774: calls $6
*** SHOW DOWN ***
pripardone: shows [Jc 9c] (high card King)
carmello774: shows [Jh Ah] (high card Ace)
carmello774 collected $53.50 from pot
*** SUMMARY ***
Total pot $54 | Rake $0.50
Board [8c 2s Kc Qd 6h]
Seat 3: carmello774 (button) (small blind) showed [Jh Ah] and won ($53.50) with high card Ace
Seat 5: pripardone (big blind) showed [Jc 9c] and lost with high card King


PokerStars Hand #147625231458:  Hold'em Limit ($3/$6 USD) - 2016/01/24 18:15:41 ET
Table 'Dawn' 6-max Seat #4 is the button
Seat 3: Great_Kang ($120 in chips)
Seat 4: alpha2777 ($195.02 in chips)
alpha2777: posts small blind $1
krytalex: is sitting out
Great_Kang: posts big blind $3
*** HOLE CARDS ***
alpha2777: raises $3 to $6
Great_Kang: calls $3
*** FLOP *** [Qc Th Kh]
Great_Kang: checks
alpha2777: bets $3
Great_Kang: raises $3 to $6
alpha2777: calls $3
*** TURN *** [Qc Th Kh] [Ts]
Great_Kang: bets $6
alpha2777: calls $6
*** RIVER *** [Qc Th Kh Ts] [Ac]
Great_Kang: checks
alpha2777: bets $6
Great_Kang: calls $6
*** SHOW DOWN ***
alpha2777: shows [As Ad] (a full house, Aces full of Tens)
Great_Kang: mucks hand
alpha2777 collected $47.50 from pot
*** SUMMARY ***
Total pot $48 | Rake $0.50
Board [Qc Th Kh Ts Ac]
Seat 3: Great_Kang (big blind) mucked
Seat 4: alpha2777 (button) (small blind) showed [As Ad] and won ($47.50) with a full house, Aces full of Tens


