PokerStars Hand #162260882631:  Hold'em Limit ($3/$6 USD) - 2016/12/01 17:11:33 ET
Table 'Dawson' 6-max Seat #3 is the button
Seat 2: TinaTurner72 ($125.76 in chips)
Seat 3: **Geka**555 ($25.41 in chips)
**Geka**555: posts small blind $1
TinaTurner72: posts big blind $3
*** HOLE CARDS ***
**Geka**555: raises $3 to $6
TinaTurner72: raises $3 to $9
**Geka**555: calls $3
*** FLOP *** [Tc 4h 3c]
TinaTurner72: bets $3
**Geka**555: raises $3 to $6
TinaTurner72: raises $3 to $9
**Geka**555: raises $3 to $12
Betting is capped
TinaTurner72: calls $3
*** TURN *** [Tc 4h 3c] [5d]
TinaTurner72: bets $6
**Geka**555: calls $4.41 and is all-in
Uncalled bet ($1.59) returned to TinaTurner72
*** RIVER *** [Tc 4h 3c 5d] [8h]
*** SHOW DOWN ***
TinaTurner72: shows [2h As] (a straight, Ace to Five)
**Geka**555: shows [Jc Js] (a pair of Jacks)
TinaTurner72 collected $50.32 from pot
*** SUMMARY ***
Total pot $50.82 | Rake $0.50
Board [Tc 4h 3c 5d 8h]
Seat 2: TinaTurner72 (big blind) showed [2h As] and won ($50.32) with a straight, Ace to Five
Seat 3: **Geka**555 (button) (small blind) showed [Jc Js] and lost with a pair of Jacks


PokerStars Hand #162260861586:  Hold'em Limit ($3/$6 USD) - 2016/12/01 17:11:11 ET
Table 'Dawson' 6-max Seat #2 is the button
Seat 2: TinaTurner72 ($120 in chips)
Seat 3: **Geka**555 ($31.41 in chips)
TinaTurner72: posts small blind $1
**Geka**555: posts big blind $3
*** HOLE CARDS ***
TinaTurner72: raises $3 to $6
**Geka**555: calls $3
*** FLOP *** [Jd 6h Th]
**Geka**555: checks
TinaTurner72: bets $3
**Geka**555: folds
Uncalled bet ($3) returned to TinaTurner72
TinaTurner72 collected $11.76 from pot
TinaTurner72: doesn't show hand
*** SUMMARY ***
Total pot $12 | Rake $0.24
Board [Jd 6h Th]
Seat 2: TinaTurner72 (button) (small blind) collected ($11.76)
Seat 3: **Geka**555 (big blind) folded on the Flop


