PokerStars Hand #152055189250:  Hold'em Limit ($3/$6 USD) - 2016/04/17 13:56:21 ET
Table 'Dawson II' 6-max Seat #2 is the button
Seat 2: RockKillerTY ($129.91 in chips)
Seat 5: Grieserix ($146.99 in chips)
RockKillerTY: posts small blind $1
GarryMcCoy: is sitting out
Grieserix: posts big blind $3
*** HOLE CARDS ***
GarryMcCoy leaves the table
RockKillerTY: raises $3 to $6
Grieserix: calls $3
*** FLOP *** [5c As 4c]
Grieserix: checks
RockKillerTY: bets $3
Grieserix: folds
Uncalled bet ($3) returned to RockKillerTY
RockKillerTY collected $11.76 from pot
RockKillerTY: doesn't show hand
*** SUMMARY ***
Total pot $12 | Rake $0.24
Board [5c As 4c]
Seat 2: RockKillerTY (button) (small blind) collected ($11.76)
Seat 5: Grieserix (big blind) folded on the Flop


PokerStars Hand #152055264238:  Hold'em Limit ($3/$6 USD) - 2016/04/17 13:58:06 ET
Table 'Dawson II' 6-max Seat #4 is the button
Seat 3: Puzanchik 11 ($71.67 in chips)
Seat 4: kolaz03 ($73 in chips)
kolaz03: posts small blind $1
Puzanchik 11: posts big blind $3
*** HOLE CARDS ***
Grieserix leaves the table
kolaz03: raises $3 to $6
Puzanchik 11: raises $3 to $9
kolaz03: calls $3
*** FLOP *** [Td 3c 9d]
Puzanchik 11: bets $3
kolaz03: calls $3
*** TURN *** [Td 3c 9d] [8s]
Puzanchik 11: checks
kolaz03: bets $6
Puzanchik 11: calls $6
*** RIVER *** [Td 3c 9d 8s] [4d]
Puzanchik 11: checks
kolaz03: bets $6
Puzanchik 11: folds
Uncalled bet ($6) returned to kolaz03
kolaz03 collected $35.50 from pot
kolaz03: doesn't show hand
*** SUMMARY ***
Total pot $36 | Rake $0.50
Board [Td 3c 9d 8s 4d]
Seat 3: Puzanchik 11 (big blind) folded on the River
Seat 4: kolaz03 (button) (small blind) collected ($35.50)


PokerStars Hand #152055314381:  Hold'em Limit ($3/$6 USD) - 2016/04/17 13:59:19 ET
Table 'Dawson II' 6-max Seat #4 is the button
Seat 3: Puzanchik 11 ($74.17 in chips)
Seat 4: kolaz03 ($72 in chips)
kolaz03: posts small blind $1
Puzanchik 11: posts big blind $3
*** HOLE CARDS ***
kolaz03: raises $3 to $6
Puzanchik 11: calls $3
*** FLOP *** [7s 8h Qs]
Puzanchik 11: checks
kolaz03: bets $3
Puzanchik 11: calls $3
*** TURN *** [7s 8h Qs] [Kd]
Puzanchik 11: checks
kolaz03: bets $6
Puzanchik 11: raises $6 to $12
kolaz03: calls $6
*** RIVER *** [7s 8h Qs Kd] [2d]
betipo6 joins the table at seat #5
Puzanchik 11: bets $6
kolaz03: folds
Uncalled bet ($6) returned to Puzanchik 11
Puzanchik 11 collected $41.50 from pot
*** SUMMARY ***
Total pot $42 | Rake $0.50
Board [7s 8h Qs Kd 2d]
Seat 3: Puzanchik 11 (big blind) collected ($41.50)
Seat 4: kolaz03 (button) (small blind) folded on the River


PokerStars Hand #152055289511:  Hold'em Limit ($3/$6 USD) - 2016/04/17 13:58:43 ET
Table 'Dawson II' 6-max Seat #3 is the button
Seat 3: Puzanchik 11 ($53.67 in chips)
Seat 4: kolaz03 ($90.50 in chips)
Puzanchik 11: posts small blind $1
kolaz03: posts big blind $3
*** HOLE CARDS ***
Puzanchik 11: raises $3 to $6
kolaz03: calls $3
*** FLOP *** [4h Kc 6s]
kolaz03: checks
Puzanchik 11: bets $3
kolaz03: calls $3
*** TURN *** [4h Kc 6s] [7s]
kolaz03: checks
Puzanchik 11: bets $6
kolaz03: calls $6
*** RIVER *** [4h Kc 6s 7s] [3h]
kolaz03: checks
Puzanchik 11: bets $6
kolaz03: calls $6
*** SHOW DOWN ***
Puzanchik 11: shows [6d 8c] (a pair of Sixes)
kolaz03: mucks hand
Puzanchik 11 collected $41.50 from pot
*** SUMMARY ***
Total pot $42 | Rake $0.50
Board [4h Kc 6s 7s 3h]
Seat 3: Puzanchik 11 (button) (small blind) showed [6d 8c] and won ($41.50) with a pair of Sixes
Seat 4: kolaz03 (big blind) mucked


PokerStars Hand #152055341771:  Hold'em Limit ($3/$6 USD) - 2016/04/17 13:59:58 ET
Table 'Dawson II' 6-max Seat #3 is the button
Seat 3: Puzanchik 11 ($94.67 in chips)
Seat 4: kolaz03 ($72 in chips)
Puzanchik 11: posts small blind $1
kolaz03: posts big blind $3
*** HOLE CARDS ***
Puzanchik 11: raises $3 to $6
kolaz03: raises $3 to $9
Puzanchik 11: calls $3
*** FLOP *** [5c Js 7c]
kolaz03: bets $3
Puzanchik 11: raises $3 to $6
kolaz03: raises $3 to $9
Puzanchik 11: calls $3
*** TURN *** [5c Js 7c] [Jh]
kolaz03: bets $6
Puzanchik 11: calls $6
*** RIVER *** [5c Js 7c Jh] [4c]
kolaz03: bets $6
Puzanchik 11: calls $6
*** SHOW DOWN ***
kolaz03: shows [Ad Jc] (three of a kind, Jacks)
Puzanchik 11: mucks hand
kolaz03 collected $59.50 from pot
*** SUMMARY ***
Total pot $60 | Rake $0.50
Board [5c Js 7c Jh 4c]
Seat 3: Puzanchik 11 (button) (small blind) mucked
Seat 4: kolaz03 (big blind) showed [Ad Jc] and won ($59.50) with three of a kind, Jacks


