PokerStars Hand #151464239199:  Hold'em Limit ($3/$6 USD) - 2016/04/05 8:52:41 ET
Table 'Dawson' 6-max Seat #6 is the button
Seat 5: manly70 ($125.06 in chips)
Seat 6: kolaz03 ($123 in chips)
kolaz03: posts small blind $1
manly70: posts big blind $3
*** HOLE CARDS ***
kolaz03: raises $3 to $6
VolkovDmitri leaves the table
manly70: calls $3
*** FLOP *** [4c 4d 7h]
manly70: checks
kolaz03: bets $3
manly70: calls $3
*** TURN *** [4c 4d 7h] [6d]
manly70: checks
kolaz03: checks
*** RIVER *** [4c 4d 7h 6d] [As]
manly70: checks
kolaz03: checks
*** SHOW DOWN ***
manly70: shows [3s 9s] (a pair of Fours)
kolaz03: shows [Qd 2h] (a pair of Fours - Ace+Queen kicker)
kolaz03 collected $17.64 from pot
*** SUMMARY ***
Total pot $18 | Rake $0.36
Board [4c 4d 7h 6d As]
Seat 5: manly70 (big blind) showed [3s 9s] and lost with a pair of Fours
Seat 6: kolaz03 (button) (small blind) showed [Qd 2h] and won ($17.64) with a pair of Fours


PokerStars Hand #151464255898:  Hold'em Limit ($3/$6 USD) - 2016/04/05 8:53:10 ET
Table 'Dawson' 6-max Seat #6 is the button
Seat 5: manly70 ($115.06 in chips)
Seat 6: kolaz03 ($132.64 in chips)
kolaz03: posts small blind $1
manly70: posts big blind $3
*** HOLE CARDS ***
kolaz03: raises $3 to $6
manly70: calls $3
*** FLOP *** [Td 8s Ac]
manly70: checks
kolaz03: bets $3
manly70: calls $3
*** TURN *** [Td 8s Ac] [5h]
manly70: checks
kolaz03: bets $6
manly70: folds
Uncalled bet ($6) returned to kolaz03
kolaz03 collected $17.64 from pot
kolaz03: doesn't show hand
*** SUMMARY ***
Total pot $18 | Rake $0.36
Board [Td 8s Ac 5h]
Seat 5: manly70 (big blind) folded on the Turn
Seat 6: kolaz03 (button) (small blind) collected ($17.64)


PokerStars Hand #151464252595:  Hold'em Limit ($3/$6 USD) - 2016/04/05 8:53:04 ET
Table 'Dawson' 6-max Seat #5 is the button
Seat 5: manly70 ($116.06 in chips)
Seat 6: kolaz03 ($131.64 in chips)
manly70: posts small blind $1
kolaz03: posts big blind $3
*** HOLE CARDS ***
manly70: folds
Uncalled bet ($2) returned to kolaz03
kolaz03 collected $2 from pot
kolaz03: doesn't show hand
*** SUMMARY ***
Total pot $2 | Rake $0
Seat 5: manly70 (button) (small blind) folded before Flop
Seat 6: kolaz03 (big blind) collected ($2)


PokerStars Hand #151464274512:  Hold'em Limit ($3/$6 USD) - 2016/04/05 8:53:42 ET
Table 'Dawson' 6-max Seat #5 is the button
Seat 5: manly70 ($106.06 in chips)
Seat 6: kolaz03 ($141.28 in chips)
manly70: posts small blind $1
kolaz03: posts big blind $3
*** HOLE CARDS ***
manly70: raises $3 to $6
kolaz03: calls $3
*** FLOP *** [2h 3d Ks]
kolaz03: checks
manly70: bets $3
kolaz03: calls $3
*** TURN *** [2h 3d Ks] [Jh]
kolaz03: checks
SuperShark joins the table at seat #3
manly70: checks
*** RIVER *** [2h 3d Ks Jh] [4s]
kolaz03: bets $6
manly70: calls $6
*** SHOW DOWN ***
kolaz03: shows [Jc Qd] (a pair of Jacks)
manly70: mucks hand
kolaz03 collected $29.50 from pot
*** SUMMARY ***
Total pot $30 | Rake $0.50
Board [2h 3d Ks Jh 4s]
Seat 5: manly70 (button) (small blind) mucked
Seat 6: kolaz03 (big blind) showed [Jc Qd] and won ($29.50) with a pair of Jacks


PokerStars Hand #151466230217:  Hold'em Limit ($3/$6 USD) - 2016/04/05 9:47:41 ET
Table 'Dawson' 6-max Seat #6 is the button
Seat 5: manly70 ($58.53 in chips)
Seat 6: kolaz03 ($85.24 in chips)
kolaz03: posts small blind $1
manly70: posts big blind $3
*** HOLE CARDS ***
kolaz03: folds
Uncalled bet ($2) returned to manly70
hohol_2003 leaves the table
manly70 collected $2 from pot
*** SUMMARY ***
Total pot $2 | Rake $0
Seat 5: manly70 (big blind) collected ($2)
Seat 6: kolaz03 (button) (small blind) folded before Flop


PokerStars Hand #151466233089:  Hold'em Limit ($3/$6 USD) - 2016/04/05 9:47:46 ET
Table 'Dawson' 6-max Seat #5 is the button
Seat 5: manly70 ($59.53 in chips)
Seat 6: kolaz03 ($84.24 in chips)
manly70: posts small blind $1
kolaz03: posts big blind $3
*** HOLE CARDS ***
manly70: raises $3 to $6
MobyDickDK joins the table at seat #4
kolaz03: folds
Uncalled bet ($3) returned to manly70
manly70 collected $6 from pot
*** SUMMARY ***
Total pot $6 | Rake $0
Seat 5: manly70 (button) (small blind) collected ($6)
Seat 6: kolaz03 (big blind) folded before Flop


