PokerStars Hand #152275401960:  Hold'em Limit ($3/$6 USD) - 2016/04/22 8:20:56 ET
Table 'Dawson II' 6-max Seat #3 is the button
Seat 3: sternhito ($120 in chips)
Seat 4: Agrotait ($72 in chips)
sternhito: posts small blind $1
Agrotait: posts big blind $3
*** HOLE CARDS ***
sternhito: folds
Uncalled bet ($2) returned to Agrotait
Agrotait collected $2 from pot
Agrotait: doesn't show hand
*** SUMMARY ***
Total pot $2 | Rake $0
Seat 3: sternhito (button) (small blind) folded before Flop
Seat 4: Agrotait (big blind) collected ($2)


PokerStars Hand #152275433366:  Hold'em Limit ($3/$6 USD) - 2016/04/22 8:21:58 ET
Table 'Dawson II' 6-max Seat #3 is the button
Seat 3: sternhito ($133.50 in chips)
Seat 4: Agrotait ($72 in chips)
sternhito: posts small blind $1
Agrotait: posts big blind $3
*** HOLE CARDS ***
sternhito: raises $3 to $6
Agrotait: raises $3 to $9
sternhito: raises $3 to $12
Betting is capped
Agrotait: calls $3
*** FLOP *** [5s 5h 4h]
Agrotait: checks
sternhito: bets $3
Agrotait: raises $3 to $6
sternhito: raises $3 to $9
Agrotait: calls $3
*** TURN *** [5s 5h 4h] [9h]
Agrotait: checks
sternhito: bets $6
Agrotait: calls $6
*** RIVER *** [5s 5h 4h 9h] [Kd]
Agrotait: checks
sternhito: checks
*** SHOW DOWN ***
Agrotait: shows [Ks As] (two pair, Kings and Fives)
sternhito: mucks hand
Agrotait collected $53.50 from pot
*** SUMMARY ***
Total pot $54 | Rake $0.50
Board [5s 5h 4h 9h Kd]
Seat 3: sternhito (button) (small blind) mucked
Seat 4: Agrotait (big blind) showed [Ks As] and won ($53.50) with two pair, Kings and Fives


PokerStars Hand #152275408556:  Hold'em Limit ($3/$6 USD) - 2016/04/22 8:21:09 ET
Table 'Dawson II' 6-max Seat #4 is the button
Seat 3: sternhito ($119 in chips)
Seat 4: Agrotait ($73 in chips)
Agrotait: posts small blind $1
sternhito: posts big blind $3
*** HOLE CARDS ***
Agrotait: raises $3 to $6
sternhito: raises $3 to $9
Agrotait: calls $3
*** FLOP *** [Th 7h Ts]
sternhito: checks
Agrotait: checks
*** TURN *** [Th 7h Ts] [7c]
sternhito: checks
Agrotait: checks
*** RIVER *** [Th 7h Ts 7c] [Kc]
sternhito: bets $6
Agrotait: calls $6
*** SHOW DOWN ***
sternhito: shows [Td Ks] (a full house, Tens full of Kings)
Agrotait: mucks hand
sternhito collected $29.50 from pot
*** SUMMARY ***
Total pot $30 | Rake $0.50
Board [Th 7h Ts 7c Kc]
Seat 3: sternhito (big blind) showed [Td Ks] and won ($29.50) with a full house, Tens full of Kings
Seat 4: Agrotait (button) (small blind) mucked


PokerStars Hand #152275461634:  Hold'em Limit ($3/$6 USD) - 2016/04/22 8:22:53 ET
Table 'Dawson II' 6-max Seat #3 is the button
Seat 3: sternhito ($107.50 in chips)
Seat 4: Agrotait ($97.50 in chips)
sternhito: posts small blind $1
Agrotait: posts big blind $3
*** HOLE CARDS ***
sternhito: raises $3 to $6
Agrotait: calls $3
*** FLOP *** [8c Jh Jc]
Agrotait: checks
sternhito: bets $3
Agrotait: calls $3
*** TURN *** [8c Jh Jc] [6h]
Agrotait: checks
sternhito: bets $6
Agrotait: folds
Uncalled bet ($6) returned to sternhito
sternhito collected $17.64 from pot
*** SUMMARY ***
Total pot $18 | Rake $0.36
Board [8c Jh Jc 6h]
Seat 3: sternhito (button) (small blind) collected ($17.64)
Seat 4: Agrotait (big blind) folded on the Turn


PokerStars Hand #152275458894:  Hold'em Limit ($3/$6 USD) - 2016/04/22 8:22:47 ET
Table 'Dawson II' 6-max Seat #4 is the button
Seat 3: sternhito ($106.50 in chips)
Seat 4: Agrotait ($98.50 in chips)
Agrotait: posts small blind $1
sternhito: posts big blind $3
*** HOLE CARDS ***
Agrotait: folds
Uncalled bet ($2) returned to sternhito
sternhito collected $2 from pot
sternhito: doesn't show hand
*** SUMMARY ***
Total pot $2 | Rake $0
Seat 3: sternhito (big blind) collected ($2)
Seat 4: Agrotait (button) (small blind) folded before Flop


PokerStars Hand #152275507726:  Hold'em Limit ($3/$6 USD) - 2016/04/22 8:24:22 ET
Table 'Dawson II' 6-max Seat #4 is the button
Seat 3: sternhito ($97.14 in chips)
Seat 4: Agrotait ($107 in chips)
Agrotait: posts small blind $1
sternhito: posts big blind $3
*** HOLE CARDS ***
Agrotait: folds
Uncalled bet ($2) returned to sternhito
sternhito collected $2 from pot
sternhito: doesn't show hand
*** SUMMARY ***
Total pot $2 | Rake $0
Seat 3: sternhito (big blind) collected ($2)
Seat 4: Agrotait (button) (small blind) folded before Flop


PokerStars Hand #152275504749:  Hold'em Limit ($3/$6 USD) - 2016/04/22 8:24:16 ET
Table 'Dawson II' 6-max Seat #3 is the button
Seat 3: sternhito ($98.14 in chips)
Seat 4: Agrotait ($106 in chips)
sternhito: posts small blind $1
Agrotait: posts big blind $3
*** HOLE CARDS ***
sternhito: folds
Uncalled bet ($2) returned to Agrotait
Agrotait collected $2 from pot
Agrotait: doesn't show hand
*** SUMMARY ***
Total pot $2 | Rake $0
Seat 3: sternhito (button) (small blind) folded before Flop
Seat 4: Agrotait (big blind) collected ($2)


PokerStars Hand #152275484601:  Hold'em Limit ($3/$6 USD) - 2016/04/22 8:23:38 ET
Table 'Dawson II' 6-max Seat #4 is the button
Seat 3: sternhito ($116.14 in chips)
Seat 4: Agrotait ($88.50 in chips)
Agrotait: posts small blind $1
sternhito: posts big blind $3
*** HOLE CARDS ***
Agrotait: raises $3 to $6
sternhito: raises $3 to $9
Agrotait: calls $3
*** FLOP *** [4s 8s 3s]
sternhito: bets $3
Agrotait: calls $3
*** TURN *** [4s 8s 3s] [Ac]
sternhito: bets $6
Agrotait: raises $6 to $12
sternhito: folds
Uncalled bet ($6) returned to Agrotait
Agrotait collected $35.50 from pot
Agrotait: doesn't show hand
*** SUMMARY ***
Total pot $36 | Rake $0.50
Board [4s 8s 3s Ac]
Seat 3: sternhito (big blind) folded on the Turn
Seat 4: Agrotait (button) (small blind) collected ($35.50)


PokerStars Hand #152275532493:  Hold'em Limit ($3/$6 USD) - 2016/04/22 8:25:10 ET
Table 'Dawson II' 6-max Seat #3 is the button
Seat 3: sternhito ($130.64 in chips)
Seat 4: Agrotait ($73 in chips)
sternhito: posts small blind $1
Agrotait: posts big blind $3
*** HOLE CARDS ***
sternhito: raises $3 to $6
Agrotait: calls $3
*** FLOP *** [7c 2c 9c]
Agrotait: checks
sternhito: bets $3
Agrotait: folds
Uncalled bet ($3) returned to sternhito
sternhito collected $11.76 from pot
sternhito: doesn't show hand
*** SUMMARY ***
Total pot $12 | Rake $0.24
Board [7c 2c 9c]
Seat 3: sternhito (button) (small blind) collected ($11.76)
Seat 4: Agrotait (big blind) folded on the Flop


PokerStars Hand #152275528543:  Hold'em Limit ($3/$6 USD) - 2016/04/22 8:25:02 ET
Table 'Dawson II' 6-max Seat #4 is the button
Seat 3: sternhito ($133.64 in chips)
Seat 4: Agrotait ($70 in chips)
Agrotait: posts small blind $1
sternhito: posts big blind $3
*** HOLE CARDS ***
Agrotait: raises $3 to $6
sternhito: folds
Uncalled bet ($3) returned to Agrotait
Agrotait collected $6 from pot
Agrotait: doesn't show hand
*** SUMMARY ***
Total pot $6 | Rake $0
Seat 3: sternhito (big blind) folded before Flop
Seat 4: Agrotait (button) (small blind) collected ($6)


PokerStars Hand #152275510870:  Hold'em Limit ($3/$6 USD) - 2016/04/22 8:24:28 ET
Table 'Dawson II' 6-max Seat #3 is the button
Seat 3: sternhito ($98.14 in chips)
Seat 4: Agrotait ($106 in chips)
sternhito: posts small blind $1
Agrotait: posts big blind $3
*** HOLE CARDS ***
sternhito: raises $3 to $6
Agrotait: calls $3
*** FLOP *** [Th 8s 3s]
Agrotait: checks
sternhito: bets $3
Agrotait: raises $3 to $6
sternhito: raises $3 to $9
Agrotait: raises $3 to $12
Betting is capped
sternhito: calls $3
*** TURN *** [Th 8s 3s] [7s]
Agrotait: bets $6
sternhito: raises $6 to $12
Agrotait: calls $6
*** RIVER *** [Th 8s 3s 7s] [Qd]
Agrotait: checks
sternhito: bets $6
Agrotait: calls $6
*** SHOW DOWN ***
sternhito: shows [Ks Js] (a flush, King high)
Agrotait: mucks hand
sternhito collected $71.50 from pot
*** SUMMARY ***
Total pot $72 | Rake $0.50
Board [Th 8s 3s 7s Qd]
Seat 3: sternhito (button) (small blind) showed [Ks Js] and won ($71.50) with a flush, King high
Seat 4: Agrotait (big blind) mucked


PokerStars Hand #152275543071:  Hold'em Limit ($3/$6 USD) - 2016/04/22 8:25:30 ET
Table 'Dawson II' 6-max Seat #4 is the button
Seat 3: sternhito ($136.40 in chips)
Seat 4: Agrotait ($67 in chips)
Agrotait: posts small blind $1
sternhito: posts big blind $3
*** HOLE CARDS ***
LikeLenz joins the table at seat #2
Agrotait: raises $3 to $6
sternhito: raises $3 to $9
Airbag999 joins the table at seat #5
Agrotait: raises $3 to $12
Betting is capped
sternhito: calls $3
*** FLOP *** [4h Jh 3s]
sternhito: bets $3
Agrotait: raises $3 to $6
sternhito: raises $3 to $9
Agrotait: raises $3 to $12
Betting is capped
sternhito: calls $3
*** TURN *** [4h Jh 3s] [Jc]
sternhito: bets $6
boarcastle joins the table at seat #1
Agrotait: calls $6
*** RIVER *** [4h Jh 3s Jc] [Ac]
sternhito: bets $6
Agrotait: calls $6
*** SHOW DOWN ***
sternhito: shows [4d 8c] (two pair, Jacks and Fours)
Agrotait: shows [Kh Kd] (two pair, Kings and Jacks)
LikeLenz leaves the table
Agrotait collected $71.50 from pot
*** SUMMARY ***
Total pot $72 | Rake $0.50
Board [4h Jh 3s Jc Ac]
Seat 3: sternhito (big blind) showed [4d 8c] and lost with two pair, Jacks and Fours
Seat 4: Agrotait (button) (small blind) showed [Kh Kd] and won ($71.50) with two pair, Kings and Jacks


PokerStars Hand #152275566652:  Hold'em Limit ($3/$6 USD) - 2016/04/22 8:26:15 ET
Table 'Dawson II' 6-max Seat #3 is the button
Seat 3: sternhito ($100.40 in chips)
Seat 4: Agrotait ($102.50 in chips)
sternhito: posts small blind $1
Agrotait: posts big blind $3
*** HOLE CARDS ***
sternhito: folds
Uncalled bet ($2) returned to Agrotait
Tsoy777 joins the table at seat #6
Agrotait collected $2 from pot
Agrotait: doesn't show hand
*** SUMMARY ***
Total pot $2 | Rake $0
Seat 3: sternhito (button) (small blind) folded before Flop
Seat 4: Agrotait (big blind) collected ($2)


PokerStars Hand #152279562668:  Hold'em Limit ($3/$6 USD) - 2016/04/22 10:22:59 ET
Table 'Dawson II' 6-max Seat #5 is the button
Seat 1: Chessnok ($107.66 in chips)
Seat 5: Yuriy Ceza11 ($183.52 in chips)
Yuriy Ceza11: posts small blind $1
dborys: is sitting out
Chessnok: posts big blind $3
*** HOLE CARDS ***
Yuriy Ceza11: raises $3 to $6
Chessnok: calls $3
*** FLOP *** [7d 3s As]
Chessnok: bets $3
Yuriy Ceza11: calls $3
*** TURN *** [7d 3s As] [Kh]
Chessnok: checks
Yuriy Ceza11: bets $6
Chessnok: calls $6
*** RIVER *** [7d 3s As Kh] [2c]
Chessnok: checks
Yuriy Ceza11: bets $6
Chessnok: calls $6
*** SHOW DOWN ***
Yuriy Ceza11: shows [6d Jd] (high card Ace)
Chessnok: shows [Td 7h] (a pair of Sevens)
Chessnok collected $41.50 from pot
*** SUMMARY ***
Total pot $42 | Rake $0.50
Board [7d 3s As Kh 2c]
Seat 1: Chessnok (big blind) showed [Td 7h] and won ($41.50) with a pair of Sevens
Seat 5: Yuriy Ceza11 (button) (small blind) showed [6d Jd] and lost with high card Ace


