PokerStars Hand #163404965977:  Hold'em Limit ($3/$6 USD) - 2016/12/23 14:08:22 ET
Table 'Debehogne' 6-max Seat #4 is the button
Seat 3: slavii0o0 ($77.09 in chips)
Seat 4: Actionni13 ($154 in chips)
Actionni13: posts small blind $1
slavii0o0: posts big blind $3
*** HOLE CARDS ***
Actionni13: raises $3 to $6
slavii0o0: calls $3
*** FLOP *** [3h 5d Kd]
slavii0o0: checks
Actionni13: bets $3
slavii0o0: calls $3
*** TURN *** [3h 5d Kd] [Th]
slavii0o0: checks
Actionni13: checks
*** RIVER *** [3h 5d Kd Th] [7s]
slavii0o0: bets $6
RockKillerTY joins the table at seat #5
Actionni13: calls $6
*** SHOW DOWN ***
slavii0o0: shows [Ts 9s] (a pair of Tens)
Actionni13: mucks hand
slavii0o0 collected $29.50 from pot
*** SUMMARY ***
Total pot $30 | Rake $0.50
Board [3h 5d Kd Th 7s]
Seat 3: slavii0o0 (big blind) showed [Ts 9s] and won ($29.50) with a pair of Tens
Seat 4: Actionni13 (button) (small blind) mucked


PokerStars Hand #163404990664:  Hold'em Limit ($3/$6 USD) - 2016/12/23 14:08:49 ET
Table 'Debehogne' 6-max Seat #3 is the button
Seat 3: slavii0o0 ($91.59 in chips)
Seat 4: Actionni13 ($150 in chips)
slavii0o0: posts small blind $1
Actionni13: posts big blind $3
*** HOLE CARDS ***
slavii0o0: folds
Uncalled bet ($2) returned to Actionni13
Actionni13 collected $2 from pot
*** SUMMARY ***
Total pot $2 | Rake $0
Seat 3: slavii0o0 (button) (small blind) folded before Flop
Seat 4: Actionni13 (big blind) collected ($2)


PokerStars Hand #163405835987:  Hold'em Limit ($3/$6 USD) - 2016/12/23 14:24:37 ET
Table 'Debehogne' 6-max Seat #6 is the button
Seat 1: aless284 ($116 in chips)
Seat 6: laking123 ($109.89 in chips)
laking123: posts small blind $1
aless284: posts big blind $3
*** HOLE CARDS ***
laking123: folds
Uncalled bet ($2) returned to aless284
aless284 collected $2 from pot
aless284: doesn't show hand
*** SUMMARY ***
Total pot $2 | Rake $0
Seat 1: aless284 (big blind) collected ($2)
Seat 6: laking123 (button) (small blind) folded before Flop


PokerStars Hand #163405831589:  Hold'em Limit ($3/$6 USD) - 2016/12/23 14:24:33 ET
Table 'Debehogne' 6-max Seat #1 is the button
Seat 1: aless284 ($117 in chips)
Seat 6: laking123 ($108.89 in chips)
aless284: posts small blind $1
RockKillerTY: is sitting out
laking123: posts big blind $3
*** HOLE CARDS ***
aless284: folds
Uncalled bet ($2) returned to laking123
RockKillerTY leaves the table
laking123 collected $2 from pot
*** SUMMARY ***
Total pot $2 | Rake $0
Seat 1: aless284 (button) (small blind) folded before Flop
Seat 6: laking123 (big blind) collected ($2)


PokerStars Hand #163405852147:  Hold'em Limit ($3/$6 USD) - 2016/12/23 14:24:48 ET
Table 'Debehogne' 6-max Seat #1 is the button
Seat 1: aless284 ($117 in chips)
Seat 6: laking123 ($108.89 in chips)
aless284: posts small blind $1
laking123: posts big blind $3
*** HOLE CARDS ***
aless284: raises $3 to $6
laking123: raises $3 to $9
aless284: calls $3
*** FLOP *** [6s 3s 7d]
laking123: bets $3
aless284: calls $3
*** TURN *** [6s 3s 7d] [5c]
laking123: bets $6
aless284: raises $6 to $12
laking123: folds
Uncalled bet ($6) returned to aless284
aless284 collected $35.50 from pot
aless284: doesn't show hand
*** SUMMARY ***
Total pot $36 | Rake $0.50
Board [6s 3s 7d 5c]
Seat 1: aless284 (button) (small blind) collected ($35.50)
Seat 6: laking123 (big blind) folded on the Turn


PokerStars Hand #163405915568:  Hold'em Limit ($3/$6 USD) - 2016/12/23 14:26:03 ET
Table 'Debehogne' 6-max Seat #1 is the button
Seat 1: aless284 ($143.14 in chips)
Seat 6: laking123 ($81.89 in chips)
aless284: posts small blind $1
laking123: posts big blind $3
*** HOLE CARDS ***
aless284: folds
Uncalled bet ($2) returned to laking123
laking123 collected $2 from pot
*** SUMMARY ***
Total pot $2 | Rake $0
Seat 1: aless284 (button) (small blind) folded before Flop
Seat 6: laking123 (big blind) collected ($2)


PokerStars Hand #163405876718:  Hold'em Limit ($3/$6 USD) - 2016/12/23 14:25:15 ET
Table 'Debehogne' 6-max Seat #6 is the button
Seat 1: aless284 ($134.50 in chips)
Seat 6: laking123 ($90.89 in chips)
laking123: posts small blind $1
aless284: posts big blind $3
*** HOLE CARDS ***
laking123: raises $3 to $6
aless284: calls $3
*** FLOP *** [7d 3d Kc]
aless284: checks
laking123: bets $3
aless284: calls $3
*** TURN *** [7d 3d Kc] [4h]
aless284: checks
laking123: checks
*** RIVER *** [7d 3d Kc 4h] [Kh]
aless284: checks
laking123: checks
*** SHOW DOWN ***
aless284: shows [Ac 6d] (a pair of Kings)
laking123: mucks hand
aless284 collected $17.64 from pot
*** SUMMARY ***
Total pot $18 | Rake $0.36
Board [7d 3d Kc 4h Kh]
Seat 1: aless284 (big blind) showed [Ac 6d] and won ($17.64) with a pair of Kings
Seat 6: laking123 (button) (small blind) mucked


PokerStars Hand #163405943116:  Hold'em Limit ($3/$6 USD) - 2016/12/23 14:26:35 ET
Table 'Debehogne' 6-max Seat #1 is the button
Seat 1: aless284 ($165.64 in chips)
Seat 6: laking123 ($58.89 in chips)
aless284: posts small blind $1
laking123: posts big blind $3
*** HOLE CARDS ***
aless284: folds
Uncalled bet ($2) returned to laking123
laking123 collected $2 from pot
*** SUMMARY ***
Total pot $2 | Rake $0
Seat 1: aless284 (button) (small blind) folded before Flop
Seat 6: laking123 (big blind) collected ($2)


PokerStars Hand #163405921490:  Hold'em Limit ($3/$6 USD) - 2016/12/23 14:26:10 ET
Table 'Debehogne' 6-max Seat #6 is the button
Seat 1: aless284 ($142.14 in chips)
Seat 6: laking123 ($82.89 in chips)
laking123: posts small blind $1
aless284: posts big blind $3
*** HOLE CARDS ***
laking123: raises $3 to $6
aless284: raises $3 to $9
laking123: calls $3
*** FLOP *** [Js 2d Kh]
aless284: bets $3
laking123: calls $3
*** TURN *** [Js 2d Kh] [8c]
aless284: bets $6
laking123: calls $6
*** RIVER *** [Js 2d Kh 8c] [6s]
aless284: bets $6
laking123: calls $6
*** SHOW DOWN ***
aless284: shows [Qh Jd] (a pair of Jacks)
laking123: mucks hand
aless284 collected $47.50 from pot
*** SUMMARY ***
Total pot $48 | Rake $0.50
Board [Js 2d Kh 8c 6s]
Seat 1: aless284 (big blind) showed [Qh Jd] and won ($47.50) with a pair of Jacks
Seat 6: laking123 (button) (small blind) mucked


PokerStars Hand #163405947456:  Hold'em Limit ($3/$6 USD) - 2016/12/23 14:26:40 ET
Table 'Debehogne' 6-max Seat #6 is the button
Seat 1: aless284 ($164.64 in chips)
Seat 6: laking123 ($59.89 in chips)
laking123: posts small blind $1
aless284: posts big blind $3
*** HOLE CARDS ***
laking123: folds
Uncalled bet ($2) returned to aless284
aless284 collected $2 from pot
aless284: doesn't show hand
*** SUMMARY ***
Total pot $2 | Rake $0
Seat 1: aless284 (big blind) collected ($2)
Seat 6: laking123 (button) (small blind) folded before Flop


PokerStars Hand #163405952048:  Hold'em Limit ($3/$6 USD) - 2016/12/23 14:26:46 ET
Table 'Debehogne' 6-max Seat #1 is the button
Seat 1: aless284 ($165.64 in chips)
Seat 6: laking123 ($58.89 in chips)
aless284: posts small blind $1
laking123: posts big blind $3
*** HOLE CARDS ***
aless284: raises $3 to $6
laking123: calls $3
*** FLOP *** [Ts Jh Ks]
laking123: checks
feilinho joins the table at seat #3
aless284: bets $3
laking123: calls $3
*** TURN *** [Ts Jh Ks] [As]
laking123: checks
aless284: checks
*** RIVER *** [Ts Jh Ks As] [Kh]
laking123: checks
aless284: checks
*** SHOW DOWN ***
laking123: shows [Js 7h] (two pair, Kings and Jacks)
aless284: shows [8s Kc] (three of a kind, Kings)
aless284 collected $17.64 from pot
*** SUMMARY ***
Total pot $18 | Rake $0.36
Board [Ts Jh Ks As Kh]
Seat 1: aless284 (button) (small blind) showed [8s Kc] and won ($17.64) with three of a kind, Kings
Seat 6: laking123 (big blind) showed [Js 7h] and lost with two pair, Kings and Jacks


PokerStars Hand #163405983350:  Hold'em Limit ($3/$6 USD) - 2016/12/23 14:27:22 ET
Table 'Debehogne' 6-max Seat #6 is the button
Seat 1: aless284 ($174.28 in chips)
Seat 6: laking123 ($49.89 in chips)
laking123: posts small blind $1
aless284: posts big blind $3
*** HOLE CARDS ***
laking123: folds
Uncalled bet ($2) returned to aless284
aless284 collected $2 from pot
aless284: doesn't show hand
*** SUMMARY ***
Total pot $2 | Rake $0
Seat 1: aless284 (big blind) collected ($2)
Seat 6: laking123 (button) (small blind) folded before Flop


