PokerStars Hand #147617296098:  Hold'em Limit ($3/$6 USD) - 2016/01/24 16:07:43 ET
Table 'Debehogne II' 2-max Seat #1 is the button
Seat 1: kaputnikoff ($240.76 in chips)
Seat 2: ChicagoBull4 ($118.76 in chips)
kaputnikoff: posts small blind $1
ChicagoBull4: posts big blind $3
*** HOLE CARDS ***
kaputnikoff: raises $3 to $6
ChicagoBull4: raises $3 to $9
kaputnikoff: calls $3
*** FLOP *** [6s 5h 9c]
ChicagoBull4: bets $3
kaputnikoff: calls $3
*** TURN *** [6s 5h 9c] [6h]
ChicagoBull4: checks
kaputnikoff: checks
*** RIVER *** [6s 5h 9c 6h] [2c]
ChicagoBull4: checks
kaputnikoff: checks
*** SHOW DOWN ***
ChicagoBull4: shows [Jh Qs] (a pair of Sixes)
kaputnikoff: mucks hand
ChicagoBull4 collected $23.52 from pot
*** SUMMARY ***
Total pot $24 | Rake $0.48
Board [6s 5h 9c 6h 2c]
Seat 1: kaputnikoff (button) (small blind) mucked
Seat 2: ChicagoBull4 (big blind) showed [Jh Qs] and won ($23.52) with a pair of Sixes


PokerStars Hand #147617277793:  Hold'em Limit ($3/$6 USD) - 2016/01/24 16:07:27 ET
Table 'Debehogne II' 2-max Seat #2 is the button
Seat 1: kaputnikoff ($246.76 in chips)
Seat 2: ChicagoBull4 ($113 in chips)
ChicagoBull4: posts small blind $1
kaputnikoff: posts big blind $3
*** HOLE CARDS ***
ChicagoBull4: raises $3 to $6
kaputnikoff: calls $3
*** FLOP *** [Qs Ad 7c]
kaputnikoff: checks
ChicagoBull4: bets $3
kaputnikoff: folds
Uncalled bet ($3) returned to ChicagoBull4
ChicagoBull4 collected $11.76 from pot
ChicagoBull4: doesn't show hand
*** SUMMARY ***
Total pot $12 | Rake $0.24
Board [Qs Ad 7c]
Seat 1: kaputnikoff (big blind) folded on the Flop
Seat 2: ChicagoBull4 (button) (small blind) collected ($11.76)


PokerStars Hand #147617336659:  Hold'em Limit ($3/$6 USD) - 2016/01/24 16:08:19 ET
Table 'Debehogne II' 2-max Seat #2 is the button
Seat 1: kaputnikoff ($228.76 in chips)
Seat 2: ChicagoBull4 ($130.28 in chips)
ChicagoBull4: posts small blind $1
kaputnikoff: posts big blind $3
*** HOLE CARDS ***
ChicagoBull4: folds
Uncalled bet ($2) returned to kaputnikoff
kaputnikoff collected $2 from pot
kaputnikoff: doesn't show hand
*** SUMMARY ***
Total pot $2 | Rake $0
Seat 1: kaputnikoff (big blind) collected ($2)
Seat 2: ChicagoBull4 (button) (small blind) folded before Flop


