PokerStars Hand #163428418361:  Hold'em Limit ($3/$6 USD) - 2016/12/23 22:39:14 ET
Table 'Debehogne' 6-max Seat #5 is the button
Seat 3: ToDaFelt ($173.97 in chips)
Seat 5: roxstar2927 ($292.68 in chips)
roxstar2927: posts small blind $1
ToDaFelt: posts big blind $3
*** HOLE CARDS ***
habari786 joins the table at seat #4
roxstar2927: raises $3 to $6
ToDaFelt: calls $3
*** FLOP *** [Ah Th 2h]
ToDaFelt: checks
roxstar2927: bets $3
ToDaFelt: folds
Uncalled bet ($3) returned to roxstar2927
roxstar2927 collected $11.76 from pot
roxstar2927: doesn't show hand
*** SUMMARY ***
Total pot $12 | Rake $0.24
Board [Ah Th 2h]
Seat 3: ToDaFelt (big blind) folded on the Flop
Seat 5: roxstar2927 (button) (small blind) collected ($11.76)


PokerStars Hand #163428567155:  Hold'em Limit ($3/$6 USD) - 2016/12/23 22:45:27 ET
Table 'Debehogne' 6-max Seat #3 is the button
Seat 3: ToDaFelt ($183.82 in chips)
Seat 4: habari786 ($35 in chips)
ToDaFelt: posts small blind $1
habari786: posts big blind $3
*** HOLE CARDS ***
ToDaFelt: raises $3 to $6
habari786: folds
Uncalled bet ($3) returned to ToDaFelt
ToDaFelt collected $6 from pot
ToDaFelt: doesn't show hand
*** SUMMARY ***
Total pot $6 | Rake $0
Seat 3: ToDaFelt (button) (small blind) collected ($6)
Seat 4: habari786 (big blind) folded before Flop


PokerStars Hand #163428537982:  Hold'em Limit ($3/$6 USD) - 2016/12/23 22:44:14 ET
Table 'Debehogne' 6-max Seat #4 is the button
Seat 3: ToDaFelt ($154.32 in chips)
Seat 4: habari786 ($65 in chips)
habari786: posts small blind $1
roxstar2927: is sitting out
ToDaFelt: posts big blind $3
*** HOLE CARDS ***
roxstar2927 leaves the table
habari786: raises $3 to $6
ToDaFelt: calls $3
*** FLOP *** [Js 3d 4d]
ToDaFelt: checks
habari786: bets $3
ToDaFelt: raises $3 to $6
habari786: raises $3 to $9
MissEKAmouse joins the table at seat #5
ToDaFelt: raises $3 to $12
Betting is capped
habari786: calls $3
*** TURN *** [Js 3d 4d] [5h]
ToDaFelt: bets $6
habari786: raises $6 to $12
ToDaFelt: calls $6
*** RIVER *** [Js 3d 4d 5h] [2c]
ToDaFelt: checks
habari786: checks
*** SHOW DOWN ***
ToDaFelt: shows [Jc 7h] (a pair of Jacks)
habari786: mucks hand
ToDaFelt collected $59.50 from pot
*** SUMMARY ***
Total pot $60 | Rake $0.50
Board [Js 3d 4d 5h 2c]
Seat 3: ToDaFelt (big blind) showed [Jc 7h] and won ($59.50) with a pair of Jacks
Seat 4: habari786 (button) (small blind) mucked


PokerStars Hand #163428681743:  Hold'em Limit ($3/$6 USD) - 2016/12/23 22:50:21 ET
Table 'Debehogne' 6-max Seat #3 is the button
Seat 3: ToDaFelt ($171.82 in chips)
Seat 5: MissEKAmouse ($147.35 in chips)
SlapChopp will be allowed to play after the button
ToDaFelt: posts small blind $1
MissEKAmouse: posts big blind $3
*** HOLE CARDS ***
ToDaFelt: raises $3 to $6
MissEKAmouse: calls $3
*** FLOP *** [Qh Jc 6d]
MissEKAmouse: checks
ToDaFelt: checks
*** TURN *** [Qh Jc 6d] [Ts]
MissEKAmouse: bets $6
ToDaFelt: calls $6
*** RIVER *** [Qh Jc 6d Ts] [Ks]
MissEKAmouse: checks
ToDaFelt: bets $6
MissEKAmouse: folds
Uncalled bet ($6) returned to ToDaFelt
ToDaFelt collected $23.52 from pot
ToDaFelt: doesn't show hand
*** SUMMARY ***
Total pot $24 | Rake $0.48
Board [Qh Jc 6d Ts Ks]
Seat 3: ToDaFelt (button) (small blind) collected ($23.52)
Seat 5: MissEKAmouse (big blind) folded on the River


PokerStars Hand #163430521429:  Hold'em Limit ($3/$6 USD) - 2016/12/24 0:18:25 ET
Table 'Debehogne' 6-max Seat #3 is the button
Seat 2: confususs ($178.30 in chips)
Seat 3: ToDaFelt ($212.04 in chips)
ToDaFelt: posts small blind $1
confususs: posts big blind $3
*** HOLE CARDS ***
ToDaFelt: raises $3 to $6
confususs: calls $3
*** FLOP *** [Th 6c Kd]
confususs: checks
afghan_321 leaves the table
italianhero4 leaves the table
ToDaFelt: bets $3
confususs: calls $3
*** TURN *** [Th 6c Kd] [Jh]
confususs: checks
ToDaFelt: bets $6
confususs: folds
Uncalled bet ($6) returned to ToDaFelt
ToDaFelt collected $17.64 from pot
ToDaFelt: doesn't show hand
*** SUMMARY ***
Total pot $18 | Rake $0.36
Board [Th 6c Kd Jh]
Seat 2: confususs (big blind) folded on the Turn
Seat 3: ToDaFelt (button) (small blind) collected ($17.64)


PokerStars Hand #163430544856:  Hold'em Limit ($3/$6 USD) - 2016/12/24 0:19:40 ET
Table 'Debehogne' 6-max Seat #2 is the button
Seat 2: confususs ($162.30 in chips)
Seat 3: ToDaFelt ($227.44 in chips)
confususs: posts small blind $1
ToDaFelt: posts big blind $3
*** HOLE CARDS ***
confususs: folds
Uncalled bet ($2) returned to ToDaFelt
ToDaFelt collected $2 from pot
ToDaFelt: doesn't show hand
*** SUMMARY ***
Total pot $2 | Rake $0
Seat 2: confususs (button) (small blind) folded before Flop
Seat 3: ToDaFelt (big blind) collected ($2)


PokerStars Hand #163430540380:  Hold'em Limit ($3/$6 USD) - 2016/12/24 0:19:25 ET
Table 'Debehogne' 6-max Seat #3 is the button
Seat 2: confususs ($168.30 in chips)
Seat 3: ToDaFelt ($221.68 in chips)
ToDaFelt: posts small blind $1
confususs: posts big blind $3
*** HOLE CARDS ***
ToDaFelt: raises $3 to $6
confususs: calls $3
*** FLOP *** [Kc 4d Ts]
confususs: checks
ToDaFelt: bets $3
confususs: folds
Uncalled bet ($3) returned to ToDaFelt
ToDaFelt collected $11.76 from pot
ToDaFelt: doesn't show hand
*** SUMMARY ***
Total pot $12 | Rake $0.24
Board [Kc 4d Ts]
Seat 2: confususs (big blind) folded on the Flop
Seat 3: ToDaFelt (button) (small blind) collected ($11.76)


PokerStars Hand #163430538349:  Hold'em Limit ($3/$6 USD) - 2016/12/24 0:19:19 ET
Table 'Debehogne' 6-max Seat #2 is the button
Seat 2: confususs ($169.30 in chips)
Seat 3: ToDaFelt ($220.68 in chips)
confususs: posts small blind $1
ToDaFelt: posts big blind $3
*** HOLE CARDS ***
confususs: folds
Uncalled bet ($2) returned to ToDaFelt
ToDaFelt collected $2 from pot
ToDaFelt: doesn't show hand
*** SUMMARY ***
Total pot $2 | Rake $0
Seat 2: confususs (button) (small blind) folded before Flop
Seat 3: ToDaFelt (big blind) collected ($2)


PokerStars Hand #163430546803:  Hold'em Limit ($3/$6 USD) - 2016/12/24 0:19:46 ET
Table 'Debehogne' 6-max Seat #3 is the button
Seat 2: confususs ($161.30 in chips)
Seat 3: ToDaFelt ($228.44 in chips)
ToDaFelt: posts small blind $1
confususs: posts big blind $3
*** HOLE CARDS ***
ToDaFelt: raises $3 to $6
confususs: calls $3
*** FLOP *** [2c 4h 5s]
confususs: checks
ToDaFelt: bets $3
confususs: raises $3 to $6
ToDaFelt: calls $3
*** TURN *** [2c 4h 5s] [6c]
confususs: bets $6
ToDaFelt: folds
Uncalled bet ($6) returned to confususs
confususs collected $23.52 from pot
confususs: doesn't show hand
*** SUMMARY ***
Total pot $24 | Rake $0.48
Board [2c 4h 5s 6c]
Seat 2: confususs (big blind) collected ($23.52)
Seat 3: ToDaFelt (button) (small blind) folded on the Turn


PokerStars Hand #163430572067:  Hold'em Limit ($3/$6 USD) - 2016/12/24 0:21:06 ET
Table 'Debehogne' 6-max Seat #3 is the button
Seat 2: confususs ($157.82 in chips)
Seat 3: ToDaFelt ($230.94 in chips)
ToDaFelt: posts small blind $1
confususs: posts big blind $3
*** HOLE CARDS ***
ToDaFelt: raises $3 to $6
confususs: calls $3
*** FLOP *** [2s Kd 7h]
confususs: checks
ToDaFelt: bets $3
confususs: raises $3 to $6
ToDaFelt: folds
Uncalled bet ($3) returned to confususs
confususs collected $17.64 from pot
confususs: doesn't show hand
*** SUMMARY ***
Total pot $18 | Rake $0.36
Board [2s Kd 7h]
Seat 2: confususs (big blind) collected ($17.64)
Seat 3: ToDaFelt (button) (small blind) folded on the Flop


PokerStars Hand #163430583988:  Hold'em Limit ($3/$6 USD) - 2016/12/24 0:21:44 ET
Table 'Debehogne' 6-max Seat #2 is the button
Seat 2: confususs ($166.46 in chips)
Seat 3: ToDaFelt ($221.94 in chips)
confususs: posts small blind $1
ToDaFelt: posts big blind $3
*** HOLE CARDS ***
confususs: raises $3 to $6
ToDaFelt: calls $3
*** FLOP *** [4d Jd 3c]
ToDaFelt: checks
confususs: bets $3
ToDaFelt: calls $3
*** TURN *** [4d Jd 3c] [3s]
ToDaFelt: checks
confususs: bets $6
ToDaFelt: raises $6 to $12
confususs: calls $6
*** RIVER *** [4d Jd 3c 3s] [Qs]
ToDaFelt: bets $6
confususs: calls $6
*** SHOW DOWN ***
ToDaFelt: shows [7s 6d] (a pair of Threes)
confususs: shows [6h 6c] (two pair, Sixes and Threes)
confususs collected $53.50 from pot
*** SUMMARY ***
Total pot $54 | Rake $0.50
Board [4d Jd 3c 3s Qs]
Seat 2: confususs (button) (small blind) showed [6h 6c] and won ($53.50) with two pair, Sixes and Threes
Seat 3: ToDaFelt (big blind) showed [7s 6d] and lost with a pair of Threes


PokerStars Hand #163430602056:  Hold'em Limit ($3/$6 USD) - 2016/12/24 0:22:42 ET
Table 'Debehogne' 6-max Seat #3 is the button
Seat 2: confususs ($192.96 in chips)
Seat 3: ToDaFelt ($194.94 in chips)
ToDaFelt: posts small blind $1
confususs: posts big blind $3
*** HOLE CARDS ***
ToDaFelt: raises $3 to $6
confususs: calls $3
*** FLOP *** [5s Tc 8h]
confususs: checks
ToDaFelt: bets $3
confususs: calls $3
*** TURN *** [5s Tc 8h] [7c]
confususs: checks
ToDaFelt: bets $6
confususs: calls $6
*** RIVER *** [5s Tc 8h 7c] [2d]
confususs: checks
ToDaFelt: bets $6
confususs: calls $6
*** SHOW DOWN ***
ToDaFelt: shows [Td 6d] (a pair of Tens)
confususs: mucks hand
ToDaFelt collected $41.50 from pot
*** SUMMARY ***
Total pot $42 | Rake $0.50
Board [5s Tc 8h 7c 2d]
Seat 2: confususs (big blind) mucked
Seat 3: ToDaFelt (button) (small blind) showed [Td 6d] and won ($41.50) with a pair of Tens


PokerStars Hand #163430610775:  Hold'em Limit ($3/$6 USD) - 2016/12/24 0:23:09 ET
Table 'Debehogne' 6-max Seat #2 is the button
Seat 2: confususs ($171.96 in chips)
Seat 3: ToDaFelt ($215.44 in chips)
confususs: posts small blind $1
ToDaFelt: posts big blind $3
*** HOLE CARDS ***
confususs: folds
Uncalled bet ($2) returned to ToDaFelt
ToDaFelt collected $2 from pot
ToDaFelt: doesn't show hand
*** SUMMARY ***
Total pot $2 | Rake $0
Seat 2: confususs (button) (small blind) folded before Flop
Seat 3: ToDaFelt (big blind) collected ($2)


PokerStars Hand #163430612310:  Hold'em Limit ($3/$6 USD) - 2016/12/24 0:23:14 ET
Table 'Debehogne' 6-max Seat #3 is the button
Seat 2: confususs ($170.96 in chips)
Seat 3: ToDaFelt ($216.44 in chips)
ToDaFelt: posts small blind $1
confususs: posts big blind $3
*** HOLE CARDS ***
ToDaFelt: raises $3 to $6
confususs: calls $3
*** FLOP *** [2d 8d 4s]
confususs: bets $3
ToDaFelt: raises $3 to $6
confususs: calls $3
*** TURN *** [2d 8d 4s] [8c]
confususs: checks
ToDaFelt: bets $6
confususs: raises $6 to $12
ToDaFelt: calls $6
*** RIVER *** [2d 8d 4s 8c] [Ks]
confususs: bets $6
ToDaFelt: calls $6
*** SHOW DOWN ***
confususs: shows [9c 8h] (three of a kind, Eights)
ToDaFelt: mucks hand
confususs collected $59.50 from pot
*** SUMMARY ***
Total pot $60 | Rake $0.50
Board [2d 8d 4s 8c Ks]
Seat 2: confususs (big blind) showed [9c 8h] and won ($59.50) with three of a kind, Eights
Seat 3: ToDaFelt (button) (small blind) mucked


PokerStars Hand #163430619549:  Hold'em Limit ($3/$6 USD) - 2016/12/24 0:23:38 ET
Table 'Debehogne' 6-max Seat #2 is the button
Seat 2: confususs ($200.46 in chips)
Seat 3: ToDaFelt ($186.44 in chips)
confususs: posts small blind $1
ToDaFelt: posts big blind $3
*** HOLE CARDS ***
confususs: raises $3 to $6
ToDaFelt: calls $3
*** FLOP *** [5d 5s 4c]
ToDaFelt: checks
confususs: checks
*** TURN *** [5d 5s 4c] [6s]
ToDaFelt: bets $6
confususs: calls $6
*** RIVER *** [5d 5s 4c 6s] [Qs]
ToDaFelt: bets $6
confususs: folds
Uncalled bet ($6) returned to ToDaFelt
ToDaFelt collected $23.52 from pot
ToDaFelt: doesn't show hand
*** SUMMARY ***
Total pot $24 | Rake $0.48
Board [5d 5s 4c 6s Qs]
Seat 2: confususs (button) (small blind) folded on the River
Seat 3: ToDaFelt (big blind) collected ($23.52)


PokerStars Hand #163430629875:  Hold'em Limit ($3/$6 USD) - 2016/12/24 0:24:11 ET
Table 'Debehogne' 6-max Seat #3 is the button
Seat 2: confususs ($188.46 in chips)
Seat 3: ToDaFelt ($197.96 in chips)
ToDaFelt: posts small blind $1
confususs: posts big blind $3
*** HOLE CARDS ***
ToDaFelt: raises $3 to $6
confususs: calls $3
*** FLOP *** [Kc 7s Ad]
confususs: checks
ToDaFelt: bets $3
confususs: calls $3
*** TURN *** [Kc 7s Ad] [Qd]
confususs: checks
ToDaFelt: bets $6
confususs: calls $6
*** RIVER *** [Kc 7s Ad Qd] [Th]
confususs: checks
ToDaFelt: checks
*** SHOW DOWN ***
confususs: shows [7c 4c] (a pair of Sevens)
ToDaFelt: shows [7h Kh] (two pair, Kings and Sevens)
ToDaFelt collected $29.50 from pot
*** SUMMARY ***
Total pot $30 | Rake $0.50
Board [Kc 7s Ad Qd Th]
Seat 2: confususs (big blind) showed [7c 4c] and lost with a pair of Sevens
Seat 3: ToDaFelt (button) (small blind) showed [7h Kh] and won ($29.50) with two pair, Kings and Sevens


PokerStars Hand #163430646279:  Hold'em Limit ($3/$6 USD) - 2016/12/24 0:25:04 ET
Table 'Debehogne' 6-max Seat #2 is the button
Seat 2: confususs ($173.46 in chips)
Seat 3: ToDaFelt ($212.46 in chips)
confususs: posts small blind $1
ToDaFelt: posts big blind $3
*** HOLE CARDS ***
confususs: raises $3 to $6
ToDaFelt: calls $3
*** FLOP *** [6c 9d 9s]
ToDaFelt: checks
confususs: bets $3
ToDaFelt: calls $3
*** TURN *** [6c 9d 9s] [5d]
ToDaFelt: checks
confususs: checks
*** RIVER *** [6c 9d 9s 5d] [Jc]
ToDaFelt: checks
confususs: checks
*** SHOW DOWN ***
ToDaFelt: shows [8s Qs] (a pair of Nines)
confususs: mucks hand
ToDaFelt collected $17.64 from pot
*** SUMMARY ***
Total pot $18 | Rake $0.36
Board [6c 9d 9s 5d Jc]
Seat 2: confususs (button) (small blind) mucked
Seat 3: ToDaFelt (big blind) showed [8s Qs] and won ($17.64) with a pair of Nines


PokerStars Hand #163430668976:  Hold'em Limit ($3/$6 USD) - 2016/12/24 0:26:17 ET
Table 'Debehogne' 6-max Seat #3 is the button
Seat 2: confususs ($164.46 in chips)
Seat 3: ToDaFelt ($221.10 in chips)
ToDaFelt: posts small blind $1
confususs: posts big blind $3
*** HOLE CARDS ***
ToDaFelt: raises $3 to $6
confususs: calls $3
*** FLOP *** [6d 3h Jh]
confususs: checks
ToDaFelt: bets $3
confususs: calls $3
*** TURN *** [6d 3h Jh] [3c]
confususs: checks
ToDaFelt: bets $6
confususs: raises $6 to $12
ToDaFelt: calls $6
*** RIVER *** [6d 3h Jh 3c] [5c]
confususs: bets $6
ToDaFelt: calls $6
*** SHOW DOWN ***
confususs: shows [3d 4d] (three of a kind, Threes)
ToDaFelt: mucks hand
confususs collected $53.50 from pot
*** SUMMARY ***
Total pot $54 | Rake $0.50
Board [6d 3h Jh 3c 5c]
Seat 2: confususs (big blind) showed [3d 4d] and won ($53.50) with three of a kind, Threes
Seat 3: ToDaFelt (button) (small blind) mucked


PokerStars Hand #163430716291:  Hold'em Limit ($3/$6 USD) - 2016/12/24 0:28:20 ET
Table 'Debehogne' 6-max Seat #3 is the button
Seat 2: confususs ($211.46 in chips)
Seat 3: ToDaFelt ($173.10 in chips)
ToDaFelt: posts small blind $1
confususs: posts big blind $3
*** HOLE CARDS ***
ToDaFelt: raises $3 to $6
confususs: folds
Uncalled bet ($3) returned to ToDaFelt
ToDaFelt collected $6 from pot
ToDaFelt: doesn't show hand
*** SUMMARY ***
Total pot $6 | Rake $0
Seat 2: confususs (big blind) folded before Flop
Seat 3: ToDaFelt (button) (small blind) collected ($6)


PokerStars Hand #163430691605:  Hold'em Limit ($3/$6 USD) - 2016/12/24 0:27:00 ET
Table 'Debehogne' 6-max Seat #2 is the button
Seat 2: confususs ($190.96 in chips)
Seat 3: ToDaFelt ($194.10 in chips)
confususs: posts small blind $1
ToDaFelt: posts big blind $3
*** HOLE CARDS ***
confususs: raises $3 to $6
ToDaFelt: calls $3
*** FLOP *** [As 5s 8d]
ToDaFelt: checks
confususs: bets $3
ToDaFelt: raises $3 to $6
confususs: raises $3 to $9
ToDaFelt: calls $3
*** TURN *** [As 5s 8d] [6d]
confususs said, "we should be beating up on the europeans bro"
ToDaFelt: checks
confususs: bets $6
ToDaFelt: calls $6
*** RIVER *** [As 5s 8d 6d] [4h]
ToDaFelt said, "lol yeah"
ToDaFelt: checks
confususs: checks
*** SHOW DOWN ***
ToDaFelt: shows [3d 5d] (a pair of Fives)
confususs: shows [Jc Ah] (a pair of Aces)
confususs collected $41.50 from pot
*** SUMMARY ***
Total pot $42 | Rake $0.50
Board [As 5s 8d 6d 4h]
Seat 2: confususs (button) (small blind) showed [Jc Ah] and won ($41.50) with a pair of Aces
Seat 3: ToDaFelt (big blind) showed [3d 5d] and lost with a pair of Fives


PokerStars Hand #163430740479:  Hold'em Limit ($3/$6 USD) - 2016/12/24 0:29:38 ET
Table 'Debehogne' 6-max Seat #2 is the button
Seat 2: confususs ($211.22 in chips)
Seat 3: ToDaFelt ($173.10 in chips)
confususs: posts small blind $1
ToDaFelt: posts big blind $3
*** HOLE CARDS ***
confususs: raises $3 to $6
ToDaFelt: calls $3
*** FLOP *** [Ts 4h 5h]
ToDaFelt: checks
confususs: checks
*** TURN *** [Ts 4h 5h] [Qc]
ToDaFelt: checks
confususs: bets $6
ToDaFelt: folds
Uncalled bet ($6) returned to confususs
confususs collected $11.76 from pot
confususs: doesn't show hand
*** SUMMARY ***
Total pot $12 | Rake $0.24
Board [Ts 4h 5h Qc]
Seat 2: confususs (button) (small blind) collected ($11.76)
Seat 3: ToDaFelt (big blind) folded on the Turn


PokerStars Hand #163430720482:  Hold'em Limit ($3/$6 USD) - 2016/12/24 0:28:33 ET
Table 'Debehogne' 6-max Seat #2 is the button
Seat 2: confususs ($208.46 in chips)
Seat 3: ToDaFelt ($176.10 in chips)
confususs: posts small blind $1
ToDaFelt: posts big blind $3
*** HOLE CARDS ***
confususs: raises $3 to $6
ToDaFelt said, "where u from in Canada?"
ToDaFelt: calls $3
*** FLOP *** [9s 4s Td]
ToDaFelt: checks
confususs said, "halifax nova scotia"
confususs: bets $3
confususs said, "u"
ToDaFelt said, "long ways away. kelowna, bc"
ToDaFelt: folds
Uncalled bet ($3) returned to confususs
confususs collected $11.76 from pot
confususs: doesn't show hand
*** SUMMARY ***
Total pot $12 | Rake $0.24
Board [9s 4s Td]
Seat 2: confususs (button) (small blind) collected ($11.76)
Seat 3: ToDaFelt (big blind) folded on the Flop


PokerStars Hand #163430734382:  Hold'em Limit ($3/$6 USD) - 2016/12/24 0:29:18 ET
Table 'Debehogne' 6-max Seat #3 is the button
Seat 2: confususs ($214.22 in chips)
Seat 3: ToDaFelt ($170.10 in chips)
ToDaFelt: posts small blind $1
confususs: posts big blind $3
*** HOLE CARDS ***
ToDaFelt: raises $3 to $6
confususs said, "nice there beautiful"
confususs: folds
Uncalled bet ($3) returned to ToDaFelt
ToDaFelt collected $6 from pot
ToDaFelt: doesn't show hand
*** SUMMARY ***
Total pot $6 | Rake $0
Seat 2: confususs (big blind) folded before Flop
Seat 3: ToDaFelt (button) (small blind) collected ($6)


PokerStars Hand #163430747323:  Hold'em Limit ($3/$6 USD) - 2016/12/24 0:30:01 ET
Table 'Debehogne' 6-max Seat #3 is the button
Seat 2: confususs ($216.98 in chips)
Seat 3: ToDaFelt ($167.10 in chips)
ToDaFelt: posts small blind $1
confususs: posts big blind $3
*** HOLE CARDS ***
ToDaFelt: raises $3 to $6
confususs: calls $3
*** FLOP *** [9d 9h 3h]
confususs: checks
ToDaFelt: bets $3
confususs: calls $3
*** TURN *** [9d 9h 3h] [Th]
confususs: checks
ToDaFelt: bets $6
confususs: folds
Uncalled bet ($6) returned to ToDaFelt
ToDaFelt collected $17.64 from pot
ToDaFelt: doesn't show hand
*** SUMMARY ***
Total pot $18 | Rake $0.36
Board [9d 9h 3h Th]
Seat 2: confususs (big blind) folded on the Turn
Seat 3: ToDaFelt (button) (small blind) collected ($17.64)


PokerStars Hand #163430755802:  Hold'em Limit ($3/$6 USD) - 2016/12/24 0:30:28 ET
Table 'Debehogne' 6-max Seat #2 is the button
Seat 2: confususs ($207.98 in chips)
Seat 3: ToDaFelt ($175.74 in chips)
confususs: posts small blind $1
ToDaFelt: posts big blind $3
*** HOLE CARDS ***
confususs: raises $3 to $6
ToDaFelt: calls $3
*** FLOP *** [5d 4h Ks]
ToDaFelt: checks
confususs: bets $3
ToDaFelt: calls $3
*** TURN *** [5d 4h Ks] [8d]
ToDaFelt: checks
confususs: bets $6
ToDaFelt: folds
Uncalled bet ($6) returned to confususs
confususs collected $17.64 from pot
confususs: doesn't show hand
*** SUMMARY ***
Total pot $18 | Rake $0.36
Board [5d 4h Ks 8d]
Seat 2: confususs (button) (small blind) collected ($17.64)
Seat 3: ToDaFelt (big blind) folded on the Turn


PokerStars Hand #163430778094:  Hold'em Limit ($3/$6 USD) - 2016/12/24 0:31:42 ET
Table 'Debehogne' 6-max Seat #3 is the button
Seat 2: confususs ($216.62 in chips)
Seat 3: ToDaFelt ($166.74 in chips)
ToDaFelt: posts small blind $1
confususs: posts big blind $3
*** HOLE CARDS ***
ToDaFelt: raises $3 to $6
confususs: calls $3
*** FLOP *** [8d Ad 3c]
confususs: checks
ToDaFelt: bets $3
confususs: calls $3
*** TURN *** [8d Ad 3c] [Js]
confususs: checks
ToDaFelt: bets $6
confususs: calls $6
*** RIVER *** [8d Ad 3c Js] [4d]
confususs: checks
ToDaFelt: bets $6
confususs: calls $6
*** SHOW DOWN ***
ToDaFelt: shows [Kh Kd] (a pair of Kings)
confususs: shows [7h As] (a pair of Aces)
confususs collected $41.50 from pot
*** SUMMARY ***
Total pot $42 | Rake $0.50
Board [8d Ad 3c Js 4d]
Seat 2: confususs (big blind) showed [7h As] and won ($41.50) with a pair of Aces
Seat 3: ToDaFelt (button) (small blind) showed [Kh Kd] and lost with a pair of Kings


PokerStars Hand #163430797090:  Hold'em Limit ($3/$6 USD) - 2016/12/24 0:32:45 ET
Table 'Debehogne' 6-max Seat #2 is the button
Seat 2: confususs ($237.12 in chips)
Seat 3: ToDaFelt ($145.74 in chips)
confususs: posts small blind $1
ToDaFelt: posts big blind $3
*** HOLE CARDS ***
confususs: raises $3 to $6
ToDaFelt: raises $3 to $9
confususs: calls $3
*** FLOP *** [2c Tc 7s]
ToDaFelt: bets $3
confususs: folds
Uncalled bet ($3) returned to ToDaFelt
ToDaFelt collected $17.64 from pot
ToDaFelt: doesn't show hand
*** SUMMARY ***
Total pot $18 | Rake $0.36
Board [2c Tc 7s]
Seat 2: confususs (button) (small blind) folded on the Flop
Seat 3: ToDaFelt (big blind) collected ($17.64)


PokerStars Hand #163430808244:  Hold'em Limit ($3/$6 USD) - 2016/12/24 0:33:21 ET
Table 'Debehogne' 6-max Seat #3 is the button
Seat 2: confususs ($228.12 in chips)
Seat 3: ToDaFelt ($154.38 in chips)
ToDaFelt: posts small blind $1
confususs: posts big blind $3
*** HOLE CARDS ***
ToDaFelt: raises $3 to $6
confususs: calls $3
*** FLOP *** [4c Kh 8h]
confususs: checks
ToDaFelt: bets $3
confususs: calls $3
*** TURN *** [4c Kh 8h] [9c]
confususs: checks
ToDaFelt: bets $6
confususs said, "is 22 good"
confususs: folds
Uncalled bet ($6) returned to ToDaFelt
ToDaFelt said, "never"
ToDaFelt collected $17.64 from pot
ToDaFelt: doesn't show hand
*** SUMMARY ***
Total pot $18 | Rake $0.36
Board [4c Kh 8h 9c]
Seat 2: confususs (big blind) folded on the Turn
Seat 3: ToDaFelt (button) (small blind) collected ($17.64)


PokerStars Hand #163430825129:  Hold'em Limit ($3/$6 USD) - 2016/12/24 0:34:16 ET
Table 'Debehogne' 6-max Seat #3 is the button
Seat 2: confususs ($218.12 in chips)
Seat 3: ToDaFelt ($164.02 in chips)
ToDaFelt: posts small blind $1
confususs: posts big blind $3
*** HOLE CARDS ***
ToDaFelt: raises $3 to $6
confususs: folds
Uncalled bet ($3) returned to ToDaFelt
ToDaFelt collected $6 from pot
ToDaFelt: doesn't show hand
*** SUMMARY ***
Total pot $6 | Rake $0
Seat 2: confususs (big blind) folded before Flop
Seat 3: ToDaFelt (button) (small blind) collected ($6)


PokerStars Hand #163430823486:  Hold'em Limit ($3/$6 USD) - 2016/12/24 0:34:11 ET
Table 'Debehogne' 6-max Seat #2 is the button
Seat 2: confususs ($219.12 in chips)
Seat 3: ToDaFelt ($163.02 in chips)
confususs: posts small blind $1
ToDaFelt: posts big blind $3
*** HOLE CARDS ***
confususs: folds
Uncalled bet ($2) returned to ToDaFelt
ToDaFelt collected $2 from pot
ToDaFelt: doesn't show hand
*** SUMMARY ***
Total pot $2 | Rake $0
Seat 2: confususs (button) (small blind) folded before Flop
Seat 3: ToDaFelt (big blind) collected ($2)


PokerStars Hand #163430828116:  Hold'em Limit ($3/$6 USD) - 2016/12/24 0:34:26 ET
Table 'Debehogne' 6-max Seat #2 is the button
Seat 2: confususs ($215.12 in chips)
Seat 3: ToDaFelt ($167.02 in chips)
confususs: posts small blind $1
ToDaFelt: posts big blind $3
*** HOLE CARDS ***
confususs: raises $3 to $6
ToDaFelt: calls $3
*** FLOP *** [9c 6s As]
ToDaFelt: checks
confususs: bets $3
ToDaFelt: calls $3
*** TURN *** [9c 6s As] [5d]
ToDaFelt: checks
confususs said, "you didnt have that king a while ago either"
confususs: checks
*** RIVER *** [9c 6s As 5d] [2h]
ToDaFelt: bets $6
confususs: calls $6
*** SHOW DOWN ***
ToDaFelt: shows [6d 2d] (two pair, Sixes and Deuces)
confususs: mucks hand
ToDaFelt collected $29.50 from pot
*** SUMMARY ***
Total pot $30 | Rake $0.50
Board [9c 6s As 5d 2h]
Seat 2: confususs (button) (small blind) mucked
Seat 3: ToDaFelt (big blind) showed [6d 2d] and won ($29.50) with two pair, Sixes and Deuces


PokerStars Hand #163430849582:  Hold'em Limit ($3/$6 USD) - 2016/12/24 0:35:36 ET
Table 'Debehogne' 6-max Seat #3 is the button
Seat 2: confususs ($200.12 in chips)
Seat 3: ToDaFelt ($181.52 in chips)
ToDaFelt: posts small blind $1
confususs: posts big blind $3
*** HOLE CARDS ***
ToDaFelt: raises $3 to $6
confususs: folds
Uncalled bet ($3) returned to ToDaFelt
ToDaFelt collected $6 from pot
ToDaFelt: doesn't show hand
*** SUMMARY ***
Total pot $6 | Rake $0
Seat 2: confususs (big blind) folded before Flop
Seat 3: ToDaFelt (button) (small blind) collected ($6)


PokerStars Hand #163430853799:  Hold'em Limit ($3/$6 USD) - 2016/12/24 0:35:50 ET
Table 'Debehogne' 6-max Seat #2 is the button
Seat 2: confususs ($197.12 in chips)
Seat 3: ToDaFelt ($184.52 in chips)
confususs: posts small blind $1
ToDaFelt: posts big blind $3
*** HOLE CARDS ***
confususs: raises $3 to $6
ToDaFelt: calls $3
*** FLOP *** [7s 4h Ac]
ToDaFelt: bets $3
confususs: calls $3
*** TURN *** [7s 4h Ac] [6d]
ToDaFelt: bets $6
confususs: calls $6
*** RIVER *** [7s 4h Ac 6d] [9s]
ToDaFelt: bets $6
confususs: calls $6
*** SHOW DOWN ***
ToDaFelt: shows [7c 8d] (a pair of Sevens)
confususs: shows [Qh Qc] (a pair of Queens)
confususs collected $41.50 from pot
*** SUMMARY ***
Total pot $42 | Rake $0.50
Board [7s 4h Ac 6d 9s]
Seat 2: confususs (button) (small blind) showed [Qh Qc] and won ($41.50) with a pair of Queens
Seat 3: ToDaFelt (big blind) showed [7c 8d] and lost with a pair of Sevens


PokerStars Hand #163430865969:  Hold'em Limit ($3/$6 USD) - 2016/12/24 0:36:29 ET
Table 'Debehogne' 6-max Seat #3 is the button
Seat 2: confususs ($217.62 in chips)
Seat 3: ToDaFelt ($163.52 in chips)
ToDaFelt: posts small blind $1
confususs: posts big blind $3
*** HOLE CARDS ***
ToDaFelt: folds
Uncalled bet ($2) returned to confususs
confususs collected $2 from pot
confususs: doesn't show hand
*** SUMMARY ***
Total pot $2 | Rake $0
Seat 2: confususs (big blind) collected ($2)
Seat 3: ToDaFelt (button) (small blind) folded before Flop


PokerStars Hand #163430868473:  Hold'em Limit ($3/$6 USD) - 2016/12/24 0:36:37 ET
Table 'Debehogne' 6-max Seat #2 is the button
Seat 2: confususs ($218.62 in chips)
Seat 3: ToDaFelt ($162.52 in chips)
confususs: posts small blind $1
ToDaFelt: posts big blind $3
*** HOLE CARDS ***
confususs: raises $3 to $6
ToDaFelt: calls $3
*** FLOP *** [2h 9c 9s]
ToDaFelt: checks
confususs: checks
*** TURN *** [2h 9c 9s] [9h]
ToDaFelt: bets $6
confususs: calls $6
*** RIVER *** [2h 9c 9s 9h] [5h]
ToDaFelt: checks
confususs: bets $6
ToDaFelt: folds
Uncalled bet ($6) returned to confususs
confususs collected $23.52 from pot
confususs: doesn't show hand
*** SUMMARY ***
Total pot $24 | Rake $0.48
Board [2h 9c 9s 9h 5h]
Seat 2: confususs (button) (small blind) collected ($23.52)
Seat 3: ToDaFelt (big blind) folded on the River


PokerStars Hand #163430883106:  Hold'em Limit ($3/$6 USD) - 2016/12/24 0:37:26 ET
Table 'Debehogne' 6-max Seat #3 is the button
Seat 2: confususs ($230.14 in chips)
Seat 3: ToDaFelt ($150.52 in chips)
ToDaFelt: posts small blind $1
confususs: posts big blind $3
*** HOLE CARDS ***
ToDaFelt: raises $3 to $6
confususs: calls $3
*** FLOP *** [Jh 4s 9s]
confususs: checks
ToDaFelt: bets $3
confususs: calls $3
*** TURN *** [Jh 4s 9s] [Jd]
confususs: checks
ToDaFelt: bets $6
confususs: calls $6
*** RIVER *** [Jh 4s 9s Jd] [4d]
confususs: checks
ToDaFelt: bets $6
confususs: calls $6
*** SHOW DOWN ***
ToDaFelt: shows [4h Qc] (a full house, Fours full of Jacks)
confususs: mucks hand
ToDaFelt collected $41.50 from pot
*** SUMMARY ***
Total pot $42 | Rake $0.50
Board [Jh 4s 9s Jd 4d]
Seat 2: confususs (big blind) mucked
Seat 3: ToDaFelt (button) (small blind) showed [4h Qc] and won ($41.50) with a full house, Fours full of Jacks


PokerStars Hand #163430894036:  Hold'em Limit ($3/$6 USD) - 2016/12/24 0:38:02 ET
Table 'Debehogne' 6-max Seat #2 is the button
Seat 2: confususs ($209.14 in chips)
Seat 3: ToDaFelt ($171.02 in chips)
confususs: posts small blind $1
ToDaFelt: posts big blind $3
*** HOLE CARDS ***
confususs: folds
Uncalled bet ($2) returned to ToDaFelt
ToDaFelt collected $2 from pot
ToDaFelt: doesn't show hand
*** SUMMARY ***
Total pot $2 | Rake $0
Seat 2: confususs (button) (small blind) folded before Flop
Seat 3: ToDaFelt (big blind) collected ($2)


PokerStars Hand #163430895966:  Hold'em Limit ($3/$6 USD) - 2016/12/24 0:38:08 ET
Table 'Debehogne' 6-max Seat #3 is the button
Seat 2: confususs ($208.14 in chips)
Seat 3: ToDaFelt ($172.02 in chips)
ToDaFelt: posts small blind $1
confususs: posts big blind $3
*** HOLE CARDS ***
ToDaFelt: raises $3 to $6
confususs: calls $3
*** FLOP *** [9s Ts 5h]
confususs: checks
ToDaFelt: bets $3
confususs: raises $3 to $6
ToDaFelt: calls $3
*** TURN *** [9s Ts 5h] [4s]
confususs: bets $6
ToDaFelt: calls $6
*** RIVER *** [9s Ts 5h 4s] [Ks]
confususs: bets $6
ToDaFelt: raises $6 to $12
confususs: calls $6
*** SHOW DOWN ***
ToDaFelt: shows [As 8c] (a flush, Ace high)
confususs: mucks hand
ToDaFelt collected $59.50 from pot
*** SUMMARY ***
Total pot $60 | Rake $0.50
Board [9s Ts 5h 4s Ks]
Seat 2: confususs (big blind) mucked
Seat 3: ToDaFelt (button) (small blind) showed [As 8c] and won ($59.50) with a flush, Ace high


PokerStars Hand #163430916573:  Hold'em Limit ($3/$6 USD) - 2016/12/24 0:39:18 ET
Table 'Debehogne' 6-max Seat #3 is the button
Seat 2: confususs ($183.90 in chips)
Seat 3: ToDaFelt ($195.52 in chips)
ToDaFelt: posts small blind $1
confususs: posts big blind $3
*** HOLE CARDS ***
ToDaFelt: raises $3 to $6
confususs said, "thats right your sucking out most of the time lol"
confususs: calls $3
*** FLOP *** [Js 2h Ks]
confususs: checks
ToDaFelt: bets $3
confususs: folds
Uncalled bet ($3) returned to ToDaFelt
ToDaFelt collected $11.76 from pot
ToDaFelt: doesn't show hand
*** SUMMARY ***
Total pot $12 | Rake $0.24
Board [Js 2h Ks]
Seat 2: confususs (big blind) folded on the Flop
Seat 3: ToDaFelt (button) (small blind) collected ($11.76)


PokerStars Hand #163430905409:  Hold'em Limit ($3/$6 USD) - 2016/12/24 0:38:40 ET
Table 'Debehogne' 6-max Seat #2 is the button
Seat 2: confususs ($178.14 in chips)
Seat 3: ToDaFelt ($201.52 in chips)
confususs: posts small blind $1
ToDaFelt: posts big blind $3
*** HOLE CARDS ***
confususs: raises $3 to $6
ToDaFelt: calls $3
*** FLOP *** [Tc Ks Kc]
ToDaFelt: checks
confususs: bets $3
ToDaFelt: folds
Uncalled bet ($3) returned to confususs
confususs collected $11.76 from pot
confususs: doesn't show hand
*** SUMMARY ***
Total pot $12 | Rake $0.24
Board [Tc Ks Kc]
Seat 2: confususs (button) (small blind) collected ($11.76)
Seat 3: ToDaFelt (big blind) folded on the Flop


PokerStars Hand #163430926684:  Hold'em Limit ($3/$6 USD) - 2016/12/24 0:39:51 ET
Table 'Debehogne' 6-max Seat #2 is the button
Seat 2: confususs ($177.90 in chips)
Seat 3: ToDaFelt ($201.28 in chips)
confususs: posts small blind $1
ToDaFelt: posts big blind $3
*** HOLE CARDS ***
confususs: raises $3 to $6
ToDaFelt: calls $3
*** FLOP *** [Ks Ts 7h]
ToDaFelt: bets $3
confususs: calls $3
*** TURN *** [Ks Ts 7h] [6c]
ToDaFelt: bets $6
confususs: raises $6 to $12
ToDaFelt: calls $6
*** RIVER *** [Ks Ts 7h 6c] [Js]
ToDaFelt: checks
confususs: checks
*** SHOW DOWN ***
ToDaFelt: shows [Tc 8h] (a pair of Tens)
confususs: shows [Jd Qc] (a pair of Jacks)
confususs collected $41.50 from pot
*** SUMMARY ***
Total pot $42 | Rake $0.50
Board [Ks Ts 7h 6c Js]
Seat 2: confususs (button) (small blind) showed [Jd Qc] and won ($41.50) with a pair of Jacks
Seat 3: ToDaFelt (big blind) showed [Tc 8h] and lost with a pair of Tens


PokerStars Hand #163430958011:  Hold'em Limit ($3/$6 USD) - 2016/12/24 0:41:35 ET
Table 'Debehogne' 6-max Seat #3 is the button
Seat 2: confususs ($208.92 in chips)
Seat 3: ToDaFelt ($169.28 in chips)
ToDaFelt: posts small blind $1
confususs: posts big blind $3
*** HOLE CARDS ***
ToDaFelt: raises $3 to $6
confususs: calls $3
*** FLOP *** [Jh 4s As]
confususs: checks
ToDaFelt: bets $3
confususs: folds
Uncalled bet ($3) returned to ToDaFelt
ToDaFelt collected $11.76 from pot
ToDaFelt: doesn't show hand
*** SUMMARY ***
Total pot $12 | Rake $0.24
Board [Jh 4s As]
Seat 2: confususs (big blind) folded on the Flop
Seat 3: ToDaFelt (button) (small blind) collected ($11.76)


PokerStars Hand #163430956667:  Hold'em Limit ($3/$6 USD) - 2016/12/24 0:41:31 ET
Table 'Debehogne' 6-max Seat #2 is the button
Seat 2: confususs ($209.92 in chips)
Seat 3: ToDaFelt ($168.28 in chips)
confususs: posts small blind $1
ToDaFelt: posts big blind $3
*** HOLE CARDS ***
confususs: folds
Uncalled bet ($2) returned to ToDaFelt
ToDaFelt collected $2 from pot
ToDaFelt: doesn't show hand
*** SUMMARY ***
Total pot $2 | Rake $0
Seat 2: confususs (button) (small blind) folded before Flop
Seat 3: ToDaFelt (big blind) collected ($2)


PokerStars Hand #163430941498:  Hold'em Limit ($3/$6 USD) - 2016/12/24 0:40:40 ET
Table 'Debehogne' 6-max Seat #3 is the button
Seat 2: confususs ($198.40 in chips)
Seat 3: ToDaFelt ($180.28 in chips)
ToDaFelt: posts small blind $1
confususs: posts big blind $3
*** HOLE CARDS ***
ToDaFelt: raises $3 to $6
confususs: calls $3
*** FLOP *** [5d 7s 8c]
confususs: checks
ToDaFelt: checks
*** TURN *** [5d 7s 8c] [7c]
confususs: checks
ToDaFelt: bets $6
confususs: calls $6
*** RIVER *** [5d 7s 8c 7c] [6c]
confususs: bets $6
ToDaFelt: folds
Uncalled bet ($6) returned to confususs
confususs collected $23.52 from pot
confususs: doesn't show hand
*** SUMMARY ***
Total pot $24 | Rake $0.48
Board [5d 7s 8c 7c 6c]
Seat 2: confususs (big blind) collected ($23.52)
Seat 3: ToDaFelt (button) (small blind) folded on the River


PokerStars Hand #163430972439:  Hold'em Limit ($3/$6 USD) - 2016/12/24 0:42:24 ET
Table 'Debehogne' 6-max Seat #3 is the button
Seat 2: confususs ($193.92 in chips)
Seat 3: ToDaFelt ($183.68 in chips)
ToDaFelt: posts small blind $1
confususs: posts big blind $3
*** HOLE CARDS ***
ToDaFelt: raises $3 to $6
confususs: folds
Uncalled bet ($3) returned to ToDaFelt
ToDaFelt collected $6 from pot
ToDaFelt: doesn't show hand
*** SUMMARY ***
Total pot $6 | Rake $0
Seat 2: confususs (big blind) folded before Flop
Seat 3: ToDaFelt (button) (small blind) collected ($6)


PokerStars Hand #163430977134:  Hold'em Limit ($3/$6 USD) - 2016/12/24 0:42:39 ET
Table 'Debehogne' 6-max Seat #3 is the button
Seat 2: confususs ($189.92 in chips)
Seat 3: ToDaFelt ($187.68 in chips)
ToDaFelt: posts small blind $1
confususs: posts big blind $3
*** HOLE CARDS ***
ToDaFelt: raises $3 to $6
confususs: calls $3
*** FLOP *** [2d Js Ad]
confususs: checks
ToDaFelt: bets $3
confususs: folds
Uncalled bet ($3) returned to ToDaFelt
ToDaFelt collected $11.76 from pot
ToDaFelt: doesn't show hand
*** SUMMARY ***
Total pot $12 | Rake $0.24
Board [2d Js Ad]
Seat 2: confususs (big blind) folded on the Flop
Seat 3: ToDaFelt (button) (small blind) collected ($11.76)


PokerStars Hand #163430975497:  Hold'em Limit ($3/$6 USD) - 2016/12/24 0:42:34 ET
Table 'Debehogne' 6-max Seat #2 is the button
Seat 2: confususs ($190.92 in chips)
Seat 3: ToDaFelt ($186.68 in chips)
confususs: posts small blind $1
ToDaFelt: posts big blind $3
*** HOLE CARDS ***
confususs: folds
Uncalled bet ($2) returned to ToDaFelt
ToDaFelt collected $2 from pot
ToDaFelt: doesn't show hand
*** SUMMARY ***
Total pot $2 | Rake $0
Seat 2: confususs (button) (small blind) folded before Flop
Seat 3: ToDaFelt (big blind) collected ($2)


PokerStars Hand #163430964647:  Hold'em Limit ($3/$6 USD) - 2016/12/24 0:41:58 ET
Table 'Debehogne' 6-max Seat #2 is the button
Seat 2: confususs ($202.92 in chips)
Seat 3: ToDaFelt ($175.04 in chips)
confususs: posts small blind $1
ToDaFelt: posts big blind $3
*** HOLE CARDS ***
confususs: raises $3 to $6
ToDaFelt: calls $3
*** FLOP *** [6d 7d 5h]
ToDaFelt: bets $3
confususs: calls $3
*** TURN *** [6d 7d 5h] [4c]
ToDaFelt: bets $6
confususs: folds
Uncalled bet ($6) returned to ToDaFelt
ToDaFelt collected $17.64 from pot
ToDaFelt: doesn't show hand
*** SUMMARY ***
Total pot $18 | Rake $0.36
Board [6d 7d 5h 4c]
Seat 2: confususs (button) (small blind) folded on the Turn
Seat 3: ToDaFelt (big blind) collected ($17.64)


PokerStars Hand #163430980263:  Hold'em Limit ($3/$6 USD) - 2016/12/24 0:42:49 ET
Table 'Debehogne' 6-max Seat #2 is the button
Seat 2: confususs ($183.92 in chips)
Seat 3: ToDaFelt ($193.44 in chips)
confususs: posts small blind $1
ToDaFelt: posts big blind $3
*** HOLE CARDS ***
confususs: raises $3 to $6
ToDaFelt: calls $3
*** FLOP *** [Ks 2s 8s]
ToDaFelt: checks
confususs: checks
*** TURN *** [Ks 2s 8s] [4h]
ToDaFelt: bets $6
confususs: calls $6
*** RIVER *** [Ks 2s 8s 4h] [Qs]
ToDaFelt: bets $6
confususs: folds
Uncalled bet ($6) returned to ToDaFelt
ToDaFelt collected $23.52 from pot
ToDaFelt: doesn't show hand
*** SUMMARY ***
Total pot $24 | Rake $0.48
Board [Ks 2s 8s 4h Qs]
Seat 2: confususs (button) (small blind) folded on the River
Seat 3: ToDaFelt (big blind) collected ($23.52)


PokerStars Hand #163430996740:  Hold'em Limit ($3/$6 USD) - 2016/12/24 0:43:44 ET
Table 'Debehogne' 6-max Seat #3 is the button
Seat 2: confususs ($171.92 in chips)
Seat 3: ToDaFelt ($204.96 in chips)
ToDaFelt: posts small blind $1
confususs: posts big blind $3
*** HOLE CARDS ***
ToDaFelt: raises $3 to $6
confususs: raises $3 to $9
ToDaFelt: calls $3
*** FLOP *** [Kd Th Ad]
confususs: bets $3
ToDaFelt: calls $3
*** TURN *** [Kd Th Ad] [Jd]
confususs: checks
ToDaFelt: checks
*** RIVER *** [Kd Th Ad Jd] [2h]
confususs: checks
ToDaFelt: checks
*** SHOW DOWN ***
confususs: shows [Jh Jc] (three of a kind, Jacks)
ToDaFelt: mucks hand
confususs collected $23.52 from pot
*** SUMMARY ***
Total pot $24 | Rake $0.48
Board [Kd Th Ad Jd 2h]
Seat 2: confususs (big blind) showed [Jh Jc] and won ($23.52) with three of a kind, Jacks
Seat 3: ToDaFelt (button) (small blind) mucked


PokerStars Hand #163431029407:  Hold'em Limit ($3/$6 USD) - 2016/12/24 0:45:33 ET
Table 'Debehogne' 6-max Seat #3 is the button
Seat 2: confususs ($200.94 in chips)
Seat 3: ToDaFelt ($174.96 in chips)
ToDaFelt: posts small blind $1
confususs: posts big blind $3
*** HOLE CARDS ***
ToDaFelt: folds
Uncalled bet ($2) returned to confususs
confususs collected $2 from pot
confususs: doesn't show hand
*** SUMMARY ***
Total pot $2 | Rake $0
Seat 2: confususs (big blind) collected ($2)
Seat 3: ToDaFelt (button) (small blind) folded before Flop


PokerStars Hand #163431013687:  Hold'em Limit ($3/$6 USD) - 2016/12/24 0:44:41 ET
Table 'Debehogne' 6-max Seat #2 is the button
Seat 2: confususs ($183.44 in chips)
Seat 3: ToDaFelt ($192.96 in chips)
confususs: posts small blind $1
ToDaFelt: posts big blind $3
*** HOLE CARDS ***
confususs: raises $3 to $6
ToDaFelt: calls $3
*** FLOP *** [7h 9d 3c]
ToDaFelt: bets $3
confususs: raises $3 to $6
ToDaFelt: calls $3
*** TURN *** [7h 9d 3c] [5h]
ToDaFelt: checks
confususs: bets $6
ToDaFelt: calls $6
*** RIVER *** [7h 9d 3c 5h] [Jc]
ToDaFelt: checks
confususs: checks
*** SHOW DOWN ***
ToDaFelt: shows [7c 8d] (a pair of Sevens)
confususs: shows [Th Td] (a pair of Tens)
confususs collected $35.50 from pot
*** SUMMARY ***
Total pot $36 | Rake $0.50
Board [7h 9d 3c 5h Jc]
Seat 2: confususs (button) (small blind) showed [Th Td] and won ($35.50) with a pair of Tens
Seat 3: ToDaFelt (big blind) showed [7c 8d] and lost with a pair of Sevens


PokerStars Hand #163431045604:  Hold'em Limit ($3/$6 USD) - 2016/12/24 0:46:27 ET
Table 'Debehogne' 6-max Seat #3 is the button
Seat 2: confususs ($186.94 in chips)
Seat 3: ToDaFelt ($188.46 in chips)
ToDaFelt: posts small blind $1
confususs: posts big blind $3
*** HOLE CARDS ***
ToDaFelt: folds
Uncalled bet ($2) returned to confususs
confususs collected $2 from pot
confususs: doesn't show hand
*** SUMMARY ***
Total pot $2 | Rake $0
Seat 2: confususs (big blind) collected ($2)
Seat 3: ToDaFelt (button) (small blind) folded before Flop


PokerStars Hand #163431030850:  Hold'em Limit ($3/$6 USD) - 2016/12/24 0:45:38 ET
Table 'Debehogne' 6-max Seat #2 is the button
Seat 2: confususs ($201.94 in chips)
Seat 3: ToDaFelt ($173.96 in chips)
confususs: posts small blind $1
ToDaFelt: posts big blind $3
*** HOLE CARDS ***
confususs: raises $3 to $6
ToDaFelt: calls $3
*** FLOP *** [2h 5d Ac]
ToDaFelt: bets $3
confususs: calls $3
*** TURN *** [2h 5d Ac] [7c]
ToDaFelt: bets $6
confususs: calls $6
*** RIVER *** [2h 5d Ac 7c] [3d]
ToDaFelt: bets $6
confususs: folds
Uncalled bet ($6) returned to ToDaFelt
ToDaFelt collected $29.50 from pot
ToDaFelt: doesn't show hand
*** SUMMARY ***
Total pot $30 | Rake $0.50
Board [2h 5d Ac 7c 3d]
Seat 2: confususs (button) (small blind) folded on the River
Seat 3: ToDaFelt (big blind) collected ($29.50)


PokerStars Hand #163431061435:  Hold'em Limit ($3/$6 USD) - 2016/12/24 0:47:20 ET
Table 'Debehogne' 6-max Seat #3 is the button
Seat 2: confususs ($211.44 in chips)
Seat 3: ToDaFelt ($163.46 in chips)
ToDaFelt: posts small blind $1
confususs: posts big blind $3
*** HOLE CARDS ***
ToDaFelt: raises $3 to $6
confususs: calls $3
*** FLOP *** [Ac 8c 4h]
confususs: checks
ToDaFelt: bets $3
confususs: calls $3
*** TURN *** [Ac 8c 4h] [5d]
confususs: checks
ToDaFelt: bets $6
confususs: calls $6
*** RIVER *** [Ac 8c 4h 5d] [6c]
confususs: bets $6
ToDaFelt: raises $6 to $12
confususs: calls $6
*** SHOW DOWN ***
ToDaFelt: shows [9h 7h] (a straight, Five to Nine)
confususs: mucks hand
ToDaFelt collected $53.50 from pot
*** SUMMARY ***
Total pot $54 | Rake $0.50
Board [Ac 8c 4h 5d 6c]
Seat 2: confususs (big blind) mucked
Seat 3: ToDaFelt (button) (small blind) showed [9h 7h] and won ($53.50) with a straight, Five to Nine


PokerStars Hand #163431047350:  Hold'em Limit ($3/$6 USD) - 2016/12/24 0:46:33 ET
Table 'Debehogne' 6-max Seat #2 is the button
Seat 2: confususs ($187.94 in chips)
Seat 3: ToDaFelt ($187.46 in chips)
confususs: posts small blind $1
ToDaFelt: posts big blind $3
*** HOLE CARDS ***
confususs: raises $3 to $6
ToDaFelt: raises $3 to $9
confususs: calls $3
*** FLOP *** [Ah 4d Kd]
ToDaFelt: bets $3
confususs: calls $3
*** TURN *** [Ah 4d Kd] [9d]
ToDaFelt: bets $6
confususs: calls $6
*** RIVER *** [Ah 4d Kd 9d] [Kc]
ToDaFelt: bets $6
confususs: raises $6 to $12
ToDaFelt: folds
Uncalled bet ($6) returned to confususs
confususs collected $47.50 from pot
confususs: doesn't show hand
*** SUMMARY ***
Total pot $48 | Rake $0.50
Board [Ah 4d Kd 9d Kc]
Seat 2: confususs (button) (small blind) collected ($47.50)
Seat 3: ToDaFelt (big blind) folded on the River


PokerStars Hand #163431069110:  Hold'em Limit ($3/$6 USD) - 2016/12/24 0:47:46 ET
Table 'Debehogne' 6-max Seat #2 is the button
Seat 2: confususs ($184.44 in chips)
Seat 3: ToDaFelt ($189.96 in chips)
confususs: posts small blind $1
ToDaFelt: posts big blind $3
*** HOLE CARDS ***
confususs: folds
Uncalled bet ($2) returned to ToDaFelt
ToDaFelt collected $2 from pot
ToDaFelt: doesn't show hand
*** SUMMARY ***
Total pot $2 | Rake $0
Seat 2: confususs (button) (small blind) folded before Flop
Seat 3: ToDaFelt (big blind) collected ($2)


PokerStars Hand #163431080623:  Hold'em Limit ($3/$6 USD) - 2016/12/24 0:48:24 ET
Table 'Debehogne' 6-max Seat #2 is the button
Seat 2: confususs ($200.94 in chips)
Seat 3: ToDaFelt ($172.96 in chips)
confususs: posts small blind $1
ToDaFelt: posts big blind $3
*** HOLE CARDS ***
confususs: folds
Uncalled bet ($2) returned to ToDaFelt
ToDaFelt collected $2 from pot
ToDaFelt: doesn't show hand
*** SUMMARY ***
Total pot $2 | Rake $0
Seat 2: confususs (button) (small blind) folded before Flop
Seat 3: ToDaFelt (big blind) collected ($2)


PokerStars Hand #163431072436:  Hold'em Limit ($3/$6 USD) - 2016/12/24 0:47:57 ET
Table 'Debehogne' 6-max Seat #3 is the button
Seat 2: confususs ($183.44 in chips)
Seat 3: ToDaFelt ($190.96 in chips)
ToDaFelt: posts small blind $1
confususs: posts big blind $3
*** HOLE CARDS ***
ToDaFelt: raises $3 to $6
confususs: calls $3
*** FLOP *** [6s Jh Qh]
confususs: checks
ToDaFelt: bets $3
confususs: raises $3 to $6
ToDaFelt: calls $3
*** TURN *** [6s Jh Qh] [9h]
confususs: checks
ToDaFelt: bets $6
confususs: calls $6
*** RIVER *** [6s Jh Qh 9h] [6d]
confususs: checks
ToDaFelt: checks
*** SHOW DOWN ***
confususs: shows [Js Kh] (two pair, Jacks and Sixes)
ToDaFelt: mucks hand
confususs collected $35.50 from pot
*** SUMMARY ***
Total pot $36 | Rake $0.50
Board [6s Jh Qh 9h 6d]
Seat 2: confususs (big blind) showed [Js Kh] and won ($35.50) with two pair, Jacks and Sixes
Seat 3: ToDaFelt (button) (small blind) mucked


PokerStars Hand #163431082482:  Hold'em Limit ($3/$6 USD) - 2016/12/24 0:48:30 ET
Table 'Debehogne' 6-max Seat #3 is the button
Seat 2: confususs ($199.94 in chips)
Seat 3: ToDaFelt ($173.96 in chips)
ToDaFelt: posts small blind $1
confususs: posts big blind $3
*** HOLE CARDS ***
ToDaFelt: raises $3 to $6
confususs: calls $3
*** FLOP *** [Jh 4s 4c]
confususs: checks
ToDaFelt: bets $3
confususs: calls $3
*** TURN *** [Jh 4s 4c] [3h]
confususs: checks
ToDaFelt: bets $6
confususs: folds
Uncalled bet ($6) returned to ToDaFelt
ToDaFelt collected $17.64 from pot
ToDaFelt: doesn't show hand
*** SUMMARY ***
Total pot $18 | Rake $0.36
Board [Jh 4s 4c 3h]
Seat 2: confususs (big blind) folded on the Turn
Seat 3: ToDaFelt (button) (small blind) collected ($17.64)


PokerStars Hand #163431099915:  Hold'em Limit ($3/$6 USD) - 2016/12/24 0:49:29 ET
Table 'Debehogne' 6-max Seat #3 is the button
Seat 2: confususs ($196.70 in chips)
Seat 3: ToDaFelt ($176.60 in chips)
ToDaFelt: posts small blind $1
confususs: posts big blind $3
*** HOLE CARDS ***
ToDaFelt: raises $3 to $6
confususs: calls $3
*** FLOP *** [2d Kh 6c]
confususs: checks
ToDaFelt: bets $3
confususs: folds
Uncalled bet ($3) returned to ToDaFelt
ToDaFelt collected $11.76 from pot
ToDaFelt: doesn't show hand
*** SUMMARY ***
Total pot $12 | Rake $0.24
Board [2d Kh 6c]
Seat 2: confususs (big blind) folded on the Flop
Seat 3: ToDaFelt (button) (small blind) collected ($11.76)


PokerStars Hand #163431094487:  Hold'em Limit ($3/$6 USD) - 2016/12/24 0:49:10 ET
Table 'Debehogne' 6-max Seat #2 is the button
Seat 2: confususs ($190.94 in chips)
Seat 3: ToDaFelt ($182.60 in chips)
confususs: posts small blind $1
ToDaFelt: posts big blind $3
*** HOLE CARDS ***
confususs: raises $3 to $6
ToDaFelt: calls $3
*** FLOP *** [6h 2d Ks]
ToDaFelt: checks
confususs: bets $3
ToDaFelt: folds
Uncalled bet ($3) returned to confususs
confususs collected $11.76 from pot
confususs: doesn't show hand
*** SUMMARY ***
Total pot $12 | Rake $0.24
Board [6h 2d Ks]
Seat 2: confususs (button) (small blind) collected ($11.76)
Seat 3: ToDaFelt (big blind) folded on the Flop


PokerStars Hand #163431128137:  Hold'em Limit ($3/$6 USD) - 2016/12/24 0:51:04 ET
Table 'Debehogne' 6-max Seat #2 is the button
Seat 2: confususs ($186.46 in chips)
Seat 3: ToDaFelt ($186.12 in chips)
confususs: posts small blind $1
ToDaFelt: posts big blind $3
*** HOLE CARDS ***
confususs: folds
Uncalled bet ($2) returned to ToDaFelt
ToDaFelt collected $2 from pot
ToDaFelt: doesn't show hand
*** SUMMARY ***
Total pot $2 | Rake $0
Seat 2: confususs (button) (small blind) folded before Flop
Seat 3: ToDaFelt (big blind) collected ($2)


PokerStars Hand #163431123648:  Hold'em Limit ($3/$6 USD) - 2016/12/24 0:50:48 ET
Table 'Debehogne' 6-max Seat #3 is the button
Seat 2: confususs ($192.46 in chips)
Seat 3: ToDaFelt ($180.36 in chips)
ToDaFelt: posts small blind $1
confususs: posts big blind $3
*** HOLE CARDS ***
ToDaFelt: raises $3 to $6
confususs: calls $3
*** FLOP *** [Ks 4h 6s]
confususs: checks
ToDaFelt: bets $3
confususs: folds
Uncalled bet ($3) returned to ToDaFelt
ToDaFelt collected $11.76 from pot
ToDaFelt: doesn't show hand
*** SUMMARY ***
Total pot $12 | Rake $0.24
Board [Ks 4h 6s]
Seat 2: confususs (big blind) folded on the Flop
Seat 3: ToDaFelt (button) (small blind) collected ($11.76)


PokerStars Hand #163431121715:  Hold'em Limit ($3/$6 USD) - 2016/12/24 0:50:42 ET
Table 'Debehogne' 6-max Seat #2 is the button
Seat 2: confususs ($193.46 in chips)
Seat 3: ToDaFelt ($179.36 in chips)
confususs: posts small blind $1
ToDaFelt: posts big blind $3
*** HOLE CARDS ***
confususs: folds
Uncalled bet ($2) returned to ToDaFelt
ToDaFelt collected $2 from pot
ToDaFelt: doesn't show hand
*** SUMMARY ***
Total pot $2 | Rake $0
Seat 2: confususs (button) (small blind) folded before Flop
Seat 3: ToDaFelt (big blind) collected ($2)


PokerStars Hand #163431116506:  Hold'em Limit ($3/$6 USD) - 2016/12/24 0:50:24 ET
Table 'Debehogne' 6-max Seat #3 is the button
Seat 2: confususs ($196.46 in chips)
Seat 3: ToDaFelt ($176.36 in chips)
ToDaFelt: posts small blind $1
confususs: posts big blind $3
*** HOLE CARDS ***
ToDaFelt: raises $3 to $6
confususs: folds
Uncalled bet ($3) returned to ToDaFelt
ToDaFelt collected $6 from pot
ToDaFelt: doesn't show hand
*** SUMMARY ***
Total pot $6 | Rake $0
Seat 2: confususs (big blind) folded before Flop
Seat 3: ToDaFelt (button) (small blind) collected ($6)


PokerStars Hand #163431107010:  Hold'em Limit ($3/$6 USD) - 2016/12/24 0:49:52 ET
Table 'Debehogne' 6-max Seat #2 is the button
Seat 2: confususs ($190.70 in chips)
Seat 3: ToDaFelt ($182.36 in chips)
confususs: posts small blind $1
ToDaFelt: posts big blind $3
*** HOLE CARDS ***
confususs: raises $3 to $6
ToDaFelt: calls $3
*** FLOP *** [2h Kh 7d]
ToDaFelt: checks
confususs: bets $3
ToDaFelt: folds
Uncalled bet ($3) returned to confususs
confususs collected $11.76 from pot
confususs: doesn't show hand
*** SUMMARY ***
Total pot $12 | Rake $0.24
Board [2h Kh 7d]
Seat 2: confususs (button) (small blind) collected ($11.76)
Seat 3: ToDaFelt (big blind) folded on the Flop


PokerStars Hand #163431145525:  Hold'em Limit ($3/$6 USD) - 2016/12/24 0:52:02 ET
Table 'Debehogne' 6-max Seat #2 is the button
Seat 2: confususs ($202.96 in chips)
Seat 3: ToDaFelt ($169.12 in chips)
confususs: posts small blind $1
ToDaFelt: posts big blind $3
*** HOLE CARDS ***
confususs: folds
Uncalled bet ($2) returned to ToDaFelt
ToDaFelt collected $2 from pot
ToDaFelt: doesn't show hand
*** SUMMARY ***
Total pot $2 | Rake $0
Seat 2: confususs (button) (small blind) folded before Flop
Seat 3: ToDaFelt (big blind) collected ($2)


PokerStars Hand #163431129834:  Hold'em Limit ($3/$6 USD) - 2016/12/24 0:51:10 ET
Table 'Debehogne' 6-max Seat #3 is the button
Seat 2: confususs ($185.46 in chips)
Seat 3: ToDaFelt ($187.12 in chips)
ToDaFelt: posts small blind $1
confususs: posts big blind $3
*** HOLE CARDS ***
ToDaFelt: raises $3 to $6
confususs: calls $3
*** FLOP *** [8c Td Ks]
confususs: checks
ToDaFelt: bets $3
confususs: raises $3 to $6
ToDaFelt: calls $3
*** TURN *** [8c Td Ks] [8d]
confususs: bets $6
ToDaFelt: calls $6
*** RIVER *** [8c Td Ks 8d] [9h]
confususs: checks
ToDaFelt: checks
*** SHOW DOWN ***
confususs: shows [Kd Qc] (two pair, Kings and Eights)
ToDaFelt: mucks hand
confususs collected $35.50 from pot
*** SUMMARY ***
Total pot $36 | Rake $0.50
Board [8c Td Ks 8d 9h]
Seat 2: confususs (big blind) showed [Kd Qc] and won ($35.50) with two pair, Kings and Eights
Seat 3: ToDaFelt (button) (small blind) mucked


PokerStars Hand #163431161509:  Hold'em Limit ($3/$6 USD) - 2016/12/24 0:52:56 ET
Table 'Debehogne' 6-max Seat #2 is the button
Seat 2: confususs ($222.46 in chips)
Seat 3: ToDaFelt ($149.12 in chips)
confususs: posts small blind $1
ToDaFelt: posts big blind $3
*** HOLE CARDS ***
confususs: folds
Uncalled bet ($2) returned to ToDaFelt
ToDaFelt collected $2 from pot
ToDaFelt: doesn't show hand
*** SUMMARY ***
Total pot $2 | Rake $0
Seat 2: confususs (button) (small blind) folded before Flop
Seat 3: ToDaFelt (big blind) collected ($2)


PokerStars Hand #163431148048:  Hold'em Limit ($3/$6 USD) - 2016/12/24 0:52:11 ET
Table 'Debehogne' 6-max Seat #3 is the button
Seat 2: confususs ($201.96 in chips)
Seat 3: ToDaFelt ($170.12 in chips)
ToDaFelt: posts small blind $1
confususs: posts big blind $3
*** HOLE CARDS ***
ToDaFelt: raises $3 to $6
confususs: calls $3
*** FLOP *** [6s 7d Ac]
confususs: checks
ToDaFelt: bets $3
confususs: calls $3
*** TURN *** [6s 7d Ac] [Ts]
confususs: checks
ToDaFelt: bets $6
confususs: calls $6
*** RIVER *** [6s 7d Ac Ts] [3d]
confususs: checks
ToDaFelt: bets $6
confususs: calls $6
*** SHOW DOWN ***
ToDaFelt: shows [5c 9c] (high card Ace)
confususs: shows [9s 6c] (a pair of Sixes)
confususs collected $41.50 from pot
*** SUMMARY ***
Total pot $42 | Rake $0.50
Board [6s 7d Ac Ts 3d]
Seat 2: confususs (big blind) showed [9s 6c] and won ($41.50) with a pair of Sixes
Seat 3: ToDaFelt (button) (small blind) showed [5c 9c] and lost with high card Ace


PokerStars Hand #163431166959:  Hold'em Limit ($3/$6 USD) - 2016/12/24 0:53:14 ET
Table 'Debehogne' 6-max Seat #2 is the button
Seat 2: confususs ($222.46 in chips)
Seat 3: ToDaFelt ($149.12 in chips)
confususs: posts small blind $1
ToDaFelt: posts big blind $3
*** HOLE CARDS ***
confususs: raises $3 to $6
ToDaFelt: raises $3 to $9
confususs: calls $3
*** FLOP *** [5h 5c 9h]
ToDaFelt: bets $3
confususs: calls $3
*** TURN *** [5h 5c 9h] [Qc]
ToDaFelt: bets $6
confususs: raises $6 to $12
ToDaFelt: calls $6
*** RIVER *** [5h 5c 9h Qc] [Qh]
ToDaFelt: checks
confususs: bets $6
ToDaFelt: calls $6
*** SHOW DOWN ***
confususs: shows [Kc Qd] (a full house, Queens full of Fives)
ToDaFelt: mucks hand
confususs collected $59.50 from pot
*** SUMMARY ***
Total pot $60 | Rake $0.50
Board [5h 5c 9h Qc Qh]
Seat 2: confususs (button) (small blind) showed [Kc Qd] and won ($59.50) with a full house, Queens full of Fives
Seat 3: ToDaFelt (big blind) mucked


PokerStars Hand #163431181402:  Hold'em Limit ($3/$6 USD) - 2016/12/24 0:54:03 ET
Table 'Debehogne' 6-max Seat #2 is the button
Seat 2: confususs ($248.96 in chips)
Seat 3: ToDaFelt ($122.12 in chips)
confususs: posts small blind $1
ToDaFelt: posts big blind $3
*** HOLE CARDS ***
confususs: folds
Uncalled bet ($2) returned to ToDaFelt
ToDaFelt collected $2 from pot
ToDaFelt: doesn't show hand
*** SUMMARY ***
Total pot $2 | Rake $0
Seat 2: confususs (button) (small blind) folded before Flop
Seat 3: ToDaFelt (big blind) collected ($2)


PokerStars Hand #163431175790:  Hold'em Limit ($3/$6 USD) - 2016/12/24 0:53:44 ET
Table 'Debehogne' 6-max Seat #3 is the button
Seat 2: confususs ($251.96 in chips)
Seat 3: ToDaFelt ($119.12 in chips)
ToDaFelt: posts small blind $1
confususs: posts big blind $3
*** HOLE CARDS ***
ToDaFelt: raises $3 to $6
confususs: folds
Uncalled bet ($3) returned to ToDaFelt
ToDaFelt collected $6 from pot
ToDaFelt: doesn't show hand
*** SUMMARY ***
Total pot $6 | Rake $0
Seat 2: confususs (big blind) folded before Flop
Seat 3: ToDaFelt (button) (small blind) collected ($6)


PokerStars Hand #163431163415:  Hold'em Limit ($3/$6 USD) - 2016/12/24 0:53:02 ET
Table 'Debehogne' 6-max Seat #3 is the button
Seat 2: confususs ($221.46 in chips)
Seat 3: ToDaFelt ($150.12 in chips)
ToDaFelt: posts small blind $1
confususs: posts big blind $3
*** HOLE CARDS ***
ToDaFelt: folds
Uncalled bet ($2) returned to confususs
confususs collected $2 from pot
confususs: doesn't show hand
*** SUMMARY ***
Total pot $2 | Rake $0
Seat 2: confususs (big blind) collected ($2)
Seat 3: ToDaFelt (button) (small blind) folded before Flop


PokerStars Hand #163431183595:  Hold'em Limit ($3/$6 USD) - 2016/12/24 0:54:10 ET
Table 'Debehogne' 6-max Seat #3 is the button
Seat 2: confususs ($247.96 in chips)
Seat 3: ToDaFelt ($123.12 in chips)
ToDaFelt: posts small blind $1
confususs: posts big blind $3
*** HOLE CARDS ***
ToDaFelt: raises $3 to $6
confususs: calls $3
*** FLOP *** [Td Qh Ks]
confususs: checks
ToDaFelt: bets $3
confususs: raises $3 to $6
ToDaFelt: folds
Uncalled bet ($3) returned to confususs
confususs collected $17.64 from pot
confususs: doesn't show hand
*** SUMMARY ***
Total pot $18 | Rake $0.36
Board [Td Qh Ks]
Seat 2: confususs (big blind) collected ($17.64)
Seat 3: ToDaFelt (button) (small blind) folded on the Flop


PokerStars Hand #163431191062:  Hold'em Limit ($3/$6 USD) - 2016/12/24 0:54:35 ET
Table 'Debehogne' 6-max Seat #2 is the button
Seat 2: confususs ($256.60 in chips)
Seat 3: ToDaFelt ($114.12 in chips)
confususs: posts small blind $1
ToDaFelt: posts big blind $3
*** HOLE CARDS ***
confususs: raises $3 to $6
ToDaFelt: raises $3 to $9
confususs: calls $3
*** FLOP *** [Th 6d Ts]
ToDaFelt: bets $3
confususs: folds
Uncalled bet ($3) returned to ToDaFelt
ToDaFelt collected $17.64 from pot
ToDaFelt: doesn't show hand
*** SUMMARY ***
Total pot $18 | Rake $0.36
Board [Th 6d Ts]
Seat 2: confususs (button) (small blind) folded on the Flop
Seat 3: ToDaFelt (big blind) collected ($17.64)


PokerStars Hand #163431199963:  Hold'em Limit ($3/$6 USD) - 2016/12/24 0:55:05 ET
Table 'Debehogne' 6-max Seat #3 is the button
Seat 2: confususs ($247.60 in chips)
Seat 3: ToDaFelt ($122.76 in chips)
ToDaFelt: posts small blind $1
confususs: posts big blind $3
*** HOLE CARDS ***
ToDaFelt: raises $3 to $6
confususs: calls $3
*** FLOP *** [Qs Th Kd]
confususs: checks
ToDaFelt: bets $3
confususs: folds
Uncalled bet ($3) returned to ToDaFelt
ToDaFelt collected $11.76 from pot
ToDaFelt: doesn't show hand
*** SUMMARY ***
Total pot $12 | Rake $0.24
Board [Qs Th Kd]
Seat 2: confususs (big blind) folded on the Flop
Seat 3: ToDaFelt (button) (small blind) collected ($11.76)


PokerStars Hand #163431220678:  Hold'em Limit ($3/$6 USD) - 2016/12/24 0:56:21 ET
Table 'Debehogne' 6-max Seat #2 is the button
Seat 2: confususs ($272.10 in chips)
Seat 3: ToDaFelt ($97.52 in chips)
confususs: posts small blind $1
ToDaFelt: posts big blind $3
*** HOLE CARDS ***
confususs: raises $3 to $6
ToDaFelt: folds
Uncalled bet ($3) returned to confususs
confususs collected $6 from pot
confususs: doesn't show hand
*** SUMMARY ***
Total pot $6 | Rake $0
Seat 2: confususs (button) (small blind) collected ($6)
Seat 3: ToDaFelt (big blind) folded before Flop


PokerStars Hand #163431219161:  Hold'em Limit ($3/$6 USD) - 2016/12/24 0:56:15 ET
Table 'Debehogne' 6-max Seat #3 is the button
Seat 2: confususs ($271.10 in chips)
Seat 3: ToDaFelt ($98.52 in chips)
ToDaFelt: posts small blind $1
confususs: posts big blind $3
*** HOLE CARDS ***
ToDaFelt: folds
Uncalled bet ($2) returned to confususs
confususs collected $2 from pot
confususs: doesn't show hand
*** SUMMARY ***
Total pot $2 | Rake $0
Seat 2: confususs (big blind) collected ($2)
Seat 3: ToDaFelt (button) (small blind) folded before Flop


PokerStars Hand #163431204691:  Hold'em Limit ($3/$6 USD) - 2016/12/24 0:55:22 ET
Table 'Debehogne' 6-max Seat #2 is the button
Seat 2: confususs ($241.60 in chips)
Seat 3: ToDaFelt ($128.52 in chips)
confususs: posts small blind $1
ToDaFelt: posts big blind $3
*** HOLE CARDS ***
confususs: raises $3 to $6
ToDaFelt: calls $3
*** FLOP *** [9d 4h Th]
ToDaFelt: checks
confususs: bets $3
ToDaFelt: raises $3 to $6
confususs: raises $3 to $9
ToDaFelt: raises $3 to $12
Betting is capped
confususs: calls $3
*** TURN *** [9d 4h Th] [Qd]
ToDaFelt: bets $6
confususs: raises $6 to $12
ToDaFelt: calls $6
*** RIVER *** [9d 4h Th Qd] [Jd]
ToDaFelt: checks
confususs: checks
*** SHOW DOWN ***
ToDaFelt: shows [9h 2h] (a pair of Nines)
confususs: shows [9c Tc] (two pair, Tens and Nines)
confususs collected $59.50 from pot
*** SUMMARY ***
Total pot $60 | Rake $0.50
Board [9d 4h Th Qd Jd]
Seat 2: confususs (button) (small blind) showed [9c Tc] and won ($59.50) with two pair, Tens and Nines
Seat 3: ToDaFelt (big blind) showed [9h 2h] and lost with a pair of Nines


PokerStars Hand #163431230391:  Hold'em Limit ($3/$6 USD) - 2016/12/24 0:56:57 ET
Table 'Debehogne' 6-max Seat #2 is the button
Seat 2: confususs ($269.10 in chips)
Seat 3: ToDaFelt ($100.28 in chips)
confususs: posts small blind $1
ToDaFelt: posts big blind $3
*** HOLE CARDS ***
confususs: folds
Uncalled bet ($2) returned to ToDaFelt
ToDaFelt collected $2 from pot
ToDaFelt: doesn't show hand
*** SUMMARY ***
Total pot $2 | Rake $0
Seat 2: confususs (button) (small blind) folded before Flop
Seat 3: ToDaFelt (big blind) collected ($2)


PokerStars Hand #163431225545:  Hold'em Limit ($3/$6 USD) - 2016/12/24 0:56:39 ET
Table 'Debehogne' 6-max Seat #3 is the button
Seat 2: confususs ($275.10 in chips)
Seat 3: ToDaFelt ($94.52 in chips)
ToDaFelt: posts small blind $1
confususs: posts big blind $3
*** HOLE CARDS ***
ToDaFelt: raises $3 to $6
confususs: calls $3
*** FLOP *** [3s Th 2s]
confususs: checks
ToDaFelt: bets $3
confususs: folds
Uncalled bet ($3) returned to ToDaFelt
ToDaFelt collected $11.76 from pot
ToDaFelt: doesn't show hand
*** SUMMARY ***
Total pot $12 | Rake $0.24
Board [3s Th 2s]
Seat 2: confususs (big blind) folded on the Flop
Seat 3: ToDaFelt (button) (small blind) collected ($11.76)


PokerStars Hand #163431241722:  Hold'em Limit ($3/$6 USD) - 2016/12/24 0:57:38 ET
Table 'Debehogne' 6-max Seat #2 is the button
Seat 2: confususs ($291.60 in chips)
Seat 3: ToDaFelt ($77.28 in chips)
confususs: posts small blind $1
ToDaFelt: posts big blind $3
*** HOLE CARDS ***
confususs: raises $3 to $6
ToDaFelt: calls $3
*** FLOP *** [9h 6d 8d]
ToDaFelt: checks
confususs: bets $3
ToDaFelt: folds
Uncalled bet ($3) returned to confususs
confususs collected $11.76 from pot
confususs: doesn't show hand
*** SUMMARY ***
Total pot $12 | Rake $0.24
Board [9h 6d 8d]
Seat 2: confususs (button) (small blind) collected ($11.76)
Seat 3: ToDaFelt (big blind) folded on the Flop


PokerStars Hand #163431231964:  Hold'em Limit ($3/$6 USD) - 2016/12/24 0:57:02 ET
Table 'Debehogne' 6-max Seat #3 is the button
Seat 2: confususs ($268.10 in chips)
Seat 3: ToDaFelt ($101.28 in chips)
ToDaFelt: posts small blind $1
confususs: posts big blind $3
*** HOLE CARDS ***
ToDaFelt: raises $3 to $6
confususs: raises $3 to $9
ToDaFelt: calls $3
*** FLOP *** [5d Qs Ks]
confususs: bets $3
ToDaFelt: calls $3
*** TURN *** [5d Qs Ks] [2d]
confususs: bets $6
ToDaFelt: calls $6
*** RIVER *** [5d Qs Ks 2d] [8h]
confususs: bets $6
ToDaFelt: calls $6
*** SHOW DOWN ***
confususs: shows [Jc Kd] (a pair of Kings)
ToDaFelt: mucks hand
confususs collected $47.50 from pot
*** SUMMARY ***
Total pot $48 | Rake $0.50
Board [5d Qs Ks 2d 8h]
Seat 2: confususs (big blind) showed [Jc Kd] and won ($47.50) with a pair of Kings
Seat 3: ToDaFelt (button) (small blind) mucked


PokerStars Hand #163431245292:  Hold'em Limit ($3/$6 USD) - 2016/12/24 0:57:51 ET
Table 'Debehogne' 6-max Seat #3 is the button
Seat 2: confususs ($297.36 in chips)
Seat 3: ToDaFelt ($120 in chips)
ToDaFelt: posts small blind $1
confususs: posts big blind $3
*** HOLE CARDS ***
ToDaFelt: raises $3 to $6
confususs: folds
Uncalled bet ($3) returned to ToDaFelt
ToDaFelt collected $6 from pot
ToDaFelt: doesn't show hand
*** SUMMARY ***
Total pot $6 | Rake $0
Seat 2: confususs (big blind) folded before Flop
Seat 3: ToDaFelt (button) (small blind) collected ($6)


PokerStars Hand #163431247515:  Hold'em Limit ($3/$6 USD) - 2016/12/24 0:57:59 ET
Table 'Debehogne' 6-max Seat #2 is the button
Seat 2: confususs ($294.36 in chips)
Seat 3: ToDaFelt ($123 in chips)
confususs: posts small blind $1
ToDaFelt: posts big blind $3
*** HOLE CARDS ***
confususs: folds
Uncalled bet ($2) returned to ToDaFelt
ToDaFelt collected $2 from pot
ToDaFelt: doesn't show hand
*** SUMMARY ***
Total pot $2 | Rake $0
Seat 2: confususs (button) (small blind) folded before Flop
Seat 3: ToDaFelt (big blind) collected ($2)


PokerStars Hand #163431255295:  Hold'em Limit ($3/$6 USD) - 2016/12/24 0:58:27 ET
Table 'Debehogne' 6-max Seat #2 is the button
Seat 2: confususs ($287.36 in chips)
Seat 3: ToDaFelt ($129.76 in chips)
confususs: posts small blind $1
ToDaFelt: posts big blind $3
*** HOLE CARDS ***
confususs: raises $3 to $6
ToDaFelt: calls $3
*** FLOP *** [4d Ad 4s]
ToDaFelt: checks
confususs: bets $3
ToDaFelt: folds
Uncalled bet ($3) returned to confususs
confususs collected $11.76 from pot
confususs: doesn't show hand
*** SUMMARY ***
Total pot $12 | Rake $0.24
Board [4d Ad 4s]
Seat 2: confususs (button) (small blind) collected ($11.76)
Seat 3: ToDaFelt (big blind) folded on the Flop


PokerStars Hand #163431249690:  Hold'em Limit ($3/$6 USD) - 2016/12/24 0:58:07 ET
Table 'Debehogne' 6-max Seat #3 is the button
Seat 2: confususs ($293.36 in chips)
Seat 3: ToDaFelt ($124 in chips)
ToDaFelt: posts small blind $1
confususs: posts big blind $3
*** HOLE CARDS ***
ToDaFelt: raises $3 to $6
confususs: calls $3
*** FLOP *** [Ts Tc Qc]
confususs: checks
ToDaFelt: bets $3
confususs: folds
Uncalled bet ($3) returned to ToDaFelt
ToDaFelt collected $11.76 from pot
ToDaFelt: doesn't show hand
*** SUMMARY ***
Total pot $12 | Rake $0.24
Board [Ts Tc Qc]
Seat 2: confususs (big blind) folded on the Flop
Seat 3: ToDaFelt (button) (small blind) collected ($11.76)


PokerStars Hand #163431275629:  Hold'em Limit ($3/$6 USD) - 2016/12/24 0:59:41 ET
Table 'Debehogne' 6-max Seat #2 is the button
Seat 2: confususs ($304.64 in chips)
Seat 3: ToDaFelt ($111.76 in chips)
confususs: posts small blind $1
ToDaFelt: posts big blind $3
*** HOLE CARDS ***
confususs: raises $3 to $6
ToDaFelt: calls $3
*** FLOP *** [As 4s 4c]
ToDaFelt: checks
confususs: checks
*** TURN *** [As 4s 4c] [2c]
ToDaFelt: bets $6
confususs: folds
Uncalled bet ($6) returned to ToDaFelt
ToDaFelt collected $11.76 from pot
ToDaFelt: doesn't show hand
*** SUMMARY ***
Total pot $12 | Rake $0.24
Board [As 4s 4c 2c]
Seat 2: confususs (button) (small blind) folded on the Turn
Seat 3: ToDaFelt (big blind) collected ($11.76)


PokerStars Hand #163431261383:  Hold'em Limit ($3/$6 USD) - 2016/12/24 0:58:49 ET
Table 'Debehogne' 6-max Seat #3 is the button
Seat 2: confususs ($293.12 in chips)
Seat 3: ToDaFelt ($123.76 in chips)
ToDaFelt: posts small blind $1
confususs: posts big blind $3
*** HOLE CARDS ***
ToDaFelt: raises $3 to $6
confususs: raises $3 to $9
ToDaFelt: calls $3
*** FLOP *** [6s 7c 7h]
confususs: bets $3
ToDaFelt: calls $3
*** TURN *** [6s 7c 7h] [9s]
confususs: bets $6
ToDaFelt: folds
Uncalled bet ($6) returned to confususs
confususs collected $23.52 from pot
confususs: doesn't show hand
*** SUMMARY ***
Total pot $24 | Rake $0.48
Board [6s 7c 7h 9s]
Seat 2: confususs (big blind) collected ($23.52)
Seat 3: ToDaFelt (button) (small blind) folded on the Turn


PokerStars Hand #163431282954:  Hold'em Limit ($3/$6 USD) - 2016/12/24 1:00:07 ET
Table 'Debehogne' 6-max Seat #3 is the button
Seat 2: confususs ($298.64 in chips)
Seat 3: ToDaFelt ($117.52 in chips)
ToDaFelt: posts small blind $1
confususs: posts big blind $3
*** HOLE CARDS ***
ToDaFelt: raises $3 to $6
confususs: calls $3
*** FLOP *** [4s Qd 6h]
confususs: checks
ToDaFelt: bets $3
confususs: calls $3
*** TURN *** [4s Qd 6h] [Jc]
confususs: checks
ToDaFelt: bets $6
confususs: calls $6
*** RIVER *** [4s Qd 6h Jc] [Th]
confususs: checks
ToDaFelt: bets $6
confususs: calls $6
*** SHOW DOWN ***
ToDaFelt: shows [Tc 8c] (a pair of Tens)
confususs: mucks hand
ToDaFelt collected $41.50 from pot
*** SUMMARY ***
Total pot $42 | Rake $0.50
Board [4s Qd 6h Jc Th]
Seat 2: confususs (big blind) mucked
Seat 3: ToDaFelt (button) (small blind) showed [Tc 8c] and won ($41.50) with a pair of Tens


PokerStars Hand #163431315927:  Hold'em Limit ($3/$6 USD) - 2016/12/24 1:02:02 ET
Table 'Debehogne' 6-max Seat #2 is the button
Seat 2: confususs ($259.64 in chips)
Seat 3: ToDaFelt ($155.30 in chips)
confususs: posts small blind $1
ToDaFelt: posts big blind $3
*** HOLE CARDS ***
confususs: folds
Uncalled bet ($2) returned to ToDaFelt
ToDaFelt collected $2 from pot
ToDaFelt: doesn't show hand
*** SUMMARY ***
Total pot $2 | Rake $0
Seat 2: confususs (button) (small blind) folded before Flop
Seat 3: ToDaFelt (big blind) collected ($2)


PokerStars Hand #163431293448:  Hold'em Limit ($3/$6 USD) - 2016/12/24 1:00:44 ET
Table 'Debehogne' 6-max Seat #2 is the button
Seat 2: confususs ($277.64 in chips)
Seat 3: ToDaFelt ($138.02 in chips)
confususs: posts small blind $1
ToDaFelt: posts big blind $3
*** HOLE CARDS ***
confususs: raises $3 to $6
ToDaFelt: calls $3
*** FLOP *** [4s Tc Ad]
ToDaFelt: bets $3
confususs: folds
Uncalled bet ($3) returned to ToDaFelt
ToDaFelt collected $11.76 from pot
ToDaFelt: doesn't show hand
*** SUMMARY ***
Total pot $12 | Rake $0.24
Board [4s Tc Ad]
Seat 2: confususs (button) (small blind) folded on the Flop
Seat 3: ToDaFelt (big blind) collected ($11.76)


PokerStars Hand #163431305979:  Hold'em Limit ($3/$6 USD) - 2016/12/24 1:01:28 ET
Table 'Debehogne' 6-max Seat #3 is the button
Seat 2: confususs ($271.64 in chips)
Seat 3: ToDaFelt ($143.78 in chips)
ToDaFelt: posts small blind $1
confususs: posts big blind $3
*** HOLE CARDS ***
ToDaFelt: raises $3 to $6
confususs: calls $3
*** FLOP *** [Jh Qs 9s]
confususs: checks
ToDaFelt: checks
*** TURN *** [Jh Qs 9s] [3s]
confususs: checks
ToDaFelt: bets $6
confususs: calls $6
*** RIVER *** [Jh Qs 9s 3s] [Ts]
confususs: checks
ToDaFelt: checks
*** SHOW DOWN ***
confususs: shows [6d 6h] (a pair of Sixes)
ToDaFelt: shows [8d 8h] (a straight, Eight to Queen)
ToDaFelt collected $23.52 from pot
*** SUMMARY ***
Total pot $24 | Rake $0.48
Board [Jh Qs 9s 3s Ts]
Seat 2: confususs (big blind) showed [6d 6h] and lost with a pair of Sixes
Seat 3: ToDaFelt (button) (small blind) showed [8d 8h] and won ($23.52) with a straight, Eight to Queen


PokerStars Hand #163431317898:  Hold'em Limit ($3/$6 USD) - 2016/12/24 1:02:08 ET
Table 'Debehogne' 6-max Seat #3 is the button
Seat 2: confususs ($258.64 in chips)
Seat 3: ToDaFelt ($156.30 in chips)
ToDaFelt: posts small blind $1
confususs: posts big blind $3
*** HOLE CARDS ***
ToDaFelt: raises $3 to $6
confususs: calls $3
*** FLOP *** [5d Kh 5h]
confususs: checks
ToDaFelt: checks
*** TURN *** [5d Kh 5h] [Td]
confususs: bets $6
ToDaFelt: folds
Uncalled bet ($6) returned to confususs
confususs collected $11.76 from pot
confususs: doesn't show hand
*** SUMMARY ***
Total pot $12 | Rake $0.24
Board [5d Kh 5h Td]
Seat 2: confususs (big blind) collected ($11.76)
Seat 3: ToDaFelt (button) (small blind) folded on the Turn


PokerStars Hand #163431328988:  Hold'em Limit ($3/$6 USD) - 2016/12/24 1:02:45 ET
Table 'Debehogne' 6-max Seat #3 is the button
Seat 2: confususs ($263.40 in chips)
Seat 3: ToDaFelt ($151.30 in chips)
ToDaFelt: posts small blind $1
confususs: posts big blind $3
*** HOLE CARDS ***
ToDaFelt: raises $3 to $6
confususs: folds
Uncalled bet ($3) returned to ToDaFelt
ToDaFelt collected $6 from pot
ToDaFelt: doesn't show hand
*** SUMMARY ***
Total pot $6 | Rake $0
Seat 2: confususs (big blind) folded before Flop
Seat 3: ToDaFelt (button) (small blind) collected ($6)


PokerStars Hand #163431327206:  Hold'em Limit ($3/$6 USD) - 2016/12/24 1:02:40 ET
Table 'Debehogne' 6-max Seat #2 is the button
Seat 2: confususs ($264.40 in chips)
Seat 3: ToDaFelt ($150.30 in chips)
confususs: posts small blind $1
ToDaFelt: posts big blind $3
*** HOLE CARDS ***
confususs: folds
Uncalled bet ($2) returned to ToDaFelt
ToDaFelt collected $2 from pot
ToDaFelt: doesn't show hand
*** SUMMARY ***
Total pot $2 | Rake $0
Seat 2: confususs (button) (small blind) folded before Flop
Seat 3: ToDaFelt (big blind) collected ($2)


PokerStars Hand #163431340317:  Hold'em Limit ($3/$6 USD) - 2016/12/24 1:03:23 ET
Table 'Debehogne' 6-max Seat #3 is the button
Seat 2: confususs ($254.40 in chips)
Seat 3: ToDaFelt ($160.06 in chips)
ToDaFelt: posts small blind $1
confususs: posts big blind $3
*** HOLE CARDS ***
ToDaFelt: raises $3 to $6
confususs: folds
Uncalled bet ($3) returned to ToDaFelt
ToDaFelt collected $6 from pot
ToDaFelt: doesn't show hand
*** SUMMARY ***
Total pot $6 | Rake $0
Seat 2: confususs (big blind) folded before Flop
Seat 3: ToDaFelt (button) (small blind) collected ($6)


PokerStars Hand #163431330868:  Hold'em Limit ($3/$6 USD) - 2016/12/24 1:02:52 ET
Table 'Debehogne' 6-max Seat #2 is the button
Seat 2: confususs ($260.40 in chips)
Seat 3: ToDaFelt ($154.30 in chips)
confususs: posts small blind $1
ToDaFelt: posts big blind $3
*** HOLE CARDS ***
confususs: raises $3 to $6
ToDaFelt: calls $3
*** FLOP *** [7d 4d Jh]
ToDaFelt: bets $3
confususs: folds
Uncalled bet ($3) returned to ToDaFelt
ToDaFelt collected $11.76 from pot
ToDaFelt: doesn't show hand
*** SUMMARY ***
Total pot $12 | Rake $0.24
Board [7d 4d Jh]
Seat 2: confususs (button) (small blind) folded on the Flop
Seat 3: ToDaFelt (big blind) collected ($11.76)


PokerStars Hand #163431342663:  Hold'em Limit ($3/$6 USD) - 2016/12/24 1:03:31 ET
Table 'Debehogne' 6-max Seat #2 is the button
Seat 2: confususs ($251.40 in chips)
Seat 3: ToDaFelt ($163.06 in chips)
confususs: posts small blind $1
ToDaFelt: posts big blind $3
*** HOLE CARDS ***
confususs: raises $3 to $6
ToDaFelt: raises $3 to $9
confususs: raises $3 to $12
Betting is capped
ToDaFelt: calls $3
*** FLOP *** [9s Ac 3d]
ToDaFelt: checks
confususs: bets $3
ToDaFelt: calls $3
*** TURN *** [9s Ac 3d] [2s]
ToDaFelt: checks
confususs: bets $6
ToDaFelt: folds
Uncalled bet ($6) returned to confususs
confususs collected $29.50 from pot
confususs: doesn't show hand
*** SUMMARY ***
Total pot $30 | Rake $0.50
Board [9s Ac 3d 2s]
Seat 2: confususs (button) (small blind) collected ($29.50)
Seat 3: ToDaFelt (big blind) folded on the Turn


PokerStars Hand #163431356825:  Hold'em Limit ($3/$6 USD) - 2016/12/24 1:04:19 ET
Table 'Debehogne' 6-max Seat #2 is the button
Seat 2: confususs ($259.90 in chips)
Seat 3: ToDaFelt ($153.82 in chips)
confususs: posts small blind $1
ToDaFelt: posts big blind $3
*** HOLE CARDS ***
confususs: folds
Uncalled bet ($2) returned to ToDaFelt
ToDaFelt collected $2 from pot
ToDaFelt: doesn't show hand
*** SUMMARY ***
Total pot $2 | Rake $0
Seat 2: confususs (button) (small blind) folded before Flop
Seat 3: ToDaFelt (big blind) collected ($2)


PokerStars Hand #163431349335:  Hold'em Limit ($3/$6 USD) - 2016/12/24 1:03:54 ET
Table 'Debehogne' 6-max Seat #3 is the button
Seat 2: confususs ($265.90 in chips)
Seat 3: ToDaFelt ($148.06 in chips)
ToDaFelt: posts small blind $1
confususs: posts big blind $3
*** HOLE CARDS ***
ToDaFelt: raises $3 to $6
confususs: calls $3
*** FLOP *** [9h 5c 6d]
confususs: checks
ToDaFelt: bets $3
confususs: folds
Uncalled bet ($3) returned to ToDaFelt
ToDaFelt collected $11.76 from pot
ToDaFelt: doesn't show hand
*** SUMMARY ***
Total pot $12 | Rake $0.24
Board [9h 5c 6d]
Seat 2: confususs (big blind) folded on the Flop
Seat 3: ToDaFelt (button) (small blind) collected ($11.76)


PokerStars Hand #163431362737:  Hold'em Limit ($3/$6 USD) - 2016/12/24 1:04:39 ET
Table 'Debehogne' 6-max Seat #2 is the button
Seat 2: confususs ($264.66 in chips)
Seat 3: ToDaFelt ($148.82 in chips)
confususs: posts small blind $1
ToDaFelt: posts big blind $3
*** HOLE CARDS ***
confususs: folds
Uncalled bet ($2) returned to ToDaFelt
ToDaFelt collected $2 from pot
ToDaFelt: doesn't show hand
*** SUMMARY ***
Total pot $2 | Rake $0
Seat 2: confususs (button) (small blind) folded before Flop
Seat 3: ToDaFelt (big blind) collected ($2)


PokerStars Hand #163431358422:  Hold'em Limit ($3/$6 USD) - 2016/12/24 1:04:25 ET
Table 'Debehogne' 6-max Seat #3 is the button
Seat 2: confususs ($258.90 in chips)
Seat 3: ToDaFelt ($154.82 in chips)
ToDaFelt: posts small blind $1
confususs: posts big blind $3
*** HOLE CARDS ***
ToDaFelt: raises $3 to $6
confususs: calls $3
*** FLOP *** [7h 5s 7d]
confususs: bets $3
ToDaFelt: folds
Uncalled bet ($3) returned to confususs
confususs collected $11.76 from pot
confususs: doesn't show hand
*** SUMMARY ***
Total pot $12 | Rake $0.24
Board [7h 5s 7d]
Seat 2: confususs (big blind) collected ($11.76)
Seat 3: ToDaFelt (button) (small blind) folded on the Flop


PokerStars Hand #163431384326:  Hold'em Limit ($3/$6 USD) - 2016/12/24 1:05:35 ET
Table 'Debehogne' 6-max Seat #2 is the button
Seat 2: confususs ($245.66 in chips)
Seat 3: ToDaFelt ($167.32 in chips)
confususs: posts small blind $1
ToDaFelt: posts big blind $3
*** HOLE CARDS ***
confususs: raises $3 to $6
ToDaFelt: calls $3
*** FLOP *** [4s 4c 5d]
ToDaFelt: bets $3
confususs: calls $3
*** TURN *** [4s 4c 5d] [5s]
ToDaFelt: bets $6
confususs: folds
Uncalled bet ($6) returned to ToDaFelt
ToDaFelt collected $17.64 from pot
ToDaFelt: doesn't show hand
*** SUMMARY ***
Total pot $18 | Rake $0.36
Board [4s 4c 5d 5s]
Seat 2: confususs (button) (small blind) folded on the Turn
Seat 3: ToDaFelt (big blind) collected ($17.64)


PokerStars Hand #163431364304:  Hold'em Limit ($3/$6 USD) - 2016/12/24 1:04:44 ET
Table 'Debehogne' 6-max Seat #3 is the button
Seat 2: confususs ($263.66 in chips)
Seat 3: ToDaFelt ($149.82 in chips)
ToDaFelt: posts small blind $1
confususs: posts big blind $3
*** HOLE CARDS ***
ToDaFelt: raises $3 to $6
confususs: calls $3
*** FLOP *** [6h Js 4d]
confususs: bets $3
ToDaFelt: raises $3 to $6
confususs: calls $3
*** TURN *** [6h Js 4d] [6c]
confususs: checks
ToDaFelt: checks
*** RIVER *** [6h Js 4d 6c] [5d]
confususs: checks
ToDaFelt: bets $6
confususs: calls $6
*** SHOW DOWN ***
ToDaFelt: shows [4h Jh] (two pair, Jacks and Sixes)
confususs: mucks hand
ToDaFelt collected $35.50 from pot
*** SUMMARY ***
Total pot $36 | Rake $0.50
Board [6h Js 4d 6c 5d]
Seat 2: confususs (big blind) mucked
Seat 3: ToDaFelt (button) (small blind) showed [4h Jh] and won ($35.50) with two pair, Jacks and Sixes


PokerStars Hand #163431378331:  Hold'em Limit ($3/$6 USD) - 2016/12/24 1:05:14 ET
Table 'Debehogne' 6-max Seat #2 is the button
Seat 2: confususs ($245.66 in chips)
Seat 3: ToDaFelt ($167.32 in chips)
confususs: posts small blind $1
ToDaFelt: posts big blind $3
*** HOLE CARDS ***
confususs: folds
Uncalled bet ($2) returned to ToDaFelt
ToDaFelt collected $2 from pot
ToDaFelt: doesn't show hand
*** SUMMARY ***
Total pot $2 | Rake $0
Seat 2: confususs (button) (small blind) folded before Flop
Seat 3: ToDaFelt (big blind) collected ($2)


PokerStars Hand #163431379788:  Hold'em Limit ($3/$6 USD) - 2016/12/24 1:05:19 ET
Table 'Debehogne' 6-max Seat #3 is the button
Seat 2: confususs ($244.66 in chips)
Seat 3: ToDaFelt ($168.32 in chips)
ToDaFelt: posts small blind $1
confususs: posts big blind $3
*** HOLE CARDS ***
ToDaFelt: folds
Uncalled bet ($2) returned to confususs
confususs collected $2 from pot
confususs: doesn't show hand
*** SUMMARY ***
Total pot $2 | Rake $0
Seat 2: confususs (big blind) collected ($2)
Seat 3: ToDaFelt (button) (small blind) folded before Flop


PokerStars Hand #163431400315:  Hold'em Limit ($3/$6 USD) - 2016/12/24 1:06:27 ET
Table 'Debehogne' 6-max Seat #2 is the button
Seat 2: confususs ($230.66 in chips)
Seat 3: ToDaFelt ($181.72 in chips)
confususs: posts small blind $1
ToDaFelt: posts big blind $3
*** HOLE CARDS ***
confususs: raises $3 to $6
ToDaFelt: folds
Uncalled bet ($3) returned to confususs
confususs collected $6 from pot
confususs: doesn't show hand
*** SUMMARY ***
Total pot $6 | Rake $0
Seat 2: confususs (button) (small blind) collected ($6)
Seat 3: ToDaFelt (big blind) folded before Flop


PokerStars Hand #163431394067:  Hold'em Limit ($3/$6 USD) - 2016/12/24 1:06:07 ET
Table 'Debehogne' 6-max Seat #3 is the button
Seat 2: confususs ($236.66 in chips)
Seat 3: ToDaFelt ($175.96 in chips)
ToDaFelt: posts small blind $1
confususs: posts big blind $3
*** HOLE CARDS ***
ToDaFelt: raises $3 to $6
confususs: calls $3
*** FLOP *** [6s 9s 4h]
confususs: checks
ToDaFelt: bets $3
confususs: folds
Uncalled bet ($3) returned to ToDaFelt
ToDaFelt collected $11.76 from pot
ToDaFelt: doesn't show hand
*** SUMMARY ***
Total pot $12 | Rake $0.24
Board [6s 9s 4h]
Seat 2: confususs (big blind) folded on the Flop
Seat 3: ToDaFelt (button) (small blind) collected ($11.76)


PokerStars Hand #163431402655:  Hold'em Limit ($3/$6 USD) - 2016/12/24 1:06:35 ET
Table 'Debehogne' 6-max Seat #3 is the button
Seat 2: confususs ($233.66 in chips)
Seat 3: ToDaFelt ($178.72 in chips)
ToDaFelt: posts small blind $1
confususs: posts big blind $3
*** HOLE CARDS ***
ToDaFelt: raises $3 to $6
confususs: raises $3 to $9
ToDaFelt: calls $3
*** FLOP *** [Qc 3d Kd]
confususs: bets $3
confususs said, ":)"
ToDaFelt: folds
Uncalled bet ($3) returned to confususs
confususs collected $17.64 from pot
confususs: doesn't show hand
*** SUMMARY ***
Total pot $18 | Rake $0.36
Board [Qc 3d Kd]
Seat 2: confususs (big blind) collected ($17.64)
Seat 3: ToDaFelt (button) (small blind) folded on the Flop


PokerStars Hand #163431422308:  Hold'em Limit ($3/$6 USD) - 2016/12/24 1:07:40 ET
Table 'Debehogne' 6-max Seat #2 is the button
Seat 2: confususs ($242.30 in chips)
Seat 3: ToDaFelt ($169.72 in chips)
confususs: posts small blind $1
ToDaFelt: posts big blind $3
*** HOLE CARDS ***
confususs: raises $3 to $6
ToDaFelt: calls $3
*** FLOP *** [Qs 6c Ts]
ToDaFelt: checks
confususs: bets $3
ToDaFelt: folds
Uncalled bet ($3) returned to confususs
confususs collected $11.76 from pot
confususs: doesn't show hand
*** SUMMARY ***
Total pot $12 | Rake $0.24
Board [Qs 6c Ts]
Seat 2: confususs (button) (small blind) collected ($11.76)
Seat 3: ToDaFelt (big blind) folded on the Flop


PokerStars Hand #163431431463:  Hold'em Limit ($3/$6 USD) - 2016/12/24 1:08:10 ET
Table 'Debehogne' 6-max Seat #3 is the button
Seat 2: confususs ($248.06 in chips)
Seat 3: ToDaFelt ($163.72 in chips)
ToDaFelt: posts small blind $1
confususs: posts big blind $3
*** HOLE CARDS ***
ToDaFelt: raises $3 to $6
confususs: calls $3
*** FLOP *** [Th Jh 4h]
confususs: checks
ToDaFelt: bets $3
confususs: calls $3
*** TURN *** [Th Jh 4h] [7s]
confususs: checks
ToDaFelt: bets $6
confususs: folds
Uncalled bet ($6) returned to ToDaFelt
ToDaFelt collected $17.64 from pot
ToDaFelt: doesn't show hand
*** SUMMARY ***
Total pot $18 | Rake $0.36
Board [Th Jh 4h 7s]
Seat 2: confususs (big blind) folded on the Turn
Seat 3: ToDaFelt (button) (small blind) collected ($17.64)


PokerStars Hand #163431441415:  Hold'em Limit ($3/$6 USD) - 2016/12/24 1:08:43 ET
Table 'Debehogne' 6-max Seat #2 is the button
Seat 2: confususs ($239.06 in chips)
Seat 3: ToDaFelt ($172.36 in chips)
confususs: posts small blind $1
ToDaFelt: posts big blind $3
*** HOLE CARDS ***
confususs: raises $3 to $6
ToDaFelt: calls $3
*** FLOP *** [9c 5s Tc]
ToDaFelt: bets $3
confususs: calls $3
*** TURN *** [9c 5s Tc] [3h]
ToDaFelt: bets $6
confususs: raises $6 to $12
ToDaFelt: calls $6
*** RIVER *** [9c 5s Tc 3h] [Jc]
ToDaFelt: checks
confususs: bets $6
ToDaFelt: calls $6
*** SHOW DOWN ***
confususs: shows [4s 6s] (high card Jack)
ToDaFelt: shows [Th 2h] (a pair of Tens)
ToDaFelt collected $53.50 from pot
*** SUMMARY ***
Total pot $54 | Rake $0.50
Board [9c 5s Tc 3h Jc]
Seat 2: confususs (button) (small blind) showed [4s 6s] and lost with high card Jack
Seat 3: ToDaFelt (big blind) showed [Th 2h] and won ($53.50) with a pair of Tens


PokerStars Hand #163431451977:  Hold'em Limit ($3/$6 USD) - 2016/12/24 1:09:18 ET
Table 'Debehogne' 6-max Seat #3 is the button
Seat 2: confususs ($212.06 in chips)
Seat 3: ToDaFelt ($198.86 in chips)
ToDaFelt: posts small blind $1
confususs: posts big blind $3
*** HOLE CARDS ***
ToDaFelt: folds
Uncalled bet ($2) returned to confususs
confususs collected $2 from pot
confususs: doesn't show hand
*** SUMMARY ***
Total pot $2 | Rake $0
Seat 2: confususs (big blind) collected ($2)
Seat 3: ToDaFelt (button) (small blind) folded before Flop


PokerStars Hand #163431454595:  Hold'em Limit ($3/$6 USD) - 2016/12/24 1:09:26 ET
Table 'Debehogne' 6-max Seat #2 is the button
Seat 2: confususs ($213.06 in chips)
Seat 3: ToDaFelt ($197.86 in chips)
confususs: posts small blind $1
ToDaFelt: posts big blind $3
*** HOLE CARDS ***
confususs: raises $3 to $6
ToDaFelt: calls $3
*** FLOP *** [6s 9d 2c]
ToDaFelt: checks
confususs: bets $3
ToDaFelt: calls $3
*** TURN *** [6s 9d 2c] [4h]
ToDaFelt: checks
confususs: bets $6
ToDaFelt: folds
Uncalled bet ($6) returned to confususs
confususs collected $17.64 from pot
confususs: doesn't show hand
*** SUMMARY ***
Total pot $18 | Rake $0.36
Board [6s 9d 2c 4h]
Seat 2: confususs (button) (small blind) collected ($17.64)
Seat 3: ToDaFelt (big blind) folded on the Turn


PokerStars Hand #163431471645:  Hold'em Limit ($3/$6 USD) - 2016/12/24 1:10:23 ET
Table 'Debehogne' 6-max Seat #3 is the button
Seat 2: confususs ($221.70 in chips)
Seat 3: ToDaFelt ($188.86 in chips)
ToDaFelt: posts small blind $1
confususs: posts big blind $3
*** HOLE CARDS ***
ToDaFelt: raises $3 to $6
confususs: raises $3 to $9
ToDaFelt: calls $3
*** FLOP *** [2h 3c 7h]
confususs: bets $3
ToDaFelt: calls $3
*** TURN *** [2h 3c 7h] [Th]
confususs: checks
ToDaFelt: bets $6
confususs: calls $6
*** RIVER *** [2h 3c 7h Th] [Qh]
confususs: checks
ToDaFelt: checks
*** SHOW DOWN ***
confususs: shows [Kd Ac] (high card Ace)
ToDaFelt: shows [8c Td] (a pair of Tens)
ToDaFelt collected $35.50 from pot
*** SUMMARY ***
Total pot $36 | Rake $0.50
Board [2h 3c 7h Th Qh]
Seat 2: confususs (big blind) showed [Kd Ac] and lost with high card Ace
Seat 3: ToDaFelt (button) (small blind) showed [8c Td] and won ($35.50) with a pair of Tens


PokerStars Hand #163431484378:  Hold'em Limit ($3/$6 USD) - 2016/12/24 1:11:05 ET
Table 'Debehogne' 6-max Seat #2 is the button
Seat 2: confususs ($203.70 in chips)
Seat 3: ToDaFelt ($206.36 in chips)
confususs: posts small blind $1
ToDaFelt: posts big blind $3
*** HOLE CARDS ***
confususs: raises $3 to $6
ToDaFelt: calls $3
*** FLOP *** [As Jh Ac]
ToDaFelt: checks
confususs: bets $3
ToDaFelt: calls $3
*** TURN *** [As Jh Ac] [4s]
ToDaFelt: checks
confususs: checks
*** RIVER *** [As Jh Ac 4s] [4d]
ToDaFelt: bets $6
confususs: calls $6
*** SHOW DOWN ***
ToDaFelt: shows [Kd 5h] (two pair, Aces and Fours)
confususs: shows [Ks 6d] (two pair, Aces and Fours)
ToDaFelt collected $14.75 from pot
confususs collected $14.75 from pot
*** SUMMARY ***
Total pot $30 | Rake $0.50
Board [As Jh Ac 4s 4d]
Seat 2: confususs (button) (small blind) showed [Ks 6d] and won ($14.75) with two pair, Aces and Fours
Seat 3: ToDaFelt (big blind) showed [Kd 5h] and won ($14.75) with two pair, Aces and Fours


PokerStars Hand #163431509746:  Hold'em Limit ($3/$6 USD) - 2016/12/24 1:12:28 ET
Table 'Debehogne' 6-max Seat #3 is the button
Seat 2: confususs ($175.45 in chips)
Seat 3: ToDaFelt ($233.61 in chips)
ToDaFelt: posts small blind $1
confususs: posts big blind $3
*** HOLE CARDS ***
ToDaFelt: raises $3 to $6
confususs: calls $3
*** FLOP *** [3h 6s Kh]
confususs: checks
ToDaFelt: bets $3
confususs: folds
Uncalled bet ($3) returned to ToDaFelt
ToDaFelt collected $11.76 from pot
ToDaFelt: doesn't show hand
*** SUMMARY ***
Total pot $12 | Rake $0.24
Board [3h 6s Kh]
Seat 2: confususs (big blind) folded on the Flop
Seat 3: ToDaFelt (button) (small blind) collected ($11.76)


PokerStars Hand #163431508167:  Hold'em Limit ($3/$6 USD) - 2016/12/24 1:12:23 ET
Table 'Debehogne' 6-max Seat #2 is the button
Seat 2: confususs ($176.45 in chips)
Seat 3: ToDaFelt ($232.61 in chips)
confususs: posts small blind $1
ToDaFelt: posts big blind $3
*** HOLE CARDS ***
confususs: folds
Uncalled bet ($2) returned to ToDaFelt
ToDaFelt collected $2 from pot
ToDaFelt: doesn't show hand
*** SUMMARY ***
Total pot $2 | Rake $0
Seat 2: confususs (button) (small blind) folded before Flop
Seat 3: ToDaFelt (big blind) collected ($2)


PokerStars Hand #163431500447:  Hold'em Limit ($3/$6 USD) - 2016/12/24 1:11:58 ET
Table 'Debehogne' 6-max Seat #3 is the button
Seat 2: confususs ($203.45 in chips)
Seat 3: ToDaFelt ($206.11 in chips)
ToDaFelt: posts small blind $1
confususs: posts big blind $3
*** HOLE CARDS ***
ToDaFelt: raises $3 to $6
confususs: calls $3
*** FLOP *** [Qd 9d 6s]
confususs: bets $3
ToDaFelt: calls $3
*** TURN *** [Qd 9d 6s] [Kc]
confususs: bets $6
ToDaFelt: raises $6 to $12
confususs: calls $6
*** RIVER *** [Qd 9d 6s Kc] [8s]
confususs: checks
ToDaFelt: bets $6
confususs: calls $6
*** SHOW DOWN ***
ToDaFelt: shows [Td Ks] (a pair of Kings)
confususs: mucks hand
ToDaFelt collected $53.50 from pot
*** SUMMARY ***
Total pot $54 | Rake $0.50
Board [Qd 9d 6s Kc 8s]
Seat 2: confususs (big blind) mucked
Seat 3: ToDaFelt (button) (small blind) showed [Td Ks] and won ($53.50) with a pair of Kings


PokerStars Hand #163431514632:  Hold'em Limit ($3/$6 USD) - 2016/12/24 1:12:44 ET
Table 'Debehogne' 6-max Seat #2 is the button
Seat 2: confususs ($169.45 in chips)
Seat 3: ToDaFelt ($239.37 in chips)
confususs: posts small blind $1
ToDaFelt: posts big blind $3
*** HOLE CARDS ***
confususs: raises $3 to $6
ToDaFelt: raises $3 to $9
confususs: calls $3
*** FLOP *** [Ad Th Jd]
ToDaFelt: bets $3
confususs: calls $3
*** TURN *** [Ad Th Jd] [7s]
ToDaFelt: bets $6
confususs: calls $6
*** RIVER *** [Ad Th Jd 7s] [Qh]
ToDaFelt: bets $6
confususs: calls $6
*** SHOW DOWN ***
ToDaFelt: shows [7h Ah] (two pair, Aces and Sevens)
confususs: mucks hand
ToDaFelt collected $47.50 from pot
*** SUMMARY ***
Total pot $48 | Rake $0.50
Board [Ad Th Jd 7s Qh]
Seat 2: confususs (button) (small blind) mucked
Seat 3: ToDaFelt (big blind) showed [7h Ah] and won ($47.50) with two pair, Aces and Sevens


PokerStars Hand #163431534676:  Hold'em Limit ($3/$6 USD) - 2016/12/24 1:13:51 ET
Table 'Debehogne' 6-max Seat #2 is the button
Seat 2: confususs ($165.95 in chips)
Seat 3: ToDaFelt ($241.87 in chips)
confususs: posts small blind $1
ToDaFelt: posts big blind $3
*** HOLE CARDS ***
confususs: folds
Uncalled bet ($2) returned to ToDaFelt
ToDaFelt collected $2 from pot
ToDaFelt: doesn't show hand
*** SUMMARY ***
Total pot $2 | Rake $0
Seat 2: confususs (button) (small blind) folded before Flop
Seat 3: ToDaFelt (big blind) collected ($2)


PokerStars Hand #163431528045:  Hold'em Limit ($3/$6 USD) - 2016/12/24 1:13:29 ET
Table 'Debehogne' 6-max Seat #3 is the button
Seat 2: confususs ($145.45 in chips)
Seat 3: ToDaFelt ($262.87 in chips)
ToDaFelt: posts small blind $1
confususs: posts big blind $3
*** HOLE CARDS ***
ToDaFelt: raises $3 to $6
confususs: calls $3
*** FLOP *** [6h Tc Kd]
confususs: checks
ToDaFelt: bets $3
confususs: calls $3
*** TURN *** [6h Tc Kd] [6d]
confususs: checks
ToDaFelt: bets $6
confususs: calls $6
*** RIVER *** [6h Tc Kd 6d] [5h]
confususs: checks
ToDaFelt: bets $6
confususs: calls $6
*** SHOW DOWN ***
ToDaFelt: shows [9h 8h] (a pair of Sixes)
confususs: shows [8s Ad] (a pair of Sixes - Ace kicker)
confususs collected $41.50 from pot
*** SUMMARY ***
Total pot $42 | Rake $0.50
Board [6h Tc Kd 6d 5h]
Seat 2: confususs (big blind) showed [8s Ad] and won ($41.50) with a pair of Sixes
Seat 3: ToDaFelt (button) (small blind) showed [9h 8h] and lost with a pair of Sixes


PokerStars Hand #163431555916:  Hold'em Limit ($3/$6 USD) - 2016/12/24 1:15:02 ET
Table 'Debehogne' 6-max Seat #2 is the button
Seat 2: confususs ($187.09 in chips)
Seat 3: ToDaFelt ($219.87 in chips)
confususs: posts small blind $1
ToDaFelt: posts big blind $3
*** HOLE CARDS ***
confususs: folds
Uncalled bet ($2) returned to ToDaFelt
ToDaFelt collected $2 from pot
ToDaFelt: doesn't show hand
*** SUMMARY ***
Total pot $2 | Rake $0
Seat 2: confususs (button) (small blind) folded before Flop
Seat 3: ToDaFelt (big blind) collected ($2)


PokerStars Hand #163431546219:  Hold'em Limit ($3/$6 USD) - 2016/12/24 1:14:30 ET
Table 'Debehogne' 6-max Seat #3 is the button
Seat 2: confususs ($178.45 in chips)
Seat 3: ToDaFelt ($228.87 in chips)
ToDaFelt: posts small blind $1
confususs: posts big blind $3
*** HOLE CARDS ***
ToDaFelt: raises $3 to $6
confususs: calls $3
*** FLOP *** [Ad Td Ts]
confususs: checks
ToDaFelt: bets $3
confususs: raises $3 to $6
ToDaFelt: folds
Uncalled bet ($3) returned to confususs
confususs collected $17.64 from pot
confususs: doesn't show hand
*** SUMMARY ***
Total pot $18 | Rake $0.36
Board [Ad Td Ts]
Seat 2: confususs (big blind) collected ($17.64)
Seat 3: ToDaFelt (button) (small blind) folded on the Flop


PokerStars Hand #163431544592:  Hold'em Limit ($3/$6 USD) - 2016/12/24 1:14:24 ET
Table 'Debehogne' 6-max Seat #2 is the button
Seat 2: confususs ($179.45 in chips)
Seat 3: ToDaFelt ($227.87 in chips)
confususs: posts small blind $1
ToDaFelt: posts big blind $3
*** HOLE CARDS ***
confususs: folds
Uncalled bet ($2) returned to ToDaFelt
ToDaFelt collected $2 from pot
ToDaFelt: doesn't show hand
*** SUMMARY ***
Total pot $2 | Rake $0
Seat 2: confususs (button) (small blind) folded before Flop
Seat 3: ToDaFelt (big blind) collected ($2)


PokerStars Hand #163431536179:  Hold'em Limit ($3/$6 USD) - 2016/12/24 1:13:56 ET
Table 'Debehogne' 6-max Seat #3 is the button
Seat 2: confususs ($164.95 in chips)
Seat 3: ToDaFelt ($242.87 in chips)
ToDaFelt: posts small blind $1
confususs: posts big blind $3
*** HOLE CARDS ***
ToDaFelt: raises $3 to $6
confususs: calls $3
*** FLOP *** [Qh 3s Jd]
confususs: bets $3
ToDaFelt: calls $3
*** TURN *** [Qh 3s Jd] [9h]
confususs: bets $6
ToDaFelt: calls $6
*** RIVER *** [Qh 3s Jd 9h] [Qd]
confususs: bets $6
ToDaFelt: folds
Uncalled bet ($6) returned to confususs
confususs collected $29.50 from pot
confususs: doesn't show hand
*** SUMMARY ***
Total pot $30 | Rake $0.50
Board [Qh 3s Jd 9h Qd]
Seat 2: confususs (big blind) collected ($29.50)
Seat 3: ToDaFelt (button) (small blind) folded on the River


PokerStars Hand #163431557488:  Hold'em Limit ($3/$6 USD) - 2016/12/24 1:15:07 ET
Table 'Debehogne' 6-max Seat #3 is the button
Seat 2: confususs ($186.09 in chips)
Seat 3: ToDaFelt ($220.87 in chips)
ToDaFelt: posts small blind $1
confususs: posts big blind $3
*** HOLE CARDS ***
ToDaFelt: raises $3 to $6
confususs: calls $3
*** FLOP *** [Ac Kc Js]
confususs: checks
ToDaFelt: checks
*** TURN *** [Ac Kc Js] [Td]
confususs: bets $6
ToDaFelt: calls $6
*** RIVER *** [Ac Kc Js Td] [9c]
confususs: checks
ToDaFelt: bets $6
confususs: calls $6
*** SHOW DOWN ***
ToDaFelt: shows [Qh Jh] (a straight, Ten to Ace)
confususs: mucks hand
ToDaFelt collected $35.50 from pot
*** SUMMARY ***
Total pot $36 | Rake $0.50
Board [Ac Kc Js Td 9c]
Seat 2: confususs (big blind) mucked
Seat 3: ToDaFelt (button) (small blind) showed [Qh Jh] and won ($35.50) with a straight, Ten to Ace


PokerStars Hand #163431581307:  Hold'em Limit ($3/$6 USD) - 2016/12/24 1:16:27 ET
Table 'Debehogne' 6-max Seat #3 is the button
Seat 2: confususs ($191.59 in chips)
Seat 3: ToDaFelt ($214.37 in chips)
ToDaFelt: posts small blind $1
confususs: posts big blind $3
*** HOLE CARDS ***
ToDaFelt: raises $3 to $6
confususs: calls $3
*** FLOP *** [Qc 6s Jd]
confususs: checks
ToDaFelt: bets $3
confususs: calls $3
*** TURN *** [Qc 6s Jd] [9d]
confususs: checks
ToDaFelt: checks
*** RIVER *** [Qc 6s Jd 9d] [7d]
confususs: checks
ToDaFelt: bets $6
confususs: calls $6
*** SHOW DOWN ***
ToDaFelt: shows [Kh 6c] (a pair of Sixes)
confususs: mucks hand
ToDaFelt collected $29.50 from pot
*** SUMMARY ***
Total pot $30 | Rake $0.50
Board [Qc 6s Jd 9d 7d]
Seat 2: confususs (big blind) mucked
Seat 3: ToDaFelt (button) (small blind) showed [Kh 6c] and won ($29.50) with a pair of Sixes


PokerStars Hand #163431565910:  Hold'em Limit ($3/$6 USD) - 2016/12/24 1:15:35 ET
Table 'Debehogne' 6-max Seat #2 is the button
Seat 2: confususs ($168.09 in chips)
Seat 3: ToDaFelt ($238.37 in chips)
confususs: posts small blind $1
ToDaFelt: posts big blind $3
*** HOLE CARDS ***
confususs: calls $2
ToDaFelt: raises $3 to $6
confususs: calls $3
*** FLOP *** [4c 8d 3d]
ToDaFelt: bets $3
confususs: raises $3 to $6
ToDaFelt: calls $3
*** TURN *** [4c 8d 3d] [7c]
ToDaFelt: checks
confususs: bets $6
ToDaFelt: calls $6
*** RIVER *** [4c 8d 3d 7c] [3s]
ToDaFelt: checks
confususs: bets $6
ToDaFelt: calls $6
*** SHOW DOWN ***
confususs: shows [5d 4s] (two pair, Fours and Threes)
ToDaFelt: mucks hand
confususs collected $47.50 from pot
*** SUMMARY ***
Total pot $48 | Rake $0.50
Board [4c 8d 3d 7c 3s]
Seat 2: confususs (button) (small blind) showed [5d 4s] and won ($47.50) with two pair, Fours and Threes
Seat 3: ToDaFelt (big blind) mucked


PokerStars Hand #163431602777:  Hold'em Limit ($3/$6 USD) - 2016/12/24 1:17:40 ET
Table 'Debehogne' 6-max Seat #3 is the button
Seat 2: confususs ($212.09 in chips)
Seat 3: ToDaFelt ($192.87 in chips)
ToDaFelt: posts small blind $1
confususs: posts big blind $3
*** HOLE CARDS ***
ToDaFelt: folds
Uncalled bet ($2) returned to confususs
confususs collected $2 from pot
confususs: doesn't show hand
*** SUMMARY ***
Total pot $2 | Rake $0
Seat 2: confususs (big blind) collected ($2)
Seat 3: ToDaFelt (button) (small blind) folded before Flop


PokerStars Hand #163431604833:  Hold'em Limit ($3/$6 USD) - 2016/12/24 1:17:47 ET
Table 'Debehogne' 6-max Seat #2 is the button
Seat 2: confususs ($213.09 in chips)
Seat 3: ToDaFelt ($191.87 in chips)
confususs: posts small blind $1
ToDaFelt: posts big blind $3
*** HOLE CARDS ***
confususs: folds
Uncalled bet ($2) returned to ToDaFelt
ToDaFelt collected $2 from pot
ToDaFelt: doesn't show hand
*** SUMMARY ***
Total pot $2 | Rake $0
Seat 2: confususs (button) (small blind) folded before Flop
Seat 3: ToDaFelt (big blind) collected ($2)


PokerStars Hand #163431590335:  Hold'em Limit ($3/$6 USD) - 2016/12/24 1:16:58 ET
Table 'Debehogne' 6-max Seat #2 is the button
Seat 2: confususs ($176.59 in chips)
Seat 3: ToDaFelt ($228.87 in chips)
confususs: posts small blind $1
ToDaFelt: posts big blind $3
*** HOLE CARDS ***
confususs: raises $3 to $6
ToDaFelt: raises $3 to $9
confususs: raises $3 to $12
Betting is capped
ToDaFelt: calls $3
*** FLOP *** [5d 3c 3h]
ToDaFelt: checks
confususs: bets $3
ToDaFelt: raises $3 to $6
confususs: calls $3
*** TURN *** [5d 3c 3h] [6h]
ToDaFelt: bets $6
confususs: calls $6
*** RIVER *** [5d 3c 3h 6h] [2h]
ToDaFelt: bets $6
confususs: raises $6 to $12
ToDaFelt: calls $6
*** SHOW DOWN ***
confususs: shows [Ah Kh] (a flush, Ace high)
ToDaFelt: mucks hand
confususs collected $71.50 from pot
*** SUMMARY ***
Total pot $72 | Rake $0.50
Board [5d 3c 3h 6h 2h]
Seat 2: confususs (button) (small blind) showed [Ah Kh] and won ($71.50) with a flush, Ace high
Seat 3: ToDaFelt (big blind) mucked


PokerStars Hand #163431607022:  Hold'em Limit ($3/$6 USD) - 2016/12/24 1:17:54 ET
Table 'Debehogne' 6-max Seat #3 is the button
Seat 2: confususs ($212.09 in chips)
Seat 3: ToDaFelt ($192.87 in chips)
ToDaFelt: posts small blind $1
confususs: posts big blind $3
*** HOLE CARDS ***
ToDaFelt: raises $3 to $6
confususs: calls $3
*** FLOP *** [Js 3c 5h]
confususs: checks
ToDaFelt: bets $3
confususs: calls $3
*** TURN *** [Js 3c 5h] [3s]
confususs: checks
ToDaFelt: bets $6
confususs: calls $6
*** RIVER *** [Js 3c 5h 3s] [6d]
confususs: checks
ToDaFelt: bets $6
confususs: calls $6
*** SHOW DOWN ***
ToDaFelt: shows [2s Jh] (two pair, Jacks and Threes)
confususs: mucks hand
ToDaFelt collected $41.50 from pot
*** SUMMARY ***
Total pot $42 | Rake $0.50
Board [Js 3c 5h 3s 6d]
Seat 2: confususs (big blind) mucked
Seat 3: ToDaFelt (button) (small blind) showed [2s Jh] and won ($41.50) with two pair, Jacks and Threes


PokerStars Hand #163431614213:  Hold'em Limit ($3/$6 USD) - 2016/12/24 1:18:18 ET
Table 'Debehogne' 6-max Seat #2 is the button
Seat 2: confususs ($191.09 in chips)
Seat 3: ToDaFelt ($213.37 in chips)
confususs: posts small blind $1
ToDaFelt: posts big blind $3
*** HOLE CARDS ***
confususs: raises $3 to $6
ToDaFelt: calls $3
*** FLOP *** [7d Th 9s]
ToDaFelt: bets $3
confususs: raises $3 to $6
ToDaFelt: calls $3
*** TURN *** [7d Th 9s] [Qh]
ToDaFelt: checks
confususs: checks
*** RIVER *** [7d Th 9s Qh] [Kd]
ToDaFelt: checks
confususs: checks
*** SHOW DOWN ***
ToDaFelt: shows [6h 7s] (a pair of Sevens)
confususs: shows [7h 8c] (a pair of Sevens)
ToDaFelt collected $11.76 from pot
confususs collected $11.76 from pot
*** SUMMARY ***
Total pot $24 | Rake $0.48
Board [7d Th 9s Qh Kd]
Seat 2: confususs (button) (small blind) showed [7h 8c] and won ($11.76) with a pair of Sevens
Seat 3: ToDaFelt (big blind) showed [6h 7s] and won ($11.76) with a pair of Sevens


PokerStars Hand #163431625679:  Hold'em Limit ($3/$6 USD) - 2016/12/24 1:18:56 ET
Table 'Debehogne' 6-max Seat #3 is the button
Seat 2: confususs ($190.85 in chips)
Seat 3: ToDaFelt ($213.13 in chips)
ToDaFelt: posts small blind $1
confususs: posts big blind $3
*** HOLE CARDS ***
ToDaFelt: folds
Uncalled bet ($2) returned to confususs
confususs collected $2 from pot
confususs: doesn't show hand
*** SUMMARY ***
Total pot $2 | Rake $0
Seat 2: confususs (big blind) collected ($2)
Seat 3: ToDaFelt (button) (small blind) folded before Flop


PokerStars Hand #163431637647:  Hold'em Limit ($3/$6 USD) - 2016/12/24 1:19:36 ET
Table 'Debehogne' 6-max Seat #3 is the button
Seat 2: confususs ($185.85 in chips)
Seat 3: ToDaFelt ($217.89 in chips)
ToDaFelt: posts small blind $1
confususs: posts big blind $3
*** HOLE CARDS ***
ToDaFelt: raises $3 to $6
confususs: folds
Uncalled bet ($3) returned to ToDaFelt
ToDaFelt collected $6 from pot
ToDaFelt: doesn't show hand
*** SUMMARY ***
Total pot $6 | Rake $0
Seat 2: confususs (big blind) folded before Flop
Seat 3: ToDaFelt (button) (small blind) collected ($6)


PokerStars Hand #163431628547:  Hold'em Limit ($3/$6 USD) - 2016/12/24 1:19:05 ET
Table 'Debehogne' 6-max Seat #2 is the button
Seat 2: confususs ($191.85 in chips)
Seat 3: ToDaFelt ($212.13 in chips)
confususs: posts small blind $1
ToDaFelt: posts big blind $3
*** HOLE CARDS ***
confususs: raises $3 to $6
ToDaFelt: calls $3
*** FLOP *** [2c Kh 3c]
ToDaFelt: checks
confususs said, "whats your age"
confususs: checks
*** TURN *** [2c Kh 3c] [Qc]
ToDaFelt: bets $6
ToDaFelt said, "42"
confususs: folds
Uncalled bet ($6) returned to ToDaFelt
ToDaFelt collected $11.76 from pot
ToDaFelt: doesn't show hand
*** SUMMARY ***
Total pot $12 | Rake $0.24
Board [2c Kh 3c Qc]
Seat 2: confususs (button) (small blind) folded on the Turn
Seat 3: ToDaFelt (big blind) collected ($11.76)


PokerStars Hand #163431641843:  Hold'em Limit ($3/$6 USD) - 2016/12/24 1:19:50 ET
Table 'Debehogne' 6-max Seat #2 is the button
Seat 2: confususs ($182.85 in chips)
Seat 3: ToDaFelt ($220.89 in chips)
confususs: posts small blind $1
ToDaFelt: posts big blind $3
*** HOLE CARDS ***
confususs: raises $3 to $6
ToDaFelt: raises $3 to $9
confususs: calls $3
*** FLOP *** [Js 4s Qd]
ToDaFelt: bets $3
confususs: calls $3
*** TURN *** [Js 4s Qd] [7s]
ToDaFelt: bets $6
confususs: folds
Uncalled bet ($6) returned to ToDaFelt
ToDaFelt collected $23.52 from pot
ToDaFelt: doesn't show hand
*** SUMMARY ***
Total pot $24 | Rake $0.48
Board [Js 4s Qd 7s]
Seat 2: confususs (button) (small blind) folded on the Turn
Seat 3: ToDaFelt (big blind) collected ($23.52)


PokerStars Hand #163431661901:  Hold'em Limit ($3/$6 USD) - 2016/12/24 1:20:58 ET
Table 'Debehogne' 6-max Seat #2 is the button
Seat 2: confususs ($200.35 in chips)
Seat 3: ToDaFelt ($202.41 in chips)
confususs: posts small blind $1
ToDaFelt: posts big blind $3
*** HOLE CARDS ***
confususs: folds
Uncalled bet ($2) returned to ToDaFelt
ToDaFelt collected $2 from pot
ToDaFelt: doesn't show hand
*** SUMMARY ***
Total pot $2 | Rake $0
Seat 2: confususs (button) (small blind) folded before Flop
Seat 3: ToDaFelt (big blind) collected ($2)


PokerStars Hand #163431651666:  Hold'em Limit ($3/$6 USD) - 2016/12/24 1:20:23 ET
Table 'Debehogne' 6-max Seat #3 is the button
Seat 2: confususs ($170.85 in chips)
Seat 3: ToDaFelt ($232.41 in chips)
ToDaFelt: posts small blind $1
confususs: posts big blind $3
*** HOLE CARDS ***
ToDaFelt: raises $3 to $6
confususs: calls $3
*** FLOP *** [2h 5d 6d]
confususs: checks
ToDaFelt: bets $3
confususs: raises $3 to $6
ToDaFelt: calls $3
*** TURN *** [2h 5d 6d] [9s]
confususs: bets $6
ToDaFelt: raises $6 to $12
confususs: raises $6 to $18
ToDaFelt: calls $6
*** RIVER *** [2h 5d 6d 9s] [4d]
confususs: checks
ToDaFelt: checks
*** SHOW DOWN ***
confususs: shows [2c 9c] (two pair, Nines and Deuces)
ToDaFelt: mucks hand
confususs collected $59.50 from pot
*** SUMMARY ***
Total pot $60 | Rake $0.50
Board [2h 5d 6d 9s 4d]
Seat 2: confususs (big blind) showed [2c 9c] and won ($59.50) with two pair, Nines and Deuces
Seat 3: ToDaFelt (button) (small blind) mucked


PokerStars Hand #163431663562:  Hold'em Limit ($3/$6 USD) - 2016/12/24 1:21:03 ET
Table 'Debehogne' 6-max Seat #3 is the button
Seat 2: confususs ($199.35 in chips)
Seat 3: ToDaFelt ($203.41 in chips)
ToDaFelt: posts small blind $1
confususs: posts big blind $3
*** HOLE CARDS ***
ToDaFelt: raises $3 to $6
confususs: calls $3
*** FLOP *** [3d 3c Kd]
confususs: checks
ToDaFelt: bets $3
confususs: calls $3
*** TURN *** [3d 3c Kd] [Tc]
confususs: checks
ToDaFelt: bets $6
confususs: raises $6 to $12
ToDaFelt: folds
Uncalled bet ($6) returned to confususs
confususs collected $29.50 from pot
confususs: doesn't show hand
*** SUMMARY ***
Total pot $30 | Rake $0.50
Board [3d 3c Kd Tc]
Seat 2: confususs (big blind) collected ($29.50)
Seat 3: ToDaFelt (button) (small blind) folded on the Turn


PokerStars Hand #163431669182:  Hold'em Limit ($3/$6 USD) - 2016/12/24 1:21:22 ET
Table 'Debehogne' 6-max Seat #2 is the button
Seat 2: confususs ($213.85 in chips)
Seat 3: ToDaFelt ($188.41 in chips)
confususs: posts small blind $1
ToDaFelt: posts big blind $3
*** HOLE CARDS ***
confususs: raises $3 to $6
ToDaFelt: calls $3
*** FLOP *** [Kh 4s Kd]
ToDaFelt: checks
confususs: bets $3
ToDaFelt: calls $3
*** TURN *** [Kh 4s Kd] [3d]
ToDaFelt: checks
confususs said, "48 year i got more wisdom"
confususs: bets $6
edenrose41 joins the table at seat #4
ToDaFelt: folds
Uncalled bet ($6) returned to confususs
confususs collected $17.64 from pot
confususs: doesn't show hand
*** SUMMARY ***
Total pot $18 | Rake $0.36
Board [Kh 4s Kd 3d]
Seat 2: confususs (button) (small blind) collected ($17.64)
Seat 3: ToDaFelt (big blind) folded on the Turn


PokerStars Hand #163431719980:  Hold'em Limit ($3/$6 USD) - 2016/12/24 1:24:14 ET
Table 'Debehogne' 6-max Seat #3 is the button
Seat 2: confususs ($241.32 in chips)
Seat 3: ToDaFelt ($159.41 in chips)
ToDaFelt: posts small blind $1
tamnt10549: is sitting out
confususs: posts big blind $3
*** HOLE CARDS ***
tamnt10549 leaves the table
ToDaFelt: raises $3 to $6
confususs said, "you scared them away man"
confususs: calls $3
*** FLOP *** [3d Tc Th]
confususs: checks
ToDaFelt: bets $3
confususs: folds
Uncalled bet ($3) returned to ToDaFelt
ToDaFelt collected $11.76 from pot
ToDaFelt: doesn't show hand
*** SUMMARY ***
Total pot $12 | Rake $0.24
Board [3d Tc Th]
Seat 2: confususs (big blind) folded on the Flop
Seat 3: ToDaFelt (button) (small blind) collected ($11.76)


PokerStars Hand #163431743077:  Hold'em Limit ($3/$6 USD) - 2016/12/24 1:25:32 ET
Table 'Debehogne' 6-max Seat #3 is the button
Seat 2: confususs ($241.08 in chips)
Seat 3: ToDaFelt ($159.17 in chips)
ToDaFelt: posts small blind $1
confususs: posts big blind $3
*** HOLE CARDS ***
ToDaFelt: raises $3 to $6
confususs: folds
Uncalled bet ($3) returned to ToDaFelt
ToDaFelt collected $6 from pot
ToDaFelt: doesn't show hand
*** SUMMARY ***
Total pot $6 | Rake $0
Seat 2: confususs (big blind) folded before Flop
Seat 3: ToDaFelt (button) (small blind) collected ($6)


PokerStars Hand #163431730822:  Hold'em Limit ($3/$6 USD) - 2016/12/24 1:24:51 ET
Table 'Debehogne' 6-max Seat #2 is the button
Seat 2: confususs ($235.32 in chips)
Seat 3: ToDaFelt ($165.17 in chips)
confususs: posts small blind $1
ToDaFelt: posts big blind $3
*** HOLE CARDS ***
confususs: raises $3 to $6
ToDaFelt said, "bunch at other stakes"
ToDaFelt: calls $3
*** FLOP *** [5d Td 7s]
ToDaFelt: checks
confususs: bets $3
ToDaFelt: folds
Uncalled bet ($3) returned to confususs
confususs collected $11.76 from pot
confususs: doesn't show hand
*** SUMMARY ***
Total pot $12 | Rake $0.24
Board [5d Td 7s]
Seat 2: confususs (button) (small blind) collected ($11.76)
Seat 3: ToDaFelt (big blind) folded on the Flop


PokerStars Hand #163431755351:  Hold'em Limit ($3/$6 USD) - 2016/12/24 1:26:14 ET
Table 'Debehogne' 6-max Seat #3 is the button
Seat 2: confususs ($243.84 in chips)
Seat 3: ToDaFelt ($156.17 in chips)
ToDaFelt: posts small blind $1
confususs: posts big blind $3
*** HOLE CARDS ***
ToDaFelt: raises $3 to $6
confususs: calls $3
*** FLOP *** [Qc Ts Kh]
confususs: checks
ToDaFelt: bets $3
confususs: folds
Uncalled bet ($3) returned to ToDaFelt
ToDaFelt collected $11.76 from pot
ToDaFelt: doesn't show hand
*** SUMMARY ***
Total pot $12 | Rake $0.24
Board [Qc Ts Kh]
Seat 2: confususs (big blind) folded on the Flop
Seat 3: ToDaFelt (button) (small blind) collected ($11.76)


PokerStars Hand #163431768589:  Hold'em Limit ($3/$6 USD) - 2016/12/24 1:26:58 ET
Table 'Debehogne' 6-max Seat #3 is the button
Seat 2: confususs ($228.84 in chips)
Seat 3: ToDaFelt ($170.57 in chips)
ToDaFelt: posts small blind $1
confususs: posts big blind $3
*** HOLE CARDS ***
ToDaFelt: folds
Uncalled bet ($2) returned to confususs
confususs collected $2 from pot
confususs: doesn't show hand
*** SUMMARY ***
Total pot $2 | Rake $0
Seat 2: confususs (big blind) collected ($2)
Seat 3: ToDaFelt (button) (small blind) folded before Flop


PokerStars Hand #163431764397:  Hold'em Limit ($3/$6 USD) - 2016/12/24 1:26:44 ET
Table 'Debehogne' 6-max Seat #2 is the button
Seat 2: confususs ($237.84 in chips)
Seat 3: ToDaFelt ($161.93 in chips)
confususs: posts small blind $1
ToDaFelt: posts big blind $3
*** HOLE CARDS ***
confususs: raises $3 to $6
ToDaFelt: raises $3 to $9
confususs: calls $3
*** FLOP *** [Jc 3c 8h]
ToDaFelt: bets $3
confususs: folds
Uncalled bet ($3) returned to ToDaFelt
ToDaFelt collected $17.64 from pot
ToDaFelt: doesn't show hand
*** SUMMARY ***
Total pot $18 | Rake $0.36
Board [Jc 3c 8h]
Seat 2: confususs (button) (small blind) folded on the Flop
Seat 3: ToDaFelt (big blind) collected ($17.64)


PokerStars Hand #163431770242:  Hold'em Limit ($3/$6 USD) - 2016/12/24 1:27:04 ET
Table 'Debehogne' 6-max Seat #2 is the button
Seat 2: confususs ($229.84 in chips)
Seat 3: ToDaFelt ($169.57 in chips)
confususs: posts small blind $1
ToDaFelt: posts big blind $3
*** HOLE CARDS ***
confususs: folds
Uncalled bet ($2) returned to ToDaFelt
ToDaFelt collected $2 from pot
ToDaFelt: doesn't show hand
*** SUMMARY ***
Total pot $2 | Rake $0
Seat 2: confususs (button) (small blind) folded before Flop
Seat 3: ToDaFelt (big blind) collected ($2)


PokerStars Hand #163431745376:  Hold'em Limit ($3/$6 USD) - 2016/12/24 1:25:40 ET
Table 'Debehogne' 6-max Seat #2 is the button
Seat 2: confususs ($238.08 in chips)
Seat 3: ToDaFelt ($162.17 in chips)
confususs: posts small blind $1
ToDaFelt: posts big blind $3
*** HOLE CARDS ***
confususs: raises $3 to $6
ToDaFelt: calls $3
*** FLOP *** [2s 9c Ks]
ToDaFelt: checks
confususs: bets $3
ToDaFelt: folds
Uncalled bet ($3) returned to confususs
confususs collected $11.76 from pot
confususs: doesn't show hand
*** SUMMARY ***
Total pot $12 | Rake $0.24
Board [2s 9c Ks]
Seat 2: confususs (button) (small blind) collected ($11.76)
Seat 3: ToDaFelt (big blind) folded on the Flop


PokerStars Hand #163431771592:  Hold'em Limit ($3/$6 USD) - 2016/12/24 1:27:08 ET
Table 'Debehogne' 6-max Seat #3 is the button
Seat 2: confususs ($228.84 in chips)
Seat 3: ToDaFelt ($170.57 in chips)
ToDaFelt: posts small blind $1
confususs: posts big blind $3
*** HOLE CARDS ***
ToDaFelt: raises $3 to $6
confususs: calls $3
*** FLOP *** [8d 9h 4d]
confususs: bets $3
ToDaFelt: calls $3
*** TURN *** [8d 9h 4d] [9d]
confususs: checks
ToDaFelt: bets $6
confususs: calls $6
*** RIVER *** [8d 9h 4d 9d] [5s]
confususs: checks
ToDaFelt: checks
*** SHOW DOWN ***
confususs: shows [Th Jc] (a pair of Nines)
ToDaFelt: shows [4s As] (two pair, Nines and Fours)
ToDaFelt collected $29.50 from pot
*** SUMMARY ***
Total pot $30 | Rake $0.50
Board [8d 9h 4d 9d 5s]
Seat 2: confususs (big blind) showed [Th Jc] and lost with a pair of Nines
Seat 3: ToDaFelt (button) (small blind) showed [4s As] and won ($29.50) with two pair, Nines and Fours


PokerStars Hand #163431781641:  Hold'em Limit ($3/$6 USD) - 2016/12/24 1:27:42 ET
Table 'Debehogne' 6-max Seat #2 is the button
Seat 2: confususs ($213.84 in chips)
Seat 3: ToDaFelt ($185.07 in chips)
confususs: posts small blind $1
ToDaFelt: posts big blind $3
*** HOLE CARDS ***
confususs: folds
Uncalled bet ($2) returned to ToDaFelt
ToDaFelt collected $2 from pot
ToDaFelt: doesn't show hand
*** SUMMARY ***
Total pot $2 | Rake $0
Seat 2: confususs (button) (small blind) folded before Flop
Seat 3: ToDaFelt (big blind) collected ($2)


PokerStars Hand #163431793535:  Hold'em Limit ($3/$6 USD) - 2016/12/24 1:28:22 ET
Table 'Debehogne' 6-max Seat #2 is the button
Seat 2: confususs ($191.84 in chips)
Seat 3: ToDaFelt ($206.57 in chips)
confususs: posts small blind $1
ToDaFelt: posts big blind $3
*** HOLE CARDS ***
confususs: folds
Uncalled bet ($2) returned to ToDaFelt
ToDaFelt collected $2 from pot
ToDaFelt: doesn't show hand
*** SUMMARY ***
Total pot $2 | Rake $0
Seat 2: confususs (button) (small blind) folded before Flop
Seat 3: ToDaFelt (big blind) collected ($2)


PokerStars Hand #163431783234:  Hold'em Limit ($3/$6 USD) - 2016/12/24 1:27:47 ET
Table 'Debehogne' 6-max Seat #3 is the button
Seat 2: confususs ($212.84 in chips)
Seat 3: ToDaFelt ($186.07 in chips)
ToDaFelt: posts small blind $1
confususs: posts big blind $3
*** HOLE CARDS ***
ToDaFelt: raises $3 to $6
confususs: calls $3
*** FLOP *** [Ks 6s 2c]
confususs: bets $3
ToDaFelt: calls $3
*** TURN *** [Ks 6s 2c] [5d]
confususs: checks
Hannibal2211 joins the table at seat #4
ToDaFelt: bets $6
confususs: calls $6
*** RIVER *** [Ks 6s 2c 5d] [As]
confususs: bets $6
ToDaFelt: calls $6
*** SHOW DOWN ***
confususs: shows [2h 8h] (a pair of Deuces)
ToDaFelt: shows [6h 9c] (a pair of Sixes)
kaypoker619 joins the table at seat #6
ToDaFelt collected $41.50 from pot
*** SUMMARY ***
Total pot $42 | Rake $0.50
Board [Ks 6s 2c 5d As]
Seat 2: confususs (big blind) showed [2h 8h] and lost with a pair of Deuces
Seat 3: ToDaFelt (button) (small blind) showed [6h 9c] and won ($41.50) with a pair of Sixes


PokerStars Hand #163434928084:  Hold'em Limit ($3/$6 USD) - 2016/12/24 4:12:34 ET
Table 'Debehogne' 6-max Seat #5 is the button
Seat 5: alfredg ($387.90 in chips)
Seat 6: AzureCaper ($233.17 in chips)
Dies1210 will be allowed to play after the button
alfredg: posts small blind $1
AzureCaper: posts big blind $3
*** HOLE CARDS ***
alfredg: raises $3 to $6
AzureCaper: folds
Uncalled bet ($3) returned to alfredg
alfredg collected $6 from pot
alfredg: doesn't show hand
*** SUMMARY ***
Total pot $6 | Rake $0
Seat 5: alfredg (button) (small blind) collected ($6)
Seat 6: AzureCaper (big blind) folded before Flop


PokerStars Hand #163434953170:  Hold'em Limit ($3/$6 USD) - 2016/12/24 4:13:42 ET
Table 'Debehogne' 6-max Seat #6 is the button
Seat 2: Pelurile ($72 in chips)
Seat 6: AzureCaper ($245.18 in chips)
AzureCaper: posts small blind $1
Pelurile: posts big blind $3
*** HOLE CARDS ***
AzureCaper: folds
Uncalled bet ($2) returned to Pelurile
Pelurile collected $2 from pot
Pelurile: doesn't show hand
*** SUMMARY ***
Total pot $2 | Rake $0
Seat 2: Pelurile (big blind) collected ($2)
Seat 6: AzureCaper (button) (small blind) folded before Flop


