PokerStars Hand #161308632606:  Hold'em Limit ($3/$6 USD) - 2016/11/12 17:35:57 ET
Table 'Decabrina' 6-max Seat #5 is the button
Seat 3: svin168 ($77.34 in chips)
Seat 5: GoliafUa ($114 in chips)
GoliafUa: posts small blind $1
svin168: posts big blind $3
*** HOLE CARDS ***
GoliafUa: raises $3 to $6
svin168: calls $3
*** FLOP *** [Kh 4s Ac]
svin168: bets $3
GoliafUa: folds
Uncalled bet ($3) returned to svin168
svin168 collected $11.76 from pot
*** SUMMARY ***
Total pot $12 | Rake $0.24
Board [Kh 4s Ac]
Seat 3: svin168 (big blind) collected ($11.76)
Seat 5: GoliafUa (button) (small blind) folded on the Flop


PokerStars Hand #161308620239:  Hold'em Limit ($3/$6 USD) - 2016/11/12 17:35:42 ET
Table 'Decabrina' 6-max Seat #3 is the button
Seat 3: svin168 ($71.58 in chips)
Seat 5: GoliafUa ($120 in chips)
svin168: posts small blind $1
GoliafUa: posts big blind $3
*** HOLE CARDS ***
svin168: raises $3 to $6
GoliafUa: calls $3
*** FLOP *** [Jh 6c 6d]
GoliafUa: checks
svin168: bets $3
GoliafUa: folds
Uncalled bet ($3) returned to svin168
svin168 collected $11.76 from pot
svin168: doesn't show hand
*** SUMMARY ***
Total pot $12 | Rake $0.24
Board [Jh 6c 6d]
Seat 3: svin168 (button) (small blind) collected ($11.76)
Seat 5: GoliafUa (big blind) folded on the Flop


PokerStars Hand #161308643084:  Hold'em Limit ($3/$6 USD) - 2016/11/12 17:36:09 ET
Table 'Decabrina' 6-max Seat #3 is the button
Seat 3: svin168 ($83.10 in chips)
Seat 5: GoliafUa ($108 in chips)
svin168: posts small blind $1
GoliafUa: posts big blind $3
*** HOLE CARDS ***
svin168: raises $3 to $6
GoliafUa: calls $3
*** FLOP *** [6d 6s Tc]
GoliafUa: checks
svin168: bets $3
GoliafUa: folds
Uncalled bet ($3) returned to svin168
svin168 collected $11.76 from pot
svin168: doesn't show hand
*** SUMMARY ***
Total pot $12 | Rake $0.24
Board [6d 6s Tc]
Seat 3: svin168 (button) (small blind) collected ($11.76)
Seat 5: GoliafUa (big blind) folded on the Flop


PokerStars Hand #161308668831:  Hold'em Limit ($3/$6 USD) - 2016/11/12 17:36:41 ET
Table 'Decabrina' 6-max Seat #5 is the button
Seat 3: svin168 ($76.86 in chips)
Seat 5: GoliafUa ($113.64 in chips)
GoliafUa: posts small blind $1
svin168: posts big blind $3
*** HOLE CARDS ***
GoliafUa: raises $3 to $6
svin168: calls $3
*** FLOP *** [Ac 6d 4h]
svin168: bets $3
GoliafUa: folds
Uncalled bet ($3) returned to svin168
svin168 collected $11.76 from pot
svin168: doesn't show hand
*** SUMMARY ***
Total pot $12 | Rake $0.24
Board [Ac 6d 4h]
Seat 3: svin168 (big blind) collected ($11.76)
Seat 5: GoliafUa (button) (small blind) folded on the Flop


PokerStars Hand #161308657686:  Hold'em Limit ($3/$6 USD) - 2016/11/12 17:36:27 ET
Table 'Decabrina' 6-max Seat #3 is the button
Seat 3: svin168 ($85.86 in chips)
Seat 5: GoliafUa ($105 in chips)
svin168: posts small blind $1
GoliafUa: posts big blind $3
*** HOLE CARDS ***
svin168: raises $3 to $6
GoliafUa: raises $3 to $9
svin168: calls $3
*** FLOP *** [Qs 4d Jh]
GoliafUa: bets $3
svin168: folds
Uncalled bet ($3) returned to GoliafUa
GoliafUa collected $17.64 from pot
GoliafUa: doesn't show hand
*** SUMMARY ***
Total pot $18 | Rake $0.36
Board [Qs 4d Jh]
Seat 3: svin168 (button) (small blind) folded on the Flop
Seat 5: GoliafUa (big blind) collected ($17.64)


PokerStars Hand #161308682505:  Hold'em Limit ($3/$6 USD) - 2016/11/12 17:36:57 ET
Table 'Decabrina' 6-max Seat #5 is the button
Seat 3: svin168 ($81.62 in chips)
Seat 5: GoliafUa ($108.64 in chips)
GoliafUa: posts small blind $1
svin168: posts big blind $3
*** HOLE CARDS ***
GoliafUa: raises $3 to $6
svin168: folds
Uncalled bet ($3) returned to GoliafUa
GoliafUa collected $6 from pot
GoliafUa: doesn't show hand
*** SUMMARY ***
Total pot $6 | Rake $0
Seat 3: svin168 (big blind) folded before Flop
Seat 5: GoliafUa (button) (small blind) collected ($6)


PokerStars Hand #161308678666:  Hold'em Limit ($3/$6 USD) - 2016/11/12 17:36:52 ET
Table 'Decabrina' 6-max Seat #3 is the button
Seat 3: svin168 ($82.62 in chips)
Seat 5: GoliafUa ($107.64 in chips)
svin168: posts small blind $1
GoliafUa: posts big blind $3
*** HOLE CARDS ***
svin168: folds
Uncalled bet ($2) returned to GoliafUa
GoliafUa collected $2 from pot
GoliafUa: doesn't show hand
*** SUMMARY ***
Total pot $2 | Rake $0
Seat 3: svin168 (button) (small blind) folded before Flop
Seat 5: GoliafUa (big blind) collected ($2)


PokerStars Hand #161308653146:  Hold'em Limit ($3/$6 USD) - 2016/11/12 17:36:22 ET
Table 'Decabrina' 6-max Seat #5 is the button
Seat 3: svin168 ($88.86 in chips)
Seat 5: GoliafUa ($102 in chips)
GoliafUa: posts small blind $1
svin168: posts big blind $3
*** HOLE CARDS ***
GoliafUa: raises $3 to $6
svin168: folds
Uncalled bet ($3) returned to GoliafUa
GoliafUa collected $6 from pot
GoliafUa: doesn't show hand
*** SUMMARY ***
Total pot $6 | Rake $0
Seat 3: svin168 (big blind) folded before Flop
Seat 5: GoliafUa (button) (small blind) collected ($6)


PokerStars Hand #161308740557:  Hold'em Limit ($3/$6 USD) - 2016/11/12 17:38:07 ET
Table 'Decabrina' 6-max Seat #3 is the button
Seat 3: svin168 ($94.42 in chips)
Seat 5: GoliafUa ($94.28 in chips)
svin168: posts small blind $1
GoliafUa: posts big blind $3
*** HOLE CARDS ***
svin168: folds
Uncalled bet ($2) returned to GoliafUa
GoliafUa collected $2 from pot
GoliafUa: doesn't show hand
*** SUMMARY ***
Total pot $2 | Rake $0
Seat 3: svin168 (button) (small blind) folded before Flop
Seat 5: GoliafUa (big blind) collected ($2)


PokerStars Hand #161308732275:  Hold'em Limit ($3/$6 USD) - 2016/11/12 17:37:57 ET
Table 'Decabrina' 6-max Seat #5 is the button
Seat 3: svin168 ($85.78 in chips)
Seat 5: GoliafUa ($103.28 in chips)
GoliafUa: posts small blind $1
svin168: posts big blind $3
*** HOLE CARDS ***
GoliafUa: raises $3 to $6
svin168: raises $3 to $9
GoliafUa: calls $3
*** FLOP *** [Kd 9c Jd]
svin168: bets $3
GoliafUa: folds
Uncalled bet ($3) returned to svin168
svin168 collected $17.64 from pot
svin168: doesn't show hand
*** SUMMARY ***
Total pot $18 | Rake $0.36
Board [Kd 9c Jd]
Seat 3: svin168 (big blind) collected ($17.64)
Seat 5: GoliafUa (button) (small blind) folded on the Flop


PokerStars Hand #161308718665:  Hold'em Limit ($3/$6 USD) - 2016/11/12 17:37:41 ET
Table 'Decabrina' 6-max Seat #5 is the button
Seat 3: svin168 ($97.78 in chips)
Seat 5: GoliafUa ($91.64 in chips)
GoliafUa: posts small blind $1
svin168: posts big blind $3
*** HOLE CARDS ***
GoliafUa: raises $3 to $6
svin168: folds
Uncalled bet ($3) returned to GoliafUa
GoliafUa collected $6 from pot
GoliafUa: doesn't show hand
*** SUMMARY ***
Total pot $6 | Rake $0
Seat 3: svin168 (big blind) folded before Flop
Seat 5: GoliafUa (button) (small blind) collected ($6)


PokerStars Hand #161308715083:  Hold'em Limit ($3/$6 USD) - 2016/11/12 17:37:36 ET
Table 'Decabrina' 6-max Seat #3 is the button
Seat 3: svin168 ($98.78 in chips)
Seat 5: GoliafUa ($90.64 in chips)
svin168: posts small blind $1
GoliafUa: posts big blind $3
*** HOLE CARDS ***
svin168: folds
Uncalled bet ($2) returned to GoliafUa
GoliafUa collected $2 from pot
GoliafUa: doesn't show hand
*** SUMMARY ***
Total pot $2 | Rake $0
Seat 3: svin168 (button) (small blind) folded before Flop
Seat 5: GoliafUa (big blind) collected ($2)


PokerStars Hand #161308703767:  Hold'em Limit ($3/$6 USD) - 2016/11/12 17:37:23 ET
Table 'Decabrina' 6-max Seat #5 is the button
Seat 3: svin168 ($90.14 in chips)
Seat 5: GoliafUa ($99.64 in chips)
GoliafUa: posts small blind $1
svin168: posts big blind $3
*** HOLE CARDS ***
GoliafUa: raises $3 to $6
svin168: raises $3 to $9
GoliafUa: calls $3
*** FLOP *** [4h 2h Th]
svin168: bets $3
GoliafUa: folds
Uncalled bet ($3) returned to svin168
svin168 collected $17.64 from pot
*** SUMMARY ***
Total pot $18 | Rake $0.36
Board [4h 2h Th]
Seat 3: svin168 (big blind) collected ($17.64)
Seat 5: GoliafUa (button) (small blind) folded on the Flop


PokerStars Hand #161308724339:  Hold'em Limit ($3/$6 USD) - 2016/11/12 17:37:47 ET
Table 'Decabrina' 6-max Seat #3 is the button
Seat 3: svin168 ($94.78 in chips)
Seat 5: GoliafUa ($94.64 in chips)
svin168: posts small blind $1
GoliafUa: posts big blind $3
*** HOLE CARDS ***
svin168: raises $3 to $6
GoliafUa: raises $3 to $9
svin168: calls $3
*** FLOP *** [4h Ad Qc]
GoliafUa: bets $3
svin168: folds
Uncalled bet ($3) returned to GoliafUa
GoliafUa collected $17.64 from pot
GoliafUa: doesn't show hand
*** SUMMARY ***
Total pot $18 | Rake $0.36
Board [4h Ad Qc]
Seat 3: svin168 (button) (small blind) folded on the Flop
Seat 5: GoliafUa (big blind) collected ($17.64)


PokerStars Hand #161308687030:  Hold'em Limit ($3/$6 USD) - 2016/11/12 17:37:02 ET
Table 'Decabrina' 6-max Seat #3 is the button
Seat 3: svin168 ($78.62 in chips)
Seat 5: GoliafUa ($111.64 in chips)
svin168: posts small blind $1
GoliafUa: posts big blind $3
*** HOLE CARDS ***
svin168: raises $3 to $6
GoliafUa: raises $3 to $9
svin168: raises $3 to $12
Betting is capped
GoliafUa: calls $3
*** FLOP *** [9c Qh 4h]
GoliafUa: checks
svin168: bets $3
GoliafUa: folds
Uncalled bet ($3) returned to svin168
svin168 collected $23.52 from pot
svin168: doesn't show hand
*** SUMMARY ***
Total pot $24 | Rake $0.48
Board [9c Qh 4h]
Seat 3: svin168 (button) (small blind) collected ($23.52)
Seat 5: GoliafUa (big blind) folded on the Flop


PokerStars Hand #161308744781:  Hold'em Limit ($3/$6 USD) - 2016/11/12 17:38:12 ET
Table 'Decabrina' 6-max Seat #5 is the button
Seat 3: svin168 ($93.42 in chips)
Seat 5: GoliafUa ($95.28 in chips)
GoliafUa: posts small blind $1
svin168: posts big blind $3
*** HOLE CARDS ***
GoliafUa: raises $3 to $6
svin168: raises $3 to $9
GoliafUa: raises $3 to $12
Betting is capped
svin168: calls $3
*** FLOP *** [Ac 6h 7h]
svin168: bets $3
GoliafUa: calls $3
*** TURN *** [Ac 6h 7h] [5h]
svin168: bets $6
GoliafUa: calls $6
*** RIVER *** [Ac 6h 7h 5h] [Kd]
svin168: bets $6
GoliafUa: calls $6
*** SHOW DOWN ***
svin168: shows [As Kc] (two pair, Aces and Kings)
GoliafUa: mucks hand
svin168 collected $53.50 from pot
*** SUMMARY ***
Total pot $54 | Rake $0.50
Board [Ac 6h 7h 5h Kd]
Seat 3: svin168 (big blind) showed [As Kc] and won ($53.50) with two pair, Aces and Kings
Seat 5: GoliafUa (button) (small blind) mucked


PokerStars Hand #161308764052:  Hold'em Limit ($3/$6 USD) - 2016/11/12 17:38:35 ET
Table 'Decabrina' 6-max Seat #3 is the button
Seat 3: svin168 ($119.92 in chips)
Seat 5: GoliafUa ($68.28 in chips)
svin168: posts small blind $1
GoliafUa: posts big blind $3
*** HOLE CARDS ***
svin168: folds
Uncalled bet ($2) returned to GoliafUa
GoliafUa collected $2 from pot
GoliafUa: doesn't show hand
*** SUMMARY ***
Total pot $2 | Rake $0
Seat 3: svin168 (button) (small blind) folded before Flop
Seat 5: GoliafUa (big blind) collected ($2)


PokerStars Hand #161308776284:  Hold'em Limit ($3/$6 USD) - 2016/11/12 17:38:50 ET
Table 'Decabrina' 6-max Seat #3 is the button
Seat 3: svin168 ($112.92 in chips)
Seat 5: GoliafUa ($75.04 in chips)
svin168: posts small blind $1
GoliafUa: posts big blind $3
*** HOLE CARDS ***
svin168: folds
Uncalled bet ($2) returned to GoliafUa
GoliafUa collected $2 from pot
GoliafUa: doesn't show hand
*** SUMMARY ***
Total pot $2 | Rake $0
Seat 3: svin168 (button) (small blind) folded before Flop
Seat 5: GoliafUa (big blind) collected ($2)


PokerStars Hand #161308767755:  Hold'em Limit ($3/$6 USD) - 2016/11/12 17:38:40 ET
Table 'Decabrina' 6-max Seat #5 is the button
Seat 3: svin168 ($118.92 in chips)
Seat 5: GoliafUa ($69.28 in chips)
GoliafUa: posts small blind $1
svin168: posts big blind $3
*** HOLE CARDS ***
GoliafUa: raises $3 to $6
svin168: calls $3
*** FLOP *** [Tc 5c 4s]
svin168: folds
GoliafUa collected $11.76 from pot
GoliafUa: doesn't show hand
*** SUMMARY ***
Total pot $12 | Rake $0.24
Board [Tc 5c 4s]
Seat 3: svin168 (big blind) folded on the Flop
Seat 5: GoliafUa (button) (small blind) collected ($11.76)


PokerStars Hand #161308780661:  Hold'em Limit ($3/$6 USD) - 2016/11/12 17:38:55 ET
Table 'Decabrina' 6-max Seat #5 is the button
Seat 3: svin168 ($111.92 in chips)
Seat 5: GoliafUa ($76.04 in chips)
GoliafUa: posts small blind $1
svin168: posts big blind $3
*** HOLE CARDS ***
GoliafUa: raises $3 to $6
svin168: calls $3
*** FLOP *** [Th Ts 2d]
svin168: bets $3
GoliafUa: calls $3
*** TURN *** [Th Ts 2d] [2s]
svin168: bets $6
GoliafUa: raises $6 to $12
svin168: folds
Uncalled bet ($6) returned to GoliafUa
GoliafUa collected $29.50 from pot
GoliafUa: doesn't show hand
*** SUMMARY ***
Total pot $30 | Rake $0.50
Board [Th Ts 2d 2s]
Seat 3: svin168 (big blind) folded on the Turn
Seat 5: GoliafUa (button) (small blind) collected ($29.50)


PokerStars Hand #161308840899:  Hold'em Limit ($3/$6 USD) - 2016/11/12 17:40:09 ET
Table 'Decabrina' 6-max Seat #5 is the button
Seat 3: svin168 ($108.18 in chips)
Seat 5: GoliafUa ($78.18 in chips)
GoliafUa: posts small blind $1
svin168: posts big blind $3
*** HOLE CARDS ***
GoliafUa: raises $3 to $6
svin168: folds
Uncalled bet ($3) returned to GoliafUa
GoliafUa collected $6 from pot
GoliafUa: doesn't show hand
*** SUMMARY ***
Total pot $6 | Rake $0
Seat 3: svin168 (big blind) folded before Flop
Seat 5: GoliafUa (button) (small blind) collected ($6)


PokerStars Hand #161308832149:  Hold'em Limit ($3/$6 USD) - 2016/11/12 17:39:58 ET
Table 'Decabrina' 6-max Seat #3 is the button
Seat 3: svin168 ($117.18 in chips)
Seat 5: GoliafUa ($69.54 in chips)
svin168: posts small blind $1
GoliafUa: posts big blind $3
*** HOLE CARDS ***
svin168: raises $3 to $6
GoliafUa: raises $3 to $9
svin168: calls $3
*** FLOP *** [9d 2c Ac]
GoliafUa: bets $3
svin168: folds
Uncalled bet ($3) returned to GoliafUa
GoliafUa collected $17.64 from pot
GoliafUa: doesn't show hand
*** SUMMARY ***
Total pot $18 | Rake $0.36
Board [9d 2c Ac]
Seat 3: svin168 (button) (small blind) folded on the Flop
Seat 5: GoliafUa (big blind) collected ($17.64)


PokerStars Hand #161308814016:  Hold'em Limit ($3/$6 USD) - 2016/11/12 17:39:36 ET
Table 'Decabrina' 6-max Seat #5 is the button
Seat 3: svin168 ($111.42 in chips)
Seat 5: GoliafUa ($75.54 in chips)
GoliafUa: posts small blind $1
svin168: posts big blind $3
*** HOLE CARDS ***
GoliafUa: raises $3 to $6
svin168: calls $3
*** FLOP *** [8h 9c 9h]
svin168: bets $3
GoliafUa: folds
Uncalled bet ($3) returned to svin168
svin168 collected $11.76 from pot
svin168: doesn't show hand
*** SUMMARY ***
Total pot $12 | Rake $0.24
Board [8h 9c 9h]
Seat 3: svin168 (big blind) collected ($11.76)
Seat 5: GoliafUa (button) (small blind) folded on the Flop


PokerStars Hand #161308793782:  Hold'em Limit ($3/$6 USD) - 2016/11/12 17:39:11 ET
Table 'Decabrina' 6-max Seat #3 is the button
Seat 3: svin168 ($96.92 in chips)
Seat 5: GoliafUa ($90.54 in chips)
svin168: posts small blind $1
GoliafUa: posts big blind $3
*** HOLE CARDS ***
svin168: raises $3 to $6
GoliafUa: calls $3
*** FLOP *** [7h 7c 4h]
GoliafUa: checks
svin168: bets $3
GoliafUa: calls $3
*** TURN *** [7h 7c 4h] [8s]
GoliafUa: checks
svin168: bets $6
GoliafUa: calls $6
*** RIVER *** [7h 7c 4h 8s] [Th]
GoliafUa: checks
svin168: bets $6
GoliafUa: folds
Uncalled bet ($6) returned to svin168
svin168 collected $29.50 from pot
svin168: doesn't show hand
*** SUMMARY ***
Total pot $30 | Rake $0.50
Board [7h 7c 4h 8s Th]
Seat 3: svin168 (button) (small blind) collected ($29.50)
Seat 5: GoliafUa (big blind) folded on the River


PokerStars Hand #161308845112:  Hold'em Limit ($3/$6 USD) - 2016/11/12 17:40:14 ET
Table 'Decabrina' 6-max Seat #3 is the button
Seat 3: svin168 ($105.18 in chips)
Seat 5: GoliafUa ($81.18 in chips)
svin168: posts small blind $1
GoliafUa: posts big blind $3
*** HOLE CARDS ***
svin168: folds
Uncalled bet ($2) returned to GoliafUa
GoliafUa collected $2 from pot
GoliafUa: doesn't show hand
*** SUMMARY ***
Total pot $2 | Rake $0
Seat 3: svin168 (button) (small blind) folded before Flop
Seat 5: GoliafUa (big blind) collected ($2)


PokerStars Hand #161308884837:  Hold'em Limit ($3/$6 USD) - 2016/11/12 17:40:52 ET
Table 'Decabrina' 6-max Seat #5 is the button
Seat 3: svin168 ($115.68 in chips)
Seat 5: GoliafUa ($129.68 in chips)
GoliafUa: posts small blind $1
svin168: posts big blind $3
*** HOLE CARDS ***
GoliafUa: raises $3 to $6
svin168: calls $3
*** FLOP *** [Kd 8s 5s]
svin168: folds
GoliafUa collected $11.76 from pot
GoliafUa: doesn't show hand
*** SUMMARY ***
Total pot $12 | Rake $0.24
Board [Kd 8s 5s]
Seat 3: svin168 (big blind) folded on the Flop
Seat 5: GoliafUa (button) (small blind) collected ($11.76)


PokerStars Hand #161308849670:  Hold'em Limit ($3/$6 USD) - 2016/11/12 17:40:20 ET
Table 'Decabrina' 6-max Seat #5 is the button
Seat 3: svin168 ($104.18 in chips)
Seat 5: GoliafUa ($82.18 in chips)
GoliafUa: posts small blind $1
svin168: posts big blind $3
*** HOLE CARDS ***
GoliafUa: raises $3 to $6
svin168: calls $3
*** FLOP *** [9d 4d 6c]
svin168: bets $3
GoliafUa: calls $3
*** TURN *** [9d 4d 6c] [8s]
svin168: bets $6
GoliafUa: raises $6 to $12
svin168: calls $6
*** RIVER *** [9d 4d 6c 8s] [Td]
svin168: bets $6
GoliafUa: calls $6
*** SHOW DOWN ***
svin168: shows [Th Kc] (a pair of Tens)
GoliafUa: mucks hand
svin168 collected $53.50 from pot
*** SUMMARY ***
Total pot $54 | Rake $0.50
Board [9d 4d 6c 8s Td]
Seat 3: svin168 (big blind) showed [Th Kc] and won ($53.50) with a pair of Tens
Seat 5: GoliafUa (button) (small blind) mucked


PokerStars Hand #161308897341:  Hold'em Limit ($3/$6 USD) - 2016/11/12 17:41:08 ET
Table 'Decabrina' 6-max Seat #3 is the button
Seat 3: svin168 ($109.68 in chips)
Seat 5: GoliafUa ($135.44 in chips)
svin168: posts small blind $1
GoliafUa: posts big blind $3
*** HOLE CARDS ***
svin168: raises $3 to $6
GoliafUa: calls $3
*** FLOP *** [2c Js Ks]
GoliafUa: checks
svin168: bets $3
GoliafUa: calls $3
*** TURN *** [2c Js Ks] [5c]
GoliafUa: checks
svin168: bets $6
GoliafUa: calls $6
*** RIVER *** [2c Js Ks 5c] [7d]
GoliafUa: checks
svin168: bets $6
GoliafUa: calls $6
*** SHOW DOWN ***
svin168: shows [Jd Ah] (a pair of Jacks)
GoliafUa: mucks hand
svin168 collected $41.50 from pot
*** SUMMARY ***
Total pot $42 | Rake $0.50
Board [2c Js Ks 5c 7d]
Seat 3: svin168 (button) (small blind) showed [Jd Ah] and won ($41.50) with a pair of Jacks
Seat 5: GoliafUa (big blind) mucked


PokerStars Hand #161308925558:  Hold'em Limit ($3/$6 USD) - 2016/11/12 17:41:42 ET
Table 'Decabrina' 6-max Seat #5 is the button
Seat 3: svin168 ($137.82 in chips)
Seat 5: GoliafUa ($106.44 in chips)
GoliafUa: posts small blind $1
svin168: posts big blind $3
*** HOLE CARDS ***
GoliafUa: raises $3 to $6
svin168: folds
Uncalled bet ($3) returned to GoliafUa
GoliafUa collected $6 from pot
GoliafUa: doesn't show hand
*** SUMMARY ***
Total pot $6 | Rake $0
Seat 3: svin168 (big blind) folded before Flop
Seat 5: GoliafUa (button) (small blind) collected ($6)


PokerStars Hand #161308929853:  Hold'em Limit ($3/$6 USD) - 2016/11/12 17:41:48 ET
Table 'Decabrina' 6-max Seat #3 is the button
Seat 3: svin168 ($134.82 in chips)
Seat 5: GoliafUa ($109.44 in chips)
svin168: posts small blind $1
GoliafUa: posts big blind $3
*** HOLE CARDS ***
svin168: raises $3 to $6
GoliafUa: calls $3
*** FLOP *** [7c 6s 6h]
GoliafUa: checks
svin168: bets $3
GoliafUa: calls $3
*** TURN *** [7c 6s 6h] [7s]
GoliafUa: checks
svin168: bets $6
GoliafUa: folds
Uncalled bet ($6) returned to svin168
manly70 joins the table at seat #6
svin168 collected $17.64 from pot
*** SUMMARY ***
Total pot $18 | Rake $0.36
Board [7c 6s 6h 7s]
Seat 3: svin168 (button) (small blind) collected ($17.64)
Seat 5: GoliafUa (big blind) folded on the Turn


PokerStars Hand #161308921780:  Hold'em Limit ($3/$6 USD) - 2016/11/12 17:41:38 ET
Table 'Decabrina' 6-max Seat #3 is the button
Seat 3: svin168 ($138.82 in chips)
Seat 5: GoliafUa ($105.44 in chips)
svin168: posts small blind $1
GoliafUa: posts big blind $3
*** HOLE CARDS ***
svin168: folds
Uncalled bet ($2) returned to GoliafUa
GoliafUa collected $2 from pot
GoliafUa: doesn't show hand
*** SUMMARY ***
Total pot $2 | Rake $0
Seat 3: svin168 (button) (small blind) folded before Flop
Seat 5: GoliafUa (big blind) collected ($2)


PokerStars Hand #161308910872:  Hold'em Limit ($3/$6 USD) - 2016/11/12 17:41:24 ET
Table 'Decabrina' 6-max Seat #5 is the button
Seat 3: svin168 ($130.18 in chips)
Seat 5: GoliafUa ($114.44 in chips)
GoliafUa: posts small blind $1
svin168: posts big blind $3
*** HOLE CARDS ***
GoliafUa: raises $3 to $6
svin168: calls $3
*** FLOP *** [4c 5h Qs]
svin168: bets $3
GoliafUa: calls $3
*** TURN *** [4c 5h Qs] [6c]
svin168: bets $6
GoliafUa: folds
Uncalled bet ($6) returned to svin168
svin168 collected $17.64 from pot
*** SUMMARY ***
Total pot $18 | Rake $0.36
Board [4c 5h Qs 6c]
Seat 3: svin168 (big blind) collected ($17.64)
Seat 5: GoliafUa (button) (small blind) folded on the Turn


