PokerStars Hand #150580656192:  Hold'em Limit ($3/$6 USD) - 2016/03/19 5:35:41 ET
Table 'Deflotte II' 6-max Seat #4 is the button
Seat 4: VolkovDmitri ($222.58 in chips)
Seat 6: kr.poker8029 ($49.21 in chips)
gabiruboy will be allowed to play after the button
VolkovDmitri: posts small blind $1
kr.poker8029: posts big blind $3
*** HOLE CARDS ***
VolkovDmitri: raises $3 to $6
kr.poker8029: calls $3
*** FLOP *** [Th 5h Ah]
kr.poker8029: checks
VolkovDmitri: bets $3
kr.poker8029: folds
Uncalled bet ($3) returned to VolkovDmitri
VolkovDmitri collected $11.76 from pot
VolkovDmitri: doesn't show hand
*** SUMMARY ***
Total pot $12 | Rake $0.24
Board [Th 5h Ah]
Seat 4: VolkovDmitri (button) (small blind) collected ($11.76)
Seat 6: kr.poker8029 (big blind) folded on the Flop


PokerStars Hand #150582488601:  Hold'em Limit ($3/$6 USD) - 2016/03/19 6:41:39 ET
Table 'Deflotte II' 6-max Seat #4 is the button
Seat 4: SmellyToes4u ($99.47 in chips)
Seat 6: kr.poker8029 ($275.78 in chips)
SmellyToes4u: posts small blind $1
kr.poker8029: posts big blind $3
*** HOLE CARDS ***
SmellyToes4u: raises $3 to $6
kr.poker8029: raises $3 to $9
SmellyToes4u: calls $3
*** FLOP *** [Ah 5d 6h]
kr.poker8029: bets $3
SmellyToes4u: calls $3
*** TURN *** [Ah 5d 6h] [4h]
kr.poker8029: bets $6
SmellyToes4u: raises $6 to $12
kr.poker8029: raises $6 to $18
SmellyToes4u: calls $6
*** RIVER *** [Ah 5d 6h 4h] [3s]
kr.poker8029: bets $6
SmellyToes4u: calls $6
*** SHOW DOWN ***
kr.poker8029: shows [6c 6s] (three of a kind, Sixes)
SmellyToes4u: mucks hand
kr.poker8029 collected $71.50 from pot
*** SUMMARY ***
Total pot $72 | Rake $0.50
Board [Ah 5d 6h 4h 3s]
Seat 4: SmellyToes4u (button) (small blind) mucked
Seat 6: kr.poker8029 (big blind) showed [6c 6s] and won ($71.50) with three of a kind, Sixes


PokerStars Hand #150582485822:  Hold'em Limit ($3/$6 USD) - 2016/03/19 6:41:33 ET
Table 'Deflotte II' 6-max Seat #6 is the button
Seat 4: SmellyToes4u ($98.47 in chips)
Seat 6: kr.poker8029 ($276.78 in chips)
kr.poker8029: posts small blind $1
pogi74: is sitting out
SmellyToes4u: posts big blind $3
*** HOLE CARDS ***
kr.poker8029: folds
Uncalled bet ($2) returned to SmellyToes4u
SmellyToes4u collected $2 from pot
SmellyToes4u: doesn't show hand
*** SUMMARY ***
Total pot $2 | Rake $0
Seat 4: SmellyToes4u (big blind) collected ($2)
Seat 6: kr.poker8029 (button) (small blind) folded before Flop


PokerStars Hand #150582505108:  Hold'em Limit ($3/$6 USD) - 2016/03/19 6:42:12 ET
Table 'Deflotte II' 6-max Seat #6 is the button
Seat 4: SmellyToes4u ($63.47 in chips)
Seat 6: kr.poker8029 ($311.28 in chips)
kr.poker8029: posts small blind $1
SmellyToes4u: posts big blind $3
*** HOLE CARDS ***
kr.poker8029: folds
Uncalled bet ($2) returned to SmellyToes4u
SmellyToes4u collected $2 from pot
SmellyToes4u: doesn't show hand
*** SUMMARY ***
Total pot $2 | Rake $0
Seat 4: SmellyToes4u (big blind) collected ($2)
Seat 6: kr.poker8029 (button) (small blind) folded before Flop


PokerStars Hand #150582531538:  Hold'em Limit ($3/$6 USD) - 2016/03/19 6:43:04 ET
Table 'Deflotte II' 6-max Seat #6 is the button
Seat 4: SmellyToes4u ($79.87 in chips)
Seat 6: kr.poker8029 ($294.28 in chips)
kr.poker8029: posts small blind $1
SmellyToes4u: posts big blind $3
*** HOLE CARDS ***
kr.poker8029: folds
Uncalled bet ($2) returned to SmellyToes4u
SmellyToes4u collected $2 from pot
SmellyToes4u: doesn't show hand
*** SUMMARY ***
Total pot $2 | Rake $0
Seat 4: SmellyToes4u (big blind) collected ($2)
Seat 6: kr.poker8029 (button) (small blind) folded before Flop


PokerStars Hand #150582517895:  Hold'em Limit ($3/$6 USD) - 2016/03/19 6:42:37 ET
Table 'Deflotte II' 6-max Seat #6 is the button
Seat 4: SmellyToes4u ($70.23 in chips)
Seat 6: kr.poker8029 ($304.28 in chips)
kr.poker8029: posts small blind $1
SmellyToes4u: posts big blind $3
*** HOLE CARDS ***
kr.poker8029: folds
Uncalled bet ($2) returned to SmellyToes4u
SmellyToes4u collected $2 from pot
SmellyToes4u: doesn't show hand
*** SUMMARY ***
Total pot $2 | Rake $0
Seat 4: SmellyToes4u (big blind) collected ($2)
Seat 6: kr.poker8029 (button) (small blind) folded before Flop


PokerStars Hand #150582508079:  Hold'em Limit ($3/$6 USD) - 2016/03/19 6:42:18 ET
Table 'Deflotte II' 6-max Seat #4 is the button
Seat 4: SmellyToes4u ($64.47 in chips)
Seat 6: kr.poker8029 ($310.28 in chips)
SmellyToes4u: posts small blind $1
kr.poker8029: posts big blind $3
*** HOLE CARDS ***
SmellyToes4u: raises $3 to $6
kr.poker8029: calls $3
*** FLOP *** [Qs Ad 6s]
kr.poker8029: checks
SmellyToes4u: bets $3
kr.poker8029: folds
Uncalled bet ($3) returned to SmellyToes4u
SmellyToes4u collected $11.76 from pot
SmellyToes4u: doesn't show hand
*** SUMMARY ***
Total pot $12 | Rake $0.24
Board [Qs Ad 6s]
Seat 4: SmellyToes4u (button) (small blind) collected ($11.76)
Seat 6: kr.poker8029 (big blind) folded on the Flop


PokerStars Hand #150582546020:  Hold'em Limit ($3/$6 USD) - 2016/03/19 6:43:33 ET
Table 'Deflotte II' 6-max Seat #6 is the button
Seat 4: SmellyToes4u ($89.51 in chips)
Seat 6: kr.poker8029 ($284.28 in chips)
kr.poker8029: posts small blind $1
SmellyToes4u: posts big blind $3
*** HOLE CARDS ***
kr.poker8029: folds
Uncalled bet ($2) returned to SmellyToes4u
SmellyToes4u collected $2 from pot
SmellyToes4u: doesn't show hand
*** SUMMARY ***
Total pot $2 | Rake $0
Seat 4: SmellyToes4u (big blind) collected ($2)
Seat 6: kr.poker8029 (button) (small blind) folded before Flop


PokerStars Hand #150582570361:  Hold'em Limit ($3/$6 USD) - 2016/03/19 6:44:21 ET
Table 'Deflotte II' 6-max Seat #3 is the button
Seat 3: xcgxcg2005 ($102 in chips)
Seat 4: SmellyToes4u ($108.01 in chips)
xcgxcg2005: posts small blind $1
SmellyToes4u: posts big blind $3
*** HOLE CARDS ***
xcgxcg2005: folds
Uncalled bet ($2) returned to SmellyToes4u
SmellyToes4u collected $2 from pot
SmellyToes4u: doesn't show hand
*** SUMMARY ***
Total pot $2 | Rake $0
Seat 3: xcgxcg2005 (button) (small blind) folded before Flop
Seat 4: SmellyToes4u (big blind) collected ($2)


PokerStars Hand #150582583683:  Hold'em Limit ($3/$6 USD) - 2016/03/19 6:44:48 ET
Table 'Deflotte II' 6-max Seat #3 is the button
Seat 3: xcgxcg2005 ($89 in chips)
Seat 4: SmellyToes4u ($120.53 in chips)
xcgxcg2005: posts small blind $1
SmellyToes4u: posts big blind $3
*** HOLE CARDS ***
xcgxcg2005: folds
Uncalled bet ($2) returned to SmellyToes4u
SmellyToes4u collected $2 from pot
SmellyToes4u: doesn't show hand
*** SUMMARY ***
Total pot $2 | Rake $0
Seat 3: xcgxcg2005 (button) (small blind) folded before Flop
Seat 4: SmellyToes4u (big blind) collected ($2)


PokerStars Hand #150582572867:  Hold'em Limit ($3/$6 USD) - 2016/03/19 6:44:26 ET
Table 'Deflotte II' 6-max Seat #4 is the button
Seat 3: xcgxcg2005 ($101 in chips)
Seat 4: SmellyToes4u ($109.01 in chips)
SmellyToes4u: posts small blind $1
xcgxcg2005: posts big blind $3
*** HOLE CARDS ***
SmellyToes4u: raises $3 to $6
xcgxcg2005: raises $3 to $9
SmellyToes4u: calls $3
*** FLOP *** [Td 8c As]
xcgxcg2005: bets $3
SmellyToes4u: calls $3
*** TURN *** [Td 8c As] [Qh]
xcgxcg2005: checks
SmellyToes4u: bets $6
xcgxcg2005: folds
Uncalled bet ($6) returned to SmellyToes4u
SmellyToes4u collected $23.52 from pot
SmellyToes4u: doesn't show hand
*** SUMMARY ***
Total pot $24 | Rake $0.48
Board [Td 8c As Qh]
Seat 3: xcgxcg2005 (big blind) folded on the Turn
Seat 4: SmellyToes4u (button) (small blind) collected ($23.52)


PokerStars Hand #150582557398:  Hold'em Limit ($3/$6 USD) - 2016/03/19 6:43:55 ET
Table 'Deflotte II' 6-max Seat #4 is the button
Seat 3: xcgxcg2005 ($120 in chips)
Seat 4: SmellyToes4u ($90.51 in chips)
SmellyToes4u: posts small blind $1
xcgxcg2005: posts big blind $3
*** HOLE CARDS ***
SmellyToes4u: raises $3 to $6
xcgxcg2005: calls $3
*** FLOP *** [3c Js 6c]
xcgxcg2005: checks
SmellyToes4u: bets $3
xcgxcg2005: raises $3 to $6
SmellyToes4u: calls $3
*** TURN *** [3c Js 6c] [Tc]
xcgxcg2005: bets $6
SmellyToes4u: calls $6
*** RIVER *** [3c Js 6c Tc] [8c]
xcgxcg2005: checks
SmellyToes4u: checks
*** SHOW DOWN ***
xcgxcg2005: shows [7d 5d] (high card Jack)
SmellyToes4u: shows [9d Jd] (a pair of Jacks)
SmellyToes4u collected $35.50 from pot
*** SUMMARY ***
Total pot $36 | Rake $0.50
Board [3c Js 6c Tc 8c]
Seat 3: xcgxcg2005 (big blind) showed [7d 5d] and lost with high card Jack
Seat 4: SmellyToes4u (button) (small blind) showed [9d Jd] and won ($35.50) with a pair of Jacks


PokerStars Hand #150583329401:  Hold'em Limit ($3/$6 USD) - 2016/03/19 7:09:51 ET
Table 'Deflotte II' 6-max Seat #5 is the button
Seat 2: masterblstr8 ($113.64 in chips)
Seat 5: parnishka11 ($74.16 in chips)
parnishka11: posts small blind $1
pogi74: is sitting out
masterblstr8: posts big blind $3
*** HOLE CARDS ***
parnishka11: raises $3 to $6
masterblstr8: calls $3
*** FLOP *** [Ad 7c 3h]
SmellyToes4u leaves the table
pogi74 leaves the table
masterblstr8: checks
parnishka11: bets $3
masterblstr8: raises $3 to $6
parnishka11: raises $3 to $9
masterblstr8: raises $3 to $12
Betting is capped
parnishka11: calls $3
*** TURN *** [Ad 7c 3h] [Jh]
masterblstr8: bets $6
parnishka11: calls $6
*** RIVER *** [Ad 7c 3h Jh] [4d]
masterblstr8: bets $6
parnishka11: calls $6
*** SHOW DOWN ***
masterblstr8: shows [As 3d] (two pair, Aces and Threes)
parnishka11: mucks hand
masterblstr8 collected $59.50 from pot
*** SUMMARY ***
Total pot $60 | Rake $0.50
Board [Ad 7c 3h Jh 4d]
Seat 2: masterblstr8 (big blind) showed [As 3d] and won ($59.50) with two pair, Aces and Threes
Seat 5: parnishka11 (button) (small blind) mucked


