PokerStars Hand #145558390256:  Hold'em Limit ($3/$6 USD) - 2015/12/18 19:38:32 ET
Table 'Deikoon II' 2-max Seat #2 is the button
Seat 1: LifeisagameX ($73.50 in chips)
Seat 2: minigus575 ($120 in chips)
minigus575: posts small blind $1
LifeisagameX: posts big blind $3
*** HOLE CARDS ***
minigus575: raises $3 to $6
LifeisagameX: raises $3 to $9
minigus575: calls $3
*** FLOP *** [7c 3s 8h]
LifeisagameX: bets $3
minigus575: raises $3 to $6
LifeisagameX: calls $3
*** TURN *** [7c 3s 8h] [5d]
LifeisagameX: checks
minigus575: bets $6
LifeisagameX: folds
Uncalled bet ($6) returned to minigus575
minigus575 collected $29.50 from pot
minigus575: doesn't show hand
*** SUMMARY ***
Total pot $30 | Rake $0.50
Board [7c 3s 8h 5d]
Seat 1: LifeisagameX (big blind) folded on the Turn
Seat 2: minigus575 (button) (small blind) collected ($29.50)


PokerStars Hand #145558453491:  Hold'em Limit ($3/$6 USD) - 2015/12/18 19:40:15 ET
Table 'Deikoon II' 2-max Seat #2 is the button
Seat 1: LifeisagameX ($79 in chips)
Seat 2: minigus575 ($113.50 in chips)
minigus575: posts small blind $1
LifeisagameX: posts big blind $3
*** HOLE CARDS ***
minigus575: raises $3 to $6
LifeisagameX: raises $3 to $9
minigus575: calls $3
*** FLOP *** [5s 9h 6c]
LifeisagameX: bets $3
minigus575: calls $3
*** TURN *** [5s 9h 6c] [Jc]
LifeisagameX: checks
minigus575: bets $6
LifeisagameX: calls $6
*** RIVER *** [5s 9h 6c Jc] [As]
LifeisagameX: checks
minigus575: bets $6
LifeisagameX: calls $6
*** SHOW DOWN ***
minigus575: shows [4c 2d] (high card Ace)
LifeisagameX: shows [8d 5d] (a pair of Fives)
LifeisagameX collected $47.50 from pot
*** SUMMARY ***
Total pot $48 | Rake $0.50
Board [5s 9h 6c Jc As]
Seat 1: LifeisagameX (big blind) showed [8d 5d] and won ($47.50) with a pair of Fives
Seat 2: minigus575 (button) (small blind) showed [4c 2d] and lost with high card Ace


PokerStars Hand #145558424951:  Hold'em Limit ($3/$6 USD) - 2015/12/18 19:39:28 ET
Table 'Deikoon II' 2-max Seat #1 is the button
Seat 1: LifeisagameX ($58.50 in chips)
Seat 2: minigus575 ($134.50 in chips)
LifeisagameX: posts small blind $1
minigus575: posts big blind $3
*** HOLE CARDS ***
LifeisagameX: raises $3 to $6
minigus575: raises $3 to $9
LifeisagameX: calls $3
*** FLOP *** [7h 5d 2h]
minigus575: bets $3
LifeisagameX: raises $3 to $6
minigus575: calls $3
*** TURN *** [7h 5d 2h] [9c]
minigus575: checks
LifeisagameX: bets $6
minigus575: calls $6
*** RIVER *** [7h 5d 2h 9c] [4d]
minigus575: checks
LifeisagameX: bets $6
minigus575: folds
Uncalled bet ($6) returned to LifeisagameX
LifeisagameX collected $41.50 from pot
LifeisagameX: doesn't show hand
*** SUMMARY ***
Total pot $42 | Rake $0.50
Board [7h 5d 2h 9c 4d]
Seat 1: LifeisagameX (button) (small blind) collected ($41.50)
Seat 2: minigus575 (big blind) folded on the River


PokerStars Hand #145558476179:  Hold'em Limit ($3/$6 USD) - 2015/12/18 19:40:52 ET
Table 'Deikoon II' 2-max Seat #1 is the button
Seat 1: LifeisagameX ($102.50 in chips)
Seat 2: minigus575 ($89.50 in chips)
LifeisagameX: posts small blind $1
minigus575: posts big blind $3
*** HOLE CARDS ***
LifeisagameX: raises $3 to $6
minigus575: raises $3 to $9
LifeisagameX: calls $3
*** FLOP *** [2d 9c 7h]
minigus575: bets $3
LifeisagameX: calls $3
*** TURN *** [2d 9c 7h] [4c]
minigus575: checks
LifeisagameX: checks
*** RIVER *** [2d 9c 7h 4c] [7d]
minigus575: bets $6
LifeisagameX: calls $6
*** SHOW DOWN ***
minigus575: shows [8h 9d] (two pair, Nines and Sevens)
LifeisagameX: mucks hand
minigus575 collected $35.50 from pot
*** SUMMARY ***
Total pot $36 | Rake $0.50
Board [2d 9c 7h 4c 7d]
Seat 1: LifeisagameX (button) (small blind) mucked
Seat 2: minigus575 (big blind) showed [8h 9d] and won ($35.50) with two pair, Nines and Sevens


PokerStars Hand #145558501319:  Hold'em Limit ($3/$6 USD) - 2015/12/18 19:41:33 ET
Table 'Deikoon II' 2-max Seat #2 is the button
Seat 1: LifeisagameX ($84.50 in chips)
Seat 2: minigus575 ($107 in chips)
minigus575: posts small blind $1
LifeisagameX: posts big blind $3
*** HOLE CARDS ***
minigus575: raises $3 to $6
LifeisagameX: calls $3
*** FLOP *** [6d 6h 6s]
LifeisagameX: checks
minigus575: bets $3
LifeisagameX: calls $3
*** TURN *** [6d 6h 6s] [9c]
LifeisagameX: checks
minigus575: bets $6
LifeisagameX: calls $6
*** RIVER *** [6d 6h 6s 9c] [2s]
LifeisagameX: checks
minigus575: bets $6
LifeisagameX: folds
Uncalled bet ($6) returned to minigus575
minigus575 collected $29.50 from pot
minigus575: doesn't show hand
*** SUMMARY ***
Total pot $30 | Rake $0.50
Board [6d 6h 6s 9c 2s]
Seat 1: LifeisagameX (big blind) folded on the River
Seat 2: minigus575 (button) (small blind) collected ($29.50)


PokerStars Hand #145558551869:  Hold'em Limit ($3/$6 USD) - 2015/12/18 19:42:57 ET
Table 'Deikoon II' 2-max Seat #1 is the button
Seat 1: LifeisagameX ($69.50 in chips)
Seat 2: minigus575 ($121.50 in chips)
LifeisagameX: posts small blind $1
minigus575: posts big blind $3
*** HOLE CARDS ***
LifeisagameX: raises $3 to $6
minigus575: calls $3
*** FLOP *** [Kd 6h Qh]
minigus575: checks
LifeisagameX: bets $3
minigus575: raises $3 to $6
LifeisagameX: calls $3
*** TURN *** [Kd 6h Qh] [As]
minigus575: bets $6
LifeisagameX: raises $6 to $12
minigus575: folds
Uncalled bet ($6) returned to LifeisagameX
LifeisagameX collected $35.50 from pot
LifeisagameX: doesn't show hand
*** SUMMARY ***
Total pot $36 | Rake $0.50
Board [Kd 6h Qh As]
Seat 1: LifeisagameX (button) (small blind) collected ($35.50)
Seat 2: minigus575 (big blind) folded on the Turn


PokerStars Hand #145558613264:  Hold'em Limit ($3/$6 USD) - 2015/12/18 19:44:38 ET
Table 'Deikoon II' 2-max Seat #1 is the button
Seat 1: LifeisagameX ($110.50 in chips)
Seat 2: minigus575 ($79.50 in chips)
LifeisagameX: posts small blind $1
minigus575: posts big blind $3
*** HOLE CARDS ***
LifeisagameX: raises $3 to $6
minigus575: folds
Uncalled bet ($3) returned to LifeisagameX
LifeisagameX collected $6 from pot
LifeisagameX: doesn't show hand
*** SUMMARY ***
Total pot $6 | Rake $0
Seat 1: LifeisagameX (button) (small blind) collected ($6)
Seat 2: minigus575 (big blind) folded before Flop


PokerStars Hand #145558580836:  Hold'em Limit ($3/$6 USD) - 2015/12/18 19:43:45 ET
Table 'Deikoon II' 2-max Seat #2 is the button
Seat 1: LifeisagameX ($87 in chips)
Seat 2: minigus575 ($103.50 in chips)
minigus575: posts small blind $1
LifeisagameX: posts big blind $3
*** HOLE CARDS ***
minigus575: raises $3 to $6
LifeisagameX: calls $3
*** FLOP *** [As 2d Js]
LifeisagameX has timed out
LifeisagameX: checks
minigus575: bets $3
LifeisagameX: raises $3 to $6
minigus575: calls $3
*** TURN *** [As 2d Js] [8s]
LifeisagameX: bets $6
minigus575: calls $6
*** RIVER *** [As 2d Js 8s] [Jd]
LifeisagameX: bets $6
minigus575: calls $6
*** SHOW DOWN ***
LifeisagameX: shows [Td Jh] (three of a kind, Jacks)
minigus575: mucks hand
LifeisagameX collected $47.50 from pot
*** SUMMARY ***
Total pot $48 | Rake $0.50
Board [As 2d Js 8s Jd]
Seat 1: LifeisagameX (big blind) showed [Td Jh] and won ($47.50) with three of a kind, Jacks
Seat 2: minigus575 (button) (small blind) mucked


PokerStars Hand #145558646316:  Hold'em Limit ($3/$6 USD) - 2015/12/18 19:45:32 ET
Table 'Deikoon II' 2-max Seat #2 is the button
Seat 1: LifeisagameX ($80.50 in chips)
Seat 2: minigus575 ($108.64 in chips)
minigus575: posts small blind $1
LifeisagameX: posts big blind $3
*** HOLE CARDS ***
minigus575: raises $3 to $6
LifeisagameX: calls $3
*** FLOP *** [2s 5d Kd]
LifeisagameX: checks
minigus575: bets $3
LifeisagameX: folds
Uncalled bet ($3) returned to minigus575
minigus575 collected $11.76 from pot
minigus575: doesn't show hand
*** SUMMARY ***
Total pot $12 | Rake $0.24
Board [2s 5d Kd]
Seat 1: LifeisagameX (big blind) folded on the Flop
Seat 2: minigus575 (button) (small blind) collected ($11.76)


PokerStars Hand #145558636091:  Hold'em Limit ($3/$6 USD) - 2015/12/18 19:45:15 ET
Table 'Deikoon II' 2-max Seat #1 is the button
Seat 1: LifeisagameX ($89.50 in chips)
Seat 2: minigus575 ($100 in chips)
LifeisagameX: posts small blind $1
minigus575: posts big blind $3
*** HOLE CARDS ***
LifeisagameX: raises $3 to $6
minigus575: raises $3 to $9
LifeisagameX: calls $3
*** FLOP *** [Jd Kc Th]
minigus575: bets $3
LifeisagameX: folds
Uncalled bet ($3) returned to minigus575
minigus575 collected $17.64 from pot
minigus575: doesn't show hand
*** SUMMARY ***
Total pot $18 | Rake $0.36
Board [Jd Kc Th]
Seat 1: LifeisagameX (button) (small blind) folded on the Flop
Seat 2: minigus575 (big blind) collected ($17.64)


PokerStars Hand #145558616659:  Hold'em Limit ($3/$6 USD) - 2015/12/18 19:44:44 ET
Table 'Deikoon II' 2-max Seat #2 is the button
Seat 1: LifeisagameX ($113.50 in chips)
Seat 2: minigus575 ($76.50 in chips)
minigus575: posts small blind $1
LifeisagameX: posts big blind $3
*** HOLE CARDS ***
minigus575: raises $3 to $6
LifeisagameX: raises $3 to $9
minigus575: calls $3
*** FLOP *** [5d Qs 7d]
LifeisagameX: bets $3
minigus575: calls $3
*** TURN *** [5d Qs 7d] [6s]
LifeisagameX: checks
minigus575: bets $6
LifeisagameX: calls $6
*** RIVER *** [5d Qs 7d 6s] [Jc]
LifeisagameX: checks
minigus575: bets $6
LifeisagameX: calls $6
*** SHOW DOWN ***
minigus575: shows [7h Kd] (a pair of Sevens)
LifeisagameX: mucks hand
minigus575 collected $47.50 from pot
*** SUMMARY ***
Total pot $48 | Rake $0.50
Board [5d Qs 7d 6s Jc]
Seat 1: LifeisagameX (big blind) mucked
Seat 2: minigus575 (button) (small blind) showed [7h Kd] and won ($47.50) with a pair of Sevens


PokerStars Hand #145558688446:  Hold'em Limit ($3/$6 USD) - 2015/12/18 19:46:42 ET
Table 'Deikoon II' 2-max Seat #1 is the button
Seat 1: LifeisagameX ($68 in chips)
Seat 2: minigus575 ($119.90 in chips)
LifeisagameX: posts small blind $1
minigus575: posts big blind $3
*** HOLE CARDS ***
LifeisagameX: raises $3 to $6
minigus575: raises $3 to $9
LifeisagameX: calls $3
*** FLOP *** [5d 5s 9d]
minigus575: bets $3
LifeisagameX: calls $3
*** TURN *** [5d 5s 9d] [Qc]
minigus575: bets $6
LifeisagameX: folds
Uncalled bet ($6) returned to minigus575
minigus575 collected $23.52 from pot
minigus575: doesn't show hand
*** SUMMARY ***
Total pot $24 | Rake $0.48
Board [5d 5s 9d Qc]
Seat 1: LifeisagameX (button) (small blind) folded on the Turn
Seat 2: minigus575 (big blind) collected ($23.52)


PokerStars Hand #145558674213:  Hold'em Limit ($3/$6 USD) - 2015/12/18 19:46:18 ET
Table 'Deikoon II' 2-max Seat #2 is the button
Seat 1: LifeisagameX ($50.50 in chips)
Seat 2: minigus575 ($137.90 in chips)
minigus575: posts small blind $1
LifeisagameX: posts big blind $3
*** HOLE CARDS ***
minigus575: raises $3 to $6
LifeisagameX: raises $3 to $9
minigus575: calls $3
*** FLOP *** [Jh Qs 7c]
LifeisagameX: bets $3
minigus575: calls $3
*** TURN *** [Jh Qs 7c] [8c]
LifeisagameX: checks
minigus575: checks
*** RIVER *** [Jh Qs 7c 8c] [Jd]
LifeisagameX: bets $6
minigus575: calls $6
*** SHOW DOWN ***
LifeisagameX: shows [Qc As] (two pair, Queens and Jacks)
minigus575: mucks hand
LifeisagameX collected $35.50 from pot
*** SUMMARY ***
Total pot $36 | Rake $0.50
Board [Jh Qs 7c 8c Jd]
Seat 1: LifeisagameX (big blind) showed [Qc As] and won ($35.50) with two pair, Queens and Jacks
Seat 2: minigus575 (button) (small blind) mucked


PokerStars Hand #145558657841:  Hold'em Limit ($3/$6 USD) - 2015/12/18 19:45:51 ET
Table 'Deikoon II' 2-max Seat #1 is the button
Seat 1: LifeisagameX ($74.50 in chips)
Seat 2: minigus575 ($114.40 in chips)
LifeisagameX: posts small blind $1
minigus575: posts big blind $3
*** HOLE CARDS ***
LifeisagameX: raises $3 to $6
minigus575: raises $3 to $9
LifeisagameX: calls $3
*** FLOP *** [7s Kc 7d]
minigus575: bets $3
LifeisagameX: calls $3
*** TURN *** [7s Kc 7d] [8h]
minigus575: bets $6
LifeisagameX: raises $6 to $12
minigus575: calls $6
*** RIVER *** [7s Kc 7d 8h] [3c]
minigus575: checks
LifeisagameX: checks
*** SHOW DOWN ***
minigus575: shows [9h 9c] (two pair, Nines and Sevens)
LifeisagameX: mucks hand
minigus575 collected $47.50 from pot
*** SUMMARY ***
Total pot $48 | Rake $0.50
Board [7s Kc 7d 8h 3c]
Seat 1: LifeisagameX (button) (small blind) mucked
Seat 2: minigus575 (big blind) showed [9h 9c] and won ($47.50) with two pair, Nines and Sevens


PokerStars Hand #145558735100:  Hold'em Limit ($3/$6 USD) - 2015/12/18 19:48:00 ET
Table 'Deikoon II' 2-max Seat #2 is the button
Seat 1: LifeisagameX ($66.28 in chips)
Seat 2: minigus575 ($120.18 in chips)
minigus575: posts small blind $1
LifeisagameX: posts big blind $3
*** HOLE CARDS ***
minigus575: folds
Uncalled bet ($2) returned to LifeisagameX
LifeisagameX collected $2 from pot
LifeisagameX: doesn't show hand
*** SUMMARY ***
Total pot $2 | Rake $0
Seat 1: LifeisagameX (big blind) collected ($2)
Seat 2: minigus575 (button) (small blind) folded before Flop


PokerStars Hand #145558723158:  Hold'em Limit ($3/$6 USD) - 2015/12/18 19:47:40 ET
Table 'Deikoon II' 2-max Seat #1 is the button
Seat 1: LifeisagameX ($57.64 in chips)
Seat 2: minigus575 ($129.18 in chips)
LifeisagameX: posts small blind $1
minigus575: posts big blind $3
*** HOLE CARDS ***
LifeisagameX: raises $3 to $6
minigus575: calls $3
*** FLOP *** [2c Jh 5h]
minigus575: checks
LifeisagameX: bets $3
minigus575: calls $3
*** TURN *** [2c Jh 5h] [Th]
minigus575: checks
LifeisagameX: bets $6
minigus575: folds
Uncalled bet ($6) returned to LifeisagameX
LifeisagameX collected $17.64 from pot
LifeisagameX: doesn't show hand
*** SUMMARY ***
Total pot $18 | Rake $0.36
Board [2c Jh 5h Th]
Seat 1: LifeisagameX (button) (small blind) collected ($17.64)
Seat 2: minigus575 (big blind) folded on the Turn


PokerStars Hand #145558710028:  Hold'em Limit ($3/$6 USD) - 2015/12/18 19:47:18 ET
Table 'Deikoon II' 2-max Seat #2 is the button
Seat 1: LifeisagameX ($49 in chips)
Seat 2: minigus575 ($138.18 in chips)
minigus575: posts small blind $1
LifeisagameX: posts big blind $3
*** HOLE CARDS ***
minigus575: raises $3 to $6
LifeisagameX: calls $3
*** FLOP *** [8d Ad 2s]
LifeisagameX: checks
minigus575: bets $3
LifeisagameX: calls $3
*** TURN *** [8d Ad 2s] [5s]
LifeisagameX: checks
minigus575: checks
*** RIVER *** [8d Ad 2s 5s] [4h]
LifeisagameX: bets $6
minigus575: folds
Uncalled bet ($6) returned to LifeisagameX
LifeisagameX collected $17.64 from pot
LifeisagameX: doesn't show hand
*** SUMMARY ***
Total pot $18 | Rake $0.36
Board [8d Ad 2s 5s 4h]
Seat 1: LifeisagameX (big blind) collected ($17.64)
Seat 2: minigus575 (button) (small blind) folded on the River


PokerStars Hand #145558706305:  Hold'em Limit ($3/$6 USD) - 2015/12/18 19:47:12 ET
Table 'Deikoon II' 2-max Seat #1 is the button
Seat 1: LifeisagameX ($50 in chips)
Seat 2: minigus575 ($137.18 in chips)
LifeisagameX: posts small blind $1
minigus575: posts big blind $3
*** HOLE CARDS ***
LifeisagameX: folds
Uncalled bet ($2) returned to minigus575
minigus575 collected $2 from pot
minigus575: doesn't show hand
*** SUMMARY ***
Total pot $2 | Rake $0
Seat 1: LifeisagameX (button) (small blind) folded before Flop
Seat 2: minigus575 (big blind) collected ($2)


PokerStars Hand #145558699119:  Hold'em Limit ($3/$6 USD) - 2015/12/18 19:47:00 ET
Table 'Deikoon II' 2-max Seat #2 is the button
Seat 1: LifeisagameX ($56 in chips)
Seat 2: minigus575 ($131.42 in chips)
minigus575: posts small blind $1
LifeisagameX: posts big blind $3
*** HOLE CARDS ***
minigus575: raises $3 to $6
LifeisagameX: calls $3
*** FLOP *** [Kd 9c 7d]
LifeisagameX: checks
minigus575: bets $3
LifeisagameX: folds
Uncalled bet ($3) returned to minigus575
minigus575 collected $11.76 from pot
minigus575: doesn't show hand
*** SUMMARY ***
Total pot $12 | Rake $0.24
Board [Kd 9c 7d]
Seat 1: LifeisagameX (big blind) folded on the Flop
Seat 2: minigus575 (button) (small blind) collected ($11.76)


PokerStars Hand #145558758030:  Hold'em Limit ($3/$6 USD) - 2015/12/18 19:48:38 ET
Table 'Deikoon II' 2-max Seat #2 is the button
Seat 1: LifeisagameX ($55.28 in chips)
Seat 2: minigus575 ($130.70 in chips)
minigus575: posts small blind $1
LifeisagameX: posts big blind $3
*** HOLE CARDS ***
minigus575: raises $3 to $6
LifeisagameX: calls $3
*** FLOP *** [Th Qc 5h]
LifeisagameX: checks
minigus575: bets $3
LifeisagameX: raises $3 to $6
minigus575: calls $3
*** TURN *** [Th Qc 5h] [7c]
LifeisagameX: checks
minigus575: checks
*** RIVER *** [Th Qc 5h 7c] [9c]
LifeisagameX: bets $6
minigus575: calls $6
*** SHOW DOWN ***
LifeisagameX: shows [9d Ah] (a pair of Nines)
minigus575: mucks hand
LifeisagameX collected $35.50 from pot
*** SUMMARY ***
Total pot $36 | Rake $0.50
Board [Th Qc 5h 7c 9c]
Seat 1: LifeisagameX (big blind) showed [9d Ah] and won ($35.50) with a pair of Nines
Seat 2: minigus575 (button) (small blind) mucked


PokerStars Hand #145558754152:  Hold'em Limit ($3/$6 USD) - 2015/12/18 19:48:32 ET
Table 'Deikoon II' 2-max Seat #1 is the button
Seat 1: LifeisagameX ($52.28 in chips)
Seat 2: minigus575 ($133.70 in chips)
LifeisagameX: posts small blind $1
minigus575: posts big blind $3
*** HOLE CARDS ***
LifeisagameX: raises $3 to $6
minigus575: folds
Uncalled bet ($3) returned to LifeisagameX
LifeisagameX collected $6 from pot
LifeisagameX: doesn't show hand
*** SUMMARY ***
Total pot $6 | Rake $0
Seat 1: LifeisagameX (button) (small blind) collected ($6)
Seat 2: minigus575 (big blind) folded before Flop


PokerStars Hand #145558749259:  Hold'em Limit ($3/$6 USD) - 2015/12/18 19:48:23 ET
Table 'Deikoon II' 2-max Seat #2 is the button
Seat 1: LifeisagameX ($55.28 in chips)
Seat 2: minigus575 ($130.70 in chips)
minigus575: posts small blind $1
LifeisagameX: posts big blind $3
*** HOLE CARDS ***
minigus575: raises $3 to $6
LifeisagameX: folds
Uncalled bet ($3) returned to minigus575
minigus575 collected $6 from pot
minigus575: doesn't show hand
*** SUMMARY ***
Total pot $6 | Rake $0
Seat 1: LifeisagameX (big blind) folded before Flop
Seat 2: minigus575 (button) (small blind) collected ($6)


PokerStars Hand #145558738125:  Hold'em Limit ($3/$6 USD) - 2015/12/18 19:48:05 ET
Table 'Deikoon II' 2-max Seat #1 is the button
Seat 1: LifeisagameX ($67.28 in chips)
Seat 2: minigus575 ($119.18 in chips)
LifeisagameX: posts small blind $1
minigus575: posts big blind $3
*** HOLE CARDS ***
LifeisagameX: raises $3 to $6
minigus575: raises $3 to $9
LifeisagameX: calls $3
*** FLOP *** [8d Js 7d]
minigus575: bets $3
LifeisagameX: calls $3
*** TURN *** [8d Js 7d] [7s]
minigus575: bets $6
LifeisagameX: folds
Uncalled bet ($6) returned to minigus575
minigus575 collected $23.52 from pot
minigus575: doesn't show hand
*** SUMMARY ***
Total pot $24 | Rake $0.48
Board [8d Js 7d 7s]
Seat 1: LifeisagameX (button) (small blind) folded on the Turn
Seat 2: minigus575 (big blind) collected ($23.52)


PokerStars Hand #145558774923:  Hold'em Limit ($3/$6 USD) - 2015/12/18 19:49:06 ET
Table 'Deikoon II' 2-max Seat #1 is the button
Seat 1: LifeisagameX ($72.78 in chips)
Seat 2: minigus575 ($112.70 in chips)
LifeisagameX: posts small blind $1
minigus575: posts big blind $3
*** HOLE CARDS ***
LifeisagameX: raises $3 to $6
minigus575: calls $3
*** FLOP *** [6h 7s 8c]
minigus575: checks
LifeisagameX: bets $3
minigus575: raises $3 to $6
LifeisagameX: calls $3
*** TURN *** [6h 7s 8c] [3c]
minigus575: checks
LifeisagameX: bets $6
minigus575: folds
Uncalled bet ($6) returned to LifeisagameX
LifeisagameX collected $23.52 from pot
LifeisagameX: doesn't show hand
*** SUMMARY ***
Total pot $24 | Rake $0.48
Board [6h 7s 8c 3c]
Seat 1: LifeisagameX (button) (small blind) collected ($23.52)
Seat 2: minigus575 (big blind) folded on the Turn


PokerStars Hand #145558789556:  Hold'em Limit ($3/$6 USD) - 2015/12/18 19:49:31 ET
Table 'Deikoon II' 2-max Seat #2 is the button
Seat 1: LifeisagameX ($84.30 in chips)
Seat 2: minigus575 ($100.70 in chips)
minigus575: posts small blind $1
LifeisagameX: posts big blind $3
*** HOLE CARDS ***
minigus575: raises $3 to $6
LifeisagameX: raises $3 to $9
minigus575: raises $3 to $12
Betting is capped
LifeisagameX: calls $3
*** FLOP *** [7h 4c 5s]
LifeisagameX: bets $3
minigus575: calls $3
*** TURN *** [7h 4c 5s] [6c]
LifeisagameX: bets $6
minigus575: calls $6
*** RIVER *** [7h 4c 5s 6c] [Kc]
LifeisagameX: bets $6
minigus575: calls $6
*** SHOW DOWN ***
LifeisagameX: shows [8d Ad] (a straight, Four to Eight)
minigus575: mucks hand
LifeisagameX collected $53.50 from pot
*** SUMMARY ***
Total pot $54 | Rake $0.50
Board [7h 4c 5s 6c Kc]
Seat 1: LifeisagameX (big blind) showed [8d Ad] and won ($53.50) with a straight, Four to Eight
Seat 2: minigus575 (button) (small blind) mucked


PokerStars Hand #145558806150:  Hold'em Limit ($3/$6 USD) - 2015/12/18 19:49:58 ET
Table 'Deikoon II' 2-max Seat #1 is the button
Seat 1: LifeisagameX ($110.80 in chips)
Seat 2: minigus575 ($73.70 in chips)
LifeisagameX: posts small blind $1
minigus575: posts big blind $3
*** HOLE CARDS ***
LifeisagameX: raises $3 to $6
minigus575: raises $3 to $9
LifeisagameX: calls $3
*** FLOP *** [6h 5c Qd]
minigus575: bets $3
LifeisagameX: calls $3
*** TURN *** [6h 5c Qd] [9c]
minigus575: checks
LifeisagameX: bets $6
minigus575: raises $6 to $12
LifeisagameX: calls $6
*** RIVER *** [6h 5c Qd 9c] [Ks]
minigus575: bets $6
LifeisagameX: calls $6
*** SHOW DOWN ***
minigus575: shows [Ad Ac] (a pair of Aces)
LifeisagameX: mucks hand
minigus575 collected $59.50 from pot
*** SUMMARY ***
Total pot $60 | Rake $0.50
Board [6h 5c Qd 9c Ks]
Seat 1: LifeisagameX (button) (small blind) mucked
Seat 2: minigus575 (big blind) showed [Ad Ac] and won ($59.50) with a pair of Aces


PokerStars Hand #145558822565:  Hold'em Limit ($3/$6 USD) - 2015/12/18 19:50:26 ET
Table 'Deikoon II' 2-max Seat #2 is the button
Seat 1: LifeisagameX ($80.80 in chips)
Seat 2: minigus575 ($103.20 in chips)
minigus575: posts small blind $1
LifeisagameX: posts big blind $3
*** HOLE CARDS ***
minigus575: raises $3 to $6
LifeisagameX: calls $3
*** FLOP *** [Jd 6s Js]
LifeisagameX: checks
minigus575: bets $3
LifeisagameX: calls $3
*** TURN *** [Jd 6s Js] [Tc]
LifeisagameX: checks
minigus575: checks
*** RIVER *** [Jd 6s Js Tc] [8d]
LifeisagameX: checks
minigus575: checks
*** SHOW DOWN ***
LifeisagameX: shows [Kc 3s] (a pair of Jacks)
minigus575: mucks hand
LifeisagameX collected $17.64 from pot
*** SUMMARY ***
Total pot $18 | Rake $0.36
Board [Jd 6s Js Tc 8d]
Seat 1: LifeisagameX (big blind) showed [Kc 3s] and won ($17.64) with a pair of Jacks
Seat 2: minigus575 (button) (small blind) mucked


PokerStars Hand #145558842907:  Hold'em Limit ($3/$6 USD) - 2015/12/18 19:51:00 ET
Table 'Deikoon II' 2-max Seat #1 is the button
Seat 1: LifeisagameX ($89.44 in chips)
Seat 2: minigus575 ($94.20 in chips)
LifeisagameX: posts small blind $1
minigus575: posts big blind $3
*** HOLE CARDS ***
LifeisagameX: raises $3 to $6
minigus575: calls $3
*** FLOP *** [Ac Ad 8c]
minigus575: checks
LifeisagameX: bets $3
minigus575: raises $3 to $6
LifeisagameX: calls $3
*** TURN *** [Ac Ad 8c] [9d]
minigus575: bets $6
LifeisagameX: folds
Uncalled bet ($6) returned to minigus575
minigus575 collected $23.52 from pot
minigus575: doesn't show hand
*** SUMMARY ***
Total pot $24 | Rake $0.48
Board [Ac Ad 8c 9d]
Seat 1: LifeisagameX (button) (small blind) folded on the Turn
Seat 2: minigus575 (big blind) collected ($23.52)


PokerStars Hand #145558861062:  Hold'em Limit ($3/$6 USD) - 2015/12/18 19:51:31 ET
Table 'Deikoon II' 2-max Seat #2 is the button
Seat 1: LifeisagameX ($77.44 in chips)
Seat 2: minigus575 ($105.72 in chips)
minigus575: posts small blind $1
LifeisagameX: posts big blind $3
*** HOLE CARDS ***
minigus575: raises $3 to $6
LifeisagameX: calls $3
*** FLOP *** [Kd 3s 9d]
LifeisagameX: checks
minigus575: bets $3
LifeisagameX has timed out
LifeisagameX: folds
Uncalled bet ($3) returned to minigus575
minigus575 collected $11.76 from pot
minigus575: doesn't show hand
*** SUMMARY ***
Total pot $12 | Rake $0.24
Board [Kd 3s 9d]
Seat 1: LifeisagameX (big blind) folded on the Flop
Seat 2: minigus575 (button) (small blind) collected ($11.76)


PokerStars Hand #145558897566:  Hold'em Limit ($3/$6 USD) - 2015/12/18 19:52:32 ET
Table 'Deikoon II' 2-max Seat #1 is the button
Seat 1: LifeisagameX ($71.44 in chips)
Seat 2: minigus575 ($111.48 in chips)
LifeisagameX: posts small blind $1
minigus575: posts big blind $3
*** HOLE CARDS ***
LifeisagameX: raises $3 to $6
minigus575: raises $3 to $9
LifeisagameX: calls $3
*** FLOP *** [4h 2h Ac]
minigus575: bets $3
LifeisagameX: calls $3
*** TURN *** [4h 2h Ac] [4c]
minigus575: bets $6
LifeisagameX: raises $6 to $12
minigus575: raises $6 to $18
LifeisagameX: folds
Uncalled bet ($6) returned to minigus575
minigus575 collected $47.50 from pot
minigus575: doesn't show hand
*** SUMMARY ***
Total pot $48 | Rake $0.50
Board [4h 2h Ac 4c]
Seat 1: LifeisagameX (button) (small blind) folded on the Turn
Seat 2: minigus575 (big blind) collected ($47.50)


PokerStars Hand #145558936796:  Hold'em Limit ($3/$6 USD) - 2015/12/18 19:53:39 ET
Table 'Deikoon II' 2-max Seat #2 is the button
Seat 1: LifeisagameX ($47.44 in chips)
Seat 2: minigus575 ($134.98 in chips)
minigus575: posts small blind $1
LifeisagameX: posts big blind $3
*** HOLE CARDS ***
minigus575: raises $3 to $6
LifeisagameX: calls $3
*** FLOP *** [4d 6d 2c]
LifeisagameX: checks
minigus575: bets $3
LifeisagameX: raises $3 to $6
minigus575: calls $3
*** TURN *** [4d 6d 2c] [3s]
LifeisagameX: checks
minigus575: bets $6
LifeisagameX: calls $6
*** RIVER *** [4d 6d 2c 3s] [Qc]
LifeisagameX: checks
minigus575: bets $6
LifeisagameX: calls $6
*** SHOW DOWN ***
minigus575: shows [7s 7h] (a pair of Sevens)
LifeisagameX: mucks hand
minigus575 collected $47.50 from pot
*** SUMMARY ***
Total pot $48 | Rake $0.50
Board [4d 6d 2c 3s Qc]
Seat 1: LifeisagameX (big blind) mucked
Seat 2: minigus575 (button) (small blind) showed [7s 7h] and won ($47.50) with a pair of Sevens


PokerStars Hand #145558998182:  Hold'em Limit ($3/$6 USD) - 2015/12/18 19:55:27 ET
Table 'Deikoon II' 2-max Seat #1 is the button
Seat 1: LifeisagameX ($23.44 in chips)
Seat 2: minigus575 ($158.48 in chips)
LifeisagameX: posts small blind $1
minigus575: posts big blind $3
*** HOLE CARDS ***
LifeisagameX: raises $3 to $6
minigus575: calls $3
*** FLOP *** [5d 4c Ah]
minigus575: checks
LifeisagameX: bets $3
minigus575: calls $3
*** TURN *** [5d 4c Ah] [5h]
minigus575: bets $6
LifeisagameX: raises $6 to $12
minigus575: calls $6
*** RIVER *** [5d 4c Ah 5h] [3h]
minigus575: bets $6
LifeisagameX: calls $2.44 and is all-in
Uncalled bet ($3.56) returned to minigus575
*** SHOW DOWN ***
minigus575: shows [9h 2h] (a flush, Ace high)
LifeisagameX: shows [Qc 5c] (three of a kind, Fives)
minigus575 collected $46.38 from pot
*** SUMMARY ***
Total pot $46.88 | Rake $0.50
Board [5d 4c Ah 5h 3h]
Seat 1: LifeisagameX (button) (small blind) showed [Qc 5c] and lost with three of a kind, Fives
Seat 2: minigus575 (big blind) showed [9h 2h] and won ($46.38) with a flush, Ace high


