PokerStars Hand #175213526912:  Hold'em Limit ($3/$6 USD) - 2017/09/04 17:06:18 ET
Table 'Deikoon' 6-max Seat #3 is the button
Seat 3: Jiminybob ($114 in chips)
Seat 5: GoliafUa ($125.64 in chips)
ToDaFelt will be allowed to play after the button
Jiminybob: posts small blind $1
GoliafUa: posts big blind $3
*** HOLE CARDS ***
Jiminybob: folds
Uncalled bet ($2) returned to GoliafUa
GoliafUa collected $2 from pot
*** SUMMARY ***
Total pot $2 | Rake $0
Seat 3: Jiminybob (button) (small blind) folded before Flop
Seat 5: GoliafUa (big blind) collected ($2)


PokerStars Hand #175213629207:  Hold'em Limit ($3/$6 USD) - 2017/09/04 17:08:21 ET
Table 'Deikoon' 6-max Seat #3 is the button
Seat 3: Jiminybob ($71 in chips)
Seat 5: GoliafUa ($166.27 in chips)
Jiminybob: posts small blind $1
GoliafUa: posts big blind $3
*** HOLE CARDS ***
Jiminybob: folds
Uncalled bet ($2) returned to GoliafUa
GoliafUa collected $2 from pot
*** SUMMARY ***
Total pot $2 | Rake $0
Seat 3: Jiminybob (button) (small blind) folded before Flop
Seat 5: GoliafUa (big blind) collected ($2)


PokerStars Hand #175213610481:  Hold'em Limit ($3/$6 USD) - 2017/09/04 17:07:58 ET
Table 'Deikoon' 6-max Seat #5 is the button
Seat 3: Jiminybob ($80 in chips)
Seat 5: GoliafUa ($157.63 in chips)
GoliafUa: posts small blind $1
ToDaFelt: is sitting out
Jiminybob: posts big blind $3
ToDaFelt leaves the table
*** HOLE CARDS ***
GoliafUa: raises $3 to $6
Jiminybob: calls $3
*** FLOP *** [6s 9c 7h]
Jiminybob: checks
GoliafUa: bets $3
Jiminybob: calls $3
*** TURN *** [6s 9c 7h] [Ah]
Jiminybob: checks
GoliafUa: bets $6
Jiminybob: folds
Uncalled bet ($6) returned to GoliafUa
GoliafUa collected $17.64 from pot
*** SUMMARY ***
Total pot $18 | Rake $0.36
Board [6s 9c 7h Ah]
Seat 3: Jiminybob (big blind) folded on the Turn
Seat 5: GoliafUa (button) (small blind) collected ($17.64)


PokerStars Hand #175213633157:  Hold'em Limit ($3/$6 USD) - 2017/09/04 17:08:26 ET
Table 'Deikoon' 6-max Seat #5 is the button
Seat 3: Jiminybob ($70 in chips)
Seat 5: GoliafUa ($167.27 in chips)
GoliafUa: posts small blind $1
Jiminybob: posts big blind $3
*** HOLE CARDS ***
GoliafUa: raises $3 to $6
Jiminybob: calls $3
*** FLOP *** [Qc 7c 6c]
Jiminybob: checks
GoliafUa: bets $3
Jiminybob: calls $3
*** TURN *** [Qc 7c 6c] [4c]
Jiminybob: checks
GoliafUa: bets $6
Jiminybob: folds
Uncalled bet ($6) returned to GoliafUa
GoliafUa collected $17.64 from pot
*** SUMMARY ***
Total pot $18 | Rake $0.36
Board [Qc 7c 6c 4c]
Seat 3: Jiminybob (big blind) folded on the Turn
Seat 5: GoliafUa (button) (small blind) collected ($17.64)


PokerStars Hand #175214751757:  Hold'em Limit ($3/$6 USD) - 2017/09/04 17:30:56 ET
Table 'Deikoon' 6-max Seat #3 is the button
Seat 3: dalton135 ($120 in chips)
Seat 4: ToDaFelt ($120 in chips)
dalton135: posts small blind $1
ToDaFelt: posts big blind $3
*** HOLE CARDS ***
dalton135: raises $3 to $6
ToDaFelt: calls $3
*** FLOP *** [Th 3d 6c]
ToDaFelt: checks
dalton135: bets $3
ToDaFelt: raises $3 to $6
GoliafUa leaves the table
hairy1961 joins the table at seat #2
dalton135: calls $3
*** TURN *** [Th 3d 6c] [4c]
ToDaFelt: bets $6
dalton135: calls $6
*** RIVER *** [Th 3d 6c 4c] [2d]
ToDaFelt: bets $6
dalton135: folds
Uncalled bet ($6) returned to ToDaFelt
ToDaFelt collected $35.50 from pot
ToDaFelt: doesn't show hand
*** SUMMARY ***
Total pot $36 | Rake $0.50
Board [Th 3d 6c 4c 2d]
Seat 3: dalton135 (button) (small blind) folded on the River
Seat 4: ToDaFelt (big blind) collected ($35.50)


PokerStars Hand #175216400984:  Hold'em Limit ($3/$6 USD) - 2017/09/04 18:07:36 ET
Table 'Deikoon' 6-max Seat #4 is the button
Seat 4: belik555 ($162.46 in chips)
Seat 6: dmonr ($61.90 in chips)
belik555: posts small blind $1
dmonr: posts big blind $3
*** HOLE CARDS ***
belik555: raises $3 to $6
dmonr: folds
Uncalled bet ($3) returned to belik555
belik555 collected $6 from pot
belik555: doesn't show hand
*** SUMMARY ***
Total pot $6 | Rake $0
Seat 4: belik555 (button) (small blind) collected ($6)
Seat 6: dmonr (big blind) folded before Flop


PokerStars Hand #175216396132:  Hold'em Limit ($3/$6 USD) - 2017/09/04 18:07:30 ET
Table 'Deikoon' 6-max Seat #6 is the button
Seat 4: belik555 ($165.46 in chips)
Seat 6: dmonr ($58.90 in chips)
dmonr: posts small blind $1
belik555: posts big blind $3
*** HOLE CARDS ***
dmonr: raises $3 to $6
belik555: folds
Uncalled bet ($3) returned to dmonr
dmonr collected $6 from pot
dmonr: doesn't show hand
*** SUMMARY ***
Total pot $6 | Rake $0
Seat 4: belik555 (big blind) folded before Flop
Seat 6: dmonr (button) (small blind) collected ($6)


PokerStars Hand #175216380083:  Hold'em Limit ($3/$6 USD) - 2017/09/04 18:07:08 ET
Table 'Deikoon' 6-max Seat #4 is the button
Seat 4: belik555 ($147.96 in chips)
Seat 6: dmonr ($76.90 in chips)
belik555: posts small blind $1
dmonr: posts big blind $3
*** HOLE CARDS ***
belik555: raises $3 to $6
dmonr: calls $3
*** FLOP *** [Kh 9s 7s]
dmonr: bets $3
jagnaras leaves the table
belik555: raises $3 to $6
dmonr: calls $3
*** TURN *** [Kh 9s 7s] [6s]
dmonr: checks
belik555: checks
*** RIVER *** [Kh 9s 7s 6s] [4s]
dmonr: bets $6
belik555: calls $6
*** SHOW DOWN ***
dmonr: shows [4c 9c] (two pair, Nines and Fours)
belik555: shows [Kc 8s] (a flush, Nine high)
belik555 collected $35.50 from pot
*** SUMMARY ***
Total pot $36 | Rake $0.50
Board [Kh 9s 7s 6s 4s]
Seat 4: belik555 (button) (small blind) showed [Kc 8s] and won ($35.50) with a flush, Nine high
Seat 6: dmonr (big blind) showed [4c 9c] and lost with two pair, Nines and Fours


PokerStars Hand #175216370946:  Hold'em Limit ($3/$6 USD) - 2017/09/04 18:06:55 ET
Table 'Deikoon' 6-max Seat #6 is the button
Seat 4: belik555 ($145.08 in chips)
Seat 6: dmonr ($79.90 in chips)
dmonr: posts small blind $1
hairy1961: is sitting out
belik555: posts big blind $3
*** HOLE CARDS ***
dmonr: calls $2
belik555: checks
*** FLOP *** [Jc 9c 4d]
belik555: bets $3
dmonr: folds
Uncalled bet ($3) returned to belik555
belik555 collected $5.88 from pot
belik555: doesn't show hand
*** SUMMARY ***
Total pot $6 | Rake $0.12
Board [Jc 9c 4d]
Seat 4: belik555 (big blind) collected ($5.88)
Seat 6: dmonr (button) (small blind) folded on the Flop


PokerStars Hand #175216405353:  Hold'em Limit ($3/$6 USD) - 2017/09/04 18:07:42 ET
Table 'Deikoon' 6-max Seat #6 is the button
Seat 4: belik555 ($165.46 in chips)
Seat 6: dmonr ($58.90 in chips)
dmonr: posts small blind $1
belik555: posts big blind $3
*** HOLE CARDS ***
dmonr: raises $3 to $6
belik555: calls $3
*** FLOP *** [Kh 2h Ac]
belik555: checks
dmonr: bets $3
belik555: folds
Uncalled bet ($3) returned to dmonr
dmonr collected $11.76 from pot
dmonr: doesn't show hand
*** SUMMARY ***
Total pot $12 | Rake $0.24
Board [Kh 2h Ac]
Seat 4: belik555 (big blind) folded on the Flop
Seat 6: dmonr (button) (small blind) collected ($11.76)


PokerStars Hand #175216412725:  Hold'em Limit ($3/$6 USD) - 2017/09/04 18:07:52 ET
Table 'Deikoon' 6-max Seat #4 is the button
Seat 4: belik555 ($159.46 in chips)
Seat 6: dmonr ($64.66 in chips)
belik555: posts small blind $1
dmonr: posts big blind $3
*** HOLE CARDS ***
belik555: raises $3 to $6
dmonr: calls $3
*** FLOP *** [2d As Ts]
dmonr: checks
belik555: bets $3
dmonr: folds
Uncalled bet ($3) returned to belik555
belik555 collected $11.76 from pot
belik555: doesn't show hand
*** SUMMARY ***
Total pot $12 | Rake $0.24
Board [2d As Ts]
Seat 4: belik555 (button) (small blind) collected ($11.76)
Seat 6: dmonr (big blind) folded on the Flop


PokerStars Hand #175217099688:  Hold'em Limit ($3/$6 USD) - 2017/09/04 18:23:53 ET
Table 'Deikoon' 6-max Seat #4 is the button
Seat 1: angelomain ($472.29 in chips)
Seat 4: belik555 ($103.70 in chips)
belik555: posts small blind $1
angelomain: posts big blind $3
*** HOLE CARDS ***
belik555: raises $3 to $6
angelomain: folds
Uncalled bet ($3) returned to belik555
dmonr leaves the table
belik555 collected $6 from pot
belik555: doesn't show hand
*** SUMMARY ***
Total pot $6 | Rake $0
Seat 1: angelomain (big blind) folded before Flop
Seat 4: belik555 (button) (small blind) collected ($6)


PokerStars Hand #175217106863:  Hold'em Limit ($3/$6 USD) - 2017/09/04 18:24:03 ET
Table 'Deikoon' 6-max Seat #1 is the button
Seat 1: angelomain ($469.29 in chips)
Seat 4: belik555 ($106.70 in chips)
angelomain: posts small blind $1
belik555: posts big blind $3
*** HOLE CARDS ***
angelomain: folds
Uncalled bet ($2) returned to belik555
belik555 collected $2 from pot
belik555: doesn't show hand
*** SUMMARY ***
Total pot $2 | Rake $0
Seat 1: angelomain (button) (small blind) folded before Flop
Seat 4: belik555 (big blind) collected ($2)


PokerStars Hand #175217111996:  Hold'em Limit ($3/$6 USD) - 2017/09/04 18:24:10 ET
Table 'Deikoon' 6-max Seat #4 is the button
Seat 1: angelomain ($468.29 in chips)
Seat 4: belik555 ($107.70 in chips)
belik555: posts small blind $1
angelomain: posts big blind $3
*** HOLE CARDS ***
belik555: raises $3 to $6
angelomain: calls $3
*** FLOP *** [6h 9c 5s]
angelomain is disconnected
angelomain has timed out while disconnected
angelomain: checks
belik555: bets $3
krytalex joins the table at seat #2
angelomain has timed out while disconnected
angelomain: folds
Uncalled bet ($3) returned to belik555
belik555 collected $11.76 from pot
belik555: doesn't show hand
*** SUMMARY ***
Total pot $12 | Rake $0.24
Board [6h 9c 5s]
Seat 1: angelomain (big blind) folded on the Flop
Seat 4: belik555 (button) (small blind) collected ($11.76)


