PokerStars Hand #156539847802:  Hold'em Limit ($3/$6 USD) - 2016/07/28 3:14:46 ET
Table 'Deimos' 6-max Seat #1 is the button
Seat 1: Bonsey_1 ($120 in chips)
Seat 4: Mordnilap ($72 in chips)
Bonsey_1: posts small blind $1
Mordnilap: posts big blind $3
*** HOLE CARDS ***
Bonsey_1: folds
Uncalled bet ($2) returned to Mordnilap
Mordnilap collected $2 from pot
*** SUMMARY ***
Total pot $2 | Rake $0
Seat 1: Bonsey_1 (button) (small blind) folded before Flop
Seat 4: Mordnilap (big blind) collected ($2)


PokerStars Hand #156539854578:  Hold'em Limit ($3/$6 USD) - 2016/07/28 3:15:14 ET
Table 'Deimos' 6-max Seat #1 is the button
Seat 1: Bonsey_1 ($101 in chips)
Seat 4: Mordnilap ($90.50 in chips)
Bonsey_1: posts small blind $1
Mordnilap: posts big blind $3
*** HOLE CARDS ***
Bonsey_1: folds
Uncalled bet ($2) returned to Mordnilap
Mordnilap collected $2 from pot
Mordnilap: doesn't show hand
*** SUMMARY ***
Total pot $2 | Rake $0
Seat 1: Bonsey_1 (button) (small blind) folded before Flop
Seat 4: Mordnilap (big blind) collected ($2)


PokerStars Hand #156539849100:  Hold'em Limit ($3/$6 USD) - 2016/07/28 3:14:52 ET
Table 'Deimos' 6-max Seat #4 is the button
Seat 1: Bonsey_1 ($119 in chips)
Seat 4: Mordnilap ($73 in chips)
Mordnilap: posts small blind $1
Bonsey_1: posts big blind $3
*** HOLE CARDS ***
Mordnilap: raises $3 to $6
Bonsey_1: raises $3 to $9
Mordnilap: calls $3
*** FLOP *** [5d 3s 3h]
Bonsey_1: bets $3
Mordnilap: calls $3
*** TURN *** [5d 3s 3h] [6c]
Bonsey_1: checks
Mordnilap: checks
*** RIVER *** [5d 3s 3h 6c] [4h]
Bonsey_1: checks
Mordnilap: bets $6
Bonsey_1: calls $6
*** SHOW DOWN ***
Mordnilap: shows [As 4d] (two pair, Fours and Threes)
Bonsey_1: mucks hand
Mordnilap collected $35.50 from pot
*** SUMMARY ***
Total pot $36 | Rake $0.50
Board [5d 3s 3h 6c 4h]
Seat 1: Bonsey_1 (big blind) mucked
Seat 4: Mordnilap (button) (small blind) showed [As 4d] and won ($35.50) with two pair, Fours and Threes


PokerStars Hand #156539855856:  Hold'em Limit ($3/$6 USD) - 2016/07/28 3:15:19 ET
Table 'Deimos' 6-max Seat #4 is the button
Seat 1: Bonsey_1 ($100 in chips)
Seat 4: Mordnilap ($91.50 in chips)
Mordnilap: posts small blind $1
Bonsey_1: posts big blind $3
*** HOLE CARDS ***
Mordnilap: folds
Uncalled bet ($2) returned to Bonsey_1
Bonsey_1 collected $2 from pot
Bonsey_1: doesn't show hand
*** SUMMARY ***
Total pot $2 | Rake $0
Seat 1: Bonsey_1 (big blind) collected ($2)
Seat 4: Mordnilap (button) (small blind) folded before Flop


PokerStars Hand #156539871057:  Hold'em Limit ($3/$6 USD) - 2016/07/28 3:16:20 ET
Table 'Deimos' 6-max Seat #1 is the button
Seat 1: Bonsey_1 ($148 in chips)
Seat 4: Mordnilap ($72 in chips)
Bonsey_1: posts small blind $1
Mordnilap: posts big blind $3
*** HOLE CARDS ***
Bonsey_1: raises $3 to $6
Mordnilap: calls $3
*** FLOP *** [2d Kc Td]
Mordnilap: checks
Bonsey_1: bets $3
Mordnilap: folds
Uncalled bet ($3) returned to Bonsey_1
Bonsey_1 collected $11.76 from pot
Bonsey_1: doesn't show hand
*** SUMMARY ***
Total pot $12 | Rake $0.24
Board [2d Kc Td]
Seat 1: Bonsey_1 (button) (small blind) collected ($11.76)
Seat 4: Mordnilap (big blind) folded on the Flop


PokerStars Hand #156539865989:  Hold'em Limit ($3/$6 USD) - 2016/07/28 3:16:00 ET
Table 'Deimos' 6-max Seat #4 is the button
Seat 1: Bonsey_1 ($130.50 in chips)
Seat 4: Mordnilap ($72 in chips)
Mordnilap: posts small blind $1
Bonsey_1: posts big blind $3
*** HOLE CARDS ***
Mordnilap: raises $3 to $6
Bonsey_1: raises $3 to $9
Mordnilap: calls $3
*** FLOP *** [Kc As 6c]
Bonsey_1: bets $3
Mordnilap: calls $3
*** TURN *** [Kc As 6c] [7d]
Bonsey_1: bets $6
Mordnilap: calls $6
*** RIVER *** [Kc As 6c 7d] [7c]
Bonsey_1: checks
Mordnilap: checks
*** SHOW DOWN ***
Bonsey_1: shows [Qs Qc] (two pair, Queens and Sevens)
Mordnilap: mucks hand
Bonsey_1 collected $35.50 from pot
*** SUMMARY ***
Total pot $36 | Rake $0.50
Board [Kc As 6c 7d 7c]
Seat 1: Bonsey_1 (big blind) showed [Qs Qc] and won ($35.50) with two pair, Queens and Sevens
Seat 4: Mordnilap (button) (small blind) mucked


PokerStars Hand #156539873952:  Hold'em Limit ($3/$6 USD) - 2016/07/28 3:16:32 ET
Table 'Deimos' 6-max Seat #4 is the button
Seat 1: Bonsey_1 ($153.76 in chips)
Seat 4: Mordnilap ($72 in chips)
Mordnilap: posts small blind $1
Bonsey_1: posts big blind $3
*** HOLE CARDS ***
Mordnilap: folds
Uncalled bet ($2) returned to Bonsey_1
Bonsey_1 collected $2 from pot
Bonsey_1: doesn't show hand
*** SUMMARY ***
Total pot $2 | Rake $0
Seat 1: Bonsey_1 (big blind) collected ($2)
Seat 4: Mordnilap (button) (small blind) folded before Flop


PokerStars Hand #156539857164:  Hold'em Limit ($3/$6 USD) - 2016/07/28 3:15:24 ET
Table 'Deimos' 6-max Seat #1 is the button
Seat 1: Bonsey_1 ($101 in chips)
Seat 4: Mordnilap ($90.50 in chips)
Bonsey_1: posts small blind $1
Mordnilap: posts big blind $3
*** HOLE CARDS ***
Bonsey_1: raises $3 to $6
Mordnilap: calls $3
*** FLOP *** [8s 7d Qd]
Mordnilap: checks
Bonsey_1: bets $3
Mordnilap: raises $3 to $6
Bonsey_1: raises $3 to $9
Mordnilap: raises $3 to $12
Betting is capped
Bonsey_1: calls $3
*** TURN *** [8s 7d Qd] [Tc]
Mordnilap: bets $6
Bonsey_1: calls $6
*** RIVER *** [8s 7d Qd Tc] [Jd]
Mordnilap: checks
Bonsey_1: bets $6
Mordnilap: calls $6
*** SHOW DOWN ***
Bonsey_1: shows [8d 9d] (a flush, Queen high)
Mordnilap: mucks hand
Bonsey_1 collected $59.50 from pot
*** SUMMARY ***
Total pot $60 | Rake $0.50
Board [8s 7d Qd Tc Jd]
Seat 1: Bonsey_1 (button) (small blind) showed [8d 9d] and won ($59.50) with a flush, Queen high
Seat 4: Mordnilap (big blind) mucked


PokerStars Hand #156539891991:  Hold'em Limit ($3/$6 USD) - 2016/07/28 3:17:44 ET
Table 'Deimos' 6-max Seat #1 is the button
Seat 1: Bonsey_1 ($166.26 in chips)
Seat 4: Mordnilap ($75 in chips)
Bonsey_1: posts small blind $1
Mordnilap: posts big blind $3
*** HOLE CARDS ***
Bonsey_1: folds
Uncalled bet ($2) returned to Mordnilap
Mordnilap collected $2 from pot
Mordnilap: doesn't show hand
*** SUMMARY ***
Total pot $2 | Rake $0
Seat 1: Bonsey_1 (button) (small blind) folded before Flop
Seat 4: Mordnilap (big blind) collected ($2)


PokerStars Hand #156539889576:  Hold'em Limit ($3/$6 USD) - 2016/07/28 3:17:35 ET
Table 'Deimos' 6-max Seat #4 is the button
Seat 1: Bonsey_1 ($169.26 in chips)
Seat 4: Mordnilap ($72 in chips)
Mordnilap: posts small blind $1
Bonsey_1: posts big blind $3
*** HOLE CARDS ***
Mordnilap: raises $3 to $6
Bonsey_1: folds
Uncalled bet ($3) returned to Mordnilap
Mordnilap collected $6 from pot
Mordnilap: doesn't show hand
*** SUMMARY ***
Total pot $6 | Rake $0
Seat 1: Bonsey_1 (big blind) folded before Flop
Seat 4: Mordnilap (button) (small blind) collected ($6)


PokerStars Hand #156539875869:  Hold'em Limit ($3/$6 USD) - 2016/07/28 3:16:40 ET
Table 'Deimos' 6-max Seat #1 is the button
Seat 1: Bonsey_1 ($154.76 in chips)
Seat 4: Mordnilap ($72 in chips)
Bonsey_1: posts small blind $1
Mordnilap: posts big blind $3
*** HOLE CARDS ***
Bonsey_1: raises $3 to $6
Mordnilap: calls $3
*** FLOP *** [3d 8d 3h]
Mordnilap: checks
Bonsey_1: bets $3
Mordnilap: calls $3
*** TURN *** [3d 8d 3h] [As]
Mordnilap: checks
Bonsey_1: checks
*** RIVER *** [3d 8d 3h As] [9c]
Mordnilap: checks
Bonsey_1: bets $6
Mordnilap: calls $6
*** SHOW DOWN ***
Bonsey_1: shows [Jh Jc] (two pair, Jacks and Threes)
Mordnilap: mucks hand
Bonsey_1 collected $29.50 from pot
*** SUMMARY ***
Total pot $30 | Rake $0.50
Board [3d 8d 3h As 9c]
Seat 1: Bonsey_1 (button) (small blind) showed [Jh Jc] and won ($29.50) with two pair, Jacks and Threes
Seat 4: Mordnilap (big blind) mucked


PokerStars Hand #156539896951:  Hold'em Limit ($3/$6 USD) - 2016/07/28 3:18:04 ET
Table 'Deimos' 6-max Seat #1 is the button
Seat 1: Bonsey_1 ($156.26 in chips)
Seat 4: Mordnilap ($84.64 in chips)
Bonsey_1: posts small blind $1
Mordnilap: posts big blind $3
*** HOLE CARDS ***
Bonsey_1: folds
Uncalled bet ($2) returned to Mordnilap
Mordnilap collected $2 from pot
Mordnilap: doesn't show hand
*** SUMMARY ***
Total pot $2 | Rake $0
Seat 1: Bonsey_1 (button) (small blind) folded before Flop
Seat 4: Mordnilap (big blind) collected ($2)


PokerStars Hand #156539893233:  Hold'em Limit ($3/$6 USD) - 2016/07/28 3:17:49 ET
Table 'Deimos' 6-max Seat #4 is the button
Seat 1: Bonsey_1 ($165.26 in chips)
Seat 4: Mordnilap ($76 in chips)
Mordnilap: posts small blind $1
Bonsey_1: posts big blind $3
*** HOLE CARDS ***
Mordnilap: raises $3 to $6
Bonsey_1: calls $3
*** FLOP *** [Jc 2s Qh]
Bonsey_1: checks
Mordnilap: bets $3
Bonsey_1: calls $3
*** TURN *** [Jc 2s Qh] [2c]
Bonsey_1: checks
Mordnilap: bets $6
Bonsey_1: folds
Uncalled bet ($6) returned to Mordnilap
Mordnilap collected $17.64 from pot
Mordnilap: doesn't show hand
*** SUMMARY ***
Total pot $18 | Rake $0.36
Board [Jc 2s Qh 2c]
Seat 1: Bonsey_1 (big blind) folded on the Turn
Seat 4: Mordnilap (button) (small blind) collected ($17.64)


