PokerStars Hand #160313597907:  Hold'em Limit ($3/$6 USD) - 2016/10/23 3:51:06 ET
Table 'Deimos II' 6-max Seat #1 is the button
Seat 1: perten ($51.30 in chips)
Seat 4: Agrotait ($72 in chips)
perten: posts small blind $1
Agrotait: posts big blind $3
*** HOLE CARDS ***
perten: folds
Uncalled bet ($2) returned to Agrotait
kabakoo joins the table at seat #3
Agrotait collected $2 from pot
Agrotait: doesn't show hand
*** SUMMARY ***
Total pot $2 | Rake $0
Seat 1: perten (button) (small blind) folded before Flop
Seat 4: Agrotait (big blind) collected ($2)


PokerStars Hand #160313601866:  Hold'em Limit ($3/$6 USD) - 2016/10/23 3:51:19 ET
Table 'Deimos II' 6-max Seat #4 is the button
Seat 1: perten ($50.30 in chips)
Seat 4: Agrotait ($73 in chips)
Agrotait: posts small blind $1
perten: posts big blind $3
*** HOLE CARDS ***
Agrotait: raises $3 to $6
perten: raises $3 to $9
Agrotait: calls $3
*** FLOP *** [8c 2c Ah]
perten: bets $3
Agrotait: calls $3
*** TURN *** [8c 2c Ah] [5h]
perten: bets $6
Agrotait: calls $6
*** RIVER *** [8c 2c Ah 5h] [Ts]
perten: bets $6
Agrotait: calls $6
*** SHOW DOWN ***
perten: shows [Jd Js] (a pair of Jacks)
Agrotait: mucks hand
perten collected $47.50 from pot
*** SUMMARY ***
Total pot $48 | Rake $0.50
Board [8c 2c Ah 5h Ts]
Seat 1: perten (big blind) showed [Jd Js] and won ($47.50) with a pair of Jacks
Seat 4: Agrotait (button) (small blind) mucked


PokerStars Hand #160313623285:  Hold'em Limit ($3/$6 USD) - 2016/10/23 3:52:29 ET
Table 'Deimos II' 6-max Seat #4 is the button
Seat 1: perten ($78.09 in chips)
Seat 4: Agrotait ($94.47 in chips)
Agrotait: posts small blind $1
perten: posts big blind $3
*** HOLE CARDS ***
Agrotait: folds
Uncalled bet ($2) returned to perten
perten collected $2 from pot
perten: doesn't show hand
*** SUMMARY ***
Total pot $2 | Rake $0
Seat 1: perten (big blind) collected ($2)
Seat 4: Agrotait (button) (small blind) folded before Flop


PokerStars Hand #160313636711:  Hold'em Limit ($3/$6 USD) - 2016/10/23 3:53:13 ET
Table 'Deimos II' 6-max Seat #4 is the button
Seat 1: perten ($61.09 in chips)
Seat 4: Agrotait ($110.97 in chips)
Agrotait: posts small blind $1
perten: posts big blind $3
*** HOLE CARDS ***
Agrotait: raises $3 to $6
perten: raises $3 to $9
Agrotait: raises $3 to $12
Betting is capped
perten: calls $3
*** FLOP *** [Th 5c 8c]
perten: bets $3
Agrotait: raises $3 to $6
perten: raises $3 to $9
Agrotait: calls $3
*** TURN *** [Th 5c 8c] [7d]
perten: bets $6
Agrotait: calls $6
*** RIVER *** [Th 5c 8c 7d] [8s]
perten: bets $6
Agrotait: calls $6
*** SHOW DOWN ***
perten: shows [8h Ah] (three of a kind, Eights)
Agrotait: mucks hand
perten collected $65.50 from pot
*** SUMMARY ***
Total pot $66 | Rake $0.50
Board [Th 5c 8c 7d 8s]
Seat 1: perten (big blind) showed [8h Ah] and won ($65.50) with three of a kind, Eights
Seat 4: Agrotait (button) (small blind) mucked


PokerStars Hand #160313625495:  Hold'em Limit ($3/$6 USD) - 2016/10/23 3:52:36 ET
Table 'Deimos II' 6-max Seat #1 is the button
Seat 1: perten ($79.09 in chips)
Seat 4: Agrotait ($93.47 in chips)
perten: posts small blind $1
Agrotait: posts big blind $3
*** HOLE CARDS ***
perten: raises $3 to $6
Agrotait: calls $3
*** FLOP *** [Qc Ks Js]
Agrotait: checks
perten: bets $3
Agrotait: raises $3 to $6
perten: calls $3
*** TURN *** [Qc Ks Js] [5d]
Agrotait: bets $6
perten: calls $6
*** RIVER *** [Qc Ks Js 5d] [Kd]
Agrotait: bets $6
perten: folds
Uncalled bet ($6) returned to Agrotait
Agrotait collected $35.50 from pot
Agrotait: doesn't show hand
*** SUMMARY ***
Total pot $36 | Rake $0.50
Board [Qc Ks Js 5d Kd]
Seat 1: perten (button) (small blind) folded on the River
Seat 4: Agrotait (big blind) collected ($35.50)


PokerStars Hand #160314638380:  Hold'em Limit ($3/$6 USD) - 2016/10/23 4:43:29 ET
Table 'Deimos II' 6-max Seat #1 is the button
Seat 1: Menotti ($159.44 in chips)
Seat 4: beng_51 ($108.13 in chips)
Menotti: posts small blind $1
beng_51: posts big blind $3
*** HOLE CARDS ***
Menotti: raises $3 to $6
beng_51: calls $3
*** FLOP *** [2c 3s 9c]
beng_51: checks
Menotti: bets $3
beng_51: calls $3
*** TURN *** [2c 3s 9c] [7c]
beng_51: checks
Menotti: checks
*** RIVER *** [2c 3s 9c 7c] [Td]
beng_51: bets $6
Menotti: calls $6
*** SHOW DOWN ***
beng_51: shows [2s Kc] (a pair of Deuces)
Menotti: shows [2d Ad] (a pair of Deuces - Ace kicker)
Menotti collected $29.50 from pot
*** SUMMARY ***
Total pot $30 | Rake $0.50
Board [2c 3s 9c 7c Td]
Seat 1: Menotti (button) (small blind) showed [2d Ad] and won ($29.50) with a pair of Deuces
Seat 4: beng_51 (big blind) showed [2s Kc] and lost with a pair of Deuces


