PokerStars Hand #147450064574:  Hold'em Limit ($3/$6 USD) - 2016/01/21 18:01:38 ET
Table 'Deimos IV' 2-max Seat #2 is the button
Seat 1: Bigspender37 ($192.44 in chips)
Seat 2: 7moneymaster ($322.50 in chips)
7moneymaster: posts small blind $1
Bigspender37: posts big blind $3
*** HOLE CARDS ***
7moneymaster: raises $3 to $6
Bigspender37: calls $3
*** FLOP *** [6h 3s 4h]
Bigspender37: checks
7moneymaster: checks
*** TURN *** [6h 3s 4h] [9h]
Bigspender37: bets $6
7moneymaster: calls $6
*** RIVER *** [6h 3s 4h 9h] [8h]
Bigspender37: bets $6
7moneymaster: calls $6
*** SHOW DOWN ***
Bigspender37: shows [Th Kh] (a flush, King high)
7moneymaster: mucks hand
Bigspender37 collected $35.50 from pot
*** SUMMARY ***
Total pot $36 | Rake $0.50
Board [6h 3s 4h 9h 8h]
Seat 1: Bigspender37 (big blind) showed [Th Kh] and won ($35.50) with a flush, King high
Seat 2: 7moneymaster (button) (small blind) mucked


PokerStars Hand #147450037227:  Hold'em Limit ($3/$6 USD) - 2016/01/21 18:01:06 ET
Table 'Deimos IV' 2-max Seat #1 is the button
Seat 1: Bigspender37 ($216.44 in chips)
Seat 2: 7moneymaster ($299 in chips)
Bigspender37: posts small blind $1
7moneymaster: posts big blind $3
*** HOLE CARDS ***
Bigspender37: raises $3 to $6
7moneymaster: calls $3
*** FLOP *** [Jd 7d 6d]
7moneymaster: checks
Bigspender37: bets $3
7moneymaster: raises $3 to $6
Bigspender37: calls $3
*** TURN *** [Jd 7d 6d] [Js]
7moneymaster: bets $6
Bigspender37: calls $6
*** RIVER *** [Jd 7d 6d Js] [5s]
7moneymaster: bets $6
Bigspender37: calls $6
*** SHOW DOWN ***
7moneymaster: shows [Jh 2h] (three of a kind, Jacks)
Bigspender37: mucks hand
7moneymaster collected $47.50 from pot
*** SUMMARY ***
Total pot $48 | Rake $0.50
Board [Jd 7d 6d Js 5s]
Seat 1: Bigspender37 (button) (small blind) mucked
Seat 2: 7moneymaster (big blind) showed [Jh 2h] and won ($47.50) with three of a kind, Jacks


