PokerStars Hand #147056395882:  Hold'em Limit ($3/$6 USD) - 2016/01/14 20:51:35 ET
Table 'Deimos' 6-max Seat #2 is the button
Seat 2: Chessnok ($117.92 in chips)
Seat 5: Kikken ($124.50 in chips)
Chessnok: posts small blind $1
SmellyToes4u: is sitting out
Kikken: posts big blind $3
*** HOLE CARDS ***
Chessnok: folds
Uncalled bet ($2) returned to Kikken
Kikken collected $2 from pot
Kikken: doesn't show hand
*** SUMMARY ***
Total pot $2 | Rake $0
Seat 2: Chessnok (button) (small blind) folded before Flop
Seat 5: Kikken (big blind) collected ($2)


PokerStars Hand #147056398712:  Hold'em Limit ($3/$6 USD) - 2016/01/14 20:51:41 ET
Table 'Deimos' 6-max Seat #5 is the button
Seat 2: Chessnok ($116.92 in chips)
Seat 5: Kikken ($125.50 in chips)
Kikken: posts small blind $1
SmellyToes4u leaves the table
Chessnok: posts big blind $3
*** HOLE CARDS ***
Kikken: raises $3 to $6
Chessnok: calls $3
*** FLOP *** [Qd 5c 2c]
Chessnok: checks
Kikken: bets $3
Chessnok: raises $3 to $6
Kikken: folds
Uncalled bet ($3) returned to Chessnok
Chessnok collected $17.64 from pot
Chessnok: doesn't show hand
*** SUMMARY ***
Total pot $18 | Rake $0.36
Board [Qd 5c 2c]
Seat 2: Chessnok (big blind) collected ($17.64)
Seat 5: Kikken (button) (small blind) folded on the Flop


PokerStars Hand #147056419172:  Hold'em Limit ($3/$6 USD) - 2016/01/14 20:52:21 ET
Table 'Deimos' 6-max Seat #5 is the button
Seat 2: Chessnok ($95.56 in chips)
Seat 5: Kikken ($146 in chips)
Kikken: posts small blind $1
Chessnok: posts big blind $3
*** HOLE CARDS ***
Kikken: folds
Uncalled bet ($2) returned to Chessnok
Chessnok collected $2 from pot
Chessnok: doesn't show hand
*** SUMMARY ***
Total pot $2 | Rake $0
Seat 2: Chessnok (big blind) collected ($2)
Seat 5: Kikken (button) (small blind) folded before Flop


PokerStars Hand #147056407745:  Hold'em Limit ($3/$6 USD) - 2016/01/14 20:51:58 ET
Table 'Deimos' 6-max Seat #2 is the button
Seat 2: Chessnok ($125.56 in chips)
Seat 5: Kikken ($116.50 in chips)
Chessnok: posts small blind $1
Kikken: posts big blind $3
*** HOLE CARDS ***
Chessnok: raises $3 to $6
Kikken: calls $3
*** FLOP *** [8s Kh 6h]
Kikken: checks
Chessnok: bets $3
Kikken: raises $3 to $6
Chessnok: calls $3
*** TURN *** [8s Kh 6h] [6s]
Kikken: bets $6
Chessnok: calls $6
*** RIVER *** [8s Kh 6h 6s] [3s]
Kikken: bets $6
Chessnok: raises $6 to $12
Kikken: calls $6
*** SHOW DOWN ***
Chessnok: shows [Th 5h] (a pair of Sixes)
Kikken: shows [8c 7c] (two pair, Eights and Sixes)
Kikken collected $59.50 from pot
*** SUMMARY ***
Total pot $60 | Rake $0.50
Board [8s Kh 6h 6s 3s]
Seat 2: Chessnok (button) (small blind) showed [Th 5h] and lost with a pair of Sixes
Seat 5: Kikken (big blind) showed [8c 7c] and won ($59.50) with two pair, Eights and Sixes


PokerStars Hand #147056421955:  Hold'em Limit ($3/$6 USD) - 2016/01/14 20:52:26 ET
Table 'Deimos' 6-max Seat #2 is the button
Seat 2: Chessnok ($96.56 in chips)
Seat 5: Kikken ($145 in chips)
Chessnok: posts small blind $1
Kikken: posts big blind $3
*** HOLE CARDS ***
Chessnok: raises $3 to $6
Kikken: folds
Uncalled bet ($3) returned to Chessnok
Chessnok collected $6 from pot
Chessnok: doesn't show hand
*** SUMMARY ***
Total pot $6 | Rake $0
Seat 2: Chessnok (button) (small blind) collected ($6)
Seat 5: Kikken (big blind) folded before Flop


PokerStars Hand #147056425740:  Hold'em Limit ($3/$6 USD) - 2016/01/14 20:52:34 ET
Table 'Deimos' 6-max Seat #5 is the button
Seat 2: Chessnok ($99.56 in chips)
Seat 5: Kikken ($142 in chips)
Kikken: posts small blind $1
Chessnok: posts big blind $3
*** HOLE CARDS ***
Kikken: raises $3 to $6
Chessnok: raises $3 to $9
Kikken: calls $3
*** FLOP *** [Tc 9s 2s]
Chessnok: bets $3
Kikken: calls $3
*** TURN *** [Tc 9s 2s] [8d]
Chessnok: checks
Kikken: checks
*** RIVER *** [Tc 9s 2s 8d] [3s]
Chessnok: checks
Kikken: checks
*** SHOW DOWN ***
Chessnok: shows [6s Ad] (high card Ace)
Kikken: mucks hand
Chessnok collected $23.52 from pot
*** SUMMARY ***
Total pot $24 | Rake $0.48
Board [Tc 9s 2s 8d 3s]
Seat 2: Chessnok (big blind) showed [6s Ad] and won ($23.52) with high card Ace
Seat 5: Kikken (button) (small blind) mucked


PokerStars Hand #147056440466:  Hold'em Limit ($3/$6 USD) - 2016/01/14 20:53:03 ET
Table 'Deimos' 6-max Seat #2 is the button
Seat 2: Chessnok ($111.08 in chips)
Seat 5: Kikken ($130 in chips)
Chessnok: posts small blind $1
Kikken: posts big blind $3
*** HOLE CARDS ***
Chessnok: folds
Uncalled bet ($2) returned to Kikken
Kikken collected $2 from pot
Kikken: doesn't show hand
*** SUMMARY ***
Total pot $2 | Rake $0
Seat 2: Chessnok (button) (small blind) folded before Flop
Seat 5: Kikken (big blind) collected ($2)


PokerStars Hand #147056442588:  Hold'em Limit ($3/$6 USD) - 2016/01/14 20:53:07 ET
Table 'Deimos' 6-max Seat #5 is the button
Seat 2: Chessnok ($110.08 in chips)
Seat 5: Kikken ($131 in chips)
Kikken: posts small blind $1
Chessnok: posts big blind $3
*** HOLE CARDS ***
Kikken: raises $3 to $6
Chessnok: raises $3 to $9
Kikken: raises $3 to $12
Betting is capped
Chessnok: calls $3
*** FLOP *** [8h 6c Th]
Chessnok: bets $3
Kikken: raises $3 to $6
Chessnok: calls $3
*** TURN *** [8h 6c Th] [Jc]
Chessnok: checks
Kikken: bets $6
Chessnok: calls $6
*** RIVER *** [8h 6c Th Jc] [6s]
Chessnok: checks
Kikken: bets $6
Chessnok: calls $6
*** SHOW DOWN ***
Kikken: shows [Tc Td] (a full house, Tens full of Sixes)
Chessnok: mucks hand
Kikken collected $59.50 from pot
*** SUMMARY ***
Total pot $60 | Rake $0.50
Board [8h 6c Th Jc 6s]
Seat 2: Chessnok (big blind) mucked
Seat 5: Kikken (button) (small blind) showed [Tc Td] and won ($59.50) with a full house, Tens full of Sixes


PokerStars Hand #147058212034:  Hold'em Limit ($3/$6 USD) - 2016/01/14 21:56:47 ET
Table 'Deimos' 6-max Seat #3 is the button
Seat 1: Masqb ($129 in chips)
Seat 3: cvillegurl ($27 in chips)
cvillegurl: posts small blind $1
Masqb: posts big blind $3
*** HOLE CARDS ***
cvillegurl: folds
Uncalled bet ($2) returned to Masqb
Masqb collected $2 from pot
Masqb: doesn't show hand
*** SUMMARY ***
Total pot $2 | Rake $0
Seat 1: Masqb (big blind) collected ($2)
Seat 3: cvillegurl (button) (small blind) folded before Flop


PokerStars Hand #147058207962:  Hold'em Limit ($3/$6 USD) - 2016/01/14 21:56:36 ET
Table 'Deimos' 6-max Seat #1 is the button
Seat 1: Masqb ($126 in chips)
Seat 3: cvillegurl ($30 in chips)
Masqb: posts small blind $1
cvillegurl: posts big blind $3
*** HOLE CARDS ***
Masqb: raises $3 to $6
cvillegurl: folds
Uncalled bet ($3) returned to Masqb
Masqb collected $6 from pot
Masqb: doesn't show hand
*** SUMMARY ***
Total pot $6 | Rake $0
Seat 1: Masqb (button) (small blind) collected ($6)
Seat 3: cvillegurl (big blind) folded before Flop


PokerStars Hand #147058214055:  Hold'em Limit ($3/$6 USD) - 2016/01/14 21:56:53 ET
Table 'Deimos' 6-max Seat #1 is the button
Seat 1: Masqb ($130 in chips)
Seat 3: cvillegurl ($26 in chips)
Masqb: posts small blind $1
cvillegurl: posts big blind $3
*** HOLE CARDS ***
Masqb: folds
Uncalled bet ($2) returned to cvillegurl
cvillegurl collected $2 from pot
cvillegurl: doesn't show hand
*** SUMMARY ***
Total pot $2 | Rake $0
Seat 1: Masqb (button) (small blind) folded before Flop
Seat 3: cvillegurl (big blind) collected ($2)


PokerStars Hand #147058215944:  Hold'em Limit ($3/$6 USD) - 2016/01/14 21:56:58 ET
Table 'Deimos' 6-max Seat #3 is the button
Seat 1: Masqb ($129 in chips)
Seat 3: cvillegurl ($27 in chips)
cvillegurl: posts small blind $1
Masqb: posts big blind $3
*** HOLE CARDS ***
cvillegurl: folds
Uncalled bet ($2) returned to Masqb
Masqb collected $2 from pot
Masqb: doesn't show hand
*** SUMMARY ***
Total pot $2 | Rake $0
Seat 1: Masqb (big blind) collected ($2)
Seat 3: cvillegurl (button) (small blind) folded before Flop


PokerStars Hand #147058217880:  Hold'em Limit ($3/$6 USD) - 2016/01/14 21:57:04 ET
Table 'Deimos' 6-max Seat #1 is the button
Seat 1: Masqb ($130 in chips)
Seat 3: cvillegurl ($26 in chips)
Masqb: posts small blind $1
cvillegurl: posts big blind $3
*** HOLE CARDS ***
Masqb: raises $3 to $6
cvillegurl: calls $3
*** FLOP *** [3d Ks 4s]
cvillegurl: checks
Masqb: bets $3
cvillegurl: calls $3
*** TURN *** [3d Ks 4s] [7s]
cvillegurl: checks
Masqb: bets $6
cvillegurl: calls $6
*** RIVER *** [3d Ks 4s 7s] [2h]
cvillegurl: checks
Masqb: checks
*** SHOW DOWN ***
cvillegurl: shows [Ad 2c] (a pair of Deuces)
Masqb: mucks hand
cvillegurl collected $29.50 from pot
*** SUMMARY ***
Total pot $30 | Rake $0.50
Board [3d Ks 4s 7s 2h]
Seat 1: Masqb (button) (small blind) mucked
Seat 3: cvillegurl (big blind) showed [Ad 2c] and won ($29.50) with a pair of Deuces


PokerStars Hand #147058242935:  Hold'em Limit ($3/$6 USD) - 2016/01/14 21:58:05 ET
Table 'Deimos' 6-max Seat #1 is the button
Seat 1: Masqb ($117.88 in chips)
Seat 3: cvillegurl ($37.50 in chips)
Masqb: posts small blind $1
cvillegurl: posts big blind $3
*** HOLE CARDS ***
Masqb: folds
Uncalled bet ($2) returned to cvillegurl
cvillegurl collected $2 from pot
cvillegurl: doesn't show hand
*** SUMMARY ***
Total pot $2 | Rake $0
Seat 1: Masqb (button) (small blind) folded before Flop
Seat 3: cvillegurl (big blind) collected ($2)


PokerStars Hand #147058228231:  Hold'em Limit ($3/$6 USD) - 2016/01/14 21:57:32 ET
Table 'Deimos' 6-max Seat #3 is the button
Seat 1: Masqb ($115 in chips)
Seat 3: cvillegurl ($40.50 in chips)
cvillegurl: posts small blind $1
Masqb: posts big blind $3
*** HOLE CARDS ***
cvillegurl: calls $2
Masqb: checks
*** FLOP *** [3c 3h 5s]
Masqb: checks
cvillegurl: checks
*** TURN *** [3c 3h 5s] [Tc]
Masqb: checks
cvillegurl: checks
*** RIVER *** [3c 3h 5s Tc] [2d]
Masqb: bets $6
cvillegurl: folds
Uncalled bet ($6) returned to Masqb
Masqb collected $5.88 from pot
Masqb: doesn't show hand
*** SUMMARY ***
Total pot $6 | Rake $0.12
Board [3c 3h 5s Tc 2d]
Seat 1: Masqb (big blind) collected ($5.88)
Seat 3: cvillegurl (button) (small blind) folded on the River


PokerStars Hand #147058244793:  Hold'em Limit ($3/$6 USD) - 2016/01/14 21:58:10 ET
Table 'Deimos' 6-max Seat #3 is the button
Seat 1: Masqb ($116.88 in chips)
Seat 3: cvillegurl ($38.50 in chips)
cvillegurl: posts small blind $1
Masqb: posts big blind $3
*** HOLE CARDS ***
cvillegurl: raises $3 to $6
Masqb: raises $3 to $9
cvillegurl: calls $3
*** FLOP *** [Jd Ts As]
Masqb: bets $3
cvillegurl: raises $3 to $6
Masqb: calls $3
*** TURN *** [Jd Ts As] [5h]
Masqb: checks
cvillegurl: checks
*** RIVER *** [Jd Ts As 5h] [Kc]
Masqb: checks
cvillegurl: checks
*** SHOW DOWN ***
Masqb: shows [Js Ks] (two pair, Kings and Jacks)
cvillegurl: mucks hand
Masqb collected $29.50 from pot
*** SUMMARY ***
Total pot $30 | Rake $0.50
Board [Jd Ts As 5h Kc]
Seat 1: Masqb (big blind) showed [Js Ks] and won ($29.50) with two pair, Kings and Jacks
Seat 3: cvillegurl (button) (small blind) mucked


PokerStars Hand #147058258041:  Hold'em Limit ($3/$6 USD) - 2016/01/14 21:58:39 ET
Table 'Deimos' 6-max Seat #1 is the button
Seat 1: Masqb ($131.38 in chips)
Seat 3: cvillegurl ($23.50 in chips)
Masqb: posts small blind $1
cvillegurl: posts big blind $3
*** HOLE CARDS ***
Masqb: raises $3 to $6
cvillegurl: raises $3 to $9
Masqb: calls $3
*** FLOP *** [8s 3d 2c]
cvillegurl: bets $3
Masqb: calls $3
*** TURN *** [8s 3d 2c] [7d]
cvillegurl: bets $6
Masqb: raises $6 to $12
cvillegurl: calls $5.50 and is all-in
Uncalled bet ($0.50) returned to Masqb
*** RIVER *** [8s 3d 2c 7d] [8c]
*** SHOW DOWN ***
cvillegurl: shows [Jh Kc] (a pair of Eights)
Masqb: shows [Kh 4d] (a pair of Eights - lower kicker)
cvillegurl collected $46.50 from pot
*** SUMMARY ***
Total pot $47 | Rake $0.50
Board [8s 3d 2c 7d 8c]
Seat 1: Masqb (button) (small blind) showed [Kh 4d] and lost with a pair of Eights
Seat 3: cvillegurl (big blind) showed [Jh Kc] and won ($46.50) with a pair of Eights


PokerStars Hand #147058266676:  Hold'em Limit ($3/$6 USD) - 2016/01/14 21:59:02 ET
Table 'Deimos' 6-max Seat #3 is the button
Seat 1: Masqb ($107.88 in chips)
Seat 3: cvillegurl ($46.50 in chips)
cvillegurl: posts small blind $1
Masqb: posts big blind $3
*** HOLE CARDS ***
cvillegurl: folds
Uncalled bet ($2) returned to Masqb
Masqb collected $2 from pot
Masqb: doesn't show hand
*** SUMMARY ***
Total pot $2 | Rake $0
Seat 1: Masqb (big blind) collected ($2)
Seat 3: cvillegurl (button) (small blind) folded before Flop


PokerStars Hand #147058282696:  Hold'em Limit ($3/$6 USD) - 2016/01/14 21:59:46 ET
Table 'Deimos' 6-max Seat #1 is the button
Seat 1: Masqb ($108.88 in chips)
Seat 3: Sunny1022 ($100 in chips)
Masqb: posts small blind $1
Sunny1022: posts big blind $3
*** HOLE CARDS ***
Chessnok joins the table at seat #4
Masqb: raises $3 to $6
Sunny1022: folds
Uncalled bet ($3) returned to Masqb
Masqb collected $6 from pot
Masqb: doesn't show hand
*** SUMMARY ***
Total pot $6 | Rake $0
Seat 1: Masqb (button) (small blind) collected ($6)
Seat 3: Sunny1022 (big blind) folded before Flop


PokerStars Hand #147058361301:  Hold'em Limit ($3/$6 USD) - 2016/01/14 22:03:05 ET
Table 'Deimos' 6-max Seat #4 is the button
Seat 1: Masqb ($83.86 in chips)
Seat 4: Chessnok ($136.24 in chips)
Chessnok: posts small blind $1
Masqb: posts big blind $3
*** HOLE CARDS ***
Sunny1022 leaves the table
Chessnok: raises $3 to $6
Masqb: raises $3 to $9
Chessnok: calls $3
*** FLOP *** [Qs 5s Th]
Masqb: bets $3
Chessnok: folds
Uncalled bet ($3) returned to Masqb
Masqb collected $17.64 from pot
Masqb: doesn't show hand
*** SUMMARY ***
Total pot $18 | Rake $0.36
Board [Qs 5s Th]
Seat 1: Masqb (big blind) collected ($17.64)
Seat 4: Chessnok (button) (small blind) folded on the Flop


PokerStars Hand #147059251203:  Hold'em Limit ($3/$6 USD) - 2016/01/14 22:41:04 ET
Table 'Deimos' 6-max Seat #2 is the button
Seat 2: TinaTurner72 ($120 in chips)
Seat 5: razor3334 ($50 in chips)
TinaTurner72: posts small blind $1
razor3334: posts big blind $3
*** HOLE CARDS ***
TinaTurner72: raises $3 to $6
razor3334: calls $3
*** FLOP *** [5d Kh Ah]
razor3334: bets $3
TinaTurner72: folds
Uncalled bet ($3) returned to razor3334
razor3334 collected $11.76 from pot
*** SUMMARY ***
Total pot $12 | Rake $0.24
Board [5d Kh Ah]
Seat 2: TinaTurner72 (button) (small blind) folded on the Flop
Seat 5: razor3334 (big blind) collected ($11.76)


PokerStars Hand #147059258188:  Hold'em Limit ($3/$6 USD) - 2016/01/14 22:41:23 ET
Table 'Deimos' 6-max Seat #5 is the button
Seat 2: TinaTurner72 ($114 in chips)
Seat 5: razor3334 ($55.76 in chips)
razor3334: posts small blind $1
TinaTurner72: posts big blind $3
*** HOLE CARDS ***
razor3334: calls $2
TinaTurner72: checks
*** FLOP *** [Kh Ad 3c]
TinaTurner72: checks
razor3334: bets $3
TinaTurner72: folds
Uncalled bet ($3) returned to razor3334
razor3334 collected $5.88 from pot
*** SUMMARY ***
Total pot $6 | Rake $0.12
Board [Kh Ad 3c]
Seat 2: TinaTurner72 (big blind) folded on the Flop
Seat 5: razor3334 (button) (small blind) collected ($5.88)


PokerStars Hand #147059269884:  Hold'em Limit ($3/$6 USD) - 2016/01/14 22:41:56 ET
Table 'Deimos' 6-max Seat #2 is the button
Seat 2: TinaTurner72 ($111 in chips)
Seat 5: razor3334 ($58.64 in chips)
TinaTurner72: posts small blind $1
razor3334: posts big blind $3
*** HOLE CARDS ***
TinaTurner72: raises $3 to $6
razor3334: calls $3
*** FLOP *** [9h 3s 2h]
razor3334: checks
TinaTurner72: bets $3
razor3334: calls $3
*** TURN *** [9h 3s 2h] [9s]
razor3334: checks
TinaTurner72: bets $6
razor3334: folds
Uncalled bet ($6) returned to TinaTurner72
TinaTurner72 collected $17.64 from pot
TinaTurner72: doesn't show hand
*** SUMMARY ***
Total pot $18 | Rake $0.36
Board [9h 3s 2h 9s]
Seat 2: TinaTurner72 (button) (small blind) collected ($17.64)
Seat 5: razor3334 (big blind) folded on the Turn


PokerStars Hand #147059298266:  Hold'em Limit ($3/$6 USD) - 2016/01/14 22:43:14 ET
Table 'Deimos' 6-max Seat #2 is the button
Seat 2: TinaTurner72 ($110.64 in chips)
Seat 5: razor3334 ($58.28 in chips)
TinaTurner72: posts small blind $1
razor3334: posts big blind $3
*** HOLE CARDS ***
TinaTurner72: raises $3 to $6
razor3334: raises $3 to $9
TinaTurner72: calls $3
*** FLOP *** [2s Ad Jh]
razor3334: bets $3
TinaTurner72: folds
Uncalled bet ($3) returned to razor3334
razor3334 collected $17.64 from pot
*** SUMMARY ***
Total pot $18 | Rake $0.36
Board [2s Ad Jh]
Seat 2: TinaTurner72 (button) (small blind) folded on the Flop
Seat 5: razor3334 (big blind) collected ($17.64)


PokerStars Hand #147059286063:  Hold'em Limit ($3/$6 USD) - 2016/01/14 22:42:41 ET
Table 'Deimos' 6-max Seat #5 is the button
Seat 2: TinaTurner72 ($119.64 in chips)
Seat 5: razor3334 ($49.64 in chips)
razor3334: posts small blind $1
TinaTurner72: posts big blind $3
*** HOLE CARDS ***
razor3334: raises $3 to $6
TinaTurner72: calls $3
*** FLOP *** [Ts 2d 7s]
TinaTurner72: checks
razor3334: bets $3
TinaTurner72: calls $3
*** TURN *** [Ts 2d 7s] [Ac]
TinaTurner72: checks
razor3334: bets $6
TinaTurner72: folds
Uncalled bet ($6) returned to razor3334
razor3334 collected $17.64 from pot
*** SUMMARY ***
Total pot $18 | Rake $0.36
Board [Ts 2d 7s Ac]
Seat 2: TinaTurner72 (big blind) folded on the Turn
Seat 5: razor3334 (button) (small blind) collected ($17.64)


PokerStars Hand #147059304684:  Hold'em Limit ($3/$6 USD) - 2016/01/14 22:43:32 ET
Table 'Deimos' 6-max Seat #5 is the button
Seat 2: TinaTurner72 ($101.64 in chips)
Seat 5: razor3334 ($66.92 in chips)
razor3334: posts small blind $1
TinaTurner72: posts big blind $3
*** HOLE CARDS ***
razor3334: raises $3 to $6
TinaTurner72: calls $3
*** FLOP *** [6c Td Qs]
TinaTurner72: checks
razor3334: bets $3
TinaTurner72: calls $3
*** TURN *** [6c Td Qs] [5d]
TinaTurner72: checks
razor3334: bets $6
TinaTurner72: calls $6
*** RIVER *** [6c Td Qs 5d] [5h]
TinaTurner72: checks
razor3334: bets $6
TinaTurner72: calls $6
*** SHOW DOWN ***
razor3334: shows [6d 6s] (a full house, Sixes full of Fives)
TinaTurner72: mucks hand
razor3334 collected $41.50 from pot
*** SUMMARY ***
Total pot $42 | Rake $0.50
Board [6c Td Qs 5d 5h]
Seat 2: TinaTurner72 (big blind) mucked
Seat 5: razor3334 (button) (small blind) showed [6d 6s] and won ($41.50) with a full house, Sixes full of Fives


PokerStars Hand #147059327259:  Hold'em Limit ($3/$6 USD) - 2016/01/14 22:44:34 ET
Table 'Deimos' 6-max Seat #5 is the button
Seat 2: TinaTurner72 ($65.64 in chips)
Seat 5: razor3334 ($101.92 in chips)
razor3334: posts small blind $1
TinaTurner72: posts big blind $3
*** HOLE CARDS ***
razor3334: calls $2
TinaTurner72: checks
*** FLOP *** [Jc 2h Js]
TinaTurner72: checks
razor3334: checks
*** TURN *** [Jc 2h Js] [Qh]
TinaTurner72: checks
razor3334: bets $6
TinaTurner72: calls $6
*** RIVER *** [Jc 2h Js Qh] [6s]
TinaTurner72: checks
razor3334: checks
*** SHOW DOWN ***
TinaTurner72: shows [3d Qs] (two pair, Queens and Jacks)
razor3334: mucks hand
TinaTurner72 collected $17.64 from pot
*** SUMMARY ***
Total pot $18 | Rake $0.36
Board [Jc 2h Js Qh 6s]
Seat 2: TinaTurner72 (big blind) showed [3d Qs] and won ($17.64) with two pair, Queens and Jacks
Seat 5: razor3334 (button) (small blind) mucked


PokerStars Hand #147059313143:  Hold'em Limit ($3/$6 USD) - 2016/01/14 22:43:55 ET
Table 'Deimos' 6-max Seat #2 is the button
Seat 2: TinaTurner72 ($80.64 in chips)
Seat 5: razor3334 ($87.42 in chips)
TinaTurner72: posts small blind $1
razor3334: posts big blind $3
*** HOLE CARDS ***
TinaTurner72: raises $3 to $6
razor3334: calls $3
*** FLOP *** [6d Ad 3s]
razor3334: checks
TinaTurner72: bets $3
razor3334: calls $3
*** TURN *** [6d Ad 3s] [Ts]
razor3334: checks
TinaTurner72: bets $6
razor3334: calls $6
*** RIVER *** [6d Ad 3s Ts] [9c]
razor3334: checks
TinaTurner72: checks
*** SHOW DOWN ***
razor3334: shows [As 9d] (two pair, Aces and Nines)
TinaTurner72: mucks hand
razor3334 collected $29.50 from pot
*** SUMMARY ***
Total pot $30 | Rake $0.50
Board [6d Ad 3s Ts 9c]
Seat 2: TinaTurner72 (button) (small blind) mucked
Seat 5: razor3334 (big blind) showed [As 9d] and won ($29.50) with two pair, Aces and Nines


PokerStars Hand #147059336670:  Hold'em Limit ($3/$6 USD) - 2016/01/14 22:45:00 ET
Table 'Deimos' 6-max Seat #2 is the button
Seat 2: TinaTurner72 ($74.28 in chips)
Seat 5: razor3334 ($92.92 in chips)
TinaTurner72: posts small blind $1
razor3334: posts big blind $3
*** HOLE CARDS ***
TinaTurner72: raises $3 to $6
razor3334: calls $3
*** FLOP *** [Qc Js 7d]
razor3334: checks
TinaTurner72: bets $3
razor3334: calls $3
*** TURN *** [Qc Js 7d] [Ah]
razor3334: checks
TinaTurner72: checks
*** RIVER *** [Qc Js 7d Ah] [2d]
razor3334: checks
TinaTurner72: checks
*** SHOW DOWN ***
razor3334: shows [9s Kd] (high card Ace)
TinaTurner72: shows [7c 4h] (a pair of Sevens)
TinaTurner72 collected $17.64 from pot
*** SUMMARY ***
Total pot $18 | Rake $0.36
Board [Qc Js 7d Ah 2d]
Seat 2: TinaTurner72 (button) (small blind) showed [7c 4h] and won ($17.64) with a pair of Sevens
Seat 5: razor3334 (big blind) showed [9s Kd] and lost with high card Ace


PokerStars Hand #147059348380:  Hold'em Limit ($3/$6 USD) - 2016/01/14 22:45:33 ET
Table 'Deimos' 6-max Seat #5 is the button
Seat 2: TinaTurner72 ($82.92 in chips)
Seat 5: razor3334 ($83.92 in chips)
razor3334: posts small blind $1
TinaTurner72: posts big blind $3
*** HOLE CARDS ***
razor3334: raises $3 to $6
TinaTurner72: raises $3 to $9
razor3334: raises $3 to $12
Betting is capped
TinaTurner72: calls $3
*** FLOP *** [Ac 9h 4c]
TinaTurner72: checks
razor3334: bets $3
TinaTurner72: raises $3 to $6
razor3334: calls $3
*** TURN *** [Ac 9h 4c] [Qd]
TinaTurner72: checks
razor3334: checks
*** RIVER *** [Ac 9h 4c Qd] [2c]
TinaTurner72: bets $6
razor3334: calls $6
*** SHOW DOWN ***
TinaTurner72: shows [Jc Qc] (a flush, Ace high)
razor3334: mucks hand
TinaTurner72 collected $47.50 from pot
*** SUMMARY ***
Total pot $48 | Rake $0.50
Board [Ac 9h 4c Qd 2c]
Seat 2: TinaTurner72 (big blind) showed [Jc Qc] and won ($47.50) with a flush, Ace high
Seat 5: razor3334 (button) (small blind) mucked


PokerStars Hand #147059381026:  Hold'em Limit ($3/$6 USD) - 2016/01/14 22:47:03 ET
Table 'Deimos' 6-max Seat #5 is the button
Seat 2: TinaTurner72 ($79.42 in chips)
Seat 5: razor3334 ($86.42 in chips)
razor3334: posts small blind $1
TinaTurner72: posts big blind $3
*** HOLE CARDS ***
razor3334: folds
Uncalled bet ($2) returned to TinaTurner72
TinaTurner72 collected $2 from pot
TinaTurner72: doesn't show hand
*** SUMMARY ***
Total pot $2 | Rake $0
Seat 2: TinaTurner72 (big blind) collected ($2)
Seat 5: razor3334 (button) (small blind) folded before Flop


PokerStars Hand #147059364261:  Hold'em Limit ($3/$6 USD) - 2016/01/14 22:46:17 ET
Table 'Deimos' 6-max Seat #2 is the button
Seat 2: TinaTurner72 ($106.42 in chips)
Seat 5: razor3334 ($59.92 in chips)
TinaTurner72: posts small blind $1
razor3334: posts big blind $3
*** HOLE CARDS ***
TinaTurner72: raises $3 to $6
razor3334: calls $3
*** FLOP *** [2h 3s 8s]
razor3334: checks
TinaTurner72: bets $3
razor3334: calls $3
*** TURN *** [2h 3s 8s] [4c]
razor3334: checks
TinaTurner72: bets $6
razor3334: calls $6
*** RIVER *** [2h 3s 8s 4c] [2c]
razor3334: checks
TinaTurner72: bets $6
razor3334: raises $6 to $12
TinaTurner72: calls $6
*** SHOW DOWN ***
razor3334: shows [Qc 2s] (three of a kind, Deuces)
TinaTurner72: mucks hand
razor3334 collected $53.50 from pot
*** SUMMARY ***
Total pot $54 | Rake $0.50
Board [2h 3s 8s 4c 2c]
Seat 2: TinaTurner72 (button) (small blind) mucked
Seat 5: razor3334 (big blind) showed [Qc 2s] and won ($53.50) with three of a kind, Deuces


PokerStars Hand #147059383869:  Hold'em Limit ($3/$6 USD) - 2016/01/14 22:47:11 ET
Table 'Deimos' 6-max Seat #2 is the button
Seat 2: TinaTurner72 ($80.42 in chips)
Seat 5: razor3334 ($85.42 in chips)
TinaTurner72: posts small blind $1
razor3334: posts big blind $3
*** HOLE CARDS ***
TinaTurner72: raises $3 to $6
razor3334: calls $3
*** FLOP *** [4c 9h Jc]
razor3334: checks
TinaTurner72: bets $3
razor3334: folds
Uncalled bet ($3) returned to TinaTurner72
TinaTurner72 collected $11.76 from pot
TinaTurner72: doesn't show hand
*** SUMMARY ***
Total pot $12 | Rake $0.24
Board [4c 9h Jc]
Seat 2: TinaTurner72 (button) (small blind) collected ($11.76)
Seat 5: razor3334 (big blind) folded on the Flop


PokerStars Hand #147059389823:  Hold'em Limit ($3/$6 USD) - 2016/01/14 22:47:27 ET
Table 'Deimos' 6-max Seat #5 is the button
Seat 2: TinaTurner72 ($86.18 in chips)
Seat 5: razor3334 ($79.42 in chips)
razor3334: posts small blind $1
TinaTurner72: posts big blind $3
*** HOLE CARDS ***
razor3334: calls $2
TinaTurner72: raises $3 to $6
razor3334: calls $3
*** FLOP *** [4d 5c 6h]
TinaTurner72: bets $3
razor3334: calls $3
*** TURN *** [4d 5c 6h] [Tc]
TinaTurner72: bets $6
razor3334: raises $6 to $12
TinaTurner72: calls $6
*** RIVER *** [4d 5c 6h Tc] [Qd]
TinaTurner72: checks
razor3334: bets $6
TinaTurner72: calls $6
*** SHOW DOWN ***
razor3334: shows [Qs 7h] (a pair of Queens)
TinaTurner72: mucks hand
razor3334 collected $53.50 from pot
*** SUMMARY ***
Total pot $54 | Rake $0.50
Board [4d 5c 6h Tc Qd]
Seat 2: TinaTurner72 (big blind) mucked
Seat 5: razor3334 (button) (small blind) showed [Qs 7h] and won ($53.50) with a pair of Queens


PokerStars Hand #147059402133:  Hold'em Limit ($3/$6 USD) - 2016/01/14 22:48:02 ET
Table 'Deimos' 6-max Seat #2 is the button
Seat 2: TinaTurner72 ($59.18 in chips)
Seat 5: razor3334 ($105.92 in chips)
TinaTurner72: posts small blind $1
razor3334: posts big blind $3
*** HOLE CARDS ***
TinaTurner72: raises $3 to $6
razor3334: folds
Uncalled bet ($3) returned to TinaTurner72
TinaTurner72 collected $6 from pot
TinaTurner72: doesn't show hand
*** SUMMARY ***
Total pot $6 | Rake $0
Seat 2: TinaTurner72 (button) (small blind) collected ($6)
Seat 5: razor3334 (big blind) folded before Flop


PokerStars Hand #147059405800:  Hold'em Limit ($3/$6 USD) - 2016/01/14 22:48:12 ET
Table 'Deimos' 6-max Seat #5 is the button
Seat 2: TinaTurner72 ($62.18 in chips)
Seat 5: razor3334 ($102.92 in chips)
razor3334: posts small blind $1
TinaTurner72: posts big blind $3
*** HOLE CARDS ***
razor3334: calls $2
TinaTurner72: raises $3 to $6
razor3334: calls $3
*** FLOP *** [Jc 4d Kh]
TinaTurner72: bets $3
razor3334: folds
Uncalled bet ($3) returned to TinaTurner72
TinaTurner72 collected $11.76 from pot
TinaTurner72: doesn't show hand
*** SUMMARY ***
Total pot $12 | Rake $0.24
Board [Jc 4d Kh]
Seat 2: TinaTurner72 (big blind) collected ($11.76)
Seat 5: razor3334 (button) (small blind) folded on the Flop


PokerStars Hand #147059427155:  Hold'em Limit ($3/$6 USD) - 2016/01/14 22:49:12 ET
Table 'Deimos' 6-max Seat #5 is the button
Seat 2: TinaTurner72 ($85.44 in chips)
Seat 5: razor3334 ($78.92 in chips)
razor3334: posts small blind $1
TinaTurner72: posts big blind $3
*** HOLE CARDS ***
razor3334: raises $3 to $6
TinaTurner72: folds
Uncalled bet ($3) returned to razor3334
razor3334 collected $6 from pot
razor3334: doesn't show hand
*** SUMMARY ***
Total pot $6 | Rake $0
Seat 2: TinaTurner72 (big blind) folded before Flop
Seat 5: razor3334 (button) (small blind) collected ($6)


PokerStars Hand #147059410790:  Hold'em Limit ($3/$6 USD) - 2016/01/14 22:48:26 ET
Table 'Deimos' 6-max Seat #2 is the button
Seat 2: TinaTurner72 ($67.94 in chips)
Seat 5: razor3334 ($96.92 in chips)
TinaTurner72: posts small blind $1
razor3334: posts big blind $3
*** HOLE CARDS ***
TinaTurner72: raises $3 to $6
razor3334: raises $3 to $9
TinaTurner72: calls $3
*** FLOP *** [5s 6s 7d]
razor3334: bets $3
TinaTurner72: calls $3
*** TURN *** [5s 6s 7d] [9d]
razor3334: checks
TinaTurner72: bets $6
razor3334: calls $6
*** RIVER *** [5s 6s 7d 9d] [Jd]
razor3334: checks
TinaTurner72: bets $6
razor3334: folds
Uncalled bet ($6) returned to TinaTurner72
TinaTurner72 collected $35.50 from pot
TinaTurner72: doesn't show hand
*** SUMMARY ***
Total pot $36 | Rake $0.50
Board [5s 6s 7d 9d Jd]
Seat 2: TinaTurner72 (button) (small blind) collected ($35.50)
Seat 5: razor3334 (big blind) folded on the River


PokerStars Hand #147059429981:  Hold'em Limit ($3/$6 USD) - 2016/01/14 22:49:21 ET
Table 'Deimos' 6-max Seat #2 is the button
Seat 2: TinaTurner72 ($82.44 in chips)
Seat 5: razor3334 ($81.92 in chips)
TinaTurner72: posts small blind $1
razor3334: posts big blind $3
*** HOLE CARDS ***
TinaTurner72: folds
Uncalled bet ($2) returned to razor3334
razor3334 collected $2 from pot
*** SUMMARY ***
Total pot $2 | Rake $0
Seat 2: TinaTurner72 (button) (small blind) folded before Flop
Seat 5: razor3334 (big blind) collected ($2)


PokerStars Hand #147059432196:  Hold'em Limit ($3/$6 USD) - 2016/01/14 22:49:27 ET
Table 'Deimos' 6-max Seat #5 is the button
Seat 2: TinaTurner72 ($81.44 in chips)
Seat 5: razor3334 ($82.92 in chips)
razor3334: posts small blind $1
TinaTurner72: posts big blind $3
*** HOLE CARDS ***
razor3334: folds
Uncalled bet ($2) returned to TinaTurner72
TinaTurner72 collected $2 from pot
TinaTurner72: doesn't show hand
*** SUMMARY ***
Total pot $2 | Rake $0
Seat 2: TinaTurner72 (big blind) collected ($2)
Seat 5: razor3334 (button) (small blind) folded before Flop


PokerStars Hand #147059435613:  Hold'em Limit ($3/$6 USD) - 2016/01/14 22:49:36 ET
Table 'Deimos' 6-max Seat #2 is the button
Seat 2: TinaTurner72 ($82.44 in chips)
Seat 5: razor3334 ($81.92 in chips)
TinaTurner72: posts small blind $1
razor3334: posts big blind $3
*** HOLE CARDS ***
TinaTurner72: raises $3 to $6
razor3334: raises $3 to $9
TinaTurner72: calls $3
*** FLOP *** [8h 3s Ah]
razor3334: bets $3
TinaTurner72: calls $3
*** TURN *** [8h 3s Ah] [Ad]
razor3334: bets $6
TinaTurner72: calls $6
*** RIVER *** [8h 3s Ah Ad] [5c]
razor3334: bets $6
TinaTurner72: calls $6
*** SHOW DOWN ***
razor3334: shows [Kc Jc] (a pair of Aces)
TinaTurner72: shows [9c 9h] (two pair, Aces and Nines)
TinaTurner72 collected $47.50 from pot
*** SUMMARY ***
Total pot $48 | Rake $0.50
Board [8h 3s Ah Ad 5c]
Seat 2: TinaTurner72 (button) (small blind) showed [9c 9h] and won ($47.50) with two pair, Aces and Nines
Seat 5: razor3334 (big blind) showed [Kc Jc] and lost with a pair of Aces


PokerStars Hand #147059444841:  Hold'em Limit ($3/$6 USD) - 2016/01/14 22:50:03 ET
Table 'Deimos' 6-max Seat #5 is the button
Seat 2: TinaTurner72 ($105.94 in chips)
Seat 5: razor3334 ($57.92 in chips)
razor3334: posts small blind $1
TinaTurner72: posts big blind $3
*** HOLE CARDS ***
razor3334: calls $2
TinaTurner72: raises $3 to $6
razor3334: raises $3 to $9
TinaTurner72: calls $3
*** FLOP *** [Qd 7h Ah]
TinaTurner72: checks
razor3334: bets $3
TinaTurner72: calls $3
*** TURN *** [Qd 7h Ah] [4h]
TinaTurner72: checks
razor3334: checks
*** RIVER *** [Qd 7h Ah 4h] [7s]
TinaTurner72: bets $6
razor3334: folds
Uncalled bet ($6) returned to TinaTurner72
TinaTurner72 collected $23.52 from pot
TinaTurner72: doesn't show hand
*** SUMMARY ***
Total pot $24 | Rake $0.48
Board [Qd 7h Ah 4h 7s]
Seat 2: TinaTurner72 (big blind) collected ($23.52)
Seat 5: razor3334 (button) (small blind) folded on the River


PokerStars Hand #147059459144:  Hold'em Limit ($3/$6 USD) - 2016/01/14 22:50:44 ET
Table 'Deimos' 6-max Seat #2 is the button
Seat 2: TinaTurner72 ($117.46 in chips)
Seat 5: razor3334 ($45.92 in chips)
TinaTurner72: posts small blind $1
razor3334: posts big blind $3
*** HOLE CARDS ***
TinaTurner72: raises $3 to $6
razor3334: calls $3
*** FLOP *** [9c 6c 8d]
razor3334: checks
TinaTurner72: bets $3
razor3334: raises $3 to $6
TinaTurner72: calls $3
*** TURN *** [9c 6c 8d] [Qd]
razor3334: bets $6
TinaTurner72: calls $6
*** RIVER *** [9c 6c 8d Qd] [Kc]
razor3334: bets $6
TinaTurner72: calls $6
*** SHOW DOWN ***
razor3334: shows [2c Qc] (a flush, King high)
TinaTurner72: mucks hand
razor3334 collected $47.50 from pot
*** SUMMARY ***
Total pot $48 | Rake $0.50
Board [9c 6c 8d Qd Kc]
Seat 2: TinaTurner72 (button) (small blind) mucked
Seat 5: razor3334 (big blind) showed [2c Qc] and won ($47.50) with a flush, King high


PokerStars Hand #147059474169:  Hold'em Limit ($3/$6 USD) - 2016/01/14 22:51:27 ET
Table 'Deimos' 6-max Seat #5 is the button
Seat 2: TinaTurner72 ($93.46 in chips)
Seat 5: razor3334 ($69.42 in chips)
razor3334: posts small blind $1
TinaTurner72: posts big blind $3
*** HOLE CARDS ***
razor3334: folds
Uncalled bet ($2) returned to TinaTurner72
TinaTurner72 collected $2 from pot
TinaTurner72: doesn't show hand
*** SUMMARY ***
Total pot $2 | Rake $0
Seat 2: TinaTurner72 (big blind) collected ($2)
Seat 5: razor3334 (button) (small blind) folded before Flop


PokerStars Hand #147059476985:  Hold'em Limit ($3/$6 USD) - 2016/01/14 22:51:35 ET
Table 'Deimos' 6-max Seat #2 is the button
Seat 2: TinaTurner72 ($94.46 in chips)
Seat 5: razor3334 ($68.42 in chips)
TinaTurner72: posts small blind $1
razor3334: posts big blind $3
*** HOLE CARDS ***
TinaTurner72: raises $3 to $6
razor3334: raises $3 to $9
TinaTurner72: calls $3
*** FLOP *** [Kc 4s Tc]
razor3334: bets $3
TinaTurner72: folds
Uncalled bet ($3) returned to razor3334
razor3334 collected $17.64 from pot
*** SUMMARY ***
Total pot $18 | Rake $0.36
Board [Kc 4s Tc]
Seat 2: TinaTurner72 (button) (small blind) folded on the Flop
Seat 5: razor3334 (big blind) collected ($17.64)


PokerStars Hand #147059487145:  Hold'em Limit ($3/$6 USD) - 2016/01/14 22:52:04 ET
Table 'Deimos' 6-max Seat #5 is the button
Seat 2: TinaTurner72 ($85.46 in chips)
Seat 5: razor3334 ($77.06 in chips)
razor3334: posts small blind $1
TinaTurner72: posts big blind $3
*** HOLE CARDS ***
razor3334: raises $3 to $6
TinaTurner72: calls $3
*** FLOP *** [2c Ad Qs]
TinaTurner72: checks
razor3334: bets $3
TinaTurner72: raises $3 to $6
razor3334: calls $3
*** TURN *** [2c Ad Qs] [7h]
TinaTurner72: bets $6
razor3334: calls $6
*** RIVER *** [2c Ad Qs 7h] [9h]
TinaTurner72: bets $6
razor3334: calls $6
*** SHOW DOWN ***
TinaTurner72: shows [3c 4c] (high card Ace)
razor3334: shows [Ac 8c] (a pair of Aces)
razor3334 collected $47.50 from pot
*** SUMMARY ***
Total pot $48 | Rake $0.50
Board [2c Ad Qs 7h 9h]
Seat 2: TinaTurner72 (big blind) showed [3c 4c] and lost with high card Ace
Seat 5: razor3334 (button) (small blind) showed [Ac 8c] and won ($47.50) with a pair of Aces


PokerStars Hand #147059497811:  Hold'em Limit ($3/$6 USD) - 2016/01/14 22:52:35 ET
Table 'Deimos' 6-max Seat #2 is the button
Seat 2: TinaTurner72 ($61.46 in chips)
Seat 5: razor3334 ($100.56 in chips)
TinaTurner72: posts small blind $1
razor3334: posts big blind $3
*** HOLE CARDS ***
TinaTurner72: raises $3 to $6
razor3334: calls $3
*** FLOP *** [8h 4h 2s]
razor3334: bets $3
TinaTurner72: calls $3
*** TURN *** [8h 4h 2s] [4d]
razor3334: bets $6
TinaTurner72: folds
Uncalled bet ($6) returned to razor3334
razor3334 collected $17.64 from pot
*** SUMMARY ***
Total pot $18 | Rake $0.36
Board [8h 4h 2s 4d]
Seat 2: TinaTurner72 (button) (small blind) folded on the Turn
Seat 5: razor3334 (big blind) collected ($17.64)


PokerStars Hand #147059507542:  Hold'em Limit ($3/$6 USD) - 2016/01/14 22:53:03 ET
Table 'Deimos' 6-max Seat #2 is the button
Seat 2: TinaTurner72 ($53.46 in chips)
Seat 5: razor3334 ($108.20 in chips)
TinaTurner72: posts small blind $1
razor3334: posts big blind $3
*** HOLE CARDS ***
TinaTurner72: raises $3 to $6
razor3334: raises $3 to $9
TinaTurner72: raises $3 to $12
Betting is capped
razor3334: calls $3
*** FLOP *** [Qd 3d 5c]
razor3334: checks
TinaTurner72: bets $3
razor3334: calls $3
*** TURN *** [Qd 3d 5c] [4h]
razor3334: checks
TinaTurner72: checks
*** RIVER *** [Qd 3d 5c 4h] [Qc]
razor3334: bets $6
TinaTurner72: calls $6
*** SHOW DOWN ***
razor3334: shows [Ad Qs] (three of a kind, Queens)
TinaTurner72: mucks hand
razor3334 collected $41.50 from pot
*** SUMMARY ***
Total pot $42 | Rake $0.50
Board [Qd 3d 5c 4h Qc]
Seat 2: TinaTurner72 (button) (small blind) mucked
Seat 5: razor3334 (big blind) showed [Ad Qs] and won ($41.50) with three of a kind, Queens


PokerStars Hand #147059505519:  Hold'em Limit ($3/$6 USD) - 2016/01/14 22:52:57 ET
Table 'Deimos' 6-max Seat #5 is the button
Seat 2: TinaTurner72 ($52.46 in chips)
Seat 5: razor3334 ($109.20 in chips)
razor3334: posts small blind $1
TinaTurner72: posts big blind $3
*** HOLE CARDS ***
razor3334: folds
Uncalled bet ($2) returned to TinaTurner72
TinaTurner72 collected $2 from pot
TinaTurner72: doesn't show hand
*** SUMMARY ***
Total pot $2 | Rake $0
Seat 2: TinaTurner72 (big blind) collected ($2)
Seat 5: razor3334 (button) (small blind) folded before Flop


PokerStars Hand #147059523348:  Hold'em Limit ($3/$6 USD) - 2016/01/14 22:53:48 ET
Table 'Deimos' 6-max Seat #5 is the button
Seat 2: TinaTurner72 ($32.46 in chips)
Seat 5: razor3334 ($128.70 in chips)
razor3334: posts small blind $1
TinaTurner72: posts big blind $3
*** HOLE CARDS ***
razor3334: raises $3 to $6
TinaTurner72: raises $3 to $9
razor3334: calls $3
*** FLOP *** [8h Jh 3d]
TinaTurner72: bets $3
razor3334: calls $3
*** TURN *** [8h Jh 3d] [Kd]
TinaTurner72: bets $6
razor3334: folds [Ah]
Uncalled bet ($6) returned to TinaTurner72
TinaTurner72 collected $23.52 from pot
TinaTurner72: doesn't show hand
*** SUMMARY ***
Total pot $24 | Rake $0.48
Board [8h Jh 3d Kd]
Seat 2: TinaTurner72 (big blind) collected ($23.52)
Seat 5: razor3334 (button) (small blind) folded on the Turn


PokerStars Hand #147059533615:  Hold'em Limit ($3/$6 USD) - 2016/01/14 22:54:17 ET
Table 'Deimos' 6-max Seat #2 is the button
Seat 2: TinaTurner72 ($43.98 in chips)
Seat 5: razor3334 ($116.70 in chips)
TinaTurner72: posts small blind $1
razor3334: posts big blind $3
*** HOLE CARDS ***
TinaTurner72: raises $3 to $6
razor3334: raises $3 to $9
TinaTurner72: calls $3
*** FLOP *** [4s 9s 8s]
razor3334: checks
TinaTurner72: bets $3
razor3334: calls $3
*** TURN *** [4s 9s 8s] [Th]
razor3334: checks
TinaTurner72: checks
*** RIVER *** [4s 9s 8s Th] [Ks]
razor3334: checks
TinaTurner72: bets $6
razor3334: calls $6
*** SHOW DOWN ***
TinaTurner72: shows [5s Jh] (a flush, King high)
razor3334: mucks hand
TinaTurner72 collected $35.50 from pot
*** SUMMARY ***
Total pot $36 | Rake $0.50
Board [4s 9s 8s Th Ks]
Seat 2: TinaTurner72 (button) (small blind) showed [5s Jh] and won ($35.50) with a flush, King high
Seat 5: razor3334 (big blind) mucked


PokerStars Hand #147059549420:  Hold'em Limit ($3/$6 USD) - 2016/01/14 22:55:02 ET
Table 'Deimos' 6-max Seat #5 is the button
Seat 2: TinaTurner72 ($61.48 in chips)
Seat 5: razor3334 ($98.70 in chips)
razor3334: posts small blind $1
TinaTurner72: posts big blind $3
*** HOLE CARDS ***
razor3334: raises $3 to $6
TinaTurner72: calls $3
*** FLOP *** [Th Ks Jc]
TinaTurner72: checks
razor3334: bets $3
TinaTurner72: raises $3 to $6
razor3334: raises $3 to $9
TinaTurner72: calls $3
*** TURN *** [Th Ks Jc] [5s]
TinaTurner72: bets $6
razor3334: raises $6 to $12
TinaTurner72: calls $6
*** RIVER *** [Th Ks Jc 5s] [Qh]
TinaTurner72: checks
razor3334: bets $6
TinaTurner72: folds
Uncalled bet ($6) returned to razor3334
razor3334 collected $53.50 from pot
*** SUMMARY ***
Total pot $54 | Rake $0.50
Board [Th Ks Jc 5s Qh]
Seat 2: TinaTurner72 (big blind) folded on the River
Seat 5: razor3334 (button) (small blind) collected ($53.50)


PokerStars Hand #147059569600:  Hold'em Limit ($3/$6 USD) - 2016/01/14 22:56:08 ET
Table 'Deimos' 6-max Seat #5 is the button
Seat 2: TinaTurner72 ($40.24 in chips)
Seat 5: razor3334 ($119.20 in chips)
razor3334: posts small blind $1
TinaTurner72: posts big blind $3
*** HOLE CARDS ***
razor3334: folds
Uncalled bet ($2) returned to TinaTurner72
TinaTurner72 collected $2 from pot
TinaTurner72: doesn't show hand
*** SUMMARY ***
Total pot $2 | Rake $0
Seat 2: TinaTurner72 (big blind) collected ($2)
Seat 5: razor3334 (button) (small blind) folded before Flop


PokerStars Hand #147059563424:  Hold'em Limit ($3/$6 USD) - 2016/01/14 22:55:47 ET
Table 'Deimos' 6-max Seat #2 is the button
Seat 2: TinaTurner72 ($34.48 in chips)
Seat 5: razor3334 ($125.20 in chips)
TinaTurner72: posts small blind $1
razor3334: posts big blind $3
*** HOLE CARDS ***
TinaTurner72: raises $3 to $6
razor3334: calls $3
*** FLOP *** [3s 2d 7d]
razor3334: checks
TinaTurner72: bets $3
razor3334: folds
Uncalled bet ($3) returned to TinaTurner72
TinaTurner72 collected $11.76 from pot
TinaTurner72: doesn't show hand
*** SUMMARY ***
Total pot $12 | Rake $0.24
Board [3s 2d 7d]
Seat 2: TinaTurner72 (button) (small blind) collected ($11.76)
Seat 5: razor3334 (big blind) folded on the Flop


PokerStars Hand #147059571263:  Hold'em Limit ($3/$6 USD) - 2016/01/14 22:56:13 ET
Table 'Deimos' 6-max Seat #2 is the button
Seat 2: TinaTurner72 ($41.24 in chips)
Seat 5: razor3334 ($118.20 in chips)
TinaTurner72: posts small blind $1
razor3334: posts big blind $3
*** HOLE CARDS ***
TinaTurner72: raises $3 to $6
kismespit joins the table at seat #3
razor3334: calls $3
*** FLOP *** [3s 8s Kd]
razor3334: checks
TinaTurner72: bets $3
razor3334: folds
Uncalled bet ($3) returned to TinaTurner72
TinaTurner72 collected $11.76 from pot
TinaTurner72: doesn't show hand
*** SUMMARY ***
Total pot $12 | Rake $0.24
Board [3s 8s Kd]
Seat 2: TinaTurner72 (button) (small blind) collected ($11.76)
Seat 5: razor3334 (big blind) folded on the Flop


PokerStars Hand #147059577048:  Hold'em Limit ($3/$6 USD) - 2016/01/14 22:56:32 ET
Table 'Deimos' 6-max Seat #5 is the button
Seat 2: TinaTurner72 ($47 in chips)
Seat 5: razor3334 ($112.20 in chips)
razor3334: posts small blind $1
TinaTurner72: posts big blind $3
*** HOLE CARDS ***
razor3334: raises $3 to $6
TinaTurner72: calls $3
*** FLOP *** [5h 6d 9d]
TinaTurner72: checks
razor3334: bets $3
TinaTurner72: folds
Uncalled bet ($3) returned to razor3334
razor3334 collected $11.76 from pot
*** SUMMARY ***
Total pot $12 | Rake $0.24
Board [5h 6d 9d]
Seat 2: TinaTurner72 (big blind) folded on the Flop
Seat 5: razor3334 (button) (small blind) collected ($11.76)


PokerStars Hand #147059997676:  Hold'em Limit ($3/$6 USD) - 2016/01/14 23:17:30 ET
Table 'Deimos' 6-max Seat #3 is the button
Seat 2: TinaTurner72 ($163.33 in chips)
Seat 3: kismespit ($118.40 in chips)
kismespit: posts small blind $1
TinaTurner72: posts big blind $3
*** HOLE CARDS ***
kismespit: folds
Uncalled bet ($2) returned to TinaTurner72
TinaTurner72 collected $2 from pot
TinaTurner72: doesn't show hand
*** SUMMARY ***
Total pot $2 | Rake $0
Seat 2: TinaTurner72 (big blind) collected ($2)
Seat 3: kismespit (button) (small blind) folded before Flop


PokerStars Hand #147059999467:  Hold'em Limit ($3/$6 USD) - 2016/01/14 23:17:35 ET
Table 'Deimos' 6-max Seat #2 is the button
Seat 2: TinaTurner72 ($164.33 in chips)
Seat 3: kismespit ($117.40 in chips)
TinaTurner72: posts small blind $1
kismespit: posts big blind $3
*** HOLE CARDS ***
TinaTurner72: raises $3 to $6
kismespit: calls $3
*** FLOP *** [Ah Qs Ks]
kismespit: checks
TinaTurner72: bets $3
kismespit: folds
Uncalled bet ($3) returned to TinaTurner72
TinaTurner72 collected $11.76 from pot
TinaTurner72: doesn't show hand
*** SUMMARY ***
Total pot $12 | Rake $0.24
Board [Ah Qs Ks]
Seat 2: TinaTurner72 (button) (small blind) collected ($11.76)
Seat 3: kismespit (big blind) folded on the Flop


PokerStars Hand #147060017387:  Hold'em Limit ($3/$6 USD) - 2016/01/14 23:18:29 ET
Table 'Deimos' 6-max Seat #3 is the button
Seat 2: TinaTurner72 ($166.09 in chips)
Seat 3: kismespit ($107.40 in chips)
kismespit: posts small blind $1
TinaTurner72: posts big blind $3
*** HOLE CARDS ***
viemto leaves the table
kismespit: raises $3 to $6
TinaTurner72: folds
Uncalled bet ($3) returned to kismespit
kismespit collected $6 from pot
*** SUMMARY ***
Total pot $6 | Rake $0
Seat 2: TinaTurner72 (big blind) folded before Flop
Seat 3: kismespit (button) (small blind) collected ($6)


PokerStars Hand #147060029340:  Hold'em Limit ($3/$6 USD) - 2016/01/14 23:19:05 ET
Table 'Deimos' 6-max Seat #3 is the button
Seat 2: TinaTurner72 ($154.09 in chips)
Seat 3: kismespit ($119.04 in chips)
kismespit: posts small blind $1
TinaTurner72: posts big blind $3
*** HOLE CARDS ***
kismespit: folds
Uncalled bet ($2) returned to TinaTurner72
TinaTurner72 collected $2 from pot
TinaTurner72: doesn't show hand
*** SUMMARY ***
Total pot $2 | Rake $0
Seat 2: TinaTurner72 (big blind) collected ($2)
Seat 3: kismespit (button) (small blind) folded before Flop


PokerStars Hand #147060020695:  Hold'em Limit ($3/$6 USD) - 2016/01/14 23:18:39 ET
Table 'Deimos' 6-max Seat #2 is the button
Seat 2: TinaTurner72 ($163.09 in chips)
Seat 3: kismespit ($110.40 in chips)
TinaTurner72: posts small blind $1
kismespit: posts big blind $3
*** HOLE CARDS ***
TinaTurner72: raises $3 to $6
kismespit: raises $3 to $9
TinaTurner72: calls $3
*** FLOP *** [2d 2c As]
kismespit: bets $3
TinaTurner72: folds
Uncalled bet ($3) returned to kismespit
kismespit collected $17.64 from pot
*** SUMMARY ***
Total pot $18 | Rake $0.36
Board [2d 2c As]
Seat 2: TinaTurner72 (button) (small blind) folded on the Flop
Seat 3: kismespit (big blind) collected ($17.64)


PokerStars Hand #147060030958:  Hold'em Limit ($3/$6 USD) - 2016/01/14 23:19:10 ET
Table 'Deimos' 6-max Seat #2 is the button
Seat 2: TinaTurner72 ($155.09 in chips)
Seat 3: kismespit ($118.04 in chips)
TinaTurner72: posts small blind $1
kismespit: posts big blind $3
*** HOLE CARDS ***
TinaTurner72: raises $3 to $6
kismespit: calls $3
*** FLOP *** [5h 8s 2h]
kismespit: checks
TinaTurner72: bets $3
kismespit: calls $3
*** TURN *** [5h 8s 2h] [3d]
kismespit: checks
TinaTurner72: bets $6
kismespit: raises $6 to $12
TinaTurner72: calls $6
*** RIVER *** [5h 8s 2h 3d] [8d]
kismespit: bets $6
TinaTurner72: calls $6
*** SHOW DOWN ***
kismespit: shows [8c 6s] (three of a kind, Eights)
TinaTurner72: mucks hand
kismespit collected $53.50 from pot
*** SUMMARY ***
Total pot $54 | Rake $0.50
Board [5h 8s 2h 3d 8d]
Seat 2: TinaTurner72 (button) (small blind) mucked
Seat 3: kismespit (big blind) showed [8c 6s] and won ($53.50) with three of a kind, Eights


PokerStars Hand #147060047310:  Hold'em Limit ($3/$6 USD) - 2016/01/14 23:19:59 ET
Table 'Deimos' 6-max Seat #3 is the button
Seat 2: TinaTurner72 ($128.09 in chips)
Seat 3: kismespit ($144.54 in chips)
kismespit: posts small blind $1
TinaTurner72: posts big blind $3
*** HOLE CARDS ***
kismespit: raises $3 to $6
TinaTurner72: calls $3
*** FLOP *** [5h Kh 4s]
TinaTurner72: checks
kismespit: bets $3
TinaTurner72: folds
Uncalled bet ($3) returned to kismespit
kismespit collected $11.76 from pot
kismespit: doesn't show hand
*** SUMMARY ***
Total pot $12 | Rake $0.24
Board [5h Kh 4s]
Seat 2: TinaTurner72 (big blind) folded on the Flop
Seat 3: kismespit (button) (small blind) collected ($11.76)


PokerStars Hand #147060053599:  Hold'em Limit ($3/$6 USD) - 2016/01/14 23:20:18 ET
Table 'Deimos' 6-max Seat #2 is the button
Seat 2: TinaTurner72 ($122.09 in chips)
Seat 3: kismespit ($150.30 in chips)
TinaTurner72: posts small blind $1
kismespit: posts big blind $3
*** HOLE CARDS ***
TinaTurner72: raises $3 to $6
kismespit: calls $3
*** FLOP *** [Qc 8s 8d]
kismespit: checks
TinaTurner72: bets $3
kismespit: folds
Uncalled bet ($3) returned to TinaTurner72
TinaTurner72 collected $11.76 from pot
TinaTurner72: doesn't show hand
*** SUMMARY ***
Total pot $12 | Rake $0.24
Board [Qc 8s 8d]
Seat 2: TinaTurner72 (button) (small blind) collected ($11.76)
Seat 3: kismespit (big blind) folded on the Flop


PokerStars Hand #147060060610:  Hold'em Limit ($3/$6 USD) - 2016/01/14 23:20:39 ET
Table 'Deimos' 6-max Seat #3 is the button
Seat 2: TinaTurner72 ($127.85 in chips)
Seat 3: kismespit ($144.30 in chips)
kismespit: posts small blind $1
TinaTurner72: posts big blind $3
*** HOLE CARDS ***
kismespit: folds
Uncalled bet ($2) returned to TinaTurner72
TinaTurner72 collected $2 from pot
TinaTurner72: doesn't show hand
*** SUMMARY ***
Total pot $2 | Rake $0
Seat 2: TinaTurner72 (big blind) collected ($2)
Seat 3: kismespit (button) (small blind) folded before Flop


PokerStars Hand #147060062196:  Hold'em Limit ($3/$6 USD) - 2016/01/14 23:20:44 ET
Table 'Deimos' 6-max Seat #2 is the button
Seat 2: TinaTurner72 ($128.85 in chips)
Seat 3: kismespit ($143.30 in chips)
TinaTurner72: posts small blind $1
kismespit: posts big blind $3
*** HOLE CARDS ***
TinaTurner72: raises $3 to $6
kismespit: calls $3
*** FLOP *** [9d 5d 6d]
kismespit: checks
TinaTurner72: bets $3
kismespit: folds
Uncalled bet ($3) returned to TinaTurner72
TinaTurner72 collected $11.76 from pot
TinaTurner72: doesn't show hand
*** SUMMARY ***
Total pot $12 | Rake $0.24
Board [9d 5d 6d]
Seat 2: TinaTurner72 (button) (small blind) collected ($11.76)
Seat 3: kismespit (big blind) folded on the Flop


PokerStars Hand #147060067879:  Hold'em Limit ($3/$6 USD) - 2016/01/14 23:21:01 ET
Table 'Deimos' 6-max Seat #3 is the button
Seat 2: TinaTurner72 ($134.61 in chips)
Seat 3: kismespit ($137.30 in chips)
kismespit: posts small blind $1
TinaTurner72: posts big blind $3
*** HOLE CARDS ***
kismespit: folds
Uncalled bet ($2) returned to TinaTurner72
TinaTurner72 collected $2 from pot
TinaTurner72: doesn't show hand
*** SUMMARY ***
Total pot $2 | Rake $0
Seat 2: TinaTurner72 (big blind) collected ($2)
Seat 3: kismespit (button) (small blind) folded before Flop


PokerStars Hand #147060069786:  Hold'em Limit ($3/$6 USD) - 2016/01/14 23:21:07 ET
Table 'Deimos' 6-max Seat #2 is the button
Seat 2: TinaTurner72 ($135.61 in chips)
Seat 3: kismespit ($136.30 in chips)
TinaTurner72: posts small blind $1
kismespit: posts big blind $3
*** HOLE CARDS ***
TinaTurner72: raises $3 to $6
kismespit: calls $3
*** FLOP *** [2d Ks Ac]
kismespit: checks
TinaTurner72: bets $3
kismespit: folds
Uncalled bet ($3) returned to TinaTurner72
TinaTurner72 collected $11.76 from pot
TinaTurner72: doesn't show hand
*** SUMMARY ***
Total pot $12 | Rake $0.24
Board [2d Ks Ac]
Seat 2: TinaTurner72 (button) (small blind) collected ($11.76)
Seat 3: kismespit (big blind) folded on the Flop


PokerStars Hand #147060074787:  Hold'em Limit ($3/$6 USD) - 2016/01/14 23:21:22 ET
Table 'Deimos' 6-max Seat #3 is the button
Seat 2: TinaTurner72 ($141.37 in chips)
Seat 3: kismespit ($130.30 in chips)
kismespit: posts small blind $1
TinaTurner72: posts big blind $3
*** HOLE CARDS ***
kismespit: raises $3 to $6
TinaTurner72: calls $3
*** FLOP *** [Ah 6s 5c]
TinaTurner72: checks
kismespit: bets $3
TinaTurner72: folds
Uncalled bet ($3) returned to kismespit
kismespit collected $11.76 from pot
*** SUMMARY ***
Total pot $12 | Rake $0.24
Board [Ah 6s 5c]
Seat 2: TinaTurner72 (big blind) folded on the Flop
Seat 3: kismespit (button) (small blind) collected ($11.76)


