PokerStars Hand #149315743897:  Hold'em Limit ($3/$6 USD) - 2016/02/23 20:02:51 ET
Table 'Deimos' 6-max Seat #6 is the button
Seat 1: a@ak ($155 in chips)
Seat 6: anetkaapro ($76 in chips)
anetkaapro: posts small blind $1
a@ak: posts big blind $3
*** HOLE CARDS ***
anetkaapro: raises $3 to $6
a@ak: folds
Uncalled bet ($3) returned to anetkaapro
anetkaapro collected $6 from pot
anetkaapro: doesn't show hand
*** SUMMARY ***
Total pot $6 | Rake $0
Seat 1: a@ak (big blind) folded before Flop
Seat 6: anetkaapro (button) (small blind) collected ($6)


PokerStars Hand #149315763444:  Hold'em Limit ($3/$6 USD) - 2016/02/23 20:03:25 ET
Table 'Deimos' 6-max Seat #6 is the button
Seat 1: a@ak ($169.50 in chips)
Seat 6: anetkaapro ($72 in chips)
anetkaapro: posts small blind $1
a@ak: posts big blind $3
*** HOLE CARDS ***
anetkaapro: raises $3 to $6
a@ak: folds
Uncalled bet ($3) returned to anetkaapro
anetkaapro collected $6 from pot
anetkaapro: doesn't show hand
*** SUMMARY ***
Total pot $6 | Rake $0
Seat 1: a@ak (big blind) folded before Flop
Seat 6: anetkaapro (button) (small blind) collected ($6)


PokerStars Hand #149315746827:  Hold'em Limit ($3/$6 USD) - 2016/02/23 20:02:56 ET
Table 'Deimos' 6-max Seat #1 is the button
Seat 1: a@ak ($152 in chips)
Seat 6: anetkaapro ($79 in chips)
a@ak: posts small blind $1
anetkaapro: posts big blind $3
*** HOLE CARDS ***
a@ak: raises $3 to $6
anetkaapro: folds
Uncalled bet ($3) returned to a@ak
a@ak collected $6 from pot
a@ak: doesn't show hand
*** SUMMARY ***
Total pot $6 | Rake $0
Seat 1: a@ak (button) (small blind) collected ($6)
Seat 6: anetkaapro (big blind) folded before Flop


PokerStars Hand #149315750694:  Hold'em Limit ($3/$6 USD) - 2016/02/23 20:03:03 ET
Table 'Deimos' 6-max Seat #6 is the button
Seat 1: a@ak ($155 in chips)
Seat 6: anetkaapro ($76 in chips)
anetkaapro: posts small blind $1
a@ak: posts big blind $3
*** HOLE CARDS ***
anetkaapro: raises $3 to $6
a@ak: folds
Uncalled bet ($3) returned to anetkaapro
anetkaapro collected $6 from pot
anetkaapro: doesn't show hand
*** SUMMARY ***
Total pot $6 | Rake $0
Seat 1: a@ak (big blind) folded before Flop
Seat 6: anetkaapro (button) (small blind) collected ($6)


PokerStars Hand #149315753462:  Hold'em Limit ($3/$6 USD) - 2016/02/23 20:03:08 ET
Table 'Deimos' 6-max Seat #1 is the button
Seat 1: a@ak ($152 in chips)
Seat 6: anetkaapro ($79 in chips)
a@ak: posts small blind $1
anetkaapro: posts big blind $3
*** HOLE CARDS ***
a@ak: raises $3 to $6
anetkaapro: raises $3 to $9
a@ak: calls $3
*** FLOP *** [8c 6s 4c]
anetkaapro: bets $3
a@ak: calls $3
*** TURN *** [8c 6s 4c] [5d]
anetkaapro: checks
a@ak: bets $6
anetkaapro: calls $6
*** RIVER *** [8c 6s 4c 5d] [Tc]
anetkaapro: checks
a@ak: bets $6
anetkaapro: folds
Uncalled bet ($6) returned to a@ak
a@ak collected $35.50 from pot
a@ak: doesn't show hand
*** SUMMARY ***
Total pot $36 | Rake $0.50
Board [8c 6s 4c 5d Tc]
Seat 1: a@ak (button) (small blind) collected ($35.50)
Seat 6: anetkaapro (big blind) folded on the River


PokerStars Hand #149315784223:  Hold'em Limit ($3/$6 USD) - 2016/02/23 20:04:01 ET
Table 'Deimos' 6-max Seat #6 is the button
Seat 1: a@ak ($157.50 in chips)
Seat 6: anetkaapro ($83.64 in chips)
anetkaapro: posts small blind $1
a@ak: posts big blind $3
*** HOLE CARDS ***
anetkaapro: raises $3 to $6
a@ak: raises $3 to $9
anetkaapro: calls $3
*** FLOP *** [9s 6h Ts]
a@ak: bets $3
anetkaapro: calls $3
*** TURN *** [9s 6h Ts] [Ac]
a@ak: bets $6
anetkaapro: folds
Uncalled bet ($6) returned to a@ak
a@ak collected $23.52 from pot
a@ak: doesn't show hand
*** SUMMARY ***
Total pot $24 | Rake $0.48
Board [9s 6h Ts Ac]
Seat 1: a@ak (big blind) collected ($23.52)
Seat 6: anetkaapro (button) (small blind) folded on the Turn


PokerStars Hand #149315806056:  Hold'em Limit ($3/$6 USD) - 2016/02/23 20:04:39 ET
Table 'Deimos' 6-max Seat #1 is the button
Seat 1: a@ak ($168.78 in chips)
Seat 6: anetkaapro ($77.76 in chips)
a@ak: posts small blind $1
anetkaapro: posts big blind $3
*** HOLE CARDS ***
a@ak: folds
Uncalled bet ($2) returned to anetkaapro
anetkaapro collected $2 from pot
anetkaapro: doesn't show hand
*** SUMMARY ***
Total pot $2 | Rake $0
Seat 1: a@ak (button) (small blind) folded before Flop
Seat 6: anetkaapro (big blind) collected ($2)


PokerStars Hand #149315800806:  Hold'em Limit ($3/$6 USD) - 2016/02/23 20:04:30 ET
Table 'Deimos' 6-max Seat #6 is the button
Seat 1: a@ak ($174.78 in chips)
Seat 6: anetkaapro ($72 in chips)
anetkaapro: posts small blind $1
a@ak: posts big blind $3
*** HOLE CARDS ***
anetkaapro: raises $3 to $6
a@ak: calls $3
*** FLOP *** [8c Qh Qs]
a@ak: checks
anetkaapro: bets $3
a@ak: folds
Uncalled bet ($3) returned to anetkaapro
anetkaapro collected $11.76 from pot
anetkaapro: doesn't show hand
*** SUMMARY ***
Total pot $12 | Rake $0.24
Board [8c Qh Qs]
Seat 1: a@ak (big blind) folded on the Flop
Seat 6: anetkaapro (button) (small blind) collected ($11.76)


PokerStars Hand #149315767547:  Hold'em Limit ($3/$6 USD) - 2016/02/23 20:03:32 ET
Table 'Deimos' 6-max Seat #1 is the button
Seat 1: a@ak ($166.50 in chips)
Seat 6: anetkaapro ($75 in chips)
a@ak: posts small blind $1
anetkaapro: posts big blind $3
*** HOLE CARDS ***
a@ak: raises $3 to $6
anetkaapro: calls $3
*** FLOP *** [8s Kd Qh]
anetkaapro: checks
a@ak: bets $3
anetkaapro: calls $3
*** TURN *** [8s Kd Qh] [6d]
anetkaapro: checks
a@ak: checks
*** RIVER *** [8s Kd Qh 6d] [6s]
anetkaapro: bets $6
a@ak: folds
Uncalled bet ($6) returned to anetkaapro
anetkaapro collected $17.64 from pot
anetkaapro: doesn't show hand
*** SUMMARY ***
Total pot $18 | Rake $0.36
Board [8s Kd Qh 6d 6s]
Seat 1: a@ak (button) (small blind) folded on the River
Seat 6: anetkaapro (big blind) collected ($17.64)


PokerStars Hand #149315793811:  Hold'em Limit ($3/$6 USD) - 2016/02/23 20:04:18 ET
Table 'Deimos' 6-max Seat #1 is the button
Seat 1: a@ak ($169.02 in chips)
Seat 6: anetkaapro ($72 in chips)
a@ak: posts small blind $1
anetkaapro: posts big blind $3
*** HOLE CARDS ***
a@ak: raises $3 to $6
anetkaapro: calls $3
*** FLOP *** [Jh Qs 8c]
anetkaapro: checks
a@ak: bets $3
anetkaapro: folds
Uncalled bet ($3) returned to a@ak
a@ak collected $11.76 from pot
a@ak: doesn't show hand
*** SUMMARY ***
Total pot $12 | Rake $0.24
Board [Jh Qs 8c]
Seat 1: a@ak (button) (small blind) collected ($11.76)
Seat 6: anetkaapro (big blind) folded on the Flop


