PokerStars Hand #157512984120:  Hold'em Limit ($3/$6 USD) - 2016/08/20 10:44:56 ET
Table 'Deimos' 6-max Seat #3 is the button
Seat 3: **Geka**555 ($30 in chips)
Seat 4: VolkovDmitri ($120 in chips)
**Geka**555: posts small blind $1
VolkovDmitri: posts big blind $3
*** HOLE CARDS ***
**Geka**555: raises $3 to $6
VolkovDmitri: folds
Uncalled bet ($3) returned to **Geka**555
**Geka**555 collected $6 from pot
**Geka**555: doesn't show hand
*** SUMMARY ***
Total pot $6 | Rake $0
Seat 3: **Geka**555 (button) (small blind) collected ($6)
Seat 4: VolkovDmitri (big blind) folded before Flop


PokerStars Hand #157513015086:  Hold'em Limit ($3/$6 USD) - 2016/08/20 10:45:50 ET
Table 'Deimos' 6-max Seat #3 is the button
Seat 3: **Geka**555 ($47.50 in chips)
Seat 4: VolkovDmitri ($120 in chips)
**Geka**555: posts small blind $1
VolkovDmitri: posts big blind $3
*** HOLE CARDS ***
**Geka**555: folds
Uncalled bet ($2) returned to VolkovDmitri
VolkovDmitri collected $2 from pot
VolkovDmitri: doesn't show hand
*** SUMMARY ***
Total pot $2 | Rake $0
Seat 3: **Geka**555 (button) (small blind) folded before Flop
Seat 4: VolkovDmitri (big blind) collected ($2)


PokerStars Hand #157512990623:  Hold'em Limit ($3/$6 USD) - 2016/08/20 10:45:07 ET
Table 'Deimos' 6-max Seat #4 is the button
Seat 3: **Geka**555 ($33 in chips)
Seat 4: VolkovDmitri ($120 in chips)
VolkovDmitri: posts small blind $1
**Geka**555: posts big blind $3
*** HOLE CARDS ***
VolkovDmitri: raises $3 to $6
**Geka**555: calls $3
*** FLOP *** [9s 9d 2s]
**Geka**555: checks
VolkovDmitri: bets $3
**Geka**555: calls $3
*** TURN *** [9s 9d 2s] [Jc]
**Geka**555: checks
VolkovDmitri: checks
*** RIVER *** [9s 9d 2s Jc] [5d]
**Geka**555: bets $6
VolkovDmitri: calls $6
*** SHOW DOWN ***
**Geka**555: shows [9c Ac] (three of a kind, Nines)
VolkovDmitri: mucks hand
**Geka**555 collected $29.50 from pot
*** SUMMARY ***
Total pot $30 | Rake $0.50
Board [9s 9d 2s Jc 5d]
Seat 3: **Geka**555 (big blind) showed [9c Ac] and won ($29.50) with three of a kind, Nines
Seat 4: VolkovDmitri (button) (small blind) mucked


PokerStars Hand #157513017976:  Hold'em Limit ($3/$6 USD) - 2016/08/20 10:45:55 ET
Table 'Deimos' 6-max Seat #4 is the button
Seat 3: **Geka**555 ($46.50 in chips)
Seat 4: VolkovDmitri ($121 in chips)
VolkovDmitri: posts small blind $1
**Geka**555: posts big blind $3
*** HOLE CARDS ***
VolkovDmitri: raises $3 to $6
**Geka**555: raises $3 to $9
VolkovDmitri: calls $3
*** FLOP *** [6c 3s 3d]
**Geka**555: bets $3
VolkovDmitri: raises $3 to $6
**Geka**555: calls $3
*** TURN *** [6c 3s 3d] [Kc]
**Geka**555: checks
VolkovDmitri: checks
*** RIVER *** [6c 3s 3d Kc] [4c]
**Geka**555: bets $6
VolkovDmitri: calls $6
*** SHOW DOWN ***
**Geka**555: shows [6s 6d] (a full house, Sixes full of Threes)
VolkovDmitri: mucks hand
**Geka**555 collected $41.50 from pot
*** SUMMARY ***
Total pot $42 | Rake $0.50
Board [6c 3s 3d Kc 4c]
Seat 3: **Geka**555 (big blind) showed [6s 6d] and won ($41.50) with a full house, Sixes full of Threes
Seat 4: VolkovDmitri (button) (small blind) mucked


PokerStars Hand #157513031772:  Hold'em Limit ($3/$6 USD) - 2016/08/20 10:46:19 ET
Table 'Deimos' 6-max Seat #3 is the button
Seat 3: **Geka**555 ($67 in chips)
Seat 4: VolkovDmitri ($120 in chips)
**Geka**555: posts small blind $1
VolkovDmitri: posts big blind $3
*** HOLE CARDS ***
**Geka**555: calls $2
VolkovDmitri: checks
*** FLOP *** [2d Jd 7c]
VolkovDmitri: checks
**Geka**555: bets $3
VolkovDmitri: folds
Uncalled bet ($3) returned to **Geka**555
**Geka**555 collected $5.88 from pot
**Geka**555: doesn't show hand
*** SUMMARY ***
Total pot $6 | Rake $0.12
Board [2d Jd 7c]
Seat 3: **Geka**555 (button) (small blind) collected ($5.88)
Seat 4: VolkovDmitri (big blind) folded on the Flop


PokerStars Hand #157513047123:  Hold'em Limit ($3/$6 USD) - 2016/08/20 10:46:46 ET
Table 'Deimos' 6-max Seat #4 is the button
Seat 3: **Geka**555 ($69.88 in chips)
Seat 4: VolkovDmitri ($120 in chips)
VolkovDmitri: posts small blind $1
**Geka**555: posts big blind $3
*** HOLE CARDS ***
VolkovDmitri: raises $3 to $6
**Geka**555: folds
Uncalled bet ($3) returned to VolkovDmitri
VolkovDmitri collected $6 from pot
VolkovDmitri: doesn't show hand
*** SUMMARY ***
Total pot $6 | Rake $0
Seat 3: **Geka**555 (big blind) folded before Flop
Seat 4: VolkovDmitri (button) (small blind) collected ($6)


PokerStars Hand #157513051220:  Hold'em Limit ($3/$6 USD) - 2016/08/20 10:46:53 ET
Table 'Deimos' 6-max Seat #3 is the button
Seat 3: **Geka**555 ($66.88 in chips)
Seat 4: VolkovDmitri ($123 in chips)
**Geka**555: posts small blind $1
VolkovDmitri: posts big blind $3
*** HOLE CARDS ***
**Geka**555: raises $3 to $6
VolkovDmitri: calls $3
*** FLOP *** [7c 5s Ad]
VolkovDmitri: checks
**Geka**555: bets $3
VolkovDmitri: calls $3
*** TURN *** [7c 5s Ad] [3h]
VolkovDmitri: checks
**Geka**555: bets $6
VolkovDmitri: calls $6
*** RIVER *** [7c 5s Ad 3h] [Ac]
VolkovDmitri: checks
**Geka**555: bets $6
VolkovDmitri: calls $6
*** SHOW DOWN ***
**Geka**555: shows [Ah 7h] (a full house, Aces full of Sevens)
VolkovDmitri: mucks hand
**Geka**555 collected $41.50 from pot
*** SUMMARY ***
Total pot $42 | Rake $0.50
Board [7c 5s Ad 3h Ac]
Seat 3: **Geka**555 (button) (small blind) showed [Ah 7h] and won ($41.50) with a full house, Aces full of Sevens
Seat 4: VolkovDmitri (big blind) mucked


PokerStars Hand #157513073211:  Hold'em Limit ($3/$6 USD) - 2016/08/20 10:47:31 ET
Table 'Deimos' 6-max Seat #3 is the button
Seat 3: **Geka**555 ($88.38 in chips)
Seat 4: VolkovDmitri ($120 in chips)
**Geka**555: posts small blind $1
VolkovDmitri: posts big blind $3
*** HOLE CARDS ***
**Geka**555: folds
Uncalled bet ($2) returned to VolkovDmitri
VolkovDmitri collected $2 from pot
VolkovDmitri: doesn't show hand
*** SUMMARY ***
Total pot $2 | Rake $0
Seat 3: **Geka**555 (button) (small blind) folded before Flop
Seat 4: VolkovDmitri (big blind) collected ($2)


PokerStars Hand #157513070340:  Hold'em Limit ($3/$6 USD) - 2016/08/20 10:47:26 ET
Table 'Deimos' 6-max Seat #4 is the button
Seat 3: **Geka**555 ($87.38 in chips)
Seat 4: VolkovDmitri ($120 in chips)
VolkovDmitri: posts small blind $1
**Geka**555: posts big blind $3
*** HOLE CARDS ***
VolkovDmitri: folds
Uncalled bet ($2) returned to **Geka**555
**Geka**555 collected $2 from pot
**Geka**555: doesn't show hand
*** SUMMARY ***
Total pot $2 | Rake $0
Seat 3: **Geka**555 (big blind) collected ($2)
Seat 4: VolkovDmitri (button) (small blind) folded before Flop


PokerStars Hand #157513091475:  Hold'em Limit ($3/$6 USD) - 2016/08/20 10:48:02 ET
Table 'Deimos' 6-max Seat #3 is the button
Seat 3: **Geka**555 ($78.38 in chips)
Seat 4: VolkovDmitri ($129.64 in chips)
**Geka**555: posts small blind $1
VolkovDmitri: posts big blind $3
*** HOLE CARDS ***
**Geka**555: folds
Uncalled bet ($2) returned to VolkovDmitri
VolkovDmitri collected $2 from pot
VolkovDmitri: doesn't show hand
*** SUMMARY ***
Total pot $2 | Rake $0
Seat 3: **Geka**555 (button) (small blind) folded before Flop
Seat 4: VolkovDmitri (big blind) collected ($2)


PokerStars Hand #157513076021:  Hold'em Limit ($3/$6 USD) - 2016/08/20 10:47:36 ET
Table 'Deimos' 6-max Seat #4 is the button
Seat 3: **Geka**555 ($87.38 in chips)
Seat 4: VolkovDmitri ($121 in chips)
VolkovDmitri: posts small blind $1
**Geka**555: posts big blind $3
*** HOLE CARDS ***
VolkovDmitri: raises $3 to $6
**Geka**555: calls $3
*** FLOP *** [Js 4c 9s]
**Geka**555: checks
VolkovDmitri: bets $3
**Geka**555: calls $3
*** TURN *** [Js 4c 9s] [9d]
**Geka**555: checks
VolkovDmitri: checks
*** RIVER *** [Js 4c 9s 9d] [7s]
**Geka**555: checks
VolkovDmitri: checks
*** SHOW DOWN ***
**Geka**555: shows [Th Kd] (a pair of Nines)
VolkovDmitri: shows [As 5c] (a pair of Nines - Ace kicker)
VolkovDmitri collected $17.64 from pot
*** SUMMARY ***
Total pot $18 | Rake $0.36
Board [Js 4c 9s 9d 7s]
Seat 3: **Geka**555 (big blind) showed [Th Kd] and lost with a pair of Nines
Seat 4: VolkovDmitri (button) (small blind) showed [As 5c] and won ($17.64) with a pair of Nines


PokerStars Hand #157513094542:  Hold'em Limit ($3/$6 USD) - 2016/08/20 10:48:08 ET
Table 'Deimos' 6-max Seat #4 is the button
Seat 3: **Geka**555 ($77.38 in chips)
Seat 4: VolkovDmitri ($130.64 in chips)
VolkovDmitri: posts small blind $1
**Geka**555: posts big blind $3
*** HOLE CARDS ***
VolkovDmitri: raises $3 to $6
**Geka**555: raises $3 to $9
VolkovDmitri: raises $3 to $12
Betting is capped
**Geka**555: calls $3
*** FLOP *** [3h 2c 4c]
**Geka**555: checks
VolkovDmitri: bets $3
**Geka**555: calls $3
*** TURN *** [3h 2c 4c] [5h]
**Geka**555: checks
VolkovDmitri: bets $6
**Geka**555: folds
Uncalled bet ($6) returned to VolkovDmitri
VolkovDmitri collected $29.50 from pot
VolkovDmitri: doesn't show hand
*** SUMMARY ***
Total pot $30 | Rake $0.50
Board [3h 2c 4c 5h]
Seat 3: **Geka**555 (big blind) folded on the Turn
Seat 4: VolkovDmitri (button) (small blind) collected ($29.50)


PokerStars Hand #157513120627:  Hold'em Limit ($3/$6 USD) - 2016/08/20 10:48:53 ET
Table 'Deimos' 6-max Seat #3 is the button
Seat 3: **Geka**555 ($62.38 in chips)
Seat 4: VolkovDmitri ($145.14 in chips)
**Geka**555: posts small blind $1
VolkovDmitri: posts big blind $3
*** HOLE CARDS ***
**Geka**555: raises $3 to $6
VolkovDmitri: calls $3
*** FLOP *** [Ac 2h Ad]
VolkovDmitri: checks
**Geka**555: bets $3
VolkovDmitri: calls $3
*** TURN *** [Ac 2h Ad] [9d]
VolkovDmitri: checks
**Geka**555: bets $6
VolkovDmitri: folds
Uncalled bet ($6) returned to **Geka**555
**Geka**555 collected $17.64 from pot
**Geka**555: doesn't show hand
*** SUMMARY ***
Total pot $18 | Rake $0.36
Board [Ac 2h Ad 9d]
Seat 3: **Geka**555 (button) (small blind) collected ($17.64)
Seat 4: VolkovDmitri (big blind) folded on the Turn


PokerStars Hand #157513139706:  Hold'em Limit ($3/$6 USD) - 2016/08/20 10:49:26 ET
Table 'Deimos' 6-max Seat #4 is the button
Seat 3: **Geka**555 ($71.02 in chips)
Seat 4: VolkovDmitri ($136.14 in chips)
VolkovDmitri: posts small blind $1
**Geka**555: posts big blind $3
*** HOLE CARDS ***
VolkovDmitri: raises $3 to $6
**Geka**555: calls $3
*** FLOP *** [Th 2h Tc]
**Geka**555: checks
VolkovDmitri: bets $3
**Geka**555: raises $3 to $6
VolkovDmitri: calls $3
*** TURN *** [Th 2h Tc] [7d]
**Geka**555: checks
VolkovDmitri: checks
*** RIVER *** [Th 2h Tc 7d] [Qh]
**Geka**555: bets $6
VolkovDmitri: calls $6
*** SHOW DOWN ***
**Geka**555: shows [2s 5h] (two pair, Tens and Deuces)
VolkovDmitri: shows [Qs 6d] (two pair, Queens and Tens)
VolkovDmitri collected $35.50 from pot
*** SUMMARY ***
Total pot $36 | Rake $0.50
Board [Th 2h Tc 7d Qh]
Seat 3: **Geka**555 (big blind) showed [2s 5h] and lost with two pair, Tens and Deuces
Seat 4: VolkovDmitri (button) (small blind) showed [Qs 6d] and won ($35.50) with two pair, Queens and Tens


PokerStars Hand #157513158966:  Hold'em Limit ($3/$6 USD) - 2016/08/20 10:50:00 ET
Table 'Deimos' 6-max Seat #3 is the button
Seat 3: **Geka**555 ($53.02 in chips)
Seat 4: VolkovDmitri ($153.64 in chips)
**Geka**555: posts small blind $1
VolkovDmitri: posts big blind $3
*** HOLE CARDS ***
**Geka**555: raises $3 to $6
VolkovDmitri: folds
Uncalled bet ($3) returned to **Geka**555
**Geka**555 collected $6 from pot
**Geka**555: doesn't show hand
*** SUMMARY ***
Total pot $6 | Rake $0
Seat 3: **Geka**555 (button) (small blind) collected ($6)
Seat 4: VolkovDmitri (big blind) folded before Flop


PokerStars Hand #157513164852:  Hold'em Limit ($3/$6 USD) - 2016/08/20 10:50:10 ET
Table 'Deimos' 6-max Seat #4 is the button
Seat 3: **Geka**555 ($56.02 in chips)
Seat 4: VolkovDmitri ($150.64 in chips)
VolkovDmitri: posts small blind $1
**Geka**555: posts big blind $3
*** HOLE CARDS ***
VolkovDmitri: raises $3 to $6
**Geka**555: raises $3 to $9
VolkovDmitri: calls $3
*** FLOP *** [5h Kc 5c]
**Geka**555: bets $3
VolkovDmitri: calls $3
*** TURN *** [5h Kc 5c] [Jh]
**Geka**555: bets $6
VolkovDmitri: raises $6 to $12
**Geka**555: calls $6
*** RIVER *** [5h Kc 5c Jh] [Kd]
**Geka**555: bets $6
VolkovDmitri: calls $6
*** SHOW DOWN ***
**Geka**555: shows [Ks 9h] (a full house, Kings full of Fives)
VolkovDmitri: mucks hand
**Geka**555 collected $59.50 from pot
*** SUMMARY ***
Total pot $60 | Rake $0.50
Board [5h Kc 5c Jh Kd]
Seat 3: **Geka**555 (big blind) showed [Ks 9h] and won ($59.50) with a full house, Kings full of Fives
Seat 4: VolkovDmitri (button) (small blind) mucked


PokerStars Hand #157513182434:  Hold'em Limit ($3/$6 USD) - 2016/08/20 10:50:41 ET
Table 'Deimos' 6-max Seat #3 is the button
Seat 3: **Geka**555 ($85.52 in chips)
Seat 4: VolkovDmitri ($120.64 in chips)
**Geka**555: posts small blind $1
VolkovDmitri: posts big blind $3
*** HOLE CARDS ***
**Geka**555: raises $3 to $6
VolkovDmitri: calls $3
*** FLOP *** [Td 7h 9d]
VolkovDmitri: bets $3
**Geka**555: calls $3
*** TURN *** [Td 7h 9d] [5d]
VolkovDmitri: bets $6
**Geka**555: calls $6
*** RIVER *** [Td 7h 9d 5d] [3s]
VolkovDmitri: bets $6
**Geka**555: calls $6
*** SHOW DOWN ***
VolkovDmitri: shows [8c Ts] (a pair of Tens)
**Geka**555: mucks hand
VolkovDmitri collected $41.50 from pot
*** SUMMARY ***
Total pot $42 | Rake $0.50
Board [Td 7h 9d 5d 3s]
Seat 3: **Geka**555 (button) (small blind) mucked
Seat 4: VolkovDmitri (big blind) showed [8c Ts] and won ($41.50) with a pair of Tens


PokerStars Hand #157513211745:  Hold'em Limit ($3/$6 USD) - 2016/08/20 10:51:32 ET
Table 'Deimos' 6-max Seat #3 is the button
Seat 3: **Geka**555 ($55.52 in chips)
Seat 4: VolkovDmitri ($149.78 in chips)
**Geka**555: posts small blind $1
VolkovDmitri: posts big blind $3
*** HOLE CARDS ***
**Geka**555: folds
Uncalled bet ($2) returned to VolkovDmitri
VolkovDmitri collected $2 from pot
VolkovDmitri: doesn't show hand
*** SUMMARY ***
Total pot $2 | Rake $0
Seat 3: **Geka**555 (button) (small blind) folded before Flop
Seat 4: VolkovDmitri (big blind) collected ($2)


PokerStars Hand #157513201686:  Hold'em Limit ($3/$6 USD) - 2016/08/20 10:51:15 ET
Table 'Deimos' 6-max Seat #4 is the button
Seat 3: **Geka**555 ($64.52 in chips)
Seat 4: VolkovDmitri ($141.14 in chips)
VolkovDmitri: posts small blind $1
**Geka**555: posts big blind $3
*** HOLE CARDS ***
VolkovDmitri: raises $3 to $6
**Geka**555: calls $3
*** FLOP *** [7s 4s 4d]
**Geka**555: checks
VolkovDmitri: bets $3
**Geka**555: calls $3
*** TURN *** [7s 4s 4d] [Ks]
**Geka**555: checks
VolkovDmitri: bets $6
**Geka**555: folds
Uncalled bet ($6) returned to VolkovDmitri
VolkovDmitri collected $17.64 from pot
VolkovDmitri: doesn't show hand
*** SUMMARY ***
Total pot $18 | Rake $0.36
Board [7s 4s 4d Ks]
Seat 3: **Geka**555 (big blind) folded on the Turn
Seat 4: VolkovDmitri (button) (small blind) collected ($17.64)


PokerStars Hand #157513214455:  Hold'em Limit ($3/$6 USD) - 2016/08/20 10:51:37 ET
Table 'Deimos' 6-max Seat #4 is the button
Seat 3: **Geka**555 ($54.52 in chips)
Seat 4: VolkovDmitri ($150.78 in chips)
VolkovDmitri: posts small blind $1
**Geka**555: posts big blind $3
*** HOLE CARDS ***
VolkovDmitri: raises $3 to $6
**Geka**555: calls $3
*** FLOP *** [2h 9h 6s]
**Geka**555: checks
VolkovDmitri: bets $3
**Geka**555: raises $3 to $6
VolkovDmitri: calls $3
*** TURN *** [2h 9h 6s] [4d]
**Geka**555: bets $6
VolkovDmitri: calls $6
*** RIVER *** [2h 9h 6s 4d] [5s]
**Geka**555: bets $6
VolkovDmitri: raises $6 to $12
**Geka**555: calls $6
*** SHOW DOWN ***
VolkovDmitri: shows [3d Qh] (a straight, Deuce to Six)
**Geka**555: mucks hand
VolkovDmitri collected $59.50 from pot
*** SUMMARY ***
Total pot $60 | Rake $0.50
Board [2h 9h 6s 4d 5s]
Seat 3: **Geka**555 (big blind) mucked
Seat 4: VolkovDmitri (button) (small blind) showed [3d Qh] and won ($59.50) with a straight, Deuce to Six


PokerStars Hand #157513233431:  Hold'em Limit ($3/$6 USD) - 2016/08/20 10:52:09 ET
Table 'Deimos' 6-max Seat #3 is the button
Seat 3: **Geka**555 ($24.52 in chips)
Seat 4: VolkovDmitri ($180.28 in chips)
**Geka**555: posts small blind $1
VolkovDmitri: posts big blind $3
*** HOLE CARDS ***
**Geka**555: folds
Uncalled bet ($2) returned to VolkovDmitri
VolkovDmitri collected $2 from pot
VolkovDmitri: doesn't show hand
*** SUMMARY ***
Total pot $2 | Rake $0
Seat 3: **Geka**555 (button) (small blind) folded before Flop
Seat 4: VolkovDmitri (big blind) collected ($2)


PokerStars Hand #157513250339:  Hold'em Limit ($3/$6 USD) - 2016/08/20 10:52:38 ET
Table 'Deimos' 6-max Seat #3 is the button
Seat 3: **Geka**555 ($32.16 in chips)
Seat 4: VolkovDmitri ($172.28 in chips)
**Geka**555: posts small blind $1
VolkovDmitri: posts big blind $3
*** HOLE CARDS ***
**Geka**555: calls $2
VolkovDmitri: checks
*** FLOP *** [8c 2h Qd]
VolkovDmitri: bets $3
**Geka**555: folds
Uncalled bet ($3) returned to VolkovDmitri
VolkovDmitri collected $5.88 from pot
VolkovDmitri: doesn't show hand
*** SUMMARY ***
Total pot $6 | Rake $0.12
Board [8c 2h Qd]
Seat 3: **Geka**555 (button) (small blind) folded on the Flop
Seat 4: VolkovDmitri (big blind) collected ($5.88)


PokerStars Hand #157513236262:  Hold'em Limit ($3/$6 USD) - 2016/08/20 10:52:14 ET
Table 'Deimos' 6-max Seat #4 is the button
Seat 3: **Geka**555 ($23.52 in chips)
Seat 4: VolkovDmitri ($181.28 in chips)
VolkovDmitri: posts small blind $1
**Geka**555: posts big blind $3
*** HOLE CARDS ***
VolkovDmitri: raises $3 to $6
**Geka**555: raises $3 to $9
VolkovDmitri: calls $3
*** FLOP *** [Ad Ah 2d]
**Geka**555: bets $3
VolkovDmitri: folds
Uncalled bet ($3) returned to **Geka**555
**Geka**555 collected $17.64 from pot
**Geka**555: doesn't show hand
*** SUMMARY ***
Total pot $18 | Rake $0.36
Board [Ad Ah 2d]
Seat 3: **Geka**555 (big blind) collected ($17.64)
Seat 4: VolkovDmitri (button) (small blind) folded on the Flop


PokerStars Hand #157513259910:  Hold'em Limit ($3/$6 USD) - 2016/08/20 10:52:55 ET
Table 'Deimos' 6-max Seat #4 is the button
Seat 3: **Geka**555 ($29.16 in chips)
Seat 4: VolkovDmitri ($175.16 in chips)
VolkovDmitri: posts small blind $1
**Geka**555: posts big blind $3
*** HOLE CARDS ***
VolkovDmitri: raises $3 to $6
**Geka**555: raises $3 to $9
VolkovDmitri: calls $3
*** FLOP *** [2s 4h 5c]
**Geka**555: bets $3
VolkovDmitri: calls $3
*** TURN *** [2s 4h 5c] [Ad]
**Geka**555: bets $6
VolkovDmitri: folds
Uncalled bet ($6) returned to **Geka**555
**Geka**555 collected $23.52 from pot
**Geka**555: doesn't show hand
*** SUMMARY ***
Total pot $24 | Rake $0.48
Board [2s 4h 5c Ad]
Seat 3: **Geka**555 (big blind) collected ($23.52)
Seat 4: VolkovDmitri (button) (small blind) folded on the Turn


PokerStars Hand #157513293462:  Hold'em Limit ($3/$6 USD) - 2016/08/20 10:53:53 ET
Table 'Deimos' 6-max Seat #3 is the button
Seat 3: **Geka**555 ($40.68 in chips)
Seat 4: VolkovDmitri ($163.16 in chips)
**Geka**555: posts small blind $1
VolkovDmitri: posts big blind $3
*** HOLE CARDS ***
**Geka**555: calls $2
VolkovDmitri: raises $3 to $6
**Geka**555: calls $3
*** FLOP *** [5s 6c Td]
VolkovDmitri: checks
**Geka**555: checks
*** TURN *** [5s 6c Td] [Qs]
VolkovDmitri: checks
**Geka**555: checks
*** RIVER *** [5s 6c Td Qs] [6h]
VolkovDmitri: checks
**Geka**555 is disconnected
**Geka**555 has timed out while disconnected
**Geka**555: checks
*** SHOW DOWN ***
VolkovDmitri: shows [7d Kd] (a pair of Sixes)
**Geka**555: mucks hand
VolkovDmitri collected $11.76 from pot
*** SUMMARY ***
Total pot $12 | Rake $0.24
Board [5s 6c Td Qs 6h]
Seat 3: **Geka**555 (button) (small blind) mucked
Seat 4: VolkovDmitri (big blind) showed [7d Kd] and won ($11.76) with a pair of Sixes


PokerStars Hand #157513344136:  Hold'em Limit ($3/$6 USD) - 2016/08/20 10:55:24 ET
Table 'Deimos' 6-max Seat #3 is the button
Seat 3: **Geka**555 ($52.18 in chips)
Seat 4: VolkovDmitri ($150.92 in chips)
**Geka**555: posts small blind $1
VolkovDmitri: posts big blind $3
*** HOLE CARDS ***
**Geka**555: folds
Uncalled bet ($2) returned to VolkovDmitri
VolkovDmitri collected $2 from pot
VolkovDmitri: doesn't show hand
**Geka**555 leaves the table
*** SUMMARY ***
Total pot $2 | Rake $0
Seat 3: **Geka**555 (button) (small blind) folded before Flop
Seat 4: VolkovDmitri (big blind) collected ($2)


PokerStars Hand #157513321795:  Hold'em Limit ($3/$6 USD) - 2016/08/20 10:54:42 ET
Table 'Deimos' 6-max Seat #4 is the button
Seat 3: **Geka**555 ($34.68 in chips)
Seat 4: VolkovDmitri ($168.92 in chips)
VolkovDmitri: posts small blind $1
**Geka**555 is connected
**Geka**555: posts big blind $3
*** HOLE CARDS ***
VolkovDmitri: raises $3 to $6
**Geka**555: raises $3 to $9
VolkovDmitri: calls $3
*** FLOP *** [Ts 2h 5d]
**Geka**555: bets $3
VolkovDmitri: calls $3
*** TURN *** [Ts 2h 5d] [Qc]
**Geka**555: bets $6
VolkovDmitri: calls $6
*** RIVER *** [Ts 2h 5d Qc] [9d]
**Geka**555: bets $6
VolkovDmitri: folds
Uncalled bet ($6) returned to **Geka**555
**Geka**555 collected $35.50 from pot
**Geka**555: doesn't show hand
*** SUMMARY ***
Total pot $36 | Rake $0.50
Board [Ts 2h 5d Qc 9d]
Seat 3: **Geka**555 (big blind) collected ($35.50)
Seat 4: VolkovDmitri (button) (small blind) folded on the River


