PokerStars Hand #155532037615:  Hold'em Limit ($3/$6 USD) - 2016/07/03 19:59:18 ET
Table 'Deimos II' 6-max Seat #5 is the button
Seat 2: jestanie ($238.54 in chips)
Seat 5: Makomar ($195.34 in chips)
KidTaxMan will be allowed to play after the button
ABATAPP will be allowed to play after the button
Makomar: posts small blind $1
jestanie: posts big blind $3
*** HOLE CARDS ***
Makomar: raises $3 to $6
jestanie: folds
Uncalled bet ($3) returned to Makomar
Makomar collected $6 from pot
Makomar: doesn't show hand
Holla-eller? leaves the table
*** SUMMARY ***
Total pot $6 | Rake $0
Seat 2: jestanie (big blind) folded before Flop
Seat 5: Makomar (button) (small blind) collected ($6)


PokerStars Hand #155537875791:  Hold'em Limit ($3/$6 USD) - 2016/07/04 0:56:15 ET
Table 'Deimos II' 6-max Seat #6 is the button
Seat 5: NAV_SERGG ($173.01 in chips)
Seat 6: Velbor107 ($439.71 in chips)
Velbor107: posts small blind $1
ABATAPP: is sitting out
NAV_SERGG: posts big blind $3
*** HOLE CARDS ***
Velbor107: raises $3 to $6
NAV_SERGG: raises $3 to $9
Velbor107: calls $3
*** FLOP *** [Qh Tc 8c]
ABATAPP leaves the table
NAV_SERGG: checks
Velbor107: checks
*** TURN *** [Qh Tc 8c] [6d]
NAV_SERGG: bets $6
Velbor107: calls $6
*** RIVER *** [Qh Tc 8c 6d] [Kd]
NAV_SERGG: bets $6
Velbor107: folds
Uncalled bet ($6) returned to NAV_SERGG
NAV_SERGG collected $29.50 from pot
*** SUMMARY ***
Total pot $30 | Rake $0.50
Board [Qh Tc 8c 6d Kd]
Seat 5: NAV_SERGG (big blind) collected ($29.50)
Seat 6: Velbor107 (button) (small blind) folded on the River


