PokerStars Hand #167802729418:  Hold'em Limit ($3/$6 USD) - 2017/03/19 10:21:15 ET
Table 'Deipylos' 6-max Seat #1 is the button
Seat 1: pasha100791 ($37.30 in chips)
Seat 2: sim5sim5 ($72 in chips)
pasha100791: posts small blind $1
sim5sim5: posts big blind $3
*** HOLE CARDS ***
pasha100791: raises $3 to $6
sim5sim5: raises $3 to $9
pasha100791: calls $3
*** FLOP *** [Ac Tc 8c]
sim5sim5: bets $3
pasha100791: calls $3
*** TURN *** [Ac Tc 8c] [6h]
sim5sim5: checks
pasha100791: bets $6
sim5sim5: calls $6
*** RIVER *** [Ac Tc 8c 6h] [3d]
Frank_Stein joins the table at seat #4
sim5sim5: checks
pasha100791: bets $6
sim5sim5: calls $6
*** SHOW DOWN ***
pasha100791: shows [Ks Qs] (high card Ace)
sim5sim5: shows [8h 7h] (a pair of Eights)
sim5sim5 collected $47.50 from pot
*** SUMMARY ***
Total pot $48 | Rake $0.50
Board [Ac Tc 8c 6h 3d]
Seat 1: pasha100791 (button) (small blind) showed [Ks Qs] and lost with high card Ace
Seat 2: sim5sim5 (big blind) showed [8h 7h] and won ($47.50) with a pair of Eights


PokerStars Hand #167802790243:  Hold'em Limit ($3/$6 USD) - 2017/03/19 10:22:41 ET
Table 'Deipylos' 6-max Seat #4 is the button
Seat 2: sim5sim5 ($133.80 in chips)
Seat 4: Frank_Stein ($93 in chips)
Frank_Stein: posts small blind $1
sim5sim5: posts big blind $3
*** HOLE CARDS ***
Frank_Stein: calls $2
sim5sim5: checks
*** FLOP *** [7d 8s 4d]
sim5sim5: checks
Frank_Stein: bets $3
sim5sim5: calls $3
*** TURN *** [7d 8s 4d] [6c]
sim5sim5: checks
Frank_Stein: bets $6
sim5sim5: calls $6
*** RIVER *** [7d 8s 4d 6c] [9c]
sim5sim5: bets $6
Frank_Stein: calls $6
*** SHOW DOWN ***
sim5sim5: shows [Td 4c] (a straight, Six to Ten)
Frank_Stein: mucks hand
sim5sim5 collected $35.50 from pot
*** SUMMARY ***
Total pot $36 | Rake $0.50
Board [7d 8s 4d 6c 9c]
Seat 2: sim5sim5 (big blind) showed [Td 4c] and won ($35.50) with a straight, Six to Ten
Seat 4: Frank_Stein (button) (small blind) mucked


PokerStars Hand #167802844368:  Hold'em Limit ($3/$6 USD) - 2017/03/19 10:23:58 ET
Table 'Deipylos' 6-max Seat #4 is the button
Seat 2: sim5sim5 ($136.30 in chips)
Seat 4: Frank_Stein ($89.50 in chips)
Frank_Stein: posts small blind $1
sim5sim5: posts big blind $3
*** HOLE CARDS ***
Frank_Stein: raises $3 to $6
sim5sim5: folds
Uncalled bet ($3) returned to Frank_Stein
Frank_Stein collected $6 from pot
Frank_Stein: doesn't show hand
*** SUMMARY ***
Total pot $6 | Rake $0
Seat 2: sim5sim5 (big blind) folded before Flop
Seat 4: Frank_Stein (button) (small blind) collected ($6)


PokerStars Hand #167802811323:  Hold'em Limit ($3/$6 USD) - 2017/03/19 10:23:11 ET
Table 'Deipylos' 6-max Seat #2 is the button
Seat 2: sim5sim5 ($151.30 in chips)
Seat 4: Frank_Stein ($75 in chips)
sim5sim5: posts small blind $1
Frank_Stein: posts big blind $3
*** HOLE CARDS ***
sim5sim5: raises $3 to $6
Frank_Stein: calls $3
*** FLOP *** [Ts 8h 2d]
Frank_Stein: checks
pasha100791 is disconnected
sim5sim5: bets $3
Frank_Stein: calls $3
*** TURN *** [Ts 8h 2d] [6s]
Frank_Stein: checks
sim5sim5: bets $6
Frank_Stein: raises $6 to $12
sim5sim5: folds
Uncalled bet ($6) returned to Frank_Stein
Frank_Stein collected $29.50 from pot
Frank_Stein: doesn't show hand
*** SUMMARY ***
Total pot $30 | Rake $0.50
Board [Ts 8h 2d 6s]
Seat 2: sim5sim5 (button) (small blind) folded on the Turn
Seat 4: Frank_Stein (big blind) collected ($29.50)


PokerStars Hand #167802906393:  Hold'em Limit ($3/$6 USD) - 2017/03/19 10:25:25 ET
Table 'Deipylos' 6-max Seat #4 is the button
Seat 2: sim5sim5 ($149.80 in chips)
Seat 4: Frank_Stein ($75.26 in chips)
Frank_Stein: posts small blind $1
sim5sim5: posts big blind $3
*** HOLE CARDS ***
AzureCaper joins the table at seat #5
Frank_Stein: folds
Uncalled bet ($2) returned to sim5sim5
sim5sim5 collected $2 from pot
sim5sim5: doesn't show hand
*** SUMMARY ***
Total pot $2 | Rake $0
Seat 2: sim5sim5 (big blind) collected ($2)
Seat 4: Frank_Stein (button) (small blind) folded before Flop


PokerStars Hand #167802902041:  Hold'em Limit ($3/$6 USD) - 2017/03/19 10:25:19 ET
Table 'Deipylos' 6-max Seat #2 is the button
Seat 2: sim5sim5 ($150.80 in chips)
Seat 4: Frank_Stein ($74.26 in chips)
sim5sim5: posts small blind $1
Frank_Stein: posts big blind $3
*** HOLE CARDS ***
sim5sim5: folds
Uncalled bet ($2) returned to Frank_Stein
Frank_Stein collected $2 from pot
Frank_Stein: doesn't show hand
*** SUMMARY ***
Total pot $2 | Rake $0
Seat 2: sim5sim5 (button) (small blind) folded before Flop
Seat 4: Frank_Stein (big blind) collected ($2)


PokerStars Hand #167802878668:  Hold'em Limit ($3/$6 USD) - 2017/03/19 10:24:46 ET
Table 'Deipylos' 6-max Seat #4 is the button
Seat 2: sim5sim5 ($156.80 in chips)
Seat 4: Frank_Stein ($68.50 in chips)
Frank_Stein: posts small blind $1
sim5sim5: posts big blind $3
*** HOLE CARDS ***
Frank_Stein: raises $3 to $6
sim5sim5: calls $3
*** FLOP *** [7s Th Ks]
sim5sim5: checks
Frank_Stein: checks
*** TURN *** [7s Th Ks] [7h]
sim5sim5: checks
Frank_Stein: checks
*** RIVER *** [7s Th Ks 7h] [Jd]
sim5sim5: checks
Frank_Stein: bets $6
sim5sim5: folds
Uncalled bet ($6) returned to Frank_Stein
Frank_Stein collected $11.76 from pot
Frank_Stein: doesn't show hand
*** SUMMARY ***
Total pot $12 | Rake $0.24
Board [7s Th Ks 7h Jd]
Seat 2: sim5sim5 (big blind) folded on the River
Seat 4: Frank_Stein (button) (small blind) collected ($11.76)


PokerStars Hand #167802852274:  Hold'em Limit ($3/$6 USD) - 2017/03/19 10:24:09 ET
Table 'Deipylos' 6-max Seat #2 is the button
Seat 2: sim5sim5 ($133.30 in chips)
Seat 4: Frank_Stein ($92.50 in chips)
sim5sim5: posts small blind $1
Frank_Stein: posts big blind $3
*** HOLE CARDS ***
sim5sim5: raises $3 to $6
Frank_Stein: raises $3 to $9
sim5sim5: calls $3
*** FLOP *** [Qh 5d Tc]
Frank_Stein: bets $3
sim5sim5: calls $3
*** TURN *** [Qh 5d Tc] [5s]
Frank_Stein: checks
sim5sim5: bets $6
Frank_Stein: calls $6
*** RIVER *** [Qh 5d Tc 5s] [2s]
Frank_Stein: checks
sim5sim5: bets $6
Frank_Stein: calls $6
*** SHOW DOWN ***
sim5sim5: shows [Ts 8d] (two pair, Tens and Fives)
Frank_Stein: mucks hand
sim5sim5 collected $47.50 from pot
*** SUMMARY ***
Total pot $48 | Rake $0.50
Board [Qh 5d Tc 5s 2s]
Seat 2: sim5sim5 (button) (small blind) showed [Ts 8d] and won ($47.50) with two pair, Tens and Fives
Seat 4: Frank_Stein (big blind) mucked


PokerStars Hand #167802910684:  Hold'em Limit ($3/$6 USD) - 2017/03/19 10:25:31 ET
Table 'Deipylos' 6-max Seat #2 is the button
Seat 2: sim5sim5 ($150.80 in chips)
Seat 4: Frank_Stein ($74.26 in chips)
sim5sim5: posts small blind $1
Frank_Stein: posts big blind $3
*** HOLE CARDS ***
sim5sim5: calls $2
Frank_Stein: checks
*** FLOP *** [6d 3s Kh]
Frank_Stein: checks
sim5sim5: bets $3
Frank_Stein: folds
Uncalled bet ($3) returned to sim5sim5
sim5sim5 collected $5.88 from pot
sim5sim5: doesn't show hand
*** SUMMARY ***
Total pot $6 | Rake $0.12
Board [6d 3s Kh]
Seat 2: sim5sim5 (button) (small blind) collected ($5.88)
Seat 4: Frank_Stein (big blind) folded on the Flop


PokerStars Hand #167803095944:  Hold'em Limit ($3/$6 USD) - 2017/03/19 10:29:50 ET
Table 'Deipylos' 6-max Seat #4 is the button
Seat 4: Frank_Stein ($77.18 in chips)
Seat 5: AzureCaper ($102.14 in chips)
Frank_Stein: posts small blind $1
AzureCaper: posts big blind $3
*** HOLE CARDS ***
sim5sim5 joins the table at seat #6
Frank_Stein: folds
Uncalled bet ($2) returned to AzureCaper
AzureCaper collected $2 from pot
AzureCaper: doesn't show hand
*** SUMMARY ***
Total pot $2 | Rake $0
Seat 4: Frank_Stein (button) (small blind) folded before Flop
Seat 5: AzureCaper (big blind) collected ($2)


PokerStars Hand #167803088857:  Hold'em Limit ($3/$6 USD) - 2017/03/19 10:29:40 ET
Table 'Deipylos' 6-max Seat #5 is the button
Seat 4: Frank_Stein ($80.18 in chips)
Seat 5: AzureCaper ($99.14 in chips)
AzureCaper: posts small blind $1
Frank_Stein: posts big blind $3
*** HOLE CARDS ***
AzureCaper: raises $3 to $6
Frank_Stein: folds
Uncalled bet ($3) returned to AzureCaper
AzureCaper collected $6 from pot
AzureCaper: doesn't show hand
*** SUMMARY ***
Total pot $6 | Rake $0
Seat 4: Frank_Stein (big blind) folded before Flop
Seat 5: AzureCaper (button) (small blind) collected ($6)


PokerStars Hand #167803423366:  Hold'em Limit ($3/$6 USD) - 2017/03/19 10:37:26 ET
Table 'Deipylos' 6-max Seat #5 is the button
Seat 4: Frank_Stein ($85.58 in chips)
Seat 5: AzureCaper ($72.64 in chips)
AzureCaper: posts small blind $1
perten: is sitting out
Frank_Stein: posts big blind $3
*** HOLE CARDS ***
AzureCaper: raises $3 to $6
Frank_Stein: calls $3
*** FLOP *** [5c Td Ts]
Frank_Stein: checks
AzureCaper: bets $3
Frank_Stein: calls $3
*** TURN *** [5c Td Ts] [7c]
Frank_Stein: checks
AzureCaper: bets $6
Frank_Stein: raises $6 to $12
AzureCaper: raises $6 to $18
Frank_Stein: calls $6
*** RIVER *** [5c Td Ts 7c] [Qd]
Frank_Stein: bets $6
AzureCaper: calls $6
*** SHOW DOWN ***
Frank_Stein: shows [Kh Th] (three of a kind, Tens)
AzureCaper: mucks hand
Frank_Stein collected $65.50 from pot
*** SUMMARY ***
Total pot $66 | Rake $0.50
Board [5c Td Ts 7c Qd]
Seat 4: Frank_Stein (big blind) showed [Kh Th] and won ($65.50) with three of a kind, Tens
Seat 5: AzureCaper (button) (small blind) mucked


PokerStars Hand #167803448215:  Hold'em Limit ($3/$6 USD) - 2017/03/19 10:38:00 ET
Table 'Deipylos' 6-max Seat #4 is the button
Seat 4: Frank_Stein ($118.08 in chips)
Seat 5: AzureCaper ($72 in chips)
Frank_Stein: posts small blind $1
AzureCaper: posts big blind $3
*** HOLE CARDS ***
Frank_Stein: calls $2
AzureCaper: raises $3 to $6
Frank_Stein: raises $3 to $9
AzureCaper: calls $3
*** FLOP *** [As Ts 3c]
AzureCaper: checks
Frank_Stein: checks
*** TURN *** [As Ts 3c] [Tc]
AzureCaper: bets $6
Frank_Stein: calls $6
*** RIVER *** [As Ts 3c Tc] [5h]
AzureCaper: checks
Frank_Stein: bets $6
AzureCaper: raises $6 to $12
Frank_Stein: calls $6
*** SHOW DOWN ***
AzureCaper: shows [Kc Th] (three of a kind, Tens)
Frank_Stein: mucks hand
AzureCaper collected $53.50 from pot
*** SUMMARY ***
Total pot $54 | Rake $0.50
Board [As Ts 3c Tc 5h]
Seat 4: Frank_Stein (button) (small blind) mucked
Seat 5: AzureCaper (big blind) showed [Kc Th] and won ($53.50) with three of a kind, Tens


PokerStars Hand #167803467486:  Hold'em Limit ($3/$6 USD) - 2017/03/19 10:38:27 ET
Table 'Deipylos' 6-max Seat #5 is the button
Seat 4: Frank_Stein ($91.08 in chips)
Seat 5: AzureCaper ($98.50 in chips)
AzureCaper: posts small blind $1
Frank_Stein: posts big blind $3
*** HOLE CARDS ***
AzureCaper: raises $3 to $6
Frank_Stein: calls $3
*** FLOP *** [6s 2h Ks]
Frank_Stein: checks
AzureCaper: bets $3
Frank_Stein: raises $3 to $6
AzureCaper: calls $3
*** TURN *** [6s 2h Ks] [6c]
Frank_Stein: bets $6
AzureCaper: calls $6
*** RIVER *** [6s 2h Ks 6c] [Kh]
Frank_Stein: bets $6
AzureCaper: calls $6
*** SHOW DOWN ***
Frank_Stein: shows [Kd 4d] (a full house, Kings full of Sixes)
AzureCaper: mucks hand
Frank_Stein collected $47.50 from pot
*** SUMMARY ***
Total pot $48 | Rake $0.50
Board [6s 2h Ks 6c Kh]
Seat 4: Frank_Stein (big blind) showed [Kd 4d] and won ($47.50) with a full house, Kings full of Sixes
Seat 5: AzureCaper (button) (small blind) mucked


PokerStars Hand #167803478937:  Hold'em Limit ($3/$6 USD) - 2017/03/19 10:38:43 ET
Table 'Deipylos' 6-max Seat #4 is the button
Seat 4: Frank_Stein ($114.58 in chips)
Seat 5: AzureCaper ($74.50 in chips)
Frank_Stein: posts small blind $1
AzureCaper: posts big blind $3
*** HOLE CARDS ***
Frank_Stein: raises $3 to $6
AzureCaper: calls $3
*** FLOP *** [9h 5h Qh]
AzureCaper: checks
Frank_Stein: bets $3
AzureCaper: folds
Uncalled bet ($3) returned to Frank_Stein
Frank_Stein collected $11.76 from pot
Frank_Stein: doesn't show hand
*** SUMMARY ***
Total pot $12 | Rake $0.24
Board [9h 5h Qh]
Seat 4: Frank_Stein (button) (small blind) collected ($11.76)
Seat 5: AzureCaper (big blind) folded on the Flop


PokerStars Hand #167803489906:  Hold'em Limit ($3/$6 USD) - 2017/03/19 10:38:58 ET
Table 'Deipylos' 6-max Seat #5 is the button
Seat 4: Frank_Stein ($120.34 in chips)
Seat 5: AzureCaper ($72 in chips)
AzureCaper: posts small blind $1
Frank_Stein: posts big blind $3
*** HOLE CARDS ***
AzureCaper: raises $3 to $6
Frank_Stein: calls $3
*** FLOP *** [8d 4d 8h]
Frank_Stein: checks
AzureCaper: bets $3
Frank_Stein: raises $3 to $6
AzureCaper: calls $3
*** TURN *** [8d 4d 8h] [9h]
Frank_Stein: bets $6
AzureCaper: calls $6
*** RIVER *** [8d 4d 8h 9h] [Jh]
Frank_Stein: checks
AzureCaper: checks
*** SHOW DOWN ***
Frank_Stein: shows [7h Ad] (a pair of Eights)
AzureCaper: shows [5d Ac] (a pair of Eights)
Frank_Stein collected $17.75 from pot
AzureCaper collected $17.75 from pot
*** SUMMARY ***
Total pot $36 | Rake $0.50
Board [8d 4d 8h 9h Jh]
Seat 4: Frank_Stein (big blind) showed [7h Ad] and won ($17.75) with a pair of Eights
Seat 5: AzureCaper (button) (small blind) showed [5d Ac] and won ($17.75) with a pair of Eights


PokerStars Hand #167803501622:  Hold'em Limit ($3/$6 USD) - 2017/03/19 10:39:14 ET
Table 'Deipylos' 6-max Seat #4 is the button
Seat 4: Frank_Stein ($120.09 in chips)
Seat 5: AzureCaper ($72 in chips)
Frank_Stein: posts small blind $1
AzureCaper: posts big blind $3
*** HOLE CARDS ***
Frank_Stein: raises $3 to $6
AzureCaper: calls $3
*** FLOP *** [Kd Jc Qh]
AzureCaper: checks
Frank_Stein: bets $3
AzureCaper: folds
Uncalled bet ($3) returned to Frank_Stein
Frank_Stein collected $11.76 from pot
Frank_Stein: doesn't show hand
*** SUMMARY ***
Total pot $12 | Rake $0.24
Board [Kd Jc Qh]
Seat 4: Frank_Stein (button) (small blind) collected ($11.76)
Seat 5: AzureCaper (big blind) folded on the Flop


PokerStars Hand #167803508875:  Hold'em Limit ($3/$6 USD) - 2017/03/19 10:39:24 ET
Table 'Deipylos' 6-max Seat #5 is the button
Seat 4: Frank_Stein ($125.85 in chips)
Seat 5: AzureCaper ($72 in chips)
AzureCaper: posts small blind $1
Frank_Stein: posts big blind $3
*** HOLE CARDS ***
AzureCaper: raises $3 to $6
Frank_Stein: calls $3
*** FLOP *** [8h Jh 9h]
Frank_Stein: checks
AzureCaper: bets $3
Frank_Stein: raises $3 to $6
AzureCaper: folds
Uncalled bet ($3) returned to Frank_Stein
Frank_Stein collected $17.64 from pot
Frank_Stein: doesn't show hand
*** SUMMARY ***
Total pot $18 | Rake $0.36
Board [8h Jh 9h]
Seat 4: Frank_Stein (big blind) collected ($17.64)
Seat 5: AzureCaper (button) (small blind) folded on the Flop


PokerStars Hand #167803516009:  Hold'em Limit ($3/$6 USD) - 2017/03/19 10:39:34 ET
Table 'Deipylos' 6-max Seat #4 is the button
Seat 4: Frank_Stein ($134.49 in chips)
Seat 5: AzureCaper ($72 in chips)
Frank_Stein: posts small blind $1
AzureCaper: posts big blind $3
*** HOLE CARDS ***
Frank_Stein: calls $2
AzureCaper: raises $3 to $6
Frank_Stein: calls $3
*** FLOP *** [9h 5s 3c]
AzureCaper: bets $3
Frank_Stein: raises $3 to $6
AzureCaper: calls $3
*** TURN *** [9h 5s 3c] [5h]
AzureCaper: checks
Frank_Stein: bets $6
AzureCaper: folds
Uncalled bet ($6) returned to Frank_Stein
Frank_Stein collected $23.52 from pot
Frank_Stein: doesn't show hand
*** SUMMARY ***
Total pot $24 | Rake $0.48
Board [9h 5s 3c 5h]
Seat 4: Frank_Stein (button) (small blind) collected ($23.52)
Seat 5: AzureCaper (big blind) folded on the Turn


PokerStars Hand #167803527524:  Hold'em Limit ($3/$6 USD) - 2017/03/19 10:39:50 ET
Table 'Deipylos' 6-max Seat #5 is the button
Seat 4: Frank_Stein ($146.01 in chips)
Seat 5: AzureCaper ($72 in chips)
AzureCaper: posts small blind $1
Frank_Stein: posts big blind $3
*** HOLE CARDS ***
AzureCaper: raises $3 to $6
Frank_Stein: raises $3 to $9
AzureCaper: calls $3
*** FLOP *** [4c 7c 7d]
Frank_Stein: bets $3
AzureCaper: folds
Uncalled bet ($3) returned to Frank_Stein
Frank_Stein collected $17.64 from pot
Frank_Stein: doesn't show hand
*** SUMMARY ***
Total pot $18 | Rake $0.36
Board [4c 7c 7d]
Seat 4: Frank_Stein (big blind) collected ($17.64)
Seat 5: AzureCaper (button) (small blind) folded on the Flop


PokerStars Hand #167803536311:  Hold'em Limit ($3/$6 USD) - 2017/03/19 10:40:02 ET
Table 'Deipylos' 6-max Seat #4 is the button
Seat 4: Frank_Stein ($154.65 in chips)
Seat 5: AzureCaper ($72 in chips)
Frank_Stein: posts small blind $1
AzureCaper: posts big blind $3
*** HOLE CARDS ***
Frank_Stein: folds
Uncalled bet ($2) returned to AzureCaper
AzureCaper collected $2 from pot
AzureCaper: doesn't show hand
*** SUMMARY ***
Total pot $2 | Rake $0
Seat 4: Frank_Stein (button) (small blind) folded before Flop
Seat 5: AzureCaper (big blind) collected ($2)


PokerStars Hand #167803572896:  Hold'em Limit ($3/$6 USD) - 2017/03/19 10:40:52 ET
Table 'Deipylos' 6-max Seat #4 is the button
Seat 4: Frank_Stein ($147.65 in chips)
Seat 5: AzureCaper ($78.76 in chips)
Frank_Stein: posts small blind $1
AzureCaper: posts big blind $3
*** HOLE CARDS ***
Frank_Stein: raises $3 to $6
AzureCaper: folds
Uncalled bet ($3) returned to Frank_Stein
Frank_Stein collected $6 from pot
Frank_Stein: doesn't show hand
*** SUMMARY ***
Total pot $6 | Rake $0
Seat 4: Frank_Stein (button) (small blind) collected ($6)
Seat 5: AzureCaper (big blind) folded before Flop


PokerStars Hand #167803546545:  Hold'em Limit ($3/$6 USD) - 2017/03/19 10:40:16 ET
Table 'Deipylos' 6-max Seat #5 is the button
Seat 4: Frank_Stein ($153.65 in chips)
Seat 5: AzureCaper ($73 in chips)
AzureCaper: posts small blind $1
Frank_Stein: posts big blind $3
*** HOLE CARDS ***
AzureCaper: raises $3 to $6
Frank_Stein: calls $3
*** FLOP *** [6d Qc Ac]
Frank_Stein: checks
AzureCaper: bets $3
Frank_Stein: folds
Uncalled bet ($3) returned to AzureCaper
AzureCaper collected $11.76 from pot
AzureCaper: doesn't show hand
*** SUMMARY ***
Total pot $12 | Rake $0.24
Board [6d Qc Ac]
Seat 4: Frank_Stein (big blind) folded on the Flop
Seat 5: AzureCaper (button) (small blind) collected ($11.76)


PokerStars Hand #167803579133:  Hold'em Limit ($3/$6 USD) - 2017/03/19 10:41:00 ET
Table 'Deipylos' 6-max Seat #5 is the button
Seat 4: Frank_Stein ($150.65 in chips)
Seat 5: AzureCaper ($75.76 in chips)
AzureCaper: posts small blind $1
Frank_Stein: posts big blind $3
*** HOLE CARDS ***
AzureCaper: raises $3 to $6
Frank_Stein: folds
Uncalled bet ($3) returned to AzureCaper
AzureCaper collected $6 from pot
AzureCaper: doesn't show hand
*** SUMMARY ***
Total pot $6 | Rake $0
Seat 4: Frank_Stein (big blind) folded before Flop
Seat 5: AzureCaper (button) (small blind) collected ($6)


PokerStars Hand #167803588343:  Hold'em Limit ($3/$6 USD) - 2017/03/19 10:41:13 ET
Table 'Deipylos' 6-max Seat #4 is the button
Seat 4: Frank_Stein ($147.65 in chips)
Seat 5: AzureCaper ($78.76 in chips)
Frank_Stein: posts small blind $1
AzureCaper: posts big blind $3
*** HOLE CARDS ***
Frank_Stein: raises $3 to $6
AzureCaper: raises $3 to $9
Frank_Stein: calls $3
*** FLOP *** [5d 6s 4c]
AzureCaper: bets $3
Frank_Stein: raises $3 to $6
AzureCaper: raises $3 to $9
Frank_Stein: raises $3 to $12
Betting is capped
AzureCaper: calls $3
*** TURN *** [5d 6s 4c] [Ks]
AzureCaper: bets $6
Frank_Stein: calls $6
*** RIVER *** [5d 6s 4c Ks] [6c]
AzureCaper: bets $6
Frank_Stein: folds
Uncalled bet ($6) returned to AzureCaper
AzureCaper collected $53.50 from pot
AzureCaper: doesn't show hand
*** SUMMARY ***
Total pot $54 | Rake $0.50
Board [5d 6s 4c Ks 6c]
Seat 4: Frank_Stein (button) (small blind) folded on the River
Seat 5: AzureCaper (big blind) collected ($53.50)


PokerStars Hand #167803635247:  Hold'em Limit ($3/$6 USD) - 2017/03/19 10:42:18 ET
Table 'Deipylos' 6-max Seat #5 is the button
Seat 4: Frank_Stein ($124.53 in chips)
Seat 5: AzureCaper ($101.26 in chips)
AzureCaper: posts small blind $1
Frank_Stein: posts big blind $3
*** HOLE CARDS ***
AzureCaper: raises $3 to $6
Frank_Stein: raises $3 to $9
AzureCaper: calls $3
*** FLOP *** [Kh Ks Qh]
Frank_Stein: bets $3
AzureCaper: folds
Uncalled bet ($3) returned to Frank_Stein
Frank_Stein collected $17.64 from pot
Frank_Stein: doesn't show hand
*** SUMMARY ***
Total pot $18 | Rake $0.36
Board [Kh Ks Qh]
Seat 4: Frank_Stein (big blind) collected ($17.64)
Seat 5: AzureCaper (button) (small blind) folded on the Flop


PokerStars Hand #167803625359:  Hold'em Limit ($3/$6 USD) - 2017/03/19 10:42:04 ET
Table 'Deipylos' 6-max Seat #4 is the button
Seat 4: Frank_Stein ($121.65 in chips)
Seat 5: AzureCaper ($104.26 in chips)
Frank_Stein: posts small blind $1
AzureCaper: posts big blind $3
*** HOLE CARDS ***
Frank_Stein: calls $2
AzureCaper: checks
*** FLOP *** [Jh 6h 5d]
AzureCaper: checks
Frank_Stein: bets $3
AzureCaper: folds
Uncalled bet ($3) returned to Frank_Stein
Frank_Stein collected $5.88 from pot
Frank_Stein: doesn't show hand
*** SUMMARY ***
Total pot $6 | Rake $0.12
Board [Jh 6h 5d]
Seat 4: Frank_Stein (button) (small blind) collected ($5.88)
Seat 5: AzureCaper (big blind) folded on the Flop


PokerStars Hand #167803621664:  Hold'em Limit ($3/$6 USD) - 2017/03/19 10:41:59 ET
Table 'Deipylos' 6-max Seat #5 is the button
Seat 4: Frank_Stein ($120.65 in chips)
Seat 5: AzureCaper ($105.26 in chips)
AzureCaper: posts small blind $1
Frank_Stein: posts big blind $3
*** HOLE CARDS ***
AzureCaper: folds
Uncalled bet ($2) returned to Frank_Stein
Frank_Stein collected $2 from pot
Frank_Stein: doesn't show hand
*** SUMMARY ***
Total pot $2 | Rake $0
Seat 4: Frank_Stein (big blind) collected ($2)
Seat 5: AzureCaper (button) (small blind) folded before Flop


PokerStars Hand #167803676888:  Hold'em Limit ($3/$6 USD) - 2017/03/19 10:43:15 ET
Table 'Deipylos' 6-max Seat #5 is the button
Seat 4: Frank_Stein ($143.81 in chips)
Seat 5: AzureCaper ($81.26 in chips)
AzureCaper: posts small blind $1
Frank_Stein: posts big blind $3
*** HOLE CARDS ***
AzureCaper: raises $3 to $6
Frank_Stein: calls $3
*** FLOP *** [8d 4s Qd]
Frank_Stein: checks
AzureCaper: bets $3
Frank_Stein: raises $3 to $6
AzureCaper: folds
Uncalled bet ($3) returned to Frank_Stein
Frank_Stein collected $17.64 from pot
Frank_Stein: doesn't show hand
*** SUMMARY ***
Total pot $18 | Rake $0.36
Board [8d 4s Qd]
Seat 4: Frank_Stein (big blind) collected ($17.64)
Seat 5: AzureCaper (button) (small blind) folded on the Flop


PokerStars Hand #167803671863:  Hold'em Limit ($3/$6 USD) - 2017/03/19 10:43:08 ET
Table 'Deipylos' 6-max Seat #4 is the button
Seat 4: Frank_Stein ($144.81 in chips)
Seat 5: AzureCaper ($80.26 in chips)
Frank_Stein: posts small blind $1
AzureCaper: posts big blind $3
*** HOLE CARDS ***
Frank_Stein: folds
Uncalled bet ($2) returned to AzureCaper
AzureCaper collected $2 from pot
AzureCaper: doesn't show hand
*** SUMMARY ***
Total pot $2 | Rake $0
Seat 4: Frank_Stein (button) (small blind) folded before Flop
Seat 5: AzureCaper (big blind) collected ($2)


PokerStars Hand #167803653981:  Hold'em Limit ($3/$6 USD) - 2017/03/19 10:42:44 ET
Table 'Deipylos' 6-max Seat #5 is the button
Seat 4: Frank_Stein ($136.17 in chips)
Seat 5: AzureCaper ($89.26 in chips)
AzureCaper: posts small blind $1
Frank_Stein: posts big blind $3
*** HOLE CARDS ***
AzureCaper: raises $3 to $6
Frank_Stein: calls $3
*** FLOP *** [Tc 4s As]
Frank_Stein: checks
AzureCaper: bets $3
Frank_Stein: calls $3
*** TURN *** [Tc 4s As] [9h]
Frank_Stein: checks
AzureCaper: checks
*** RIVER *** [Tc 4s As 9h] [8s]
Frank_Stein: checks
AzureCaper: checks
*** SHOW DOWN ***
Frank_Stein: shows [Ks Jh] (high card Ace)
AzureCaper: mucks hand
Frank_Stein collected $17.64 from pot
*** SUMMARY ***
Total pot $18 | Rake $0.36
Board [Tc 4s As 9h 8s]
Seat 4: Frank_Stein (big blind) showed [Ks Jh] and won ($17.64) with high card Ace
Seat 5: AzureCaper (button) (small blind) mucked


PokerStars Hand #167803644756:  Hold'em Limit ($3/$6 USD) - 2017/03/19 10:42:31 ET
Table 'Deipylos' 6-max Seat #4 is the button
Seat 4: Frank_Stein ($133.17 in chips)
Seat 5: AzureCaper ($92.26 in chips)
Frank_Stein: posts small blind $1
AzureCaper: posts big blind $3
*** HOLE CARDS ***
Frank_Stein: raises $3 to $6
AzureCaper: folds
Uncalled bet ($3) returned to Frank_Stein
Frank_Stein collected $6 from pot
Frank_Stein: doesn't show hand
*** SUMMARY ***
Total pot $6 | Rake $0
Seat 4: Frank_Stein (button) (small blind) collected ($6)
Seat 5: AzureCaper (big blind) folded before Flop


PokerStars Hand #167803734574:  Hold'em Limit ($3/$6 USD) - 2017/03/19 10:44:34 ET
Table 'Deipylos' 6-max Seat #5 is the button
Seat 4: Frank_Stein ($175.95 in chips)
Seat 5: AzureCaper ($72 in chips)
AzureCaper: posts small blind $1
Frank_Stein: posts big blind $3
*** HOLE CARDS ***
AzureCaper: folds
Uncalled bet ($2) returned to Frank_Stein
Frank_Stein collected $2 from pot
Frank_Stein: doesn't show hand
*** SUMMARY ***
Total pot $2 | Rake $0
Seat 4: Frank_Stein (big blind) collected ($2)
Seat 5: AzureCaper (button) (small blind) folded before Flop


PokerStars Hand #167803728269:  Hold'em Limit ($3/$6 USD) - 2017/03/19 10:44:26 ET
Table 'Deipylos' 6-max Seat #4 is the button
Seat 4: Frank_Stein ($172.95 in chips)
Seat 5: AzureCaper ($72 in chips)
Frank_Stein: posts small blind $1
AzureCaper: posts big blind $3
*** HOLE CARDS ***
Frank_Stein: raises $3 to $6
AzureCaper: folds
Uncalled bet ($3) returned to Frank_Stein
Frank_Stein collected $6 from pot
Frank_Stein: doesn't show hand
*** SUMMARY ***
Total pot $6 | Rake $0
Seat 4: Frank_Stein (button) (small blind) collected ($6)
Seat 5: AzureCaper (big blind) folded before Flop


PokerStars Hand #167803707957:  Hold'em Limit ($3/$6 USD) - 2017/03/19 10:43:58 ET
Table 'Deipylos' 6-max Seat #5 is the button
Seat 4: Frank_Stein ($155.45 in chips)
Seat 5: AzureCaper ($72 in chips)
AzureCaper: posts small blind $1
Frank_Stein: posts big blind $3
*** HOLE CARDS ***
AzureCaper: raises $3 to $6
Frank_Stein: raises $3 to $9
AzureCaper: calls $3
*** FLOP *** [2c 6h Kh]
Frank_Stein: bets $3
AzureCaper: calls $3
*** TURN *** [2c 6h Kh] [Th]
Frank_Stein: bets $6
AzureCaper: calls $6
*** RIVER *** [2c 6h Kh Th] [Ac]
Frank_Stein: bets $6
AzureCaper: folds
Uncalled bet ($6) returned to Frank_Stein
Frank_Stein collected $35.50 from pot
Frank_Stein: doesn't show hand
*** SUMMARY ***
Total pot $36 | Rake $0.50
Board [2c 6h Kh Th Ac]
Seat 4: Frank_Stein (big blind) collected ($35.50)
Seat 5: AzureCaper (button) (small blind) folded on the River


PokerStars Hand #167803701928:  Hold'em Limit ($3/$6 USD) - 2017/03/19 10:43:50 ET
Table 'Deipylos' 6-max Seat #4 is the button
Seat 4: Frank_Stein ($152.45 in chips)
Seat 5: AzureCaper ($72.26 in chips)
Frank_Stein: posts small blind $1
AzureCaper: posts big blind $3
*** HOLE CARDS ***
Frank_Stein: raises $3 to $6
AzureCaper: folds
Uncalled bet ($3) returned to Frank_Stein
Frank_Stein collected $6 from pot
Frank_Stein: doesn't show hand
*** SUMMARY ***
Total pot $6 | Rake $0
Seat 4: Frank_Stein (button) (small blind) collected ($6)
Seat 5: AzureCaper (big blind) folded before Flop


PokerStars Hand #167803695548:  Hold'em Limit ($3/$6 USD) - 2017/03/19 10:43:41 ET
Table 'Deipylos' 6-max Seat #5 is the button
Seat 4: Frank_Stein ($151.45 in chips)
Seat 5: AzureCaper ($73.26 in chips)
AzureCaper: posts small blind $1
Frank_Stein: posts big blind $3
*** HOLE CARDS ***
AzureCaper: folds
Uncalled bet ($2) returned to Frank_Stein
Frank_Stein collected $2 from pot
Frank_Stein: doesn't show hand
*** SUMMARY ***
Total pot $2 | Rake $0
Seat 4: Frank_Stein (big blind) collected ($2)
Seat 5: AzureCaper (button) (small blind) folded before Flop


PokerStars Hand #167803690027:  Hold'em Limit ($3/$6 USD) - 2017/03/19 10:43:33 ET
Table 'Deipylos' 6-max Seat #4 is the button
Seat 4: Frank_Stein ($152.45 in chips)
Seat 5: AzureCaper ($72.26 in chips)
Frank_Stein: posts small blind $1
AzureCaper: posts big blind $3
*** HOLE CARDS ***
Frank_Stein: folds
Uncalled bet ($2) returned to AzureCaper
AzureCaper collected $2 from pot
AzureCaper: doesn't show hand
*** SUMMARY ***
Total pot $2 | Rake $0
Seat 4: Frank_Stein (button) (small blind) folded before Flop
Seat 5: AzureCaper (big blind) collected ($2)


PokerStars Hand #167803774412:  Hold'em Limit ($3/$6 USD) - 2017/03/19 10:45:28 ET
Table 'Deipylos' 6-max Seat #4 is the button
Seat 4: Frank_Stein ($164.95 in chips)
Seat 5: AzureCaper ($83.64 in chips)
Frank_Stein: posts small blind $1
AzureCaper: posts big blind $3
*** HOLE CARDS ***
Frank_Stein: folds
Uncalled bet ($2) returned to AzureCaper
AzureCaper collected $2 from pot
AzureCaper: doesn't show hand
*** SUMMARY ***
Total pot $2 | Rake $0
Seat 4: Frank_Stein (button) (small blind) folded before Flop
Seat 5: AzureCaper (big blind) collected ($2)


PokerStars Hand #167803768144:  Hold'em Limit ($3/$6 USD) - 2017/03/19 10:45:20 ET
Table 'Deipylos' 6-max Seat #5 is the button
Seat 4: Frank_Stein ($167.95 in chips)
Seat 5: AzureCaper ($80.64 in chips)
AzureCaper: posts small blind $1
Frank_Stein: posts big blind $3
*** HOLE CARDS ***
AzureCaper: raises $3 to $6
Frank_Stein: folds
Uncalled bet ($3) returned to AzureCaper
AzureCaper collected $6 from pot
AzureCaper: doesn't show hand
*** SUMMARY ***
Total pot $6 | Rake $0
Seat 4: Frank_Stein (big blind) folded before Flop
Seat 5: AzureCaper (button) (small blind) collected ($6)


PokerStars Hand #167803763582:  Hold'em Limit ($3/$6 USD) - 2017/03/19 10:45:13 ET
Table 'Deipylos' 6-max Seat #4 is the button
Seat 4: Frank_Stein ($168.95 in chips)
Seat 5: AzureCaper ($79.64 in chips)
Frank_Stein: posts small blind $1
AzureCaper: posts big blind $3
*** HOLE CARDS ***
Frank_Stein: folds
Uncalled bet ($2) returned to AzureCaper
AzureCaper collected $2 from pot
AzureCaper: doesn't show hand
*** SUMMARY ***
Total pot $2 | Rake $0
Seat 4: Frank_Stein (button) (small blind) folded before Flop
Seat 5: AzureCaper (big blind) collected ($2)


PokerStars Hand #167803759589:  Hold'em Limit ($3/$6 USD) - 2017/03/19 10:45:08 ET
Table 'Deipylos' 6-max Seat #5 is the button
Seat 4: Frank_Stein ($167.95 in chips)
Seat 5: AzureCaper ($80.64 in chips)
AzureCaper: posts small blind $1
Frank_Stein: posts big blind $3
*** HOLE CARDS ***
AzureCaper: folds
Uncalled bet ($2) returned to Frank_Stein
Frank_Stein collected $2 from pot
Frank_Stein: doesn't show hand
*** SUMMARY ***
Total pot $2 | Rake $0
Seat 4: Frank_Stein (big blind) collected ($2)
Seat 5: AzureCaper (button) (small blind) folded before Flop


PokerStars Hand #167803738787:  Hold'em Limit ($3/$6 USD) - 2017/03/19 10:44:40 ET
Table 'Deipylos' 6-max Seat #4 is the button
Seat 4: Frank_Stein ($176.95 in chips)
Seat 5: AzureCaper ($72 in chips)
Frank_Stein: posts small blind $1
AzureCaper: posts big blind $3
*** HOLE CARDS ***
Frank_Stein: raises $3 to $6
AzureCaper: calls $3
*** FLOP *** [6c Ah 6s]
AzureCaper: checks
Frank_Stein: bets $3
AzureCaper: raises $3 to $6
Frank_Stein: folds
Uncalled bet ($3) returned to AzureCaper
AzureCaper collected $17.64 from pot
AzureCaper: doesn't show hand
*** SUMMARY ***
Total pot $18 | Rake $0.36
Board [6c Ah 6s]
Seat 4: Frank_Stein (button) (small blind) folded on the Flop
Seat 5: AzureCaper (big blind) collected ($17.64)


PokerStars Hand #167803817215:  Hold'em Limit ($3/$6 USD) - 2017/03/19 10:46:26 ET
Table 'Deipylos' 6-max Seat #4 is the button
Seat 4: Frank_Stein ($157.59 in chips)
Seat 5: AzureCaper ($90.16 in chips)
Frank_Stein: posts small blind $1
AzureCaper: posts big blind $3
*** HOLE CARDS ***
Frank_Stein: folds
Uncalled bet ($2) returned to AzureCaper
AzureCaper collected $2 from pot
AzureCaper: doesn't show hand
*** SUMMARY ***
Total pot $2 | Rake $0
Seat 4: Frank_Stein (button) (small blind) folded before Flop
Seat 5: AzureCaper (big blind) collected ($2)


PokerStars Hand #167803812879:  Hold'em Limit ($3/$6 USD) - 2017/03/19 10:46:20 ET
Table 'Deipylos' 6-max Seat #5 is the button
Seat 4: Frank_Stein ($156.59 in chips)
Seat 5: AzureCaper ($91.16 in chips)
AzureCaper: posts small blind $1
Frank_Stein: posts big blind $3
*** HOLE CARDS ***
AzureCaper: folds
Uncalled bet ($2) returned to Frank_Stein
Frank_Stein collected $2 from pot
Frank_Stein: doesn't show hand
*** SUMMARY ***
Total pot $2 | Rake $0
Seat 4: Frank_Stein (big blind) collected ($2)
Seat 5: AzureCaper (button) (small blind) folded before Flop


PokerStars Hand #167803808882:  Hold'em Limit ($3/$6 USD) - 2017/03/19 10:46:15 ET
Table 'Deipylos' 6-max Seat #4 is the button
Seat 4: Frank_Stein ($157.59 in chips)
Seat 5: AzureCaper ($90.16 in chips)
Frank_Stein: posts small blind $1
AzureCaper: posts big blind $3
*** HOLE CARDS ***
Frank_Stein: folds
Uncalled bet ($2) returned to AzureCaper
AzureCaper collected $2 from pot
AzureCaper: doesn't show hand
*** SUMMARY ***
Total pot $2 | Rake $0
Seat 4: Frank_Stein (button) (small blind) folded before Flop
Seat 5: AzureCaper (big blind) collected ($2)


PokerStars Hand #167803802065:  Hold'em Limit ($3/$6 USD) - 2017/03/19 10:46:05 ET
Table 'Deipylos' 6-max Seat #5 is the button
Seat 4: Frank_Stein ($160.59 in chips)
Seat 5: AzureCaper ($87.16 in chips)
AzureCaper: posts small blind $1
Frank_Stein: posts big blind $3
*** HOLE CARDS ***
AzureCaper: raises $3 to $6
Frank_Stein: folds
Uncalled bet ($3) returned to AzureCaper
AzureCaper collected $6 from pot
AzureCaper: doesn't show hand
*** SUMMARY ***
Total pot $6 | Rake $0
Seat 4: Frank_Stein (big blind) folded before Flop
Seat 5: AzureCaper (button) (small blind) collected ($6)


PokerStars Hand #167803786846:  Hold'em Limit ($3/$6 USD) - 2017/03/19 10:45:45 ET
Table 'Deipylos' 6-max Seat #4 is the button
Seat 4: Frank_Stein ($172.59 in chips)
Seat 5: AzureCaper ($75.64 in chips)
Frank_Stein: posts small blind $1
AzureCaper: posts big blind $3
*** HOLE CARDS ***
Frank_Stein: raises $3 to $6
AzureCaper: calls $3
*** FLOP *** [3h Kh 5s]
AzureCaper: checks
Frank_Stein: bets $3
AzureCaper: raises $3 to $6
Frank_Stein: calls $3
*** TURN *** [3h Kh 5s] [4h]
AzureCaper: bets $6
Frank_Stein: folds
Uncalled bet ($6) returned to AzureCaper
AzureCaper collected $23.52 from pot
AzureCaper: doesn't show hand
*** SUMMARY ***
Total pot $24 | Rake $0.48
Board [3h Kh 5s 4h]
Seat 4: Frank_Stein (button) (small blind) folded on the Turn
Seat 5: AzureCaper (big blind) collected ($23.52)


PokerStars Hand #167803778834:  Hold'em Limit ($3/$6 USD) - 2017/03/19 10:45:34 ET
Table 'Deipylos' 6-max Seat #5 is the button
Seat 4: Frank_Stein ($163.95 in chips)
Seat 5: AzureCaper ($84.64 in chips)
AzureCaper: posts small blind $1
Frank_Stein: posts big blind $3
*** HOLE CARDS ***
AzureCaper: raises $3 to $6
Frank_Stein: raises $3 to $9
AzureCaper: calls $3
*** FLOP *** [Kh 8s 9d]
Frank_Stein: bets $3
AzureCaper: folds
Uncalled bet ($3) returned to Frank_Stein
Frank_Stein collected $17.64 from pot
Frank_Stein: doesn't show hand
*** SUMMARY ***
Total pot $18 | Rake $0.36
Board [Kh 8s 9d]
Seat 4: Frank_Stein (big blind) collected ($17.64)
Seat 5: AzureCaper (button) (small blind) folded on the Flop


PokerStars Hand #167803863022:  Hold'em Limit ($3/$6 USD) - 2017/03/19 10:47:29 ET
Table 'Deipylos' 6-max Seat #4 is the button
Seat 4: Frank_Stein ($137.59 in chips)
Seat 5: AzureCaper ($109.66 in chips)
Frank_Stein: posts small blind $1
AzureCaper: posts big blind $3
*** HOLE CARDS ***
Frank_Stein: raises $3 to $6
AzureCaper: folds
Uncalled bet ($3) returned to Frank_Stein
Frank_Stein collected $6 from pot
Frank_Stein: doesn't show hand
*** SUMMARY ***
Total pot $6 | Rake $0
Seat 4: Frank_Stein (button) (small blind) collected ($6)
Seat 5: AzureCaper (big blind) folded before Flop


PokerStars Hand #167803841854:  Hold'em Limit ($3/$6 USD) - 2017/03/19 10:47:00 ET
Table 'Deipylos' 6-max Seat #5 is the button
Seat 4: Frank_Stein ($152.59 in chips)
Seat 5: AzureCaper ($95.16 in chips)
AzureCaper: posts small blind $1
Frank_Stein: posts big blind $3
*** HOLE CARDS ***
AzureCaper: raises $3 to $6
Frank_Stein: calls $3
*** FLOP *** [5d Kh 3h]
Frank_Stein: checks
AzureCaper: bets $3
Frank_Stein: calls $3
*** TURN *** [5d Kh 3h] [3s]
Frank_Stein: checks
AzureCaper: bets $6
Frank_Stein: calls $6
*** RIVER *** [5d Kh 3h 3s] [5h]
Frank_Stein: checks
AzureCaper: checks
*** SHOW DOWN ***
Frank_Stein: shows [7c Ac] (two pair, Fives and Threes)
AzureCaper: shows [8s 8c] (two pair, Eights and Fives)
AzureCaper collected $29.50 from pot
*** SUMMARY ***
Total pot $30 | Rake $0.50
Board [5d Kh 3h 3s 5h]
Seat 4: Frank_Stein (big blind) showed [7c Ac] and lost with two pair, Fives and Threes
Seat 5: AzureCaper (button) (small blind) showed [8s 8c] and won ($29.50) with two pair, Eights and Fives


PokerStars Hand #167803836563:  Hold'em Limit ($3/$6 USD) - 2017/03/19 10:46:52 ET
Table 'Deipylos' 6-max Seat #4 is the button
Seat 4: Frank_Stein ($153.59 in chips)
Seat 5: AzureCaper ($94.16 in chips)
Frank_Stein: posts small blind $1
AzureCaper: posts big blind $3
*** HOLE CARDS ***
Frank_Stein: folds
Uncalled bet ($2) returned to AzureCaper
AzureCaper collected $2 from pot
AzureCaper: doesn't show hand
*** SUMMARY ***
Total pot $2 | Rake $0
Seat 4: Frank_Stein (button) (small blind) folded before Flop
Seat 5: AzureCaper (big blind) collected ($2)


PokerStars Hand #167803821902:  Hold'em Limit ($3/$6 USD) - 2017/03/19 10:46:32 ET
Table 'Deipylos' 6-max Seat #5 is the button
Seat 4: Frank_Stein ($156.59 in chips)
Seat 5: AzureCaper ($91.16 in chips)
AzureCaper: posts small blind $1
Frank_Stein: posts big blind $3
*** HOLE CARDS ***
AzureCaper: raises $3 to $6
Frank_Stein: folds
Uncalled bet ($3) returned to AzureCaper
AzureCaper collected $6 from pot
AzureCaper: doesn't show hand
*** SUMMARY ***
Total pot $6 | Rake $0
Seat 4: Frank_Stein (big blind) folded before Flop
Seat 5: AzureCaper (button) (small blind) collected ($6)


PokerStars Hand #167803905734:  Hold'em Limit ($3/$6 USD) - 2017/03/19 10:48:27 ET
Table 'Deipylos' 6-max Seat #5 is the button
Seat 4: Frank_Stein ($115.59 in chips)
Seat 5: AzureCaper ($131.04 in chips)
AzureCaper: posts small blind $1
Frank_Stein: posts big blind $3
*** HOLE CARDS ***
AzureCaper: folds
Uncalled bet ($2) returned to Frank_Stein
Frank_Stein collected $2 from pot
Frank_Stein: doesn't show hand
*** SUMMARY ***
Total pot $2 | Rake $0
Seat 4: Frank_Stein (big blind) collected ($2)
Seat 5: AzureCaper (button) (small blind) folded before Flop


PokerStars Hand #167803894695:  Hold'em Limit ($3/$6 USD) - 2017/03/19 10:48:12 ET
Table 'Deipylos' 6-max Seat #4 is the button
Seat 4: Frank_Stein ($118.59 in chips)
Seat 5: AzureCaper ($128.16 in chips)
Frank_Stein: posts small blind $1
AzureCaper: posts big blind $3
*** HOLE CARDS ***
Frank_Stein: calls $2
AzureCaper: checks
*** FLOP *** [Jc Qh 6d]
AzureCaper: bets $3
Frank_Stein: folds
Uncalled bet ($3) returned to AzureCaper
AzureCaper collected $5.88 from pot
AzureCaper: doesn't show hand
*** SUMMARY ***
Total pot $6 | Rake $0.12
Board [Jc Qh 6d]
Seat 4: Frank_Stein (button) (small blind) folded on the Flop
Seat 5: AzureCaper (big blind) collected ($5.88)


PokerStars Hand #167803877309:  Hold'em Limit ($3/$6 USD) - 2017/03/19 10:47:48 ET
Table 'Deipylos' 6-max Seat #5 is the button
Seat 4: Frank_Stein ($136.59 in chips)
Seat 5: AzureCaper ($110.66 in chips)
AzureCaper: posts small blind $1
Frank_Stein: posts big blind $3
*** HOLE CARDS ***
AzureCaper: raises $3 to $6
Frank_Stein: calls $3
*** FLOP *** [2s 3c Td]
Frank_Stein: checks
AzureCaper: bets $3
Frank_Stein: raises $3 to $6
AzureCaper: calls $3
*** TURN *** [2s 3c Td] [6s]
Frank_Stein: bets $6
AzureCaper: raises $6 to $12
Frank_Stein: folds
Uncalled bet ($6) returned to AzureCaper
AzureCaper collected $35.50 from pot
AzureCaper: doesn't show hand
*** SUMMARY ***
Total pot $36 | Rake $0.50
Board [2s 3c Td 6s]
Seat 4: Frank_Stein (big blind) folded on the Turn
Seat 5: AzureCaper (button) (small blind) collected ($35.50)


PokerStars Hand #167803873414:  Hold'em Limit ($3/$6 USD) - 2017/03/19 10:47:43 ET
Table 'Deipylos' 6-max Seat #4 is the button
Seat 4: Frank_Stein ($137.59 in chips)
Seat 5: AzureCaper ($109.66 in chips)
Frank_Stein: posts small blind $1
AzureCaper: posts big blind $3
*** HOLE CARDS ***
Frank_Stein: folds
Uncalled bet ($2) returned to AzureCaper
AzureCaper collected $2 from pot
AzureCaper: doesn't show hand
*** SUMMARY ***
Total pot $2 | Rake $0
Seat 4: Frank_Stein (button) (small blind) folded before Flop
Seat 5: AzureCaper (big blind) collected ($2)


PokerStars Hand #167803868054:  Hold'em Limit ($3/$6 USD) - 2017/03/19 10:47:36 ET
Table 'Deipylos' 6-max Seat #5 is the button
Seat 4: Frank_Stein ($140.59 in chips)
Seat 5: AzureCaper ($106.66 in chips)
AzureCaper: posts small blind $1
Frank_Stein: posts big blind $3
*** HOLE CARDS ***
AzureCaper: raises $3 to $6
Frank_Stein: folds
Uncalled bet ($3) returned to AzureCaper
AzureCaper collected $6 from pot
AzureCaper: doesn't show hand
*** SUMMARY ***
Total pot $6 | Rake $0
Seat 4: Frank_Stein (big blind) folded before Flop
Seat 5: AzureCaper (button) (small blind) collected ($6)


PokerStars Hand #167803931701:  Hold'em Limit ($3/$6 USD) - 2017/03/19 10:49:02 ET
Table 'Deipylos' 6-max Seat #4 is the button
Seat 4: Frank_Stein ($123.35 in chips)
Seat 5: AzureCaper ($123.04 in chips)
Frank_Stein: posts small blind $1
AzureCaper: posts big blind $3
*** HOLE CARDS ***
Frank_Stein: calls $2
AzureCaper: checks
*** FLOP *** [Ks 2c 5h]
AzureCaper: checks
Frank_Stein: bets $3
yamaxerm joins the table at seat #2
AzureCaper: folds
Uncalled bet ($3) returned to Frank_Stein
Frank_Stein collected $5.88 from pot
Frank_Stein: doesn't show hand
*** SUMMARY ***
Total pot $6 | Rake $0.12
Board [Ks 2c 5h]
Seat 4: Frank_Stein (button) (small blind) collected ($5.88)
Seat 5: AzureCaper (big blind) folded on the Flop


PokerStars Hand #167803927869:  Hold'em Limit ($3/$6 USD) - 2017/03/19 10:48:57 ET
Table 'Deipylos' 6-max Seat #5 is the button
Seat 4: Frank_Stein ($122.35 in chips)
Seat 5: AzureCaper ($124.04 in chips)
AzureCaper: posts small blind $1
Frank_Stein: posts big blind $3
*** HOLE CARDS ***
AzureCaper: folds
Uncalled bet ($2) returned to Frank_Stein
Frank_Stein collected $2 from pot
Frank_Stein: doesn't show hand
*** SUMMARY ***
Total pot $2 | Rake $0
Seat 4: Frank_Stein (big blind) collected ($2)
Seat 5: AzureCaper (button) (small blind) folded before Flop


PokerStars Hand #167803923596:  Hold'em Limit ($3/$6 USD) - 2017/03/19 10:48:51 ET
Table 'Deipylos' 6-max Seat #4 is the button
Seat 4: Frank_Stein ($123.35 in chips)
Seat 5: AzureCaper ($123.04 in chips)
Frank_Stein: posts small blind $1
AzureCaper: posts big blind $3
*** HOLE CARDS ***
Frank_Stein: folds
Uncalled bet ($2) returned to AzureCaper
AzureCaper collected $2 from pot
AzureCaper: doesn't show hand
*** SUMMARY ***
Total pot $2 | Rake $0
Seat 4: Frank_Stein (button) (small blind) folded before Flop
Seat 5: AzureCaper (big blind) collected ($2)


PokerStars Hand #167803909881:  Hold'em Limit ($3/$6 USD) - 2017/03/19 10:48:32 ET
Table 'Deipylos' 6-max Seat #4 is the button
Seat 4: Frank_Stein ($116.59 in chips)
Seat 5: AzureCaper ($130.04 in chips)
Frank_Stein: posts small blind $1
AzureCaper: posts big blind $3
*** HOLE CARDS ***
Frank_Stein: raises $3 to $6
AzureCaper: calls $3
*** FLOP *** [8c 9c Ad]
AzureCaper: checks
Frank_Stein: bets $3
AzureCaper: folds
Uncalled bet ($3) returned to Frank_Stein
Frank_Stein collected $11.76 from pot
Frank_Stein: doesn't show hand
*** SUMMARY ***
Total pot $12 | Rake $0.24
Board [8c 9c Ad]
Seat 4: Frank_Stein (button) (small blind) collected ($11.76)
Seat 5: AzureCaper (big blind) folded on the Flop


PokerStars Hand #167804245305:  Hold'em Limit ($3/$6 USD) - 2017/03/19 10:56:25 ET
Table 'Deipylos' 6-max Seat #5 is the button
Seat 4: Frank_Stein ($115.52 in chips)
Seat 5: AzureCaper ($120.13 in chips)
AzureCaper: posts small blind $1
Frank_Stein: posts big blind $3
*** HOLE CARDS ***
AzureCaper: folds
Uncalled bet ($2) returned to Frank_Stein
Frank_Stein collected $2 from pot
Frank_Stein: doesn't show hand
*** SUMMARY ***
Total pot $2 | Rake $0
Seat 4: Frank_Stein (big blind) collected ($2)
Seat 5: AzureCaper (button) (small blind) folded before Flop


PokerStars Hand #167804231131:  Hold'em Limit ($3/$6 USD) - 2017/03/19 10:56:00 ET
Table 'Deipylos' 6-max Seat #5 is the button
Seat 4: Frank_Stein ($115.52 in chips)
Seat 5: AzureCaper ($120.13 in chips)
AzureCaper: posts small blind $1
yamaxerm: is sitting out
Frank_Stein: posts big blind $3
*** HOLE CARDS ***
AzureCaper: folds
Uncalled bet ($2) returned to Frank_Stein
yamaxerm leaves the table
Frank_Stein collected $2 from pot
Frank_Stein: doesn't show hand
*** SUMMARY ***
Total pot $2 | Rake $0
Seat 4: Frank_Stein (big blind) collected ($2)
Seat 5: AzureCaper (button) (small blind) folded before Flop


PokerStars Hand #167804283281:  Hold'em Limit ($3/$6 USD) - 2017/03/19 10:57:30 ET
Table 'Deipylos' 6-max Seat #4 is the button
Seat 4: Frank_Stein ($139.02 in chips)
Seat 5: AzureCaper ($96.13 in chips)
Frank_Stein: posts small blind $1
AzureCaper: posts big blind $3
*** HOLE CARDS ***
Frank_Stein: folds
Uncalled bet ($2) returned to AzureCaper
AzureCaper collected $2 from pot
AzureCaper: doesn't show hand
*** SUMMARY ***
Total pot $2 | Rake $0
Seat 4: Frank_Stein (button) (small blind) folded before Flop
Seat 5: AzureCaper (big blind) collected ($2)


PokerStars Hand #167804278738:  Hold'em Limit ($3/$6 USD) - 2017/03/19 10:57:22 ET
Table 'Deipylos' 6-max Seat #5 is the button
Seat 4: Frank_Stein ($138.02 in chips)
Seat 5: AzureCaper ($97.13 in chips)
AzureCaper: posts small blind $1
Frank_Stein: posts big blind $3
*** HOLE CARDS ***
AzureCaper: folds
Uncalled bet ($2) returned to Frank_Stein
Frank_Stein collected $2 from pot
Frank_Stein: doesn't show hand
*** SUMMARY ***
Total pot $2 | Rake $0
Seat 4: Frank_Stein (big blind) collected ($2)
Seat 5: AzureCaper (button) (small blind) folded before Flop


PokerStars Hand #167804248051:  Hold'em Limit ($3/$6 USD) - 2017/03/19 10:56:30 ET
Table 'Deipylos' 6-max Seat #4 is the button
Seat 4: Frank_Stein ($116.52 in chips)
Seat 5: AzureCaper ($119.13 in chips)
Frank_Stein: posts small blind $1
AzureCaper: posts big blind $3
*** HOLE CARDS ***
Frank_Stein: calls $2
AzureCaper: raises $3 to $6
Frank_Stein: calls $3
*** FLOP *** [2d 7s 6c]
AzureCaper: bets $3
Frank_Stein: raises $3 to $6
AzureCaper: calls $3
*** TURN *** [2d 7s 6c] [Kh]
AzureCaper: bets $6
Frank_Stein: calls $6
*** RIVER *** [2d 7s 6c Kh] [9h]
AzureCaper: checks
Frank_Stein: checks
*** SHOW DOWN ***
AzureCaper: shows [Ac Qd] (high card Ace)
Frank_Stein: shows [4h 7h] (a pair of Sevens)
Frank_Stein collected $35.50 from pot
*** SUMMARY ***
Total pot $36 | Rake $0.50
Board [2d 7s 6c Kh 9h]
Seat 4: Frank_Stein (button) (small blind) showed [4h 7h] and won ($35.50) with a pair of Sevens
Seat 5: AzureCaper (big blind) showed [Ac Qd] and lost with high card Ace


PokerStars Hand #167804273422:  Hold'em Limit ($3/$6 USD) - 2017/03/19 10:57:13 ET
Table 'Deipylos' 6-max Seat #4 is the button
Seat 4: Frank_Stein ($135.02 in chips)
Seat 5: AzureCaper ($100.13 in chips)
Frank_Stein: posts small blind $1
AzureCaper: posts big blind $3
*** HOLE CARDS ***
Frank_Stein: raises $3 to $6
AzureCaper: folds
Uncalled bet ($3) returned to Frank_Stein
Frank_Stein collected $6 from pot
Frank_Stein: doesn't show hand
*** SUMMARY ***
Total pot $6 | Rake $0
Seat 4: Frank_Stein (button) (small blind) collected ($6)
Seat 5: AzureCaper (big blind) folded before Flop


PokerStars Hand #167804270566:  Hold'em Limit ($3/$6 USD) - 2017/03/19 10:57:08 ET
Table 'Deipylos' 6-max Seat #5 is the button
Seat 4: Frank_Stein ($134.02 in chips)
Seat 5: AzureCaper ($101.13 in chips)
AzureCaper: posts small blind $1
Frank_Stein: posts big blind $3
*** HOLE CARDS ***
AzureCaper: folds
Uncalled bet ($2) returned to Frank_Stein
Frank_Stein collected $2 from pot
Frank_Stein: doesn't show hand
*** SUMMARY ***
Total pot $2 | Rake $0
Seat 4: Frank_Stein (big blind) collected ($2)
Seat 5: AzureCaper (button) (small blind) folded before Flop


PokerStars Hand #167804287494:  Hold'em Limit ($3/$6 USD) - 2017/03/19 10:57:37 ET
Table 'Deipylos' 6-max Seat #5 is the button
Seat 4: Frank_Stein ($138.02 in chips)
Seat 5: AzureCaper ($97.13 in chips)
AzureCaper: posts small blind $1
Frank_Stein: posts big blind $3
*** HOLE CARDS ***
AzureCaper: raises $3 to $6
Frank_Stein: folds
Uncalled bet ($3) returned to AzureCaper
AzureCaper collected $6 from pot
AzureCaper: doesn't show hand
*** SUMMARY ***
Total pot $6 | Rake $0
Seat 4: Frank_Stein (big blind) folded before Flop
Seat 5: AzureCaper (button) (small blind) collected ($6)


PokerStars Hand #167804295056:  Hold'em Limit ($3/$6 USD) - 2017/03/19 10:57:50 ET
Table 'Deipylos' 6-max Seat #4 is the button
Seat 4: Frank_Stein ($135.02 in chips)
Seat 5: AzureCaper ($100.13 in chips)
Frank_Stein: posts small blind $1
AzureCaper: posts big blind $3
*** HOLE CARDS ***
Frank_Stein: raises $3 to $6
AzureCaper: calls $3
*** FLOP *** [3h 3d As]
AzureCaper: checks
Frank_Stein: bets $3
AzureCaper: raises $3 to $6
Frank_Stein: folds
Uncalled bet ($3) returned to AzureCaper
AzureCaper collected $17.64 from pot
AzureCaper: doesn't show hand
*** SUMMARY ***
Total pot $18 | Rake $0.36
Board [3h 3d As]
Seat 4: Frank_Stein (button) (small blind) folded on the Flop
Seat 5: AzureCaper (big blind) collected ($17.64)


PokerStars Hand #167804314876:  Hold'em Limit ($3/$6 USD) - 2017/03/19 10:58:24 ET
Table 'Deipylos' 6-max Seat #4 is the button
Seat 4: Frank_Stein ($120.02 in chips)
Seat 5: AzureCaper ($114.53 in chips)
Frank_Stein: posts small blind $1
AzureCaper: posts big blind $3
*** HOLE CARDS ***
Frank_Stein: folds
Uncalled bet ($2) returned to AzureCaper
AzureCaper collected $2 from pot
AzureCaper: doesn't show hand
*** SUMMARY ***
Total pot $2 | Rake $0
Seat 4: Frank_Stein (button) (small blind) folded before Flop
Seat 5: AzureCaper (big blind) collected ($2)


PokerStars Hand #167804305165:  Hold'em Limit ($3/$6 USD) - 2017/03/19 10:58:07 ET
Table 'Deipylos' 6-max Seat #5 is the button
Seat 4: Frank_Stein ($126.02 in chips)
Seat 5: AzureCaper ($108.77 in chips)
AzureCaper: posts small blind $1
Frank_Stein: posts big blind $3
*** HOLE CARDS ***
AzureCaper: raises $3 to $6
Frank_Stein: calls $3
*** FLOP *** [8c Jc 2h]
Frank_Stein: checks
AzureCaper: bets $3
Frank_Stein: folds
Uncalled bet ($3) returned to AzureCaper
AzureCaper collected $11.76 from pot
AzureCaper: doesn't show hand
*** SUMMARY ***
Total pot $12 | Rake $0.24
Board [8c Jc 2h]
Seat 4: Frank_Stein (big blind) folded on the Flop
Seat 5: AzureCaper (button) (small blind) collected ($11.76)


