PokerStars Hand #156032011015:  Hold'em Limit ($3/$6 USD) - 2016/07/16 5:41:04 ET
Table 'Deipylos' 6-max Seat #1 is the button
Seat 1: _fayzulllo_ ($72 in chips)
Seat 4: Agrotait ($72 in chips)
_fayzulllo_: posts small blind $1
Agrotait: posts big blind $3
*** HOLE CARDS ***
_fayzulllo_: raises $3 to $6
kolaz03 joins the table at seat #2
Agrotait: calls $3
*** FLOP *** [3c 9h Ah]
Agrotait: bets $3
_fayzulllo_: calls $3
*** TURN *** [3c 9h Ah] [Th]
Agrotait: checks
_fayzulllo_: checks
*** RIVER *** [3c 9h Ah Th] [3h]
Agrotait: bets $6
_fayzulllo_: calls $6
*** SHOW DOWN ***
Agrotait: shows [6s Js] (a pair of Threes)
_fayzulllo_: shows [Td Qc] (two pair, Tens and Threes)
_fayzulllo_ collected $29.50 from pot
*** SUMMARY ***
Total pot $30 | Rake $0.50
Board [3c 9h Ah Th 3h]
Seat 1: _fayzulllo_ (button) (small blind) showed [Td Qc] and won ($29.50) with two pair, Tens and Threes
Seat 4: Agrotait (big blind) showed [6s Js] and lost with a pair of Threes


PokerStars Hand #156032025177:  Hold'em Limit ($3/$6 USD) - 2016/07/16 5:41:43 ET
Table 'Deipylos' 6-max Seat #4 is the button
Seat 1: _fayzulllo_ ($86.50 in chips)
Seat 4: Agrotait ($72 in chips)
Agrotait: posts small blind $1
_fayzulllo_: posts big blind $3
*** HOLE CARDS ***
Agrotait: raises $3 to $6
_fayzulllo_: calls $3
*** FLOP *** [5d 9h As]
_fayzulllo_: checks
Agrotait: bets $3
_fayzulllo_: calls $3
*** TURN *** [5d 9h As] [4h]
_fayzulllo_: checks
Agrotait: checks
*** RIVER *** [5d 9h As 4h] [5s]
_fayzulllo_: bets $6
Agrotait: calls $6
*** SHOW DOWN ***
_fayzulllo_: shows [9s 5c] (a full house, Fives full of Nines)
Agrotait: mucks hand
_fayzulllo_ collected $29.50 from pot
*** SUMMARY ***
Total pot $30 | Rake $0.50
Board [5d 9h As 4h 5s]
Seat 1: _fayzulllo_ (big blind) showed [9s 5c] and won ($29.50) with a full house, Fives full of Nines
Seat 4: Agrotait (button) (small blind) mucked


PokerStars Hand #156032155273:  Hold'em Limit ($3/$6 USD) - 2016/07/16 5:47:38 ET
Table 'Deipylos' 6-max Seat #2 is the button
Seat 1: _fayzulllo_ ($113.93 in chips)
Seat 2: kolaz03 ($72 in chips)
kolaz03: posts small blind $1
Agrotait: is sitting out
_fayzulllo_: posts big blind $3
*** HOLE CARDS ***
kolaz03: raises $3 to $6
_fayzulllo_: calls $3
*** FLOP *** [6h As 4s]
_fayzulllo_: checks
kolaz03: bets $3
_fayzulllo_: folds
Uncalled bet ($3) returned to kolaz03
kolaz03 collected $11.76 from pot
kolaz03: doesn't show hand
*** SUMMARY ***
Total pot $12 | Rake $0.24
Board [6h As 4s]
Seat 1: _fayzulllo_ (big blind) folded on the Flop
Seat 2: kolaz03 (button) (small blind) collected ($11.76)


PokerStars Hand #156032166792:  Hold'em Limit ($3/$6 USD) - 2016/07/16 5:48:10 ET
Table 'Deipylos' 6-max Seat #2 is the button
Seat 1: _fayzulllo_ ($106.93 in chips)
Seat 2: kolaz03 ($78.76 in chips)
kolaz03: posts small blind $1
_fayzulllo_: posts big blind $3
*** HOLE CARDS ***
kolaz03: folds
Uncalled bet ($2) returned to _fayzulllo_
_fayzulllo_ collected $2 from pot
*** SUMMARY ***
Total pot $2 | Rake $0
Seat 1: _fayzulllo_ (big blind) collected ($2)
Seat 2: kolaz03 (button) (small blind) folded before Flop


PokerStars Hand #156032163388:  Hold'em Limit ($3/$6 USD) - 2016/07/16 5:48:00 ET
Table 'Deipylos' 6-max Seat #1 is the button
Seat 1: _fayzulllo_ ($107.93 in chips)
Seat 2: kolaz03 ($77.76 in chips)
_fayzulllo_: posts small blind $1
kolaz03: posts big blind $3
*** HOLE CARDS ***
Agrotait leaves the table
_fayzulllo_: folds
Uncalled bet ($2) returned to kolaz03
kolaz03 collected $2 from pot
kolaz03: doesn't show hand
*** SUMMARY ***
Total pot $2 | Rake $0
Seat 1: _fayzulllo_ (button) (small blind) folded before Flop
Seat 2: kolaz03 (big blind) collected ($2)


PokerStars Hand #156032195053:  Hold'em Limit ($3/$6 USD) - 2016/07/16 5:49:27 ET
Table 'Deipylos' 6-max Seat #1 is the button
Seat 1: _fayzulllo_ ($92.93 in chips)
Seat 2: kolaz03 ($92.16 in chips)
_fayzulllo_: posts small blind $1
kolaz03: posts big blind $3
*** HOLE CARDS ***
_fayzulllo_: raises $3 to $6
SmellyToes4u joins the table at seat #3
kolaz03: calls $3
*** FLOP *** [9s Tc 5s]
kolaz03: checks
_fayzulllo_: bets $3
kolaz03: folds
Uncalled bet ($3) returned to _fayzulllo_
_fayzulllo_ collected $11.76 from pot
_fayzulllo_: doesn't show hand
*** SUMMARY ***
Total pot $12 | Rake $0.24
Board [9s Tc 5s]
Seat 1: _fayzulllo_ (button) (small blind) collected ($11.76)
Seat 2: kolaz03 (big blind) folded on the Flop


PokerStars Hand #156032188653:  Hold'em Limit ($3/$6 USD) - 2016/07/16 5:49:10 ET
Table 'Deipylos' 6-max Seat #2 is the button
Seat 1: _fayzulllo_ ($98.93 in chips)
Seat 2: kolaz03 ($86.40 in chips)
kolaz03: posts small blind $1
_fayzulllo_: posts big blind $3
*** HOLE CARDS ***
kolaz03: raises $3 to $6
_fayzulllo_: calls $3
*** FLOP *** [7c 2h Jd]
_fayzulllo_: checks
kolaz03: bets $3
_fayzulllo_: folds
Uncalled bet ($3) returned to kolaz03
kolaz03 collected $11.76 from pot
kolaz03: doesn't show hand
*** SUMMARY ***
Total pot $12 | Rake $0.24
Board [7c 2h Jd]
Seat 1: _fayzulllo_ (big blind) folded on the Flop
Seat 2: kolaz03 (button) (small blind) collected ($11.76)


PokerStars Hand #156032185524:  Hold'em Limit ($3/$6 USD) - 2016/07/16 5:49:01 ET
Table 'Deipylos' 6-max Seat #1 is the button
Seat 1: _fayzulllo_ ($99.93 in chips)
Seat 2: kolaz03 ($85.40 in chips)
_fayzulllo_: posts small blind $1
kolaz03: posts big blind $3
*** HOLE CARDS ***
_fayzulllo_: folds
Uncalled bet ($2) returned to kolaz03
kolaz03 collected $2 from pot
kolaz03: doesn't show hand
*** SUMMARY ***
Total pot $2 | Rake $0
Seat 1: _fayzulllo_ (button) (small blind) folded before Flop
Seat 2: kolaz03 (big blind) collected ($2)


PokerStars Hand #156032183327:  Hold'em Limit ($3/$6 USD) - 2016/07/16 5:48:55 ET
Table 'Deipylos' 6-max Seat #2 is the button
Seat 1: _fayzulllo_ ($98.93 in chips)
Seat 2: kolaz03 ($86.40 in chips)
kolaz03: posts small blind $1
_fayzulllo_: posts big blind $3
*** HOLE CARDS ***
kolaz03: folds
Uncalled bet ($2) returned to _fayzulllo_
_fayzulllo_ collected $2 from pot
*** SUMMARY ***
Total pot $2 | Rake $0
Seat 1: _fayzulllo_ (big blind) collected ($2)
Seat 2: kolaz03 (button) (small blind) folded before Flop


PokerStars Hand #156032170012:  Hold'em Limit ($3/$6 USD) - 2016/07/16 5:48:19 ET
Table 'Deipylos' 6-max Seat #1 is the button
Seat 1: _fayzulllo_ ($107.93 in chips)
Seat 2: kolaz03 ($77.76 in chips)
_fayzulllo_: posts small blind $1
kolaz03: posts big blind $3
*** HOLE CARDS ***
_fayzulllo_: calls $2
kolaz03: raises $3 to $6
_fayzulllo_: calls $3
*** FLOP *** [Ts 5d Th]
kolaz03: bets $3
_fayzulllo_: calls $3
*** TURN *** [Ts 5d Th] [Kd]
kolaz03: bets $6
_fayzulllo_: folds
Uncalled bet ($6) returned to kolaz03
kolaz03 collected $17.64 from pot
kolaz03: doesn't show hand
*** SUMMARY ***
Total pot $18 | Rake $0.36
Board [Ts 5d Th Kd]
Seat 1: _fayzulllo_ (button) (small blind) folded on the Turn
Seat 2: kolaz03 (big blind) collected ($17.64)


PokerStars Hand #156032366362:  Hold'em Limit ($3/$6 USD) - 2016/07/16 5:57:29 ET
Table 'Deipylos' 6-max Seat #4 is the button
Seat 2: kolaz03 ($76 in chips)
Seat 4: FaStBluff ($113.66 in chips)
FaStBluff: posts small blind $1
kolaz03: posts big blind $3
*** HOLE CARDS ***
FaStBluff: raises $3 to $6
kolaz03: calls $3
*** FLOP *** [Ad Ah 4c]
kolaz03: checks
FaStBluff: bets $3
kolaz03: raises $3 to $6
FaStBluff: calls $3
*** TURN *** [Ad Ah 4c] [Js]
kolaz03: bets $6
FaStBluff: folds
Uncalled bet ($6) returned to kolaz03
kolaz03 collected $23.52 from pot
kolaz03: doesn't show hand
*** SUMMARY ***
Total pot $24 | Rake $0.48
Board [Ad Ah 4c Js]
Seat 2: kolaz03 (big blind) collected ($23.52)
Seat 4: FaStBluff (button) (small blind) folded on the Turn


PokerStars Hand #156032362201:  Hold'em Limit ($3/$6 USD) - 2016/07/16 5:57:16 ET
Table 'Deipylos' 6-max Seat #4 is the button
Seat 2: kolaz03 ($72 in chips)
Seat 4: FaStBluff ($117.66 in chips)
FaStBluff: posts small blind $1
kolaz03: posts big blind $3
*** HOLE CARDS ***
FaStBluff: folds
Uncalled bet ($2) returned to kolaz03
kolaz03 collected $2 from pot
kolaz03: doesn't show hand
*** SUMMARY ***
Total pot $2 | Rake $0
Seat 2: kolaz03 (big blind) collected ($2)
Seat 4: FaStBluff (button) (small blind) folded before Flop


PokerStars Hand #156032357986:  Hold'em Limit ($3/$6 USD) - 2016/07/16 5:57:03 ET
Table 'Deipylos' 6-max Seat #2 is the button
Seat 2: kolaz03 ($80.64 in chips)
Seat 4: FaStBluff ($109.02 in chips)
kolaz03: posts small blind $1
FaStBluff: posts big blind $3
*** HOLE CARDS ***
kolaz03: raises $3 to $6
FaStBluff: raises $3 to $9
kolaz03: calls $3
*** FLOP *** [Qc As 5c]
FaStBluff: bets $3
kolaz03: folds
Uncalled bet ($3) returned to FaStBluff
FaStBluff collected $17.64 from pot
FaStBluff: doesn't show hand
*** SUMMARY ***
Total pot $18 | Rake $0.36
Board [Qc As 5c]
Seat 2: kolaz03 (button) (small blind) folded on the Flop
Seat 4: FaStBluff (big blind) collected ($17.64)


PokerStars Hand #156032353245:  Hold'em Limit ($3/$6 USD) - 2016/07/16 5:56:49 ET
Table 'Deipylos' 6-max Seat #4 is the button
Seat 2: kolaz03 ($72 in chips)
Seat 4: FaStBluff ($118.02 in chips)
FaStBluff: posts small blind $1
kolaz03: posts big blind $3
*** HOLE CARDS ***
FaStBluff: raises $3 to $6
kolaz03: calls $3
*** FLOP *** [8c 4c Qh]
kolaz03: checks
FaStBluff: bets $3
kolaz03: raises $3 to $6
FaStBluff: folds
Uncalled bet ($3) returned to kolaz03
kolaz03 collected $17.64 from pot
kolaz03: doesn't show hand
*** SUMMARY ***
Total pot $18 | Rake $0.36
Board [8c 4c Qh]
Seat 2: kolaz03 (big blind) collected ($17.64)
Seat 4: FaStBluff (button) (small blind) folded on the Flop


PokerStars Hand #156032363672:  Hold'em Limit ($3/$6 USD) - 2016/07/16 5:57:20 ET
Table 'Deipylos' 6-max Seat #2 is the button
Seat 2: kolaz03 ($73 in chips)
Seat 4: FaStBluff ($116.66 in chips)
kolaz03: posts small blind $1
FaStBluff: posts big blind $3
*** HOLE CARDS ***
kolaz03: raises $3 to $6
FaStBluff: folds
Uncalled bet ($3) returned to kolaz03
kolaz03 collected $6 from pot
kolaz03: doesn't show hand
*** SUMMARY ***
Total pot $6 | Rake $0
Seat 2: kolaz03 (button) (small blind) collected ($6)
Seat 4: FaStBluff (big blind) folded before Flop


