PokerStars Hand #176817383376:  Hold'em Limit ($3/$6 USD) - 2017/10/12 10:31:09 ET
Table 'Deira' 6-max Seat #2 is the button
Seat 2: AzureCaper ($72 in chips)
Seat 4: my genitals ($73.62 in chips)
igorkabmw will be allowed to play after the button
AzureCaper: posts small blind $1
Ale4o: is sitting out
my genitals: posts big blind $3
*** HOLE CARDS ***
AzureCaper: folds
Uncalled bet ($2) returned to my genitals
Ale4o leaves the table
my genitals collected $2 from pot
my genitals: doesn't show hand
*** SUMMARY ***
Total pot $2 | Rake $0
Seat 2: AzureCaper (button) (small blind) folded before Flop
Seat 4: my genitals (big blind) collected ($2)


PokerStars Hand #176817690319:  Hold'em Limit ($3/$6 USD) - 2017/10/12 10:40:13 ET
Table 'Deira' 6-max Seat #5 is the button
Seat 4: my genitals ($51.82 in chips)
Seat 5: Ale4o ($154.90 in chips)
Ale4o: posts small blind $1
my genitals: posts big blind $3
*** HOLE CARDS ***
Ale4o: raises $3 to $6
my genitals: calls $3
*** FLOP *** [7d 3c 4d]
my genitals: checks
Ale4o: bets $3
my genitals: raises $3 to $6
Ale4o: calls $3
*** TURN *** [7d 3c 4d] [5h]
my genitals: bets $6
Ale4o: calls $6
*** RIVER *** [7d 3c 4d 5h] [Ks]
my genitals: checks
Ale4o: checks
*** SHOW DOWN ***
my genitals: shows [Td 7c] (a pair of Sevens)
Ale4o: mucks hand
my genitals collected $35.50 from pot
*** SUMMARY ***
Total pot $36 | Rake $0.50
Board [7d 3c 4d 5h Ks]
Seat 4: my genitals (big blind) showed [Td 7c] and won ($35.50) with a pair of Sevens
Seat 5: Ale4o (button) (small blind) mucked


PokerStars Hand #176817704583:  Hold'em Limit ($3/$6 USD) - 2017/10/12 10:40:38 ET
Table 'Deira' 6-max Seat #4 is the button
Seat 4: my genitals ($69.32 in chips)
Seat 5: Ale4o ($136.90 in chips)
my genitals: posts small blind $1
Ale4o: posts big blind $3
*** HOLE CARDS ***
my genitals: raises $3 to $6
Ale4o: folds
Uncalled bet ($3) returned to my genitals
my genitals collected $6 from pot
my genitals: doesn't show hand
*** SUMMARY ***
Total pot $6 | Rake $0
Seat 4: my genitals (button) (small blind) collected ($6)
Seat 5: Ale4o (big blind) folded before Flop


PokerStars Hand #176817707544:  Hold'em Limit ($3/$6 USD) - 2017/10/12 10:40:44 ET
Table 'Deira' 6-max Seat #5 is the button
Seat 4: my genitals ($72.32 in chips)
Seat 5: Ale4o ($133.90 in chips)
Ale4o: posts small blind $1
my genitals: posts big blind $3
*** HOLE CARDS ***
Ale4o: raises $3 to $6
my genitals: calls $3
*** FLOP *** [8s 9d 3d]
my genitals: checks
Ale4o: bets $3
my genitals: folds
Uncalled bet ($3) returned to Ale4o
Ale4o collected $11.76 from pot
*** SUMMARY ***
Total pot $12 | Rake $0.24
Board [8s 9d 3d]
Seat 4: my genitals (big blind) folded on the Flop
Seat 5: Ale4o (button) (small blind) collected ($11.76)


PokerStars Hand #176817722631:  Hold'em Limit ($3/$6 USD) - 2017/10/12 10:41:10 ET
Table 'Deira' 6-max Seat #5 is the button
Seat 4: my genitals ($65.32 in chips)
Seat 5: Ale4o ($140.66 in chips)
Ale4o: posts small blind $1
my genitals: posts big blind $3
*** HOLE CARDS ***
Ale4o: raises $3 to $6
my genitals: calls $3
*** FLOP *** [8d 4d Ah]
my genitals: checks
Ale4o: bets $3
my genitals: folds
Uncalled bet ($3) returned to Ale4o
Ale4o collected $11.76 from pot
*** SUMMARY ***
Total pot $12 | Rake $0.24
Board [8d 4d Ah]
Seat 4: my genitals (big blind) folded on the Flop
Seat 5: Ale4o (button) (small blind) collected ($11.76)


PokerStars Hand #176817719329:  Hold'em Limit ($3/$6 USD) - 2017/10/12 10:41:05 ET
Table 'Deira' 6-max Seat #4 is the button
Seat 4: my genitals ($66.32 in chips)
Seat 5: Ale4o ($139.66 in chips)
my genitals: posts small blind $1
Ale4o: posts big blind $3
*** HOLE CARDS ***
my genitals: folds
Uncalled bet ($2) returned to Ale4o
Ale4o collected $2 from pot
*** SUMMARY ***
Total pot $2 | Rake $0
Seat 4: my genitals (button) (small blind) folded before Flop
Seat 5: Ale4o (big blind) collected ($2)


PokerStars Hand #176817735972:  Hold'em Limit ($3/$6 USD) - 2017/10/12 10:41:34 ET
Table 'Deira' 6-max Seat #4 is the button
Seat 4: my genitals ($59.32 in chips)
Seat 5: Ale4o ($146.42 in chips)
my genitals: posts small blind $1
Ale4o: posts big blind $3
*** HOLE CARDS ***
my genitals: folds
Uncalled bet ($2) returned to Ale4o
Ale4o collected $2 from pot
*** SUMMARY ***
Total pot $2 | Rake $0
Seat 4: my genitals (button) (small blind) folded before Flop
Seat 5: Ale4o (big blind) collected ($2)


PokerStars Hand #176817766767:  Hold'em Limit ($3/$6 USD) - 2017/10/12 10:42:28 ET
Table 'Deira' 6-max Seat #5 is the button
Seat 4: my genitals ($58.32 in chips)
Seat 5: Ale4o ($147.42 in chips)
Ale4o: posts small blind $1
my genitals: posts big blind $3
*** HOLE CARDS ***
Ale4o: raises $3 to $6
my genitals: calls $3
*** FLOP *** [3s 2s 7h]
my genitals: checks
Ale4o: bets $3
my genitals: folds
Uncalled bet ($3) returned to Ale4o
Ale4o collected $11.76 from pot
*** SUMMARY ***
Total pot $12 | Rake $0.24
Board [3s 2s 7h]
Seat 4: my genitals (big blind) folded on the Flop
Seat 5: Ale4o (button) (small blind) collected ($11.76)


PokerStars Hand #176817785965:  Hold'em Limit ($3/$6 USD) - 2017/10/12 10:43:02 ET
Table 'Deira' 6-max Seat #5 is the button
Seat 4: my genitals ($43.32 in chips)
Seat 5: Ale4o ($161.82 in chips)
Ale4o: posts small blind $1
my genitals: posts big blind $3
*** HOLE CARDS ***
Ale4o: raises $3 to $6
my genitals: raises $3 to $9
Ale4o: calls $3
*** FLOP *** [Td 6h 4d]
my genitals: bets $3
Ale4o: calls $3
*** TURN *** [Td 6h 4d] [Th]
my genitals: bets $6
Ale4o: calls $6
*** RIVER *** [Td 6h 4d Th] [4c]
my genitals: bets $6
Ale4o: calls $6
*** SHOW DOWN ***
my genitals: shows [Ah Ad] (two pair, Aces and Tens)
Ale4o: mucks hand
my genitals collected $47.50 from pot
*** SUMMARY ***
Total pot $48 | Rake $0.50
Board [Td 6h 4d Th 4c]
Seat 4: my genitals (big blind) showed [Ah Ad] and won ($47.50) with two pair, Aces and Tens
Seat 5: Ale4o (button) (small blind) mucked


PokerStars Hand #176817815237:  Hold'em Limit ($3/$6 USD) - 2017/10/12 10:43:54 ET
Table 'Deira' 6-max Seat #5 is the button
Seat 4: my genitals ($45.82 in chips)
Seat 5: Ale4o ($158.32 in chips)
Ale4o: posts small blind $1
my genitals: posts big blind $3
*** HOLE CARDS ***
Ale4o: raises $3 to $6
my genitals: folds
Uncalled bet ($3) returned to Ale4o
Ale4o collected $6 from pot
*** SUMMARY ***
Total pot $6 | Rake $0
Seat 4: my genitals (big blind) folded before Flop
Seat 5: Ale4o (button) (small blind) collected ($6)


PokerStars Hand #176817803387:  Hold'em Limit ($3/$6 USD) - 2017/10/12 10:43:33 ET
Table 'Deira' 6-max Seat #4 is the button
Seat 4: my genitals ($66.82 in chips)
Seat 5: Ale4o ($137.82 in chips)
my genitals: posts small blind $1
Ale4o: posts big blind $3
*** HOLE CARDS ***
my genitals: raises $3 to $6
Ale4o: calls $3
*** FLOP *** [5c 6c 8d]
Ale4o: checks
my genitals: bets $3
Ale4o: calls $3
*** TURN *** [5c 6c 8d] [8h]
Ale4o: checks
my genitals: bets $6
Ale4o: calls $6
*** RIVER *** [5c 6c 8d 8h] [Ah]
Ale4o: bets $6
my genitals: calls $6
*** SHOW DOWN ***
Ale4o: shows [As 9d] (two pair, Aces and Eights)
my genitals: mucks hand
Ale4o collected $41.50 from pot
*** SUMMARY ***
Total pot $42 | Rake $0.50
Board [5c 6c 8d 8h Ah]
Seat 4: my genitals (button) (small blind) mucked
Seat 5: Ale4o (big blind) showed [As 9d] and won ($41.50) with two pair, Aces and Eights


PokerStars Hand #176817832520:  Hold'em Limit ($3/$6 USD) - 2017/10/12 10:44:24 ET
Table 'Deira' 6-max Seat #4 is the button
Seat 4: my genitals ($20.82 in chips)
Seat 5: Ale4o ($182.82 in chips)
my genitals: posts small blind $1
Ale4o: posts big blind $3
*** HOLE CARDS ***
my genitals: calls $2
Ale4o: checks
*** FLOP *** [5h 8d Js]
Ale4o: bets $3
my genitals: folds
Uncalled bet ($3) returned to Ale4o
Ale4o collected $5.88 from pot
*** SUMMARY ***
Total pot $6 | Rake $0.12
Board [5h 8d Js]
Seat 4: my genitals (button) (small blind) folded on the Flop
Seat 5: Ale4o (big blind) collected ($5.88)


PokerStars Hand #176817820631:  Hold'em Limit ($3/$6 USD) - 2017/10/12 10:44:03 ET
Table 'Deira' 6-max Seat #5 is the button
Seat 4: my genitals ($41.82 in chips)
Seat 5: Ale4o ($162.32 in chips)
Ale4o: posts small blind $1
my genitals: posts big blind $3
*** HOLE CARDS ***
Ale4o: raises $3 to $6
my genitals: calls $3
*** FLOP *** [4h Jc 5h]
my genitals: checks
Ale4o: bets $3
my genitals: calls $3
*** TURN *** [4h Jc 5h] [Jd]
my genitals: checks
Ale4o: bets $6
my genitals: calls $6
*** RIVER *** [4h Jc 5h Jd] [9s]
my genitals: checks
Ale4o: bets $6
my genitals: calls $6
*** SHOW DOWN ***
Ale4o: shows [Ts Jh] (three of a kind, Jacks)
my genitals: mucks hand
Ale4o collected $41.50 from pot
*** SUMMARY ***
Total pot $42 | Rake $0.50
Board [4h Jc 5h Jd 9s]
Seat 4: my genitals (big blind) mucked
Seat 5: Ale4o (button) (small blind) showed [Ts Jh] and won ($41.50) with three of a kind, Jacks


PokerStars Hand #176817817972:  Hold'em Limit ($3/$6 USD) - 2017/10/12 10:43:59 ET
Table 'Deira' 6-max Seat #4 is the button
Seat 4: my genitals ($42.82 in chips)
Seat 5: Ale4o ($161.32 in chips)
my genitals: posts small blind $1
Ale4o: posts big blind $3
*** HOLE CARDS ***
my genitals: folds
Uncalled bet ($2) returned to Ale4o
Ale4o collected $2 from pot
*** SUMMARY ***
Total pot $2 | Rake $0
Seat 4: my genitals (button) (small blind) folded before Flop
Seat 5: Ale4o (big blind) collected ($2)


PokerStars Hand #176817838476:  Hold'em Limit ($3/$6 USD) - 2017/10/12 10:44:34 ET
Table 'Deira' 6-max Seat #5 is the button
Seat 4: my genitals ($17.82 in chips)
Seat 5: Ale4o ($185.70 in chips)
Ale4o: posts small blind $1
my genitals: posts big blind $3
*** HOLE CARDS ***
Ale4o: raises $3 to $6
my genitals: calls $3
*** FLOP *** [Jh Qd 2c]
my genitals: checks
Ale4o: bets $3
my genitals: calls $3
*** TURN *** [Jh Qd 2c] [Qs]
my genitals: checks
Ale4o: checks
*** RIVER *** [Jh Qd 2c Qs] [Ad]
my genitals: bets $6
Ale4o: folds
Uncalled bet ($6) returned to my genitals
my genitals collected $17.64 from pot
my genitals: doesn't show hand
*** SUMMARY ***
Total pot $18 | Rake $0.36
Board [Jh Qd 2c Qs Ad]
Seat 4: my genitals (big blind) collected ($17.64)
Seat 5: Ale4o (button) (small blind) folded on the River


PokerStars Hand #176817865385:  Hold'em Limit ($3/$6 USD) - 2017/10/12 10:45:21 ET
Table 'Deira' 6-max Seat #5 is the button
Seat 4: my genitals ($5.46 in chips)
Seat 5: Ale4o ($197.20 in chips)
Ale4o: posts small blind $1
my genitals: posts big blind $3
*** HOLE CARDS ***
Ale4o: raises $3 to $6
my genitals: calls $2.46 and is all-in
Uncalled bet ($0.54) returned to Ale4o
*** FLOP *** [9s Ah 8h]
*** TURN *** [9s Ah 8h] [3d]
*** RIVER *** [9s Ah 8h 3d] [Tc]
*** SHOW DOWN ***
my genitals: shows [4c 6c] (high card Ace)
Ale4o: shows [Qc Ac] (a pair of Aces)
Ale4o collected $10.70 from pot
*** SUMMARY ***
Total pot $10.92 | Rake $0.22
Board [9s Ah 8h 3d Tc]
Seat 4: my genitals (big blind) showed [4c 6c] and lost with high card Ace
Seat 5: Ale4o (button) (small blind) showed [Qc Ac] and won ($10.70) with a pair of Aces


PokerStars Hand #176817860498:  Hold'em Limit ($3/$6 USD) - 2017/10/12 10:45:13 ET
Table 'Deira' 6-max Seat #5 is the button
Seat 4: my genitals ($5.46 in chips)
Seat 5: Ale4o ($197.20 in chips)
Ale4o: posts small blind $1
my genitals: posts big blind $3
*** HOLE CARDS ***
Ale4o: folds
Uncalled bet ($2) returned to my genitals
my genitals collected $2 from pot
my genitals: doesn't show hand
*** SUMMARY ***
Total pot $2 | Rake $0
Seat 4: my genitals (big blind) collected ($2)
Seat 5: Ale4o (button) (small blind) folded before Flop


PokerStars Hand #176817847955:  Hold'em Limit ($3/$6 USD) - 2017/10/12 10:44:51 ET
Table 'Deira' 6-max Seat #4 is the button
Seat 4: my genitals ($26.46 in chips)
Seat 5: Ale4o ($176.70 in chips)
my genitals: posts small blind $1
Ale4o: posts big blind $3
*** HOLE CARDS ***
my genitals: calls $2
Ale4o: raises $3 to $6
my genitals: calls $3
*** FLOP *** [Jh 8d Ad]
Ale4o: bets $3
my genitals: calls $3
*** TURN *** [Jh 8d Ad] [5c]
Ale4o: bets $6
my genitals: calls $6
*** RIVER *** [Jh 8d Ad 5c] [Ah]
Ale4o: bets $6
my genitals: calls $6
*** SHOW DOWN ***
Ale4o: shows [Jc Ac] (a full house, Aces full of Jacks)
my genitals: mucks hand
Ale4o collected $41.50 from pot
*** SUMMARY ***
Total pot $42 | Rake $0.50
Board [Jh 8d Ad 5c Ah]
Seat 4: my genitals (button) (small blind) mucked
Seat 5: Ale4o (big blind) showed [Jc Ac] and won ($41.50) with a full house, Aces full of Jacks


PokerStars Hand #176818782804:  Hold'em Limit ($3/$6 USD) - 2017/10/12 11:12:36 ET
Table 'Deira' 6-max Seat #3 is the button
Seat 1: hookonhook ($98 in chips)
Seat 3: craaa ($94.02 in chips)
craaa: posts small blind $1
TbIP-TbIP 88: is sitting out
Ale4o: is sitting out
hookonhook: posts big blind $3
*** HOLE CARDS ***
Ale4o leaves the table
craaa: raises $3 to $6
hookonhook: calls $3
*** FLOP *** [Kh 6s 4h]
hookonhook: checks
craaa: bets $3
hookonhook: calls $3
*** TURN *** [Kh 6s 4h] [8h]
hookonhook: checks
craaa: checks
*** RIVER *** [Kh 6s 4h 8h] [Td]
hookonhook: bets $6
craaa: folds
Uncalled bet ($6) returned to hookonhook
hookonhook collected $17.64 from pot
*** SUMMARY ***
Total pot $18 | Rake $0.36
Board [Kh 6s 4h 8h Td]
Seat 1: hookonhook (big blind) collected ($17.64)
Seat 3: craaa (button) (small blind) folded on the River


