PokerStars Hand #161773480372:  Hold'em Limit ($3/$6 USD) - 2016/11/21 22:42:13 ET
Table 'Deira' 6-max Seat #4 is the button
Seat 2: qqppii999 ($1022 in chips)
Seat 4: Garuda Black ($112.19 in chips)
Garuda Black: posts small blind $1
B_loJkl: is sitting out
qqppii999: posts big blind $3
*** HOLE CARDS ***
Garuda Black: folds
Uncalled bet ($2) returned to qqppii999
qqppii999 collected $2 from pot
*** SUMMARY ***
Total pot $2 | Rake $0
Seat 2: qqppii999 (big blind) collected ($2)
Seat 4: Garuda Black (button) (small blind) folded before Flop


PokerStars Hand #161773492655:  Hold'em Limit ($3/$6 USD) - 2016/11/21 22:42:50 ET
Table 'Deira' 6-max Seat #2 is the button
Seat 2: qqppii999 ($1023 in chips)
Seat 3: B_loJkl ($150 in chips)
qqppii999: posts small blind $1
B_loJkl: posts big blind $3
*** HOLE CARDS ***
qqppii999: raises $3 to $6
B_loJkl: raises $3 to $9
qqppii999: raises $3 to $12
Betting is capped
B_loJkl: calls $3
*** FLOP *** [6c 4d 8h]
B_loJkl: checks
qqppii999: bets $3
B_loJkl: calls $3
*** TURN *** [6c 4d 8h] [7c]
B_loJkl: checks
qqppii999: checks
*** RIVER *** [6c 4d 8h 7c] [9c]
old_col joins the table at seat #4
B_loJkl: checks
qqppii999: bets $6
B_loJkl: calls $6
*** SHOW DOWN ***
qqppii999: shows [Ad Ts] (a straight, Six to Ten)
B_loJkl: mucks hand
qqppii999 collected $41.50 from pot
*** SUMMARY ***
Total pot $42 | Rake $0.50
Board [6c 4d 8h 7c 9c]
Seat 2: qqppii999 (button) (small blind) showed [Ad Ts] and won ($41.50) with a straight, Six to Ten
Seat 3: B_loJkl (big blind) mucked


PokerStars Hand #161776049279:  Hold'em Limit ($3/$6 USD) - 2016/11/22 1:15:34 ET
Table 'Deira' 6-max Seat #5 is the button
Seat 2: Ulik76 ($55.21 in chips)
Seat 5: VolkovDmitri ($128.78 in chips)
VolkovDmitri: posts small blind $1
Ulik76: posts big blind $3
*** HOLE CARDS ***
VolkovDmitri: raises $3 to $6
Ulik76: folds
Uncalled bet ($3) returned to VolkovDmitri
Ulik76 leaves the table
VolkovDmitri collected $6 from pot
VolkovDmitri: doesn't show hand
*** SUMMARY ***
Total pot $6 | Rake $0
Seat 2: Ulik76 (big blind) folded before Flop
Seat 5: VolkovDmitri (button) (small blind) collected ($6)


