PokerStars Hand #163366886231:  Hold'em Limit ($3/$6 USD) - 2016/12/22 18:21:03 ET
Table 'Deira' 6-max Seat #5 is the button
Seat 4: Actionni13 ($150 in chips)
Seat 5: RESTART ($79.47 in chips)
MissEKAmouse joins the table at seat #6
RESTART: posts small blind $1
Actionni13: posts big blind $3
*** HOLE CARDS ***
RESTART: raises $3 to $6
Actionni13: calls $3
*** FLOP *** [Qs 7h 3s]
Actionni13: checks
RESTART: bets $3
Actionni13: raises $3 to $6
RESTART: raises $3 to $9
Actionni13: raises $3 to $12
Betting is capped
RESTART: calls $3
*** TURN *** [Qs 7h 3s] [2c]
Actionni13: bets $6
RESTART: calls $6
*** RIVER *** [Qs 7h 3s 2c] [5c]
Actionni13: bets $6
RESTART: calls $6
*** SHOW DOWN ***
Actionni13: shows [3c Qd] (two pair, Queens and Threes)
RESTART: mucks hand
Actionni13 collected $59.50 from pot
*** SUMMARY ***
Total pot $60 | Rake $0.50
Board [Qs 7h 3s 2c 5c]
Seat 4: Actionni13 (big blind) showed [3c Qd] and won ($59.50) with two pair, Queens and Threes
Seat 5: RESTART (button) (small blind) mucked


PokerStars Hand #163366937474:  Hold'em Limit ($3/$6 USD) - 2016/12/22 18:22:01 ET
Table 'Deira' 6-max Seat #4 is the button
Seat 4: Actionni13 ($179.50 in chips)
Seat 5: RESTART ($49.47 in chips)
Actionni13: posts small blind $1
RESTART: posts big blind $3
*** HOLE CARDS ***
Actionni13: raises $3 to $6
RESTART: calls $3
*** FLOP *** [As 7s 2s]
RESTART: checks
Actionni13: bets $3
RESTART: calls $3
*** TURN *** [As 7s 2s] [7d]
RESTART: checks
Actionni13: checks
*** RIVER *** [As 7s 2s 7d] [6h]
RESTART: checks
Actionni13: checks
*** SHOW DOWN ***
RESTART: shows [4d Ks] (a pair of Sevens)
Actionni13: shows [8h Kh] (a pair of Sevens - Ace+King+Eight kicker)
Actionni13 collected $17.64 from pot
*** SUMMARY ***
Total pot $18 | Rake $0.36
Board [As 7s 2s 7d 6h]
Seat 4: Actionni13 (button) (small blind) showed [8h Kh] and won ($17.64) with a pair of Sevens
Seat 5: RESTART (big blind) showed [4d Ks] and lost with a pair of Sevens


PokerStars Hand #163367344237:  Hold'em Limit ($3/$6 USD) - 2016/12/22 18:29:51 ET
Table 'Deira' 6-max Seat #1 is the button
Seat 1: GoliafUa ($105.89 in chips)
Seat 3: iphone6161 ($31.21 in chips)
GoliafUa: posts small blind $1
vestimokrec: is sitting out
iphone6161: posts big blind $3
*** HOLE CARDS ***
GoliafUa: raises $3 to $6
iphone6161: calls $3
*** FLOP *** [7c 6s 2d]
iphone6161: checks
GoliafUa: bets $3
iphone6161: calls $3
*** TURN *** [7c 6s 2d] [Jc]
iphone6161: checks
GoliafUa: bets $6
iphone6161: raises $6 to $12
GoliafUa: calls $6
*** RIVER *** [7c 6s 2d Jc] [2s]
iphone6161: bets $6
GoliafUa: calls $6
*** SHOW DOWN ***
iphone6161: shows [5s Js] (two pair, Jacks and Deuces)
GoliafUa: mucks hand
iphone6161 collected $53.50 from pot
*** SUMMARY ***
Total pot $54 | Rake $0.50
Board [7c 6s 2d Jc 2s]
Seat 1: GoliafUa (button) (small blind) mucked
Seat 3: iphone6161 (big blind) showed [5s Js] and won ($53.50) with two pair, Jacks and Deuces


PokerStars Hand #163367378582:  Hold'em Limit ($3/$6 USD) - 2016/12/22 18:30:30 ET
Table 'Deira' 6-max Seat #1 is the button
Seat 1: GoliafUa ($75.89 in chips)
Seat 3: iphone6161 ($60.59 in chips)
GoliafUa: posts small blind $1
iphone6161: posts big blind $3
*** HOLE CARDS ***
vestimokrec leaves the table
GoliafUa: raises $3 to $6
iphone6161: calls $3
*** FLOP *** [5h 8d Ks]
iphone6161: bets $3
GoliafUa: calls $3
*** TURN *** [5h 8d Ks] [Ad]
iphone6161: bets $6
GoliafUa: folds
Uncalled bet ($6) returned to iphone6161
ToDaFelt joins the table at seat #5
iphone6161 collected $17.64 from pot
iphone6161: doesn't show hand
*** SUMMARY ***
Total pot $18 | Rake $0.36
Board [5h 8d Ks Ad]
Seat 1: GoliafUa (button) (small blind) folded on the Turn
Seat 3: iphone6161 (big blind) collected ($17.64)


PokerStars Hand #163367369161:  Hold'em Limit ($3/$6 USD) - 2016/12/22 18:30:19 ET
Table 'Deira' 6-max Seat #3 is the button
Seat 1: GoliafUa ($78.89 in chips)
Seat 3: iphone6161 ($57.71 in chips)
iphone6161: posts small blind $1
GoliafUa: posts big blind $3
*** HOLE CARDS ***
iphone6161: calls $2
GoliafUa: checks
*** FLOP *** [3h Td 8c]
GoliafUa: checks
iphone6161: checks
*** TURN *** [3h Td 8c] [5h]
GoliafUa: checks
iphone6161: bets $6
GoliafUa: folds
Uncalled bet ($6) returned to iphone6161
iphone6161 collected $5.88 from pot
iphone6161: doesn't show hand
*** SUMMARY ***
Total pot $6 | Rake $0.12
Board [3h Td 8c 5h]
Seat 1: GoliafUa (big blind) folded on the Turn
Seat 3: iphone6161 (button) (small blind) collected ($5.88)


PokerStars Hand #163368079836:  Hold'em Limit ($3/$6 USD) - 2016/12/22 18:44:52 ET
Table 'Deira' 6-max Seat #3 is the button
Seat 3: kurt-ola ($36 in chips)
Seat 5: ToDaFelt ($105.21 in chips)
StormToTo will be allowed to play after the button
kurt-ola: posts small blind $1
GRAILKO: is sitting out
ToDaFelt: posts big blind $3
*** HOLE CARDS ***
kurt-ola: folds
Uncalled bet ($2) returned to ToDaFelt
ToDaFelt collected $2 from pot
ToDaFelt: doesn't show hand
*** SUMMARY ***
Total pot $2 | Rake $0
Seat 3: kurt-ola (button) (small blind) folded before Flop
Seat 5: ToDaFelt (big blind) collected ($2)


