PokerStars Hand #147374919578:  Hold'em Limit ($3/$6 USD) - 2016/01/20 13:01:41 ET
Table 'Dejanira II' 6-max Seat #5 is the button
Seat 1: _fayzulllo_ ($114 in chips)
Seat 5: Pandakey ($76.64 in chips)
Pandakey: posts small blind $1
_fayzulllo_: posts big blind $3
*** HOLE CARDS ***
Pandakey: raises $3 to $6
_fayzulllo_: calls $3
*** FLOP *** [8c 5h Kh]
_fayzulllo_: checks
Pandakey: checks
*** TURN *** [8c 5h Kh] [2h]
Pokali joins the table at seat #3
_fayzulllo_: checks
Pandakey: bets $6
_fayzulllo_: calls $6
*** RIVER *** [8c 5h Kh 2h] [Kd]
_fayzulllo_: checks
Pandakey: checks
*** SHOW DOWN ***
_fayzulllo_: shows [6c 6h] (two pair, Kings and Sixes)
Pandakey: mucks hand
_fayzulllo_ collected $23.52 from pot
*** SUMMARY ***
Total pot $24 | Rake $0.48
Board [8c 5h Kh 2h Kd]
Seat 1: _fayzulllo_ (big blind) showed [6c 6h] and won ($23.52) with two pair, Kings and Sixes
Seat 5: Pandakey (button) (small blind) mucked


PokerStars Hand #147374898104:  Hold'em Limit ($3/$6 USD) - 2016/01/20 13:01:17 ET
Table 'Dejanira II' 6-max Seat #1 is the button
Seat 1: _fayzulllo_ ($84.50 in chips)
Seat 5: Pandakey ($106.64 in chips)
_fayzulllo_: posts small blind $1
Pandakey: posts big blind $3
*** HOLE CARDS ***
_fayzulllo_: calls $2
Pandakey: raises $3 to $6
_fayzulllo_: raises $3 to $9
Pandakey: calls $3
*** FLOP *** [Jd Td 2d]
Pandakey: checks
_fayzulllo_: bets $3
Pandakey: calls $3
*** TURN *** [Jd Td 2d] [Qc]
Pandakey: checks
_fayzulllo_: bets $6
Pandakey: raises $6 to $12
_fayzulllo_: raises $6 to $18
Pandakey: calls $6
*** RIVER *** [Jd Td 2d Qc] [3d]
Pandakey: checks
_fayzulllo_: checks
*** SHOW DOWN ***
Pandakey: shows [9h 8h] (a straight, Eight to Queen)
_fayzulllo_: shows [Kc As] (a straight, Ten to Ace)
_fayzulllo_ collected $59.50 from pot
*** SUMMARY ***
Total pot $60 | Rake $0.50
Board [Jd Td 2d Qc 3d]
Seat 1: _fayzulllo_ (button) (small blind) showed [Kc As] and won ($59.50) with a straight, Ten to Ace
Seat 5: Pandakey (big blind) showed [9h 8h] and lost with a straight, Eight to Queen


PokerStars Hand #147374893819:  Hold'em Limit ($3/$6 USD) - 2016/01/20 13:01:12 ET
Table 'Dejanira II' 6-max Seat #5 is the button
Seat 1: _fayzulllo_ ($83.50 in chips)
Seat 5: Pandakey ($107.64 in chips)
Pandakey: posts small blind $1
_fayzulllo_: posts big blind $3
*** HOLE CARDS ***
Pandakey: folds
Uncalled bet ($2) returned to _fayzulllo_
_fayzulllo_ collected $2 from pot
_fayzulllo_: doesn't show hand
*** SUMMARY ***
Total pot $2 | Rake $0
Seat 1: _fayzulllo_ (big blind) collected ($2)
Seat 5: Pandakey (button) (small blind) folded before Flop


PokerStars Hand #147374876285:  Hold'em Limit ($3/$6 USD) - 2016/01/20 13:00:51 ET
Table 'Dejanira II' 6-max Seat #1 is the button
Seat 1: _fayzulllo_ ($60 in chips)
Seat 5: Pandakey ($131.64 in chips)
_fayzulllo_: posts small blind $1
Pandakey: posts big blind $3
*** HOLE CARDS ***
_fayzulllo_: raises $3 to $6
Pandakey: calls $3
*** FLOP *** [9c 8d Ks]
Pandakey: checks
_fayzulllo_: bets $3
Pandakey: raises $3 to $6
_fayzulllo_: calls $3
*** TURN *** [9c 8d Ks] [Th]
Pandakey: bets $6
_fayzulllo_: calls $6
*** RIVER *** [9c 8d Ks Th] [Kd]
Pandakey: bets $6
_fayzulllo_: calls $6
*** SHOW DOWN ***
Pandakey: shows [7s 5d] (a pair of Kings)
_fayzulllo_: shows [Qc 9h] (two pair, Kings and Nines)
_fayzulllo_ collected $47.50 from pot
*** SUMMARY ***
Total pot $48 | Rake $0.50
Board [9c 8d Ks Th Kd]
Seat 1: _fayzulllo_ (button) (small blind) showed [Qc 9h] and won ($47.50) with two pair, Kings and Nines
Seat 5: Pandakey (big blind) showed [7s 5d] and lost with a pair of Kings


PokerStars Hand #147374971133:  Hold'em Limit ($3/$6 USD) - 2016/01/20 13:02:34 ET
Table 'Dejanira II' 6-max Seat #3 is the button
Seat 3: Pokali ($77.43 in chips)
Seat 5: Pandakey ($59.64 in chips)
Pokali: posts small blind $1
Pandakey: posts big blind $3
*** HOLE CARDS ***
Pokali: raises $3 to $6
Pandakey: calls $3
*** FLOP *** [Tc Ac 2h]
Pandakey: checks
Pokali: bets $3
Pandakey: folds
Uncalled bet ($3) returned to Pokali
Pokali collected $11.76 from pot
Pokali: doesn't show hand
*** SUMMARY ***
Total pot $12 | Rake $0.24
Board [Tc Ac 2h]
Seat 3: Pokali (button) (small blind) collected ($11.76)
Seat 5: Pandakey (big blind) folded on the Flop


PokerStars Hand #147374959066:  Hold'em Limit ($3/$6 USD) - 2016/01/20 13:02:22 ET
Table 'Dejanira II' 6-max Seat #5 is the button
Seat 3: Pokali ($80.43 in chips)
Seat 5: Pandakey ($56.64 in chips)
Pandakey: posts small blind $1
Pokali: posts big blind $3
*** HOLE CARDS ***
Pandakey: raises $3 to $6
Pokali: folds
Uncalled bet ($3) returned to Pandakey
Pandakey collected $6 from pot
Pandakey: doesn't show hand
*** SUMMARY ***
Total pot $6 | Rake $0
Seat 3: Pokali (big blind) folded before Flop
Seat 5: Pandakey (button) (small blind) collected ($6)


