PokerStars Hand #159036396507:  Hold'em Limit ($3/$6 USD) - 2016/09/24 14:10:46 ET
Table 'Dejanira' 6-max Seat #1 is the button
Seat 1: LifeisagameX ($84 in chips)
Seat 3: PeteSvensson ($120 in chips)
LifeisagameX: posts small blind $1
PeteSvensson: posts big blind $3
*** HOLE CARDS ***
LifeisagameX: raises $3 to $6
Luanto 14 joins the table at seat #4
PeteSvensson: calls $3
*** FLOP *** [Kc 4d Qc]
PeteSvensson: checks
LifeisagameX: checks
*** TURN *** [Kc 4d Qc] [8s]
PeteSvensson: checks
LifeisagameX: bets $6
PeteSvensson: folds
Uncalled bet ($6) returned to LifeisagameX
LifeisagameX collected $11.76 from pot
LifeisagameX: doesn't show hand
*** SUMMARY ***
Total pot $12 | Rake $0.24
Board [Kc 4d Qc 8s]
Seat 1: LifeisagameX (button) (small blind) collected ($11.76)
Seat 3: PeteSvensson (big blind) folded on the Turn


PokerStars Hand #159036479414:  Hold'em Limit ($3/$6 USD) - 2016/09/24 14:12:32 ET
Table 'Dejanira' 6-max Seat #4 is the button
Seat 3: PeteSvensson ($163.67 in chips)
Seat 4: Luanto 14 ($74.64 in chips)
Luanto 14: posts small blind $1
PeteSvensson: posts big blind $3
*** HOLE CARDS ***
Luanto 14: raises $3 to $6
PeteSvensson: calls $3
*** FLOP *** [6d 7d 4d]
PeteSvensson: checks
Luanto 14: bets $3
PeteSvensson: folds
Uncalled bet ($3) returned to Luanto 14
Luanto 14 collected $11.76 from pot
Luanto 14: doesn't show hand
*** SUMMARY ***
Total pot $12 | Rake $0.24
Board [6d 7d 4d]
Seat 3: PeteSvensson (big blind) folded on the Flop
Seat 4: Luanto 14 (button) (small blind) collected ($11.76)


PokerStars Hand #159036465519:  Hold'em Limit ($3/$6 USD) - 2016/09/24 14:12:14 ET
Table 'Dejanira' 6-max Seat #3 is the button
Seat 3: PeteSvensson ($146.17 in chips)
Seat 4: Luanto 14 ($92.64 in chips)
PeteSvensson: posts small blind $1
Luanto 14: posts big blind $3
*** HOLE CARDS ***
PeteSvensson: raises $3 to $6
Luanto 14: calls $3
*** FLOP *** [Kd Qc 9h]
Luanto 14: checks
PeteSvensson: checks
*** TURN *** [Kd Qc 9h] [3h]
Luanto 14: bets $6
PeteSvensson: calls $6
*** RIVER *** [Kd Qc 9h 3h] [4d]
Luanto 14: bets $6
PeteSvensson: calls $6
*** SHOW DOWN ***
Luanto 14: shows [5d Td] (high card King)
PeteSvensson: shows [3s 8s] (a pair of Threes)
PeteSvensson collected $35.50 from pot
*** SUMMARY ***
Total pot $36 | Rake $0.50
Board [Kd Qc 9h 3h 4d]
Seat 3: PeteSvensson (button) (small blind) showed [3s 8s] and won ($35.50) with a pair of Threes
Seat 4: Luanto 14 (big blind) showed [5d Td] and lost with high card King


PokerStars Hand #159036485934:  Hold'em Limit ($3/$6 USD) - 2016/09/24 14:12:40 ET
Table 'Dejanira' 6-max Seat #3 is the button
Seat 3: PeteSvensson ($157.67 in chips)
Seat 4: Luanto 14 ($80.40 in chips)
PeteSvensson: posts small blind $1
Luanto 14: posts big blind $3
*** HOLE CARDS ***
PeteSvensson: raises $3 to $6
Luanto 14: folds
Uncalled bet ($3) returned to PeteSvensson
PeteSvensson collected $6 from pot
*** SUMMARY ***
Total pot $6 | Rake $0
Seat 3: PeteSvensson (button) (small blind) collected ($6)
Seat 4: Luanto 14 (big blind) folded before Flop


PokerStars Hand #159036490536:  Hold'em Limit ($3/$6 USD) - 2016/09/24 14:12:45 ET
Table 'Dejanira' 6-max Seat #4 is the button
Seat 3: PeteSvensson ($160.67 in chips)
Seat 4: Luanto 14 ($77.40 in chips)
Luanto 14: posts small blind $1
PeteSvensson: posts big blind $3
*** HOLE CARDS ***
Luanto 14: raises $3 to $6
PeteSvensson: calls $3
*** FLOP *** [Qd 3c 7d]
PeteSvensson: checks
Luanto 14: bets $3
PeteSvensson: raises $3 to $6
Luanto 14: folds
Uncalled bet ($3) returned to PeteSvensson
PeteSvensson collected $17.64 from pot
*** SUMMARY ***
Total pot $18 | Rake $0.36
Board [Qd 3c 7d]
Seat 3: PeteSvensson (big blind) collected ($17.64)
Seat 4: Luanto 14 (button) (small blind) folded on the Flop


PokerStars Hand #159036501804:  Hold'em Limit ($3/$6 USD) - 2016/09/24 14:13:00 ET
Table 'Dejanira' 6-max Seat #3 is the button
Seat 3: PeteSvensson ($169.31 in chips)
Seat 4: Luanto 14 ($68.40 in chips)
PeteSvensson: posts small blind $1
Luanto 14: posts big blind $3
*** HOLE CARDS ***
PeteSvensson: raises $3 to $6
Luanto 14: folds
Uncalled bet ($3) returned to PeteSvensson
PeteSvensson collected $6 from pot
*** SUMMARY ***
Total pot $6 | Rake $0
Seat 3: PeteSvensson (button) (small blind) collected ($6)
Seat 4: Luanto 14 (big blind) folded before Flop


PokerStars Hand #159036509303:  Hold'em Limit ($3/$6 USD) - 2016/09/24 14:13:09 ET
Table 'Dejanira' 6-max Seat #4 is the button
Seat 3: PeteSvensson ($172.31 in chips)
Seat 4: Luanto 14 ($65.40 in chips)
Luanto 14: posts small blind $1
PeteSvensson: posts big blind $3
*** HOLE CARDS ***
Luanto 14: raises $3 to $6
PeteSvensson: calls $3
*** FLOP *** [3d Ah 2d]
PeteSvensson: checks
Luanto 14: bets $3
PeteSvensson: folds
Uncalled bet ($3) returned to Luanto 14
Luanto 14 collected $11.76 from pot
Luanto 14: doesn't show hand
*** SUMMARY ***
Total pot $12 | Rake $0.24
Board [3d Ah 2d]
Seat 3: PeteSvensson (big blind) folded on the Flop
Seat 4: Luanto 14 (button) (small blind) collected ($11.76)


PokerStars Hand #159036515969:  Hold'em Limit ($3/$6 USD) - 2016/09/24 14:13:18 ET
Table 'Dejanira' 6-max Seat #3 is the button
Seat 3: PeteSvensson ($166.31 in chips)
Seat 4: Luanto 14 ($71.16 in chips)
PeteSvensson: posts small blind $1
Luanto 14: posts big blind $3
*** HOLE CARDS ***
PeteSvensson: raises $3 to $6
Luanto 14: raises $3 to $9
melyh82 joins the table at seat #2
PeteSvensson: calls $3
*** FLOP *** [5s 6c Qh]
Luanto 14: bets $3
PeteSvensson: calls $3
*** TURN *** [5s 6c Qh] [Td]
Luanto 14: bets $6
PeteSvensson: calls $6
*** RIVER *** [5s 6c Qh Td] [Tc]
Luanto 14: checks
PeteSvensson: checks
*** SHOW DOWN ***
Luanto 14: shows [5h Ac] (two pair, Tens and Fives)
PeteSvensson: mucks hand
Luanto 14 collected $35.50 from pot
*** SUMMARY ***
Total pot $36 | Rake $0.50
Board [5s 6c Qh Td Tc]
Seat 3: PeteSvensson (button) (small blind) mucked
Seat 4: Luanto 14 (big blind) showed [5h Ac] and won ($35.50) with two pair, Tens and Fives


PokerStars Hand #159037274040:  Hold'em Limit ($3/$6 USD) - 2016/09/24 14:29:26 ET
Table 'Dejanira' 6-max Seat #2 is the button
Seat 2: melyh82 ($75.55 in chips)
Seat 3: PeteSvensson ($226.71 in chips)
melyh82: posts small blind $1
PeteSvensson: posts big blind $3
*** HOLE CARDS ***
melyh82: raises $3 to $6
PeteSvensson: folds
Uncalled bet ($3) returned to melyh82
melyh82 collected $6 from pot
melyh82: doesn't show hand
*** SUMMARY ***
Total pot $6 | Rake $0
Seat 2: melyh82 (button) (small blind) collected ($6)
Seat 3: PeteSvensson (big blind) folded before Flop


PokerStars Hand #159037261841:  Hold'em Limit ($3/$6 USD) - 2016/09/24 14:29:11 ET
Table 'Dejanira' 6-max Seat #3 is the button
Seat 2: melyh82 ($66.91 in chips)
Seat 3: PeteSvensson ($235.71 in chips)
PeteSvensson: posts small blind $1
melyh82: posts big blind $3
*** HOLE CARDS ***
PeteSvensson: raises $3 to $6
melyh82: calls $3
*** FLOP *** [Ah Ts 7c]
melyh82: checks
PeteSvensson: bets $3
melyh82: calls $3
*** TURN *** [Ah Ts 7c] [5s]
melyh82: checks
PeteSvensson: checks
*** RIVER *** [Ah Ts 7c 5s] [4c]
melyh82: bets $6
PeteSvensson: folds
Uncalled bet ($6) returned to melyh82
melyh82 collected $17.64 from pot
melyh82: doesn't show hand
*** SUMMARY ***
Total pot $18 | Rake $0.36
Board [Ah Ts 7c 5s 4c]
Seat 2: melyh82 (big blind) collected ($17.64)
Seat 3: PeteSvensson (button) (small blind) folded on the River


PokerStars Hand #159037255508:  Hold'em Limit ($3/$6 USD) - 2016/09/24 14:29:03 ET
Table 'Dejanira' 6-max Seat #2 is the button
Seat 2: melyh82 ($63.91 in chips)
Seat 3: PeteSvensson ($238.71 in chips)
melyh82: posts small blind $1
PeteSvensson: posts big blind $3
*** HOLE CARDS ***
melyh82: raises $3 to $6
PeteSvensson: folds
Uncalled bet ($3) returned to melyh82
melyh82 collected $6 from pot
melyh82: doesn't show hand
*** SUMMARY ***
Total pot $6 | Rake $0
Seat 2: melyh82 (button) (small blind) collected ($6)
Seat 3: PeteSvensson (big blind) folded before Flop


PokerStars Hand #159037251210:  Hold'em Limit ($3/$6 USD) - 2016/09/24 14:28:57 ET
Table 'Dejanira' 6-max Seat #3 is the button
Seat 2: melyh82 ($62.91 in chips)
Seat 3: PeteSvensson ($239.71 in chips)
PeteSvensson: posts small blind $1
Luanto 14: is sitting out
Luanto 14 leaves the table
melyh82: posts big blind $3
*** HOLE CARDS ***
PeteSvensson: folds
Uncalled bet ($2) returned to melyh82
melyh82 collected $2 from pot
melyh82: doesn't show hand
*** SUMMARY ***
Total pot $2 | Rake $0
Seat 2: melyh82 (big blind) collected ($2)
Seat 3: PeteSvensson (button) (small blind) folded before Flop


PokerStars Hand #159037326117:  Hold'em Limit ($3/$6 USD) - 2016/09/24 14:30:33 ET
Table 'Dejanira' 6-max Seat #3 is the button
Seat 2: melyh82 ($92.05 in chips)
Seat 3: PeteSvensson ($209.11 in chips)
PeteSvensson: posts small blind $1
melyh82: posts big blind $3
*** HOLE CARDS ***
PeteSvensson: folds
Uncalled bet ($2) returned to melyh82
melyh82 collected $2 from pot
melyh82: doesn't show hand
*** SUMMARY ***
Total pot $2 | Rake $0
Seat 2: melyh82 (big blind) collected ($2)
Seat 3: PeteSvensson (button) (small blind) folded before Flop


PokerStars Hand #159037304051:  Hold'em Limit ($3/$6 USD) - 2016/09/24 14:30:05 ET
Table 'Dejanira' 6-max Seat #2 is the button
Seat 2: melyh82 ($62.55 in chips)
Seat 3: PeteSvensson ($239.11 in chips)
melyh82: posts small blind $1
PeteSvensson: posts big blind $3
*** HOLE CARDS ***
melyh82: raises $3 to $6
PeteSvensson: calls $3
*** FLOP *** [Ts Tc 5h]
PeteSvensson: checks
melyh82: bets $3
PeteSvensson: raises $3 to $6
melyh82: calls $3
*** TURN *** [Ts Tc 5h] [2s]
PeteSvensson: bets $6
melyh82: calls $6
*** RIVER *** [Ts Tc 5h 2s] [Kh]
PeteSvensson: bets $6
melyh82: raises $6 to $12
PeteSvensson: calls $6
*** SHOW DOWN ***
melyh82: shows [7d Td] (three of a kind, Tens)
PeteSvensson: mucks hand
melyh82 collected $59.50 from pot
*** SUMMARY ***
Total pot $60 | Rake $0.50
Board [Ts Tc 5h 2s Kh]
Seat 2: melyh82 (button) (small blind) showed [7d Td] and won ($59.50) with three of a kind, Tens
Seat 3: PeteSvensson (big blind) mucked


PokerStars Hand #159037292090:  Hold'em Limit ($3/$6 USD) - 2016/09/24 14:29:49 ET
Table 'Dejanira' 6-max Seat #3 is the button
Seat 2: melyh82 ($71.55 in chips)
Seat 3: PeteSvensson ($230.47 in chips)
PeteSvensson: posts small blind $1
melyh82: posts big blind $3
*** HOLE CARDS ***
PeteSvensson: raises $3 to $6
melyh82: calls $3
*** FLOP *** [2s Qd 8d]
melyh82: checks
PeteSvensson: bets $3
melyh82: calls $3
*** TURN *** [2s Qd 8d] [As]
melyh82: checks
PeteSvensson: bets $6
melyh82: folds
Uncalled bet ($6) returned to PeteSvensson
PeteSvensson collected $17.64 from pot
*** SUMMARY ***
Total pot $18 | Rake $0.36
Board [2s Qd 8d As]
Seat 2: melyh82 (big blind) folded on the Turn
Seat 3: PeteSvensson (button) (small blind) collected ($17.64)


PokerStars Hand #159037288215:  Hold'em Limit ($3/$6 USD) - 2016/09/24 14:29:45 ET
Table 'Dejanira' 6-max Seat #2 is the button
Seat 2: melyh82 ($72.55 in chips)
Seat 3: PeteSvensson ($229.47 in chips)
melyh82: posts small blind $1
PeteSvensson: posts big blind $3
*** HOLE CARDS ***
melyh82: folds
Uncalled bet ($2) returned to PeteSvensson
PeteSvensson collected $2 from pot
*** SUMMARY ***
Total pot $2 | Rake $0
Seat 2: melyh82 (button) (small blind) folded before Flop
Seat 3: PeteSvensson (big blind) collected ($2)


PokerStars Hand #159037279865:  Hold'em Limit ($3/$6 USD) - 2016/09/24 14:29:34 ET
Table 'Dejanira' 6-max Seat #3 is the button
Seat 2: melyh82 ($78.55 in chips)
Seat 3: PeteSvensson ($223.71 in chips)
PeteSvensson: posts small blind $1
melyh82: posts big blind $3
*** HOLE CARDS ***
PeteSvensson: raises $3 to $6
melyh82: calls $3
*** FLOP *** [6s Qh Ac]
melyh82: checks
PeteSvensson: bets $3
melyh82: folds
Uncalled bet ($3) returned to PeteSvensson
PeteSvensson collected $11.76 from pot
*** SUMMARY ***
Total pot $12 | Rake $0.24
Board [6s Qh Ac]
Seat 2: melyh82 (big blind) folded on the Flop
Seat 3: PeteSvensson (button) (small blind) collected ($11.76)


PokerStars Hand #159037361452:  Hold'em Limit ($3/$6 USD) - 2016/09/24 14:31:18 ET
Table 'Dejanira' 6-max Seat #2 is the button
Seat 2: melyh82 ($102.55 in chips)
Seat 3: PeteSvensson ($198.11 in chips)
melyh82: posts small blind $1
PeteSvensson: posts big blind $3
*** HOLE CARDS ***
melyh82: raises $3 to $6
PeteSvensson: calls $3
*** FLOP *** [Tc 5d 9c]
PeteSvensson: checks
melyh82: checks
*** TURN *** [Tc 5d 9c] [Js]
PeteSvensson: bets $6
melyh82: calls $6
*** RIVER *** [Tc 5d 9c Js] [5c]
PeteSvensson: bets $6
melyh82: calls $6
*** SHOW DOWN ***
PeteSvensson: shows [5s 9s] (a full house, Fives full of Nines)
melyh82: mucks hand
PeteSvensson collected $35.50 from pot
*** SUMMARY ***
Total pot $36 | Rake $0.50
Board [Tc 5d 9c Js 5c]
Seat 2: melyh82 (button) (small blind) mucked
Seat 3: PeteSvensson (big blind) showed [5s 9s] and won ($35.50) with a full house, Fives full of Nines


PokerStars Hand #159037344728:  Hold'em Limit ($3/$6 USD) - 2016/09/24 14:30:56 ET
Table 'Dejanira' 6-max Seat #3 is the button
Seat 2: melyh82 ($88.05 in chips)
Seat 3: PeteSvensson ($213.11 in chips)
PeteSvensson: posts small blind $1
melyh82: posts big blind $3
*** HOLE CARDS ***
PeteSvensson: raises $3 to $6
melyh82: calls $3
*** FLOP *** [Ad Qd 8d]
melyh82: checks
PeteSvensson: bets $3
melyh82: calls $3
*** TURN *** [Ad Qd 8d] [Jc]
melyh82: checks
PeteSvensson: bets $6
melyh82: calls $6
*** RIVER *** [Ad Qd 8d Jc] [Td]
melyh82: bets $6
PeteSvensson: folds
Uncalled bet ($6) returned to melyh82
melyh82 collected $29.50 from pot
melyh82: doesn't show hand
*** SUMMARY ***
Total pot $30 | Rake $0.50
Board [Ad Qd 8d Jc Td]
Seat 2: melyh82 (big blind) collected ($29.50)
Seat 3: PeteSvensson (button) (small blind) folded on the River


PokerStars Hand #159037340618:  Hold'em Limit ($3/$6 USD) - 2016/09/24 14:30:51 ET
Table 'Dejanira' 6-max Seat #2 is the button
Seat 2: melyh82 ($89.05 in chips)
Seat 3: PeteSvensson ($212.11 in chips)
melyh82: posts small blind $1
PeteSvensson: posts big blind $3
*** HOLE CARDS ***
melyh82: folds
Uncalled bet ($2) returned to PeteSvensson
PeteSvensson collected $2 from pot
*** SUMMARY ***
Total pot $2 | Rake $0
Seat 2: melyh82 (button) (small blind) folded before Flop
Seat 3: PeteSvensson (big blind) collected ($2)


PokerStars Hand #159037334589:  Hold'em Limit ($3/$6 USD) - 2016/09/24 14:30:44 ET
Table 'Dejanira' 6-max Seat #3 is the button
Seat 2: melyh82 ($92.05 in chips)
Seat 3: PeteSvensson ($209.11 in chips)
PeteSvensson: posts small blind $1
melyh82: posts big blind $3
*** HOLE CARDS ***
PeteSvensson: raises $3 to $6
melyh82: folds
Uncalled bet ($3) returned to PeteSvensson
PeteSvensson collected $6 from pot
*** SUMMARY ***
Total pot $6 | Rake $0
Seat 2: melyh82 (big blind) folded before Flop
Seat 3: PeteSvensson (button) (small blind) collected ($6)


PokerStars Hand #159037330652:  Hold'em Limit ($3/$6 USD) - 2016/09/24 14:30:38 ET
Table 'Dejanira' 6-max Seat #2 is the button
Seat 2: melyh82 ($93.05 in chips)
Seat 3: PeteSvensson ($208.11 in chips)
melyh82: posts small blind $1
PeteSvensson: posts big blind $3
*** HOLE CARDS ***
melyh82: folds
Uncalled bet ($2) returned to PeteSvensson
PeteSvensson collected $2 from pot
*** SUMMARY ***
Total pot $2 | Rake $0
Seat 2: melyh82 (button) (small blind) folded before Flop
Seat 3: PeteSvensson (big blind) collected ($2)


PokerStars Hand #159037426243:  Hold'em Limit ($3/$6 USD) - 2016/09/24 14:32:30 ET
Table 'Dejanira' 6-max Seat #3 is the button
Seat 2: melyh82 ($87.95 in chips)
Seat 3: PeteSvensson ($211.13 in chips)
PeteSvensson: posts small blind $1
melyh82: posts big blind $3
*** HOLE CARDS ***
PeteSvensson: raises $3 to $6
melyh82: folds
Uncalled bet ($3) returned to PeteSvensson
PeteSvensson collected $6 from pot
*** SUMMARY ***
Total pot $6 | Rake $0
Seat 2: melyh82 (big blind) folded before Flop
Seat 3: PeteSvensson (button) (small blind) collected ($6)


PokerStars Hand #159037411003:  Hold'em Limit ($3/$6 USD) - 2016/09/24 14:32:10 ET
Table 'Dejanira' 6-max Seat #2 is the button
Seat 2: melyh82 ($99.95 in chips)
Seat 3: PeteSvensson ($199.61 in chips)
melyh82: posts small blind $1
PeteSvensson: posts big blind $3
*** HOLE CARDS ***
melyh82: raises $3 to $6
PeteSvensson: calls $3
*** FLOP *** [9h 8d Jd]
PeteSvensson: checks
melyh82: checks
*** TURN *** [9h 8d Jd] [3h]
PeteSvensson: bets $6
melyh82: calls $6
*** RIVER *** [9h 8d Jd 3h] [Kc]
PeteSvensson: checks
melyh82: checks
*** SHOW DOWN ***
PeteSvensson: shows [4h As] (high card Ace)
melyh82: mucks hand
PeteSvensson collected $23.52 from pot
*** SUMMARY ***
Total pot $24 | Rake $0.48
Board [9h 8d Jd 3h Kc]
Seat 2: melyh82 (button) (small blind) mucked
Seat 3: PeteSvensson (big blind) showed [4h As] and won ($23.52) with high card Ace


PokerStars Hand #159037397794:  Hold'em Limit ($3/$6 USD) - 2016/09/24 14:32:04 ET
Table 'Dejanira' 6-max Seat #3 is the button
Seat 2: melyh82 ($98.95 in chips)
Seat 3: PeteSvensson ($200.61 in chips)
PeteSvensson: posts small blind $1
melyh82: posts big blind $3
*** HOLE CARDS ***
PeteSvensson: folds
Uncalled bet ($2) returned to melyh82
melyh82 collected $2 from pot
*** SUMMARY ***
Total pot $2 | Rake $0
Seat 2: melyh82 (big blind) collected ($2)
Seat 3: PeteSvensson (button) (small blind) folded before Flop


PokerStars Hand #159037389152:  Hold'em Limit ($3/$6 USD) - 2016/09/24 14:31:53 ET
Table 'Dejanira' 6-max Seat #2 is the button
Seat 2: melyh82 ($93.19 in chips)
Seat 3: PeteSvensson ($206.61 in chips)
melyh82: posts small blind $1
PeteSvensson: posts big blind $3
*** HOLE CARDS ***
melyh82: raises $3 to $6
PeteSvensson: calls $3
*** FLOP *** [8d 5h Qc]
PeteSvensson: checks
melyh82: bets $3
PeteSvensson: folds
Uncalled bet ($3) returned to melyh82
melyh82 collected $11.76 from pot
melyh82: doesn't show hand
*** SUMMARY ***
Total pot $12 | Rake $0.24
Board [8d 5h Qc]
Seat 2: melyh82 (button) (small blind) collected ($11.76)
Seat 3: PeteSvensson (big blind) folded on the Flop


PokerStars Hand #159037372785:  Hold'em Limit ($3/$6 USD) - 2016/09/24 14:31:32 ET
Table 'Dejanira' 6-max Seat #3 is the button
Seat 2: melyh82 ($84.55 in chips)
Seat 3: PeteSvensson ($215.61 in chips)
PeteSvensson: posts small blind $1
melyh82: posts big blind $3
*** HOLE CARDS ***
PeteSvensson: raises $3 to $6
melyh82: calls $3
*** FLOP *** [9h Jd Td]
melyh82: checks
PeteSvensson: bets $3
melyh82: calls $3
*** TURN *** [9h Jd Td] [Kh]
melyh82: checks
PeteSvensson: checks
*** RIVER *** [9h Jd Td Kh] [7d]
melyh82: bets $6
PeteSvensson: folds
Uncalled bet ($6) returned to melyh82
melyh82 collected $17.64 from pot
melyh82: doesn't show hand
*** SUMMARY ***
Total pot $18 | Rake $0.36
Board [9h Jd Td Kh 7d]
Seat 2: melyh82 (big blind) collected ($17.64)
Seat 3: PeteSvensson (button) (small blind) folded on the River


PokerStars Hand #159037454984:  Hold'em Limit ($3/$6 USD) - 2016/09/24 14:33:06 ET
Table 'Dejanira' 6-max Seat #2 is the button
Seat 2: melyh82 ($75.71 in chips)
Seat 3: PeteSvensson ($222.63 in chips)
melyh82: posts small blind $1
PeteSvensson: posts big blind $3
*** HOLE CARDS ***
melyh82: raises $3 to $6
PeteSvensson: calls $3
*** FLOP *** [Ad 8h 5c]
PeteSvensson: checks
melyh82: bets $3
PeteSvensson: raises $3 to $6
melyh82: calls $3
*** TURN *** [Ad 8h 5c] [Ah]
PeteSvensson: bets $6
melyh82: calls $6
*** RIVER *** [Ad 8h 5c Ah] [7d]
PeteSvensson: bets $6
melyh82: folds
Uncalled bet ($6) returned to PeteSvensson
PeteSvensson collected $35.50 from pot
*** SUMMARY ***
Total pot $36 | Rake $0.50
Board [Ad 8h 5c Ah 7d]
Seat 2: melyh82 (button) (small blind) folded on the River
Seat 3: PeteSvensson (big blind) collected ($35.50)


PokerStars Hand #159037442146:  Hold'em Limit ($3/$6 USD) - 2016/09/24 14:32:50 ET
Table 'Dejanira' 6-max Seat #3 is the button
Seat 2: melyh82 ($90.71 in chips)
Seat 3: PeteSvensson ($208.13 in chips)
PeteSvensson: posts small blind $1
melyh82: posts big blind $3
*** HOLE CARDS ***
PeteSvensson: raises $3 to $6
melyh82: calls $3
*** FLOP *** [8d Kh Qd]
melyh82: checks
PeteSvensson: bets $3
melyh82: calls $3
*** TURN *** [8d Kh Qd] [Ts]
melyh82: checks
PeteSvensson: bets $6
melyh82: calls $6
*** RIVER *** [8d Kh Qd Ts] [9h]
melyh82: checks
PeteSvensson: bets $6
melyh82: folds
Uncalled bet ($6) returned to PeteSvensson
PeteSvensson collected $29.50 from pot
*** SUMMARY ***
Total pot $30 | Rake $0.50
Board [8d Kh Qd Ts 9h]
Seat 2: melyh82 (big blind) folded on the River
Seat 3: PeteSvensson (button) (small blind) collected ($29.50)


PokerStars Hand #159037430635:  Hold'em Limit ($3/$6 USD) - 2016/09/24 14:32:35 ET
Table 'Dejanira' 6-max Seat #2 is the button
Seat 2: melyh82 ($84.95 in chips)
Seat 3: PeteSvensson ($214.13 in chips)
melyh82: posts small blind $1
PeteSvensson: posts big blind $3
*** HOLE CARDS ***
melyh82: raises $3 to $6
PeteSvensson: calls $3
*** FLOP *** [6h As Ts]
PeteSvensson: checks
melyh82: bets $3
PeteSvensson: folds
Uncalled bet ($3) returned to melyh82
melyh82 collected $11.76 from pot
melyh82: doesn't show hand
*** SUMMARY ***
Total pot $12 | Rake $0.24
Board [6h As Ts]
Seat 2: melyh82 (button) (small blind) collected ($11.76)
Seat 3: PeteSvensson (big blind) folded on the Flop


PokerStars Hand #159037498078:  Hold'em Limit ($3/$6 USD) - 2016/09/24 14:34:01 ET
Table 'Dejanira' 6-max Seat #3 is the button
Seat 2: melyh82 ($54.21 in chips)
Seat 3: PeteSvensson ($242.63 in chips)
PeteSvensson: posts small blind $1
melyh82: posts big blind $3
*** HOLE CARDS ***
PeteSvensson: raises $3 to $6
melyh82: raises $3 to $9
PeteSvensson: calls $3
*** FLOP *** [8c 3s Qs]
melyh82: bets $3
PeteSvensson: calls $3
*** TURN *** [8c 3s Qs] [As]
melyh82: bets $6
PeteSvensson: calls $6
*** RIVER *** [8c 3s Qs As] [3h]
melyh82: bets $6
PeteSvensson: calls $6
*** SHOW DOWN ***
melyh82: shows [Ah 5h] (two pair, Aces and Threes)
PeteSvensson: shows [Ad 9d] (two pair, Aces and Threes)
melyh82 collected $23.75 from pot
PeteSvensson collected $23.75 from pot
*** SUMMARY ***
Total pot $48 | Rake $0.50
Board [8c 3s Qs As 3h]
Seat 2: melyh82 (big blind) showed [Ah 5h] and won ($23.75) with two pair, Aces and Threes
Seat 3: PeteSvensson (button) (small blind) showed [Ad 9d] and won ($23.75) with two pair, Aces and Threes


PokerStars Hand #159037484328:  Hold'em Limit ($3/$6 USD) - 2016/09/24 14:33:44 ET
Table 'Dejanira' 6-max Seat #2 is the button
Seat 2: melyh82 ($39.71 in chips)
Seat 3: PeteSvensson ($257.63 in chips)
melyh82: posts small blind $1
PeteSvensson: posts big blind $3
*** HOLE CARDS ***
melyh82: raises $3 to $6
PeteSvensson: calls $3
*** FLOP *** [5d 4h 7d]
PeteSvensson: checks
melyh82: bets $3
PeteSvensson: calls $3
*** TURN *** [5d 4h 7d] [6d]
PeteSvensson: checks
melyh82: checks
*** RIVER *** [5d 4h 7d 6d] [Th]
PeteSvensson: bets $6
melyh82: calls $6
*** SHOW DOWN ***
PeteSvensson: shows [Qd 9h] (high card Queen)
melyh82: shows [Td Ac] (a pair of Tens)
melyh82 collected $29.50 from pot
*** SUMMARY ***
Total pot $30 | Rake $0.50
Board [5d 4h 7d 6d Th]
Seat 2: melyh82 (button) (small blind) showed [Td Ac] and won ($29.50) with a pair of Tens
Seat 3: PeteSvensson (big blind) showed [Qd 9h] and lost with high card Queen


PokerStars Hand #159037471059:  Hold'em Limit ($3/$6 USD) - 2016/09/24 14:33:27 ET
Table 'Dejanira' 6-max Seat #3 is the button
Seat 2: melyh82 ($57.71 in chips)
Seat 3: PeteSvensson ($240.13 in chips)
PeteSvensson: posts small blind $1
melyh82: posts big blind $3
*** HOLE CARDS ***
PeteSvensson: raises $3 to $6
melyh82: calls $3
*** FLOP *** [Jd 6s Ks]
melyh82: checks
PeteSvensson: bets $3
melyh82: raises $3 to $6
PeteSvensson: calls $3
*** TURN *** [Jd 6s Ks] [4h]
melyh82: bets $6
PeteSvensson: raises $6 to $12
melyh82: folds
Uncalled bet ($6) returned to PeteSvensson
PeteSvensson collected $35.50 from pot
*** SUMMARY ***
Total pot $36 | Rake $0.50
Board [Jd 6s Ks 4h]
Seat 2: melyh82 (big blind) folded on the Turn
Seat 3: PeteSvensson (button) (small blind) collected ($35.50)


PokerStars Hand #159037544392:  Hold'em Limit ($3/$6 USD) - 2016/09/24 14:35:00 ET
Table 'Dejanira' 6-max Seat #2 is the button
Seat 2: melyh82 ($24.96 in chips)
Seat 3: PeteSvensson ($270.88 in chips)
melyh82: posts small blind $1
PeteSvensson: posts big blind $3
*** HOLE CARDS ***
melyh82: raises $3 to $6
PeteSvensson: calls $3
*** FLOP *** [5s Js 5c]
PeteSvensson: checks
melyh82: bets $3
PeteSvensson: raises $3 to $6
melyh82: calls $3
*** TURN *** [5s Js 5c] [Td]
PeteSvensson: bets $6
melyh82: calls $6
*** RIVER *** [5s Js 5c Td] [Kc]
PeteSvensson: checks
melyh82: bets $6
PeteSvensson: calls $6
*** SHOW DOWN ***
melyh82: shows [9s Qh] (a straight, Nine to King)
PeteSvensson: mucks hand
melyh82 collected $47.50 from pot
*** SUMMARY ***
Total pot $48 | Rake $0.50
Board [5s Js 5c Td Kc]
Seat 2: melyh82 (button) (small blind) showed [9s Qh] and won ($47.50) with a straight, Nine to King
Seat 3: PeteSvensson (big blind) mucked


PokerStars Hand #159037539477:  Hold'em Limit ($3/$6 USD) - 2016/09/24 14:34:54 ET
Table 'Dejanira' 6-max Seat #3 is the button
Seat 2: melyh82 ($23.96 in chips)
Seat 3: PeteSvensson ($271.88 in chips)
PeteSvensson: posts small blind $1
melyh82: posts big blind $3
*** HOLE CARDS ***
PeteSvensson: folds
Uncalled bet ($2) returned to melyh82
melyh82 collected $2 from pot
melyh82: doesn't show hand
*** SUMMARY ***
Total pot $2 | Rake $0
Seat 2: melyh82 (big blind) collected ($2)
Seat 3: PeteSvensson (button) (small blind) folded before Flop


PokerStars Hand #159037518977:  Hold'em Limit ($3/$6 USD) - 2016/09/24 14:34:28 ET
Table 'Dejanira' 6-max Seat #2 is the button
Seat 2: melyh82 ($53.96 in chips)
Seat 3: PeteSvensson ($242.38 in chips)
melyh82: posts small blind $1
PeteSvensson: posts big blind $3
*** HOLE CARDS ***
melyh82: raises $3 to $6
PeteSvensson: calls $3
*** FLOP *** [3s 4d 7c]
PeteSvensson: checks
melyh82: bets $3
PeteSvensson: raises $3 to $6
melyh82: calls $3
*** TURN *** [3s 4d 7c] [Ac]
PeteSvensson: bets $6
melyh82: raises $6 to $12
PeteSvensson: calls $6
*** RIVER *** [3s 4d 7c Ac] [4s]
PeteSvensson: checks
melyh82: bets $6
PeteSvensson: raises $6 to $12
melyh82: folds
Uncalled bet ($6) returned to PeteSvensson
PeteSvensson collected $59.50 from pot
*** SUMMARY ***
Total pot $60 | Rake $0.50
Board [3s 4d 7c Ac 4s]
Seat 2: melyh82 (button) (small blind) folded on the River
Seat 3: PeteSvensson (big blind) collected ($59.50)


PokerStars Hand #159037620980:  Hold'em Limit ($3/$6 USD) - 2016/09/24 14:36:37 ET
Table 'Dejanira' 6-max Seat #3 is the button
Seat 2: melyh82 ($35.42 in chips)
Seat 3: PeteSvensson ($258.92 in chips)
PeteSvensson: posts small blind $1
melyh82: posts big blind $3
*** HOLE CARDS ***
PeteSvensson: raises $3 to $6
melyh82: folds
Uncalled bet ($3) returned to PeteSvensson
PeteSvensson collected $6 from pot
*** SUMMARY ***
Total pot $6 | Rake $0
Seat 2: melyh82 (big blind) folded before Flop
Seat 3: PeteSvensson (button) (small blind) collected ($6)


PokerStars Hand #159037614727:  Hold'em Limit ($3/$6 USD) - 2016/09/24 14:36:29 ET
Table 'Dejanira' 6-max Seat #2 is the button
Seat 2: melyh82 ($32.42 in chips)
Seat 3: PeteSvensson ($261.92 in chips)
melyh82: posts small blind $1
PeteSvensson: posts big blind $3
*** HOLE CARDS ***
melyh82: raises $3 to $6
PeteSvensson: folds
Uncalled bet ($3) returned to melyh82
melyh82 collected $6 from pot
melyh82: doesn't show hand
*** SUMMARY ***
Total pot $6 | Rake $0
Seat 2: melyh82 (button) (small blind) collected ($6)
Seat 3: PeteSvensson (big blind) folded before Flop


PokerStars Hand #159037598760:  Hold'em Limit ($3/$6 USD) - 2016/09/24 14:36:09 ET
Table 'Dejanira' 6-max Seat #3 is the button
Seat 2: melyh82 ($16.46 in chips)
Seat 3: PeteSvensson ($278.38 in chips)
PeteSvensson: posts small blind $1
melyh82: posts big blind $3
*** HOLE CARDS ***
PeteSvensson: raises $3 to $6
melyh82: calls $3
*** FLOP *** [8s 2c 3d]
melyh82: checks
PeteSvensson: bets $3
melyh82: calls $3
*** TURN *** [8s 2c 3d] [Kc]
melyh82: checks
PeteSvensson: bets $6
melyh82: raises $1.46 to $7.46 and is all-in
PeteSvensson: calls $1.46
*** RIVER *** [8s 2c 3d Kc] [8c]
*** SHOW DOWN ***
melyh82: shows [2d Ac] (two pair, Eights and Deuces)
PeteSvensson: shows [4h Ah] (a pair of Eights)
melyh82 collected $32.42 from pot
*** SUMMARY ***
Total pot $32.92 | Rake $0.50
Board [8s 2c 3d Kc 8c]
Seat 2: melyh82 (big blind) showed [2d Ac] and won ($32.42) with two pair, Eights and Deuces
Seat 3: PeteSvensson (button) (small blind) showed [4h Ah] and lost with a pair of Eights


PokerStars Hand #159037578525:  Hold'em Limit ($3/$6 USD) - 2016/09/24 14:35:43 ET
Table 'Dejanira' 6-max Seat #2 is the button
Seat 2: melyh82 ($49.46 in chips)
Seat 3: PeteSvensson ($245.88 in chips)
melyh82: posts small blind $1
PeteSvensson: posts big blind $3
*** HOLE CARDS ***
melyh82: raises $3 to $6
PeteSvensson: calls $3
*** FLOP *** [7c 9h 8h]
PeteSvensson: checks
melyh82: bets $3
PeteSvensson: raises $3 to $6
melyh82: raises $3 to $9
PeteSvensson: calls $3
*** TURN *** [7c 9h 8h] [Kd]
PeteSvensson: bets $6
melyh82: raises $6 to $12
PeteSvensson: calls $6
*** RIVER *** [7c 9h 8h Kd] [4d]
PeteSvensson: checks
melyh82: bets $6
PeteSvensson: calls $6
*** SHOW DOWN ***
melyh82: shows [Qh Th] (high card King)
PeteSvensson: shows [Jh Ks] (a pair of Kings)
PeteSvensson collected $65.50 from pot
*** SUMMARY ***
Total pot $66 | Rake $0.50
Board [7c 9h 8h Kd 4d]
Seat 2: melyh82 (button) (small blind) showed [Qh Th] and lost with high card King
Seat 3: PeteSvensson (big blind) showed [Jh Ks] and won ($65.50) with a pair of Kings


PokerStars Hand #159037573797:  Hold'em Limit ($3/$6 USD) - 2016/09/24 14:35:37 ET
Table 'Dejanira' 6-max Seat #3 is the button
Seat 2: melyh82 ($48.46 in chips)
Seat 3: PeteSvensson ($246.88 in chips)
PeteSvensson: posts small blind $1
melyh82: posts big blind $3
*** HOLE CARDS ***
PeteSvensson: folds
Uncalled bet ($2) returned to melyh82
melyh82 collected $2 from pot
melyh82: doesn't show hand
*** SUMMARY ***
Total pot $2 | Rake $0
Seat 2: melyh82 (big blind) collected ($2)
Seat 3: PeteSvensson (button) (small blind) folded before Flop


PokerStars Hand #159037651586:  Hold'em Limit ($3/$6 USD) - 2016/09/24 14:37:16 ET
Table 'Dejanira' 6-max Seat #2 is the button
Seat 2: melyh82 ($32.06 in chips)
Seat 3: PeteSvensson ($261.56 in chips)
melyh82: posts small blind $1
PeteSvensson: posts big blind $3
*** HOLE CARDS ***
melyh82: folds
Uncalled bet ($2) returned to PeteSvensson
PeteSvensson collected $2 from pot
*** SUMMARY ***
Total pot $2 | Rake $0
Seat 2: melyh82 (button) (small blind) folded before Flop
Seat 3: PeteSvensson (big blind) collected ($2)


PokerStars Hand #159037635200:  Hold'em Limit ($3/$6 USD) - 2016/09/24 14:36:55 ET
Table 'Dejanira' 6-max Seat #3 is the button
Seat 2: melyh82 ($41.06 in chips)
Seat 3: PeteSvensson ($252.92 in chips)
PeteSvensson: posts small blind $1
melyh82: posts big blind $3
*** HOLE CARDS ***
PeteSvensson: raises $3 to $6
melyh82: calls $3
*** FLOP *** [7d 2h Tc]
melyh82: checks
PeteSvensson: bets $3
melyh82: calls $3
*** TURN *** [7d 2h Tc] [3c]
melyh82: checks
PeteSvensson: bets $6
melyh82: folds
Uncalled bet ($6) returned to PeteSvensson
PeteSvensson collected $17.64 from pot
*** SUMMARY ***
Total pot $18 | Rake $0.36
Board [7d 2h Tc 3c]
Seat 2: melyh82 (big blind) folded on the Turn
Seat 3: PeteSvensson (button) (small blind) collected ($17.64)


PokerStars Hand #159037625527:  Hold'em Limit ($3/$6 USD) - 2016/09/24 14:36:43 ET
Table 'Dejanira' 6-max Seat #2 is the button
Seat 2: melyh82 ($32.42 in chips)
Seat 3: PeteSvensson ($261.92 in chips)
melyh82: posts small blind $1
PeteSvensson: posts big blind $3
*** HOLE CARDS ***
melyh82: raises $3 to $6
PeteSvensson: calls $3
*** FLOP *** [7c 7h 5s]
PeteSvensson: checks
melyh82: bets $3
PeteSvensson: calls $3
*** TURN *** [7c 7h 5s] [9c]
PeteSvensson: checks
melyh82: bets $6
PeteSvensson: folds
Uncalled bet ($6) returned to melyh82
melyh82 collected $17.64 from pot
melyh82: doesn't show hand
*** SUMMARY ***
Total pot $18 | Rake $0.36
Board [7c 7h 5s 9c]
Seat 2: melyh82 (button) (small blind) collected ($17.64)
Seat 3: PeteSvensson (big blind) folded on the Turn


PokerStars Hand #159037710292:  Hold'em Limit ($3/$6 USD) - 2016/09/24 14:38:30 ET
Table 'Dejanira' 6-max Seat #3 is the button
Seat 2: melyh82 ($27.58 in chips)
Seat 3: PeteSvensson ($264.84 in chips)
PeteSvensson: posts small blind $1
melyh82: posts big blind $3
*** HOLE CARDS ***
PeteSvensson: folds
Uncalled bet ($2) returned to melyh82
melyh82 collected $2 from pot
melyh82: doesn't show hand
*** SUMMARY ***
Total pot $2 | Rake $0
Seat 2: melyh82 (big blind) collected ($2)
Seat 3: PeteSvensson (button) (small blind) folded before Flop


PokerStars Hand #159037704053:  Hold'em Limit ($3/$6 USD) - 2016/09/24 14:38:22 ET
Table 'Dejanira' 6-max Seat #2 is the button
Seat 2: melyh82 ($24.58 in chips)
Seat 3: PeteSvensson ($267.84 in chips)
melyh82: posts small blind $1
PeteSvensson: posts big blind $3
*** HOLE CARDS ***
melyh82: raises $3 to $6
PeteSvensson: folds
Uncalled bet ($3) returned to melyh82
melyh82 collected $6 from pot
melyh82: doesn't show hand
*** SUMMARY ***
Total pot $6 | Rake $0
Seat 2: melyh82 (button) (small blind) collected ($6)
Seat 3: PeteSvensson (big blind) folded before Flop


PokerStars Hand #159037691717:  Hold'em Limit ($3/$6 USD) - 2016/09/24 14:38:06 ET
Table 'Dejanira' 6-max Seat #3 is the button
Seat 2: melyh82 ($30.58 in chips)
Seat 3: PeteSvensson ($262.08 in chips)
PeteSvensson: posts small blind $1
melyh82: posts big blind $3
*** HOLE CARDS ***
PeteSvensson: raises $3 to $6
melyh82: calls $3
*** FLOP *** [Kh 7c Ts]
melyh82: checks
PeteSvensson: bets $3
melyh82: folds
Uncalled bet ($3) returned to PeteSvensson
PeteSvensson collected $11.76 from pot
*** SUMMARY ***
Total pot $12 | Rake $0.24
Board [Kh 7c Ts]
Seat 2: melyh82 (big blind) folded on the Flop
Seat 3: PeteSvensson (button) (small blind) collected ($11.76)


PokerStars Hand #159037675185:  Hold'em Limit ($3/$6 USD) - 2016/09/24 14:37:46 ET
Table 'Dejanira' 6-max Seat #2 is the button
Seat 2: melyh82 ($42.58 in chips)
Seat 3: PeteSvensson ($250.56 in chips)
melyh82: posts small blind $1
PeteSvensson: posts big blind $3
*** HOLE CARDS ***
melyh82: raises $3 to $6
PeteSvensson: calls $3
*** FLOP *** [Jd 6d 2s]
PeteSvensson: checks
melyh82: bets $3
PeteSvensson: raises $3 to $6
melyh82: calls $3
*** TURN *** [Jd 6d 2s] [8d]
PeteSvensson: bets $6
melyh82: folds
Uncalled bet ($6) returned to PeteSvensson
PeteSvensson collected $23.52 from pot
*** SUMMARY ***
Total pot $24 | Rake $0.48
Board [Jd 6d 2s 8d]
Seat 2: melyh82 (button) (small blind) folded on the Turn
Seat 3: PeteSvensson (big blind) collected ($23.52)


PokerStars Hand #159037656151:  Hold'em Limit ($3/$6 USD) - 2016/09/24 14:37:22 ET
Table 'Dejanira' 6-max Seat #3 is the button
Seat 2: melyh82 ($31.06 in chips)
Seat 3: PeteSvensson ($262.56 in chips)
PeteSvensson: posts small blind $1
melyh82: posts big blind $3
*** HOLE CARDS ***
PeteSvensson: raises $3 to $6
melyh82: calls $3
*** FLOP *** [8d Ac 4h]
melyh82: checks
PeteSvensson: bets $3
melyh82: raises $3 to $6
PeteSvensson: calls $3
*** TURN *** [8d Ac 4h] [9d]
melyh82: checks
PeteSvensson: checks
*** RIVER *** [8d Ac 4h 9d] [3s]
melyh82: checks
PeteSvensson: checks
*** SHOW DOWN ***
melyh82: shows [Js 4d] (a pair of Fours)
PeteSvensson: mucks hand
melyh82 collected $23.52 from pot
*** SUMMARY ***
Total pot $24 | Rake $0.48
Board [8d Ac 4h 9d 3s]
Seat 2: melyh82 (big blind) showed [Js 4d] and won ($23.52) with a pair of Fours
Seat 3: PeteSvensson (button) (small blind) mucked


PokerStars Hand #159037753221:  Hold'em Limit ($3/$6 USD) - 2016/09/24 14:39:25 ET
Table 'Dejanira' 6-max Seat #3 is the button
Seat 2: melyh82 ($37.22 in chips)
Seat 3: PeteSvensson ($254.84 in chips)
PeteSvensson: posts small blind $1
melyh82: posts big blind $3
*** HOLE CARDS ***
PeteSvensson: raises $3 to $6
melyh82: calls $3
*** FLOP *** [4h 7c 9d]
melyh82: checks
PeteSvensson: bets $3
melyh82: calls $3
*** TURN *** [4h 7c 9d] [Ks]
melyh82: checks
PeteSvensson: checks
*** RIVER *** [4h 7c 9d Ks] [2h]
melyh82: bets $6
PeteSvensson: folds
Uncalled bet ($6) returned to melyh82
melyh82 collected $17.64 from pot
melyh82: doesn't show hand
*** SUMMARY ***
Total pot $18 | Rake $0.36
Board [4h 7c 9d Ks 2h]
Seat 2: melyh82 (big blind) collected ($17.64)
Seat 3: PeteSvensson (button) (small blind) folded on the River


PokerStars Hand #159037743092:  Hold'em Limit ($3/$6 USD) - 2016/09/24 14:39:12 ET
Table 'Dejanira' 6-max Seat #2 is the button
Seat 2: melyh82 ($34.22 in chips)
Seat 3: PeteSvensson ($257.84 in chips)
melyh82: posts small blind $1
PeteSvensson: posts big blind $3
*** HOLE CARDS ***
melyh82: raises $3 to $6
PeteSvensson: folds
Uncalled bet ($3) returned to melyh82
melyh82 collected $6 from pot
melyh82: doesn't show hand
*** SUMMARY ***
Total pot $6 | Rake $0
Seat 2: melyh82 (button) (small blind) collected ($6)
Seat 3: PeteSvensson (big blind) folded before Flop


PokerStars Hand #159037739851:  Hold'em Limit ($3/$6 USD) - 2016/09/24 14:39:08 ET
Table 'Dejanira' 6-max Seat #3 is the button
Seat 2: melyh82 ($33.22 in chips)
Seat 3: PeteSvensson ($258.84 in chips)
PeteSvensson: posts small blind $1
melyh82: posts big blind $3
*** HOLE CARDS ***
PeteSvensson: folds
Uncalled bet ($2) returned to melyh82
melyh82 collected $2 from pot
melyh82: doesn't show hand
*** SUMMARY ***
Total pot $2 | Rake $0
Seat 2: melyh82 (big blind) collected ($2)
Seat 3: PeteSvensson (button) (small blind) folded before Flop


PokerStars Hand #159037734936:  Hold'em Limit ($3/$6 USD) - 2016/09/24 14:39:01 ET
Table 'Dejanira' 6-max Seat #2 is the button
Seat 2: melyh82 ($34.22 in chips)
Seat 3: PeteSvensson ($257.84 in chips)
melyh82: posts small blind $1
PeteSvensson: posts big blind $3
*** HOLE CARDS ***
melyh82: folds
Uncalled bet ($2) returned to PeteSvensson
PeteSvensson collected $2 from pot
*** SUMMARY ***
Total pot $2 | Rake $0
Seat 2: melyh82 (button) (small blind) folded before Flop
Seat 3: PeteSvensson (big blind) collected ($2)


PokerStars Hand #159037730462:  Hold'em Limit ($3/$6 USD) - 2016/09/24 14:38:55 ET
Table 'Dejanira' 6-max Seat #3 is the button
Seat 2: melyh82 ($37.22 in chips)
Seat 3: PeteSvensson ($254.84 in chips)
PeteSvensson: posts small blind $1
melyh82: posts big blind $3
*** HOLE CARDS ***
PeteSvensson: raises $3 to $6
melyh82: folds
Uncalled bet ($3) returned to PeteSvensson
PeteSvensson collected $6 from pot
*** SUMMARY ***
Total pot $6 | Rake $0
Seat 2: melyh82 (big blind) folded before Flop
Seat 3: PeteSvensson (button) (small blind) collected ($6)


PokerStars Hand #159037715288:  Hold'em Limit ($3/$6 USD) - 2016/09/24 14:38:36 ET
Table 'Dejanira' 6-max Seat #2 is the button
Seat 2: melyh82 ($28.58 in chips)
Seat 3: PeteSvensson ($263.84 in chips)
melyh82: posts small blind $1
PeteSvensson: posts big blind $3
*** HOLE CARDS ***
melyh82: raises $3 to $6
PeteSvensson: calls $3
*** FLOP *** [Qd 8c 2s]
PeteSvensson: checks
melyh82: bets $3
PeteSvensson: calls $3
*** TURN *** [Qd 8c 2s] [8s]
PeteSvensson: checks
melyh82: bets $6
PeteSvensson: folds
Uncalled bet ($6) returned to melyh82
melyh82 collected $17.64 from pot
melyh82: doesn't show hand
*** SUMMARY ***
Total pot $18 | Rake $0.36
Board [Qd 8c 2s 8s]
Seat 2: melyh82 (button) (small blind) collected ($17.64)
Seat 3: PeteSvensson (big blind) folded on the Turn


PokerStars Hand #159037788041:  Hold'em Limit ($3/$6 USD) - 2016/09/24 14:40:09 ET
Table 'Dejanira' 6-max Seat #2 is the button
Seat 2: melyh82 ($30.86 in chips)
Seat 3: PeteSvensson ($260.24 in chips)
melyh82: posts small blind $1
PeteSvensson: posts big blind $3
*** HOLE CARDS ***
melyh82: raises $3 to $6
PeteSvensson: calls $3
*** FLOP *** [Qs Ac 6h]
PeteSvensson: checks
melyh82: bets $3
PeteSvensson: calls $3
*** TURN *** [Qs Ac 6h] [Th]
PeteSvensson: checks
melyh82: checks
*** RIVER *** [Qs Ac 6h Th] [9s]
PeteSvensson: checks
melyh82: checks
*** SHOW DOWN ***
PeteSvensson: shows [4c 8c] (high card Ace)
melyh82: shows [6s 5c] (a pair of Sixes)
melyh82 collected $17.64 from pot
*** SUMMARY ***
Total pot $18 | Rake $0.36
Board [Qs Ac 6h Th 9s]
Seat 2: melyh82 (button) (small blind) showed [6s 5c] and won ($17.64) with a pair of Sixes
Seat 3: PeteSvensson (big blind) showed [4c 8c] and lost with high card Ace


PokerStars Hand #159037779920:  Hold'em Limit ($3/$6 USD) - 2016/09/24 14:39:58 ET
Table 'Dejanira' 6-max Seat #3 is the button
Seat 2: melyh82 ($36.86 in chips)
Seat 3: PeteSvensson ($254.48 in chips)
PeteSvensson: posts small blind $1
melyh82: posts big blind $3
*** HOLE CARDS ***
PeteSvensson: raises $3 to $6
melyh82: calls $3
*** FLOP *** [9d Qs 7c]
melyh82: checks
PeteSvensson: bets $3
melyh82: folds
Uncalled bet ($3) returned to PeteSvensson
PeteSvensson collected $11.76 from pot
*** SUMMARY ***
Total pot $12 | Rake $0.24
Board [9d Qs 7c]
Seat 2: melyh82 (big blind) folded on the Flop
Seat 3: PeteSvensson (button) (small blind) collected ($11.76)


PokerStars Hand #159037764523:  Hold'em Limit ($3/$6 USD) - 2016/09/24 14:39:39 ET
Table 'Dejanira' 6-max Seat #2 is the button
Seat 2: melyh82 ($45.86 in chips)
Seat 3: PeteSvensson ($245.84 in chips)
melyh82: posts small blind $1
PeteSvensson: posts big blind $3
*** HOLE CARDS ***
melyh82: raises $3 to $6
PeteSvensson: calls $3
*** FLOP *** [Jd 8c 5s]
PeteSvensson: bets $3
melyh82: calls $3
*** TURN *** [Jd 8c 5s] [Jc]
PeteSvensson: bets $6
melyh82: folds
Uncalled bet ($6) returned to PeteSvensson
PeteSvensson collected $17.64 from pot
*** SUMMARY ***
Total pot $18 | Rake $0.36
Board [Jd 8c 5s Jc]
Seat 2: melyh82 (button) (small blind) folded on the Turn
Seat 3: PeteSvensson (big blind) collected ($17.64)


PokerStars Hand #159037832999:  Hold'em Limit ($3/$6 USD) - 2016/09/24 14:41:06 ET
Table 'Dejanira' 6-max Seat #3 is the button
Seat 2: melyh82 ($9.50 in chips)
Seat 3: PeteSvensson ($280.38 in chips)
PeteSvensson: posts small blind $1
melyh82: posts big blind $3
*** HOLE CARDS ***
PeteSvensson: raises $3 to $6
melyh82: raises $3 to $9
PeteSvensson: calls $3
*** FLOP *** [2d Td 6h]
melyh82: bets $0.50 and is all-in
PeteSvensson: calls $0.50
*** TURN *** [2d Td 6h] [Ac]
*** RIVER *** [2d Td 6h Ac] [6d]
*** SHOW DOWN ***
melyh82: shows [7c 9c] (a pair of Sixes)
PeteSvensson: shows [Qd 4c] (a pair of Sixes - Ace+Queen kicker)
PeteSvensson collected $18.62 from pot
melyh82 leaves the table
*** SUMMARY ***
Total pot $19 | Rake $0.38
Board [2d Td 6h Ac 6d]
Seat 2: melyh82 (big blind) showed [7c 9c] and lost with a pair of Sixes
Seat 3: PeteSvensson (button) (small blind) showed [Qd 4c] and won ($18.62) with a pair of Sixes


PokerStars Hand #159037821031:  Hold'em Limit ($3/$6 USD) - 2016/09/24 14:40:51 ET
Table 'Dejanira' 6-max Seat #2 is the button
Seat 2: melyh82 ($18.50 in chips)
Seat 3: PeteSvensson ($271.74 in chips)
melyh82: posts small blind $1
PeteSvensson: posts big blind $3
*** HOLE CARDS ***
melyh82: raises $3 to $6
PeteSvensson: calls $3
*** FLOP *** [Jd 3d 9c]
PeteSvensson: checks
melyh82: bets $3
PeteSvensson: raises $3 to $6
melyh82: folds
Uncalled bet ($3) returned to PeteSvensson
PeteSvensson collected $17.64 from pot
*** SUMMARY ***
Total pot $18 | Rake $0.36
Board [Jd 3d 9c]
Seat 2: melyh82 (button) (small blind) folded on the Flop
Seat 3: PeteSvensson (big blind) collected ($17.64)


PokerStars Hand #159037800303:  Hold'em Limit ($3/$6 USD) - 2016/09/24 14:40:26 ET
Table 'Dejanira' 6-max Seat #3 is the button
Seat 2: melyh82 ($39.50 in chips)
Seat 3: PeteSvensson ($251.24 in chips)
PeteSvensson: posts small blind $1
melyh82: posts big blind $3
*** HOLE CARDS ***
PeteSvensson: raises $3 to $6
melyh82: calls $3
*** FLOP *** [9d 8h 2s]
melyh82: checks
PeteSvensson: bets $3
melyh82: calls $3
*** TURN *** [9d 8h 2s] [6h]
melyh82: checks
PeteSvensson: bets $6
melyh82: calls $6
*** RIVER *** [9d 8h 2s 6h] [6d]
melyh82: checks
PeteSvensson: bets $6
melyh82: calls $6
*** SHOW DOWN ***
PeteSvensson: shows [Th 7s] (a straight, Six to Ten)
melyh82: mucks hand
PeteSvensson collected $41.50 from pot
*** SUMMARY ***
Total pot $42 | Rake $0.50
Board [9d 8h 2s 6h 6d]
Seat 2: melyh82 (big blind) mucked
Seat 3: PeteSvensson (button) (small blind) showed [Th 7s] and won ($41.50) with a straight, Six to Ten


