PokerStars Hand #146955414968:  Hold'em Limit ($3/$6 USD) - 2016/01/13 3:24:36 ET
Table 'Dejan II' 2-max Seat #2 is the button
Seat 1: Chessnok ($120 in chips)
Seat 2: v13kurbatov ($120 in chips)
v13kurbatov: posts small blind $1
Chessnok: posts big blind $3
*** HOLE CARDS ***
v13kurbatov: raises $3 to $6
Chessnok: calls $3
*** FLOP *** [3c 3h Jd]
Chessnok: checks
v13kurbatov: checks
*** TURN *** [3c 3h Jd] [6h]
Chessnok: bets $6
v13kurbatov: folds
Uncalled bet ($6) returned to Chessnok
Chessnok collected $11.76 from pot
Chessnok: doesn't show hand
*** SUMMARY ***
Total pot $12 | Rake $0.24
Board [3c 3h Jd 6h]
Seat 1: Chessnok (big blind) collected ($11.76)
Seat 2: v13kurbatov (button) (small blind) folded on the Turn


PokerStars Hand #146955421040:  Hold'em Limit ($3/$6 USD) - 2016/01/13 3:24:55 ET
Table 'Dejan II' 2-max Seat #1 is the button
Seat 1: Chessnok ($125.76 in chips)
Seat 2: v13kurbatov ($114 in chips)
Chessnok: posts small blind $1
v13kurbatov: posts big blind $3
*** HOLE CARDS ***
Chessnok: raises $3 to $6
v13kurbatov: calls $3
*** FLOP *** [2d 4s 4d]
v13kurbatov: checks
Chessnok: bets $3
v13kurbatov: raises $3 to $6
Chessnok: folds
Uncalled bet ($3) returned to v13kurbatov
v13kurbatov collected $17.64 from pot
v13kurbatov: doesn't show hand
*** SUMMARY ***
Total pot $18 | Rake $0.36
Board [2d 4s 4d]
Seat 1: Chessnok (button) (small blind) folded on the Flop
Seat 2: v13kurbatov (big blind) collected ($17.64)


PokerStars Hand #146955431108:  Hold'em Limit ($3/$6 USD) - 2016/01/13 3:25:25 ET
Table 'Dejan II' 2-max Seat #1 is the button
Seat 1: Chessnok ($110.76 in chips)
Seat 2: v13kurbatov ($128.40 in chips)
Chessnok: posts small blind $1
v13kurbatov: posts big blind $3
*** HOLE CARDS ***
Chessnok: folds
Uncalled bet ($2) returned to v13kurbatov
v13kurbatov collected $2 from pot
v13kurbatov: doesn't show hand
*** SUMMARY ***
Total pot $2 | Rake $0
Seat 1: Chessnok (button) (small blind) folded before Flop
Seat 2: v13kurbatov (big blind) collected ($2)


PokerStars Hand #146955427035:  Hold'em Limit ($3/$6 USD) - 2016/01/13 3:25:13 ET
Table 'Dejan II' 2-max Seat #2 is the button
Seat 1: Chessnok ($116.76 in chips)
Seat 2: v13kurbatov ($122.64 in chips)
v13kurbatov: posts small blind $1
Chessnok: posts big blind $3
*** HOLE CARDS ***
v13kurbatov: calls $2
Chessnok: checks
*** FLOP *** [9d Qs As]
Chessnok: bets $3
v13kurbatov: raises $3 to $6
Chessnok: folds
Uncalled bet ($3) returned to v13kurbatov
v13kurbatov collected $11.76 from pot
v13kurbatov: doesn't show hand
*** SUMMARY ***
Total pot $12 | Rake $0.24
Board [9d Qs As]
Seat 1: Chessnok (big blind) folded on the Flop
Seat 2: v13kurbatov (button) (small blind) collected ($11.76)


PokerStars Hand #146955432539:  Hold'em Limit ($3/$6 USD) - 2016/01/13 3:25:29 ET
Table 'Dejan II' 2-max Seat #2 is the button
Seat 1: Chessnok ($109.76 in chips)
Seat 2: v13kurbatov ($129.40 in chips)
v13kurbatov: posts small blind $1
Chessnok: posts big blind $3
*** HOLE CARDS ***
v13kurbatov: raises $3 to $6
Chessnok: calls $3
*** FLOP *** [3h 4d 4h]
Chessnok: checks
v13kurbatov: bets $3
Chessnok: calls $3
*** TURN *** [3h 4d 4h] [Jd]
Chessnok: checks
v13kurbatov: checks
*** RIVER *** [3h 4d 4h Jd] [Ks]
Chessnok: bets $6
v13kurbatov: calls $6
*** SHOW DOWN ***
Chessnok: shows [9h 5h] (a pair of Fours)
v13kurbatov: shows [3d 2s] (two pair, Fours and Threes)
v13kurbatov collected $29.50 from pot
*** SUMMARY ***
Total pot $30 | Rake $0.50
Board [3h 4d 4h Jd Ks]
Seat 1: Chessnok (big blind) showed [9h 5h] and lost with a pair of Fours
Seat 2: v13kurbatov (button) (small blind) showed [3d 2s] and won ($29.50) with two pair, Fours and Threes


PokerStars Hand #146955438591:  Hold'em Limit ($3/$6 USD) - 2016/01/13 3:25:47 ET
Table 'Dejan II' 2-max Seat #1 is the button
Seat 1: Chessnok ($94.76 in chips)
Seat 2: v13kurbatov ($143.90 in chips)
Chessnok: posts small blind $1
v13kurbatov: posts big blind $3
*** HOLE CARDS ***
Chessnok: folds
Uncalled bet ($2) returned to v13kurbatov
v13kurbatov collected $2 from pot
v13kurbatov: doesn't show hand
*** SUMMARY ***
Total pot $2 | Rake $0
Seat 1: Chessnok (button) (small blind) folded before Flop
Seat 2: v13kurbatov (big blind) collected ($2)


PokerStars Hand #146955441648:  Hold'em Limit ($3/$6 USD) - 2016/01/13 3:25:56 ET
Table 'Dejan II' 2-max Seat #2 is the button
Seat 1: Chessnok ($93.76 in chips)
Seat 2: v13kurbatov ($144.90 in chips)
v13kurbatov: posts small blind $1
Chessnok: posts big blind $3
*** HOLE CARDS ***
v13kurbatov: raises $3 to $6
Chessnok: raises $3 to $9
v13kurbatov: calls $3
*** FLOP *** [7s 2d 6c]
Chessnok: bets $3
v13kurbatov: calls $3
*** TURN *** [7s 2d 6c] [Ah]
Chessnok: bets $6
v13kurbatov: folds
Uncalled bet ($6) returned to Chessnok
Chessnok collected $23.52 from pot
Chessnok: doesn't show hand
*** SUMMARY ***
Total pot $24 | Rake $0.48
Board [7s 2d 6c Ah]
Seat 1: Chessnok (big blind) collected ($23.52)
Seat 2: v13kurbatov (button) (small blind) folded on the Turn


PokerStars Hand #146955446031:  Hold'em Limit ($3/$6 USD) - 2016/01/13 3:26:09 ET
Table 'Dejan II' 2-max Seat #1 is the button
Seat 1: Chessnok ($105.28 in chips)
Seat 2: v13kurbatov ($132.90 in chips)
Chessnok: posts small blind $1
v13kurbatov: posts big blind $3
*** HOLE CARDS ***
Chessnok: raises $3 to $6
v13kurbatov: calls $3
*** FLOP *** [8s 5d 2h]
v13kurbatov: bets $3
Chessnok: calls $3
*** TURN *** [8s 5d 2h] [2s]
v13kurbatov: bets $6
Chessnok: calls $6
*** RIVER *** [8s 5d 2h 2s] [Qc]
v13kurbatov: bets $6
Chessnok: calls $6
*** SHOW DOWN ***
v13kurbatov: shows [3s 4c] (a pair of Deuces)
Chessnok: shows [7d Ks] (a pair of Deuces - King kicker)
Chessnok collected $41.50 from pot
*** SUMMARY ***
Total pot $42 | Rake $0.50
Board [8s 5d 2h 2s Qc]
Seat 1: Chessnok (button) (small blind) showed [7d Ks] and won ($41.50) with a pair of Deuces
Seat 2: v13kurbatov (big blind) showed [3s 4c] and lost with a pair of Deuces


PokerStars Hand #146955451581:  Hold'em Limit ($3/$6 USD) - 2016/01/13 3:26:26 ET
Table 'Dejan II' 2-max Seat #2 is the button
Seat 1: Chessnok ($125.78 in chips)
Seat 2: v13kurbatov ($111.90 in chips)
v13kurbatov: posts small blind $1
Chessnok: posts big blind $3
*** HOLE CARDS ***
v13kurbatov: raises $3 to $6
Chessnok: raises $3 to $9
v13kurbatov: calls $3
*** FLOP *** [Ts Qc Kc]
Chessnok: bets $3
v13kurbatov: calls $3
*** TURN *** [Ts Qc Kc] [3d]
Chessnok: bets $6
v13kurbatov: calls $6
*** RIVER *** [Ts Qc Kc 3d] [Th]
Chessnok: bets $6
v13kurbatov: folds
Uncalled bet ($6) returned to Chessnok
Chessnok collected $35.50 from pot
Chessnok: doesn't show hand
*** SUMMARY ***
Total pot $36 | Rake $0.50
Board [Ts Qc Kc 3d Th]
Seat 1: Chessnok (big blind) collected ($35.50)
Seat 2: v13kurbatov (button) (small blind) folded on the River


PokerStars Hand #146955461455:  Hold'em Limit ($3/$6 USD) - 2016/01/13 3:26:55 ET
Table 'Dejan II' 2-max Seat #2 is the button
Seat 1: Chessnok ($122.28 in chips)
Seat 2: v13kurbatov ($114.40 in chips)
v13kurbatov: posts small blind $1
Chessnok: posts big blind $3
*** HOLE CARDS ***
v13kurbatov: folds
Uncalled bet ($2) returned to Chessnok
Chessnok collected $2 from pot
Chessnok: doesn't show hand
*** SUMMARY ***
Total pot $2 | Rake $0
Seat 1: Chessnok (big blind) collected ($2)
Seat 2: v13kurbatov (button) (small blind) folded before Flop


PokerStars Hand #146955455913:  Hold'em Limit ($3/$6 USD) - 2016/01/13 3:26:38 ET
Table 'Dejan II' 2-max Seat #1 is the button
Seat 1: Chessnok ($143.28 in chips)
Seat 2: v13kurbatov ($93.90 in chips)
Chessnok: posts small blind $1
v13kurbatov: posts big blind $3
*** HOLE CARDS ***
Chessnok: raises $3 to $6
v13kurbatov: calls $3
*** FLOP *** [9h Ts 4d]
v13kurbatov: checks
Chessnok: bets $3
v13kurbatov: calls $3
*** TURN *** [9h Ts 4d] [5s]
v13kurbatov: checks
Chessnok: bets $6
v13kurbatov: calls $6
*** RIVER *** [9h Ts 4d 5s] [Kc]
v13kurbatov: checks
Chessnok: bets $6
v13kurbatov: calls $6
*** SHOW DOWN ***
Chessnok: shows [Jh 7d] (high card King)
v13kurbatov: shows [5c Jd] (a pair of Fives)
v13kurbatov collected $41.50 from pot
*** SUMMARY ***
Total pot $42 | Rake $0.50
Board [9h Ts 4d 5s Kc]
Seat 1: Chessnok (button) (small blind) showed [Jh 7d] and lost with high card King
Seat 2: v13kurbatov (big blind) showed [5c Jd] and won ($41.50) with a pair of Fives


PokerStars Hand #146955462984:  Hold'em Limit ($3/$6 USD) - 2016/01/13 3:26:59 ET
Table 'Dejan II' 2-max Seat #1 is the button
Seat 1: Chessnok ($123.28 in chips)
Seat 2: v13kurbatov ($113.40 in chips)
Chessnok: posts small blind $1
v13kurbatov: posts big blind $3
*** HOLE CARDS ***
Chessnok: raises $3 to $6
v13kurbatov: calls $3
*** FLOP *** [Kh Th 4c]
v13kurbatov: checks
Chessnok: bets $3
v13kurbatov: folds
Uncalled bet ($3) returned to Chessnok
Chessnok collected $11.76 from pot
Chessnok: doesn't show hand
*** SUMMARY ***
Total pot $12 | Rake $0.24
Board [Kh Th 4c]
Seat 1: Chessnok (button) (small blind) collected ($11.76)
Seat 2: v13kurbatov (big blind) folded on the Flop


PokerStars Hand #146955467407:  Hold'em Limit ($3/$6 USD) - 2016/01/13 3:27:13 ET
Table 'Dejan II' 2-max Seat #2 is the button
Seat 1: Chessnok ($129.04 in chips)
Seat 2: v13kurbatov ($107.40 in chips)
v13kurbatov: posts small blind $1
Chessnok: posts big blind $3
*** HOLE CARDS ***
v13kurbatov: raises $3 to $6
Chessnok: calls $3
*** FLOP *** [5h 6s 6h]
Chessnok: checks
v13kurbatov: checks
*** TURN *** [5h 6s 6h] [Ac]
Chessnok: bets $6
v13kurbatov: raises $6 to $12
Chessnok: raises $6 to $18
v13kurbatov: calls $6
*** RIVER *** [5h 6s 6h Ac] [Kh]
Chessnok: bets $6
v13kurbatov: calls $6
*** SHOW DOWN ***
Chessnok: shows [2h Jh] (a flush, King high)
v13kurbatov: mucks hand
Chessnok collected $59.50 from pot
*** SUMMARY ***
Total pot $60 | Rake $0.50
Board [5h 6s 6h Ac Kh]
Seat 1: Chessnok (big blind) showed [2h Jh] and won ($59.50) with a flush, King high
Seat 2: v13kurbatov (button) (small blind) mucked


PokerStars Hand #146955480811:  Hold'em Limit ($3/$6 USD) - 2016/01/13 3:27:52 ET
Table 'Dejan II' 2-max Seat #2 is the button
Seat 1: Chessnok ($179.04 in chips)
Seat 2: v13kurbatov ($56.40 in chips)
v13kurbatov: posts small blind $1
Chessnok: posts big blind $3
*** HOLE CARDS ***
v13kurbatov: raises $3 to $6
Chessnok: folds
Uncalled bet ($3) returned to v13kurbatov
v13kurbatov collected $6 from pot
v13kurbatov: doesn't show hand
*** SUMMARY ***
Total pot $6 | Rake $0
Seat 1: Chessnok (big blind) folded before Flop
Seat 2: v13kurbatov (button) (small blind) collected ($6)


PokerStars Hand #146955474454:  Hold'em Limit ($3/$6 USD) - 2016/01/13 3:27:33 ET
Table 'Dejan II' 2-max Seat #1 is the button
Seat 1: Chessnok ($158.54 in chips)
Seat 2: v13kurbatov ($77.40 in chips)
Chessnok: posts small blind $1
v13kurbatov: posts big blind $3
*** HOLE CARDS ***
Chessnok: raises $3 to $6
v13kurbatov: calls $3
*** FLOP *** [5s Ks As]
v13kurbatov: checks
Chessnok: bets $3
v13kurbatov: calls $3
*** TURN *** [5s Ks As] [9c]
v13kurbatov: checks
Chessnok: bets $6
v13kurbatov: calls $6
*** RIVER *** [5s Ks As 9c] [Kd]
v13kurbatov: checks
Chessnok: bets $6
v13kurbatov: calls $6
*** SHOW DOWN ***
Chessnok: shows [Kh 3d] (three of a kind, Kings)
v13kurbatov: mucks hand
Chessnok collected $41.50 from pot
*** SUMMARY ***
Total pot $42 | Rake $0.50
Board [5s Ks As 9c Kd]
Seat 1: Chessnok (button) (small blind) showed [Kh 3d] and won ($41.50) with three of a kind, Kings
Seat 2: v13kurbatov (big blind) mucked


PokerStars Hand #146955482728:  Hold'em Limit ($3/$6 USD) - 2016/01/13 3:27:58 ET
Table 'Dejan II' 2-max Seat #1 is the button
Seat 1: Chessnok ($176.04 in chips)
Seat 2: v13kurbatov ($59.40 in chips)
Chessnok: posts small blind $1
v13kurbatov: posts big blind $3
*** HOLE CARDS ***
Chessnok: raises $3 to $6
v13kurbatov: calls $3
*** FLOP *** [Qs Js Kh]
v13kurbatov: bets $3
Chessnok: raises $3 to $6
v13kurbatov: folds
Uncalled bet ($3) returned to Chessnok
Chessnok collected $17.64 from pot
Chessnok: doesn't show hand
*** SUMMARY ***
Total pot $18 | Rake $0.36
Board [Qs Js Kh]
Seat 1: Chessnok (button) (small blind) collected ($17.64)
Seat 2: v13kurbatov (big blind) folded on the Flop


PokerStars Hand #146955486362:  Hold'em Limit ($3/$6 USD) - 2016/01/13 3:28:09 ET
Table 'Dejan II' 2-max Seat #2 is the button
Seat 1: Chessnok ($184.68 in chips)
Seat 2: v13kurbatov ($50.40 in chips)
v13kurbatov: posts small blind $1
Chessnok: posts big blind $3
*** HOLE CARDS ***
v13kurbatov: raises $3 to $6
Chessnok: folds
Uncalled bet ($3) returned to v13kurbatov
v13kurbatov collected $6 from pot
v13kurbatov: doesn't show hand
*** SUMMARY ***
Total pot $6 | Rake $0
Seat 1: Chessnok (big blind) folded before Flop
Seat 2: v13kurbatov (button) (small blind) collected ($6)


PokerStars Hand #146955488633:  Hold'em Limit ($3/$6 USD) - 2016/01/13 3:28:16 ET
Table 'Dejan II' 2-max Seat #1 is the button
Seat 1: Chessnok ($181.68 in chips)
Seat 2: v13kurbatov ($53.40 in chips)
Chessnok: posts small blind $1
v13kurbatov: posts big blind $3
*** HOLE CARDS ***
Chessnok: raises $3 to $6
v13kurbatov: calls $3
*** FLOP *** [7d Tc 2s]
v13kurbatov: checks
Chessnok: bets $3
v13kurbatov: folds
Uncalled bet ($3) returned to Chessnok
Chessnok collected $11.76 from pot
Chessnok: doesn't show hand
*** SUMMARY ***
Total pot $12 | Rake $0.24
Board [7d Tc 2s]
Seat 1: Chessnok (button) (small blind) collected ($11.76)
Seat 2: v13kurbatov (big blind) folded on the Flop


PokerStars Hand #146955491742:  Hold'em Limit ($3/$6 USD) - 2016/01/13 3:28:25 ET
Table 'Dejan II' 2-max Seat #2 is the button
Seat 1: Chessnok ($187.44 in chips)
Seat 2: v13kurbatov ($47.40 in chips)
v13kurbatov: posts small blind $1
Chessnok: posts big blind $3
*** HOLE CARDS ***
v13kurbatov: raises $3 to $6
Chessnok: calls $3
*** FLOP *** [4s 9h 2c]
Chessnok: checks
v13kurbatov: checks
*** TURN *** [4s 9h 2c] [6s]
Chessnok: bets $6
v13kurbatov: calls $6
*** RIVER *** [4s 9h 2c 6s] [Qh]
Chessnok: bets $6
v13kurbatov: folds
Uncalled bet ($6) returned to Chessnok
Chessnok collected $23.52 from pot
Chessnok: doesn't show hand
*** SUMMARY ***
Total pot $24 | Rake $0.48
Board [4s 9h 2c 6s Qh]
Seat 1: Chessnok (big blind) collected ($23.52)
Seat 2: v13kurbatov (button) (small blind) folded on the River


PokerStars Hand #146955497658:  Hold'em Limit ($3/$6 USD) - 2016/01/13 3:28:43 ET
Table 'Dejan II' 2-max Seat #1 is the button
Seat 1: Chessnok ($198.96 in chips)
Seat 2: v13kurbatov ($148.31 in chips)
Chessnok: posts small blind $1
v13kurbatov: posts big blind $3
*** HOLE CARDS ***
Chessnok: raises $3 to $6
v13kurbatov: raises $3 to $9
Chessnok: calls $3
*** FLOP *** [Tc 7c Th]
v13kurbatov: bets $3
Chessnok: calls $3
*** TURN *** [Tc 7c Th] [6d]
v13kurbatov: bets $6
Chessnok: raises $6 to $12
v13kurbatov: calls $6
*** RIVER *** [Tc 7c Th 6d] [4s]
v13kurbatov: checks
Chessnok: bets $6
v13kurbatov: calls $6
*** SHOW DOWN ***
Chessnok: shows [Td 8h] (three of a kind, Tens)
v13kurbatov: mucks hand
Chessnok collected $59.50 from pot
*** SUMMARY ***
Total pot $60 | Rake $0.50
Board [Tc 7c Th 6d 4s]
Seat 1: Chessnok (button) (small blind) showed [Td 8h] and won ($59.50) with three of a kind, Tens
Seat 2: v13kurbatov (big blind) mucked


PokerStars Hand #146955504211:  Hold'em Limit ($3/$6 USD) - 2016/01/13 3:29:02 ET
Table 'Dejan II' 2-max Seat #2 is the button
Seat 1: Chessnok ($228.46 in chips)
Seat 2: v13kurbatov ($118.31 in chips)
v13kurbatov: posts small blind $1
Chessnok: posts big blind $3
*** HOLE CARDS ***
v13kurbatov: raises $3 to $6
Chessnok: calls $3
*** FLOP *** [2h 4d 3s]
Chessnok: checks
v13kurbatov: bets $3
Chessnok: calls $3
*** TURN *** [2h 4d 3s] [5h]
Chessnok: checks
v13kurbatov: checks
*** RIVER *** [2h 4d 3s 5h] [4s]
Chessnok: bets $6
v13kurbatov: calls $6
*** SHOW DOWN ***
Chessnok: shows [6d Jh] (a straight, Deuce to Six)
v13kurbatov: mucks hand
Chessnok collected $29.50 from pot
*** SUMMARY ***
Total pot $30 | Rake $0.50
Board [2h 4d 3s 5h 4s]
Seat 1: Chessnok (big blind) showed [6d Jh] and won ($29.50) with a straight, Deuce to Six
Seat 2: v13kurbatov (button) (small blind) mucked


PokerStars Hand #146955508783:  Hold'em Limit ($3/$6 USD) - 2016/01/13 3:29:16 ET
Table 'Dejan II' 2-max Seat #1 is the button
Seat 1: Chessnok ($242.96 in chips)
Seat 2: v13kurbatov ($103.31 in chips)
Chessnok: posts small blind $1
v13kurbatov: posts big blind $3
*** HOLE CARDS ***
Chessnok: raises $3 to $6
v13kurbatov: calls $3
*** FLOP *** [7s Jd 7c]
v13kurbatov: checks
Chessnok: checks
*** TURN *** [7s Jd 7c] [Kh]
v13kurbatov: bets $6
Chessnok: calls $6
*** RIVER *** [7s Jd 7c Kh] [5s]
v13kurbatov: bets $6
Chessnok: calls $6
*** SHOW DOWN ***
v13kurbatov: shows [3d 7h] (three of a kind, Sevens)
Chessnok: mucks hand
v13kurbatov collected $35.50 from pot
*** SUMMARY ***
Total pot $36 | Rake $0.50
Board [7s Jd 7c Kh 5s]
Seat 1: Chessnok (button) (small blind) mucked
Seat 2: v13kurbatov (big blind) showed [3d 7h] and won ($35.50) with three of a kind, Sevens


PokerStars Hand #146955514287:  Hold'em Limit ($3/$6 USD) - 2016/01/13 3:29:32 ET
Table 'Dejan II' 2-max Seat #2 is the button
Seat 1: Chessnok ($224.96 in chips)
Seat 2: v13kurbatov ($120.81 in chips)
v13kurbatov: posts small blind $1
Chessnok: posts big blind $3
*** HOLE CARDS ***
v13kurbatov: raises $3 to $6
Chessnok: raises $3 to $9
v13kurbatov: calls $3
*** FLOP *** [Qh 6d 7d]
Chessnok: bets $3
v13kurbatov: calls $3
*** TURN *** [Qh 6d 7d] [8c]
Chessnok: checks
v13kurbatov: checks
*** RIVER *** [Qh 6d 7d 8c] [Th]
Chessnok: bets $6
v13kurbatov: calls $6
*** SHOW DOWN ***
Chessnok: shows [Ah Tc] (a pair of Tens)
v13kurbatov: mucks hand
Chessnok collected $35.50 from pot
*** SUMMARY ***
Total pot $36 | Rake $0.50
Board [Qh 6d 7d 8c Th]
Seat 1: Chessnok (big blind) showed [Ah Tc] and won ($35.50) with a pair of Tens
Seat 2: v13kurbatov (button) (small blind) mucked


PokerStars Hand #146955519862:  Hold'em Limit ($3/$6 USD) - 2016/01/13 3:29:49 ET
Table 'Dejan II' 2-max Seat #1 is the button
Seat 1: Chessnok ($242.46 in chips)
Seat 2: v13kurbatov ($102.81 in chips)
Chessnok: posts small blind $1
v13kurbatov: posts big blind $3
*** HOLE CARDS ***
Chessnok: raises $3 to $6
v13kurbatov: raises $3 to $9
Chessnok: calls $3
*** FLOP *** [9h Kc 9d]
v13kurbatov: bets $3
Chessnok: calls $3
*** TURN *** [9h Kc 9d] [4h]
v13kurbatov: checks
Chessnok: bets $6
v13kurbatov: calls $6
*** RIVER *** [9h Kc 9d 4h] [5h]
v13kurbatov: checks
Chessnok: bets $6
v13kurbatov: calls $6
*** SHOW DOWN ***
Chessnok: shows [Kh 5c] (two pair, Kings and Nines)
v13kurbatov: mucks hand
Chessnok collected $47.50 from pot
*** SUMMARY ***
Total pot $48 | Rake $0.50
Board [9h Kc 9d 4h 5h]
Seat 1: Chessnok (button) (small blind) showed [Kh 5c] and won ($47.50) with two pair, Kings and Nines
Seat 2: v13kurbatov (big blind) mucked


PokerStars Hand #146955530626:  Hold'em Limit ($3/$6 USD) - 2016/01/13 3:30:21 ET
Table 'Dejan II' 2-max Seat #2 is the button
Seat 1: Chessnok ($265.96 in chips)
Seat 2: v13kurbatov ($78.81 in chips)
v13kurbatov: posts small blind $1
Chessnok: posts big blind $3
*** HOLE CARDS ***
v13kurbatov: raises $3 to $6
Chessnok: raises $3 to $9
v13kurbatov: raises $3 to $12
Betting is capped
Chessnok: calls $3
*** FLOP *** [3c 7c Jd]
Chessnok: bets $3
v13kurbatov: calls $3
*** TURN *** [3c 7c Jd] [2c]
Chessnok: bets $6
v13kurbatov: calls $6
*** RIVER *** [3c 7c Jd 2c] [Kd]
Chessnok: bets $6
v13kurbatov: calls $6
*** SHOW DOWN ***
Chessnok: shows [7d 7h] (three of a kind, Sevens)
v13kurbatov: mucks hand
Chessnok collected $53.50 from pot
*** SUMMARY ***
Total pot $54 | Rake $0.50
Board [3c 7c Jd 2c Kd]
Seat 1: Chessnok (big blind) showed [7d 7h] and won ($53.50) with three of a kind, Sevens
Seat 2: v13kurbatov (button) (small blind) mucked


PokerStars Hand #146955538025:  Hold'em Limit ($3/$6 USD) - 2016/01/13 3:30:43 ET
Table 'Dejan II' 2-max Seat #1 is the button
Seat 1: Chessnok ($292.46 in chips)
Seat 2: v13kurbatov ($51.81 in chips)
Chessnok: posts small blind $1
v13kurbatov: posts big blind $3
*** HOLE CARDS ***
Chessnok: raises $3 to $6
v13kurbatov: raises $3 to $9
Chessnok: raises $3 to $12
Betting is capped
v13kurbatov: calls $3
*** FLOP *** [5c 2h Ts]
v13kurbatov: checks
Chessnok: bets $3
v13kurbatov: calls $3
*** TURN *** [5c 2h Ts] [Qc]
v13kurbatov: checks
Chessnok: bets $6
v13kurbatov: raises $6 to $12
Chessnok: raises $6 to $18
v13kurbatov: calls $6
*** RIVER *** [5c 2h Ts Qc] [2s]
v13kurbatov: checks
Chessnok: bets $6
v13kurbatov: calls $6
*** SHOW DOWN ***
Chessnok: shows [Ac Ah] (two pair, Aces and Deuces)
v13kurbatov: mucks hand
Chessnok collected $77.50 from pot
*** SUMMARY ***
Total pot $78 | Rake $0.50
Board [5c 2h Ts Qc 2s]
Seat 1: Chessnok (button) (small blind) showed [Ac Ah] and won ($77.50) with two pair, Aces and Deuces
Seat 2: v13kurbatov (big blind) mucked


PokerStars Hand #146955549192:  Hold'em Limit ($3/$6 USD) - 2016/01/13 3:31:16 ET
Table 'Dejan II' 2-max Seat #2 is the button
Seat 1: Chessnok ($330.96 in chips)
Seat 2: v13kurbatov ($12.81 in chips)
v13kurbatov: posts small blind $1
Chessnok: posts big blind $3
*** HOLE CARDS ***
v13kurbatov: raises $3 to $6
Chessnok: raises $3 to $9
v13kurbatov: raises $3 to $12
Betting is capped
Chessnok: calls $3
*** FLOP *** [6s Qc Kh]
Chessnok: bets $3
v13kurbatov: calls $0.81 and is all-in
Uncalled bet ($2.19) returned to Chessnok
*** TURN *** [6s Qc Kh] [Qs]
*** RIVER *** [6s Qc Kh Qs] [8h]
*** SHOW DOWN ***
Chessnok: shows [Qh 8c] (a full house, Queens full of Eights)
v13kurbatov: shows [Jh Ac] (a pair of Queens)
Chessnok collected $25.12 from pot
*** SUMMARY ***
Total pot $25.62 | Rake $0.50
Board [6s Qc Kh Qs 8h]
Seat 1: Chessnok (big blind) showed [Qh 8c] and won ($25.12) with a full house, Queens full of Eights
Seat 2: v13kurbatov (button) (small blind) showed [Jh Ac] and lost with a pair of Queens


