PokerStars Hand #153816023683:  Hold'em Limit ($3/$6 USD) - 2016/05/25 8:06:09 ET
Table 'Dejanira' 6-max Seat #1 is the button
Seat 1: Airbag999 ($126.76 in chips)
Seat 2: RJF1943 ($113 in chips)
Airbag999: posts small blind $1
RJF1943: posts big blind $3
*** HOLE CARDS ***
Airbag999: raises $3 to $6
RJF1943: calls $3
*** FLOP *** [7h Ac 7s]
RJF1943: checks
Airbag999: bets $3
RJF1943: calls $3
*** TURN *** [7h Ac 7s] [6d]
RJF1943: checks
Airbag999: bets $6
RJF1943: folds
Uncalled bet ($6) returned to Airbag999
Airbag999 collected $17.64 from pot
Airbag999: doesn't show hand
*** SUMMARY ***
Total pot $18 | Rake $0.36
Board [7h Ac 7s 6d]
Seat 1: Airbag999 (button) (small blind) collected ($17.64)
Seat 2: RJF1943 (big blind) folded on the Turn


PokerStars Hand #153816021002:  Hold'em Limit ($3/$6 USD) - 2016/05/25 8:06:04 ET
Table 'Dejanira' 6-max Seat #2 is the button
Seat 1: Airbag999 ($125.76 in chips)
Seat 2: RJF1943 ($114 in chips)
RJF1943: posts small blind $1
Airbag999: posts big blind $3
*** HOLE CARDS ***
RJF1943: folds
Uncalled bet ($2) returned to Airbag999
Airbag999 collected $2 from pot
Airbag999: doesn't show hand
*** SUMMARY ***
Total pot $2 | Rake $0
Seat 1: Airbag999 (big blind) collected ($2)
Seat 2: RJF1943 (button) (small blind) folded before Flop


PokerStars Hand #153816013149:  Hold'em Limit ($3/$6 USD) - 2016/05/25 8:05:48 ET
Table 'Dejanira' 6-max Seat #1 is the button
Seat 1: Airbag999 ($120 in chips)
Seat 2: RJF1943 ($120 in chips)
Airbag999: posts small blind $1
RJF1943: posts big blind $3
*** HOLE CARDS ***
Airbag999: raises $3 to $6
RJF1943: calls $3
*** FLOP *** [Qd 2d Th]
RJF1943: checks
Airbag999: bets $3
RJF1943: folds
Uncalled bet ($3) returned to Airbag999
Airbag999 collected $11.76 from pot
Airbag999: doesn't show hand
*** SUMMARY ***
Total pot $12 | Rake $0.24
Board [Qd 2d Th]
Seat 1: Airbag999 (button) (small blind) collected ($11.76)
Seat 2: RJF1943 (big blind) folded on the Flop


PokerStars Hand #153816048118:  Hold'em Limit ($3/$6 USD) - 2016/05/25 8:06:59 ET
Table 'Dejanira' 6-max Seat #1 is the button
Seat 1: Airbag999 ($155.90 in chips)
Seat 2: RJF1943 ($83 in chips)
Airbag999: posts small blind $1
RJF1943: posts big blind $3
*** HOLE CARDS ***
Airbag999: raises $3 to $6
RJF1943: calls $3
*** FLOP *** [5h Ah Jc]
Ale4o joins the table at seat #3
RJF1943: checks
Airbag999: bets $3
RJF1943: folds
Uncalled bet ($3) returned to Airbag999
Airbag999 collected $11.76 from pot
Airbag999: doesn't show hand
*** SUMMARY ***
Total pot $12 | Rake $0.24
Board [5h Ah Jc]
Seat 1: Airbag999 (button) (small blind) collected ($11.76)
Seat 2: RJF1943 (big blind) folded on the Flop


PokerStars Hand #153816033891:  Hold'em Limit ($3/$6 USD) - 2016/05/25 8:06:30 ET
Table 'Dejanira' 6-max Seat #2 is the button
Seat 1: Airbag999 ($135.40 in chips)
Seat 2: RJF1943 ($104 in chips)
RJF1943: posts small blind $1
Airbag999: posts big blind $3
*** HOLE CARDS ***
RJF1943: raises $3 to $6
Airbag999: calls $3
*** FLOP *** [6h Kc Qd]
fsreibnitz joins the table at seat #5
Airbag999: checks
RJF1943: bets $3
Airbag999: calls $3
*** TURN *** [6h Kc Qd] [5s]
Airbag999: checks
RJF1943: bets $6
Airbag999: calls $6
*** RIVER *** [6h Kc Qd 5s] [5d]
Airbag999: checks
RJF1943: bets $6
Airbag999: calls $6
*** SHOW DOWN ***
RJF1943: shows [Ac 4h] (a pair of Fives)
Airbag999: shows [Qc 3d] (two pair, Queens and Fives)
Airbag999 collected $41.50 from pot
*** SUMMARY ***
Total pot $42 | Rake $0.50
Board [6h Kc Qd 5s 5d]
Seat 1: Airbag999 (big blind) showed [Qc 3d] and won ($41.50) with two pair, Queens and Fives
Seat 2: RJF1943 (button) (small blind) showed [Ac 4h] and lost with a pair of Fives


