PokerStars Hand #175783212370:  Hold'em Limit ($3/$6 USD) - 2017/09/17 18:04:30 ET
Table 'Dejan' 6-max Seat #3 is the button
Seat 3: Ag3r0n ($78.50 in chips)
Seat 6: TineJ2650 ($130.68 in chips)
Ag3r0n: posts small blind $1
TineJ2650: posts big blind $3
*** HOLE CARDS ***
Ag3r0n: raises $3 to $6
TineJ2650: calls $3
*** FLOP *** [6d 2c Th]
TineJ2650: checks
Ag3r0n: checks
*** TURN *** [6d 2c Th] [9c]
TineJ2650: bets $6
Ag3r0n: folds
Uncalled bet ($6) returned to TineJ2650
TineJ2650 collected $11.76 from pot
TineJ2650: doesn't show hand
*** SUMMARY ***
Total pot $12 | Rake $0.24
Board [6d 2c Th 9c]
Seat 3: Ag3r0n (button) (small blind) folded on the Turn
Seat 6: TineJ2650 (big blind) collected ($11.76)


PokerStars Hand #175783208048:  Hold'em Limit ($3/$6 USD) - 2017/09/17 18:04:24 ET
Table 'Dejan' 6-max Seat #6 is the button
Seat 3: Ag3r0n ($77.50 in chips)
Seat 6: TineJ2650 ($131.68 in chips)
TineJ2650: posts small blind $1
Ag3r0n: posts big blind $3
*** HOLE CARDS ***
vestimokrec joins the table at seat #1
TineJ2650: folds
Uncalled bet ($2) returned to Ag3r0n
Ag3r0n collected $2 from pot
Ag3r0n: doesn't show hand
*** SUMMARY ***
Total pot $2 | Rake $0
Seat 3: Ag3r0n (big blind) collected ($2)
Seat 6: TineJ2650 (button) (small blind) folded before Flop


PokerStars Hand #175783190706:  Hold'em Limit ($3/$6 USD) - 2017/09/17 18:04:01 ET
Table 'Dejan' 6-max Seat #3 is the button
Seat 3: Ag3r0n ($83.50 in chips)
Seat 6: TineJ2650 ($125.92 in chips)
Ag3r0n: posts small blind $1
TineJ2650: posts big blind $3
*** HOLE CARDS ***
Ag3r0n: raises $3 to $6
TineJ2650: calls $3
*** FLOP *** [3h 4c Ks]
TineJ2650: checks
Ag3r0n: checks
*** TURN *** [3h 4c Ks] [5s]
TineJ2650: checks
Ag3r0n: checks
*** RIVER *** [3h 4c Ks 5s] [Qh]
TineJ2650: bets $6
Ag3r0n: folds
Uncalled bet ($6) returned to TineJ2650
TineJ2650 collected $11.76 from pot
TineJ2650: doesn't show hand
*** SUMMARY ***
Total pot $12 | Rake $0.24
Board [3h 4c Ks 5s Qh]
Seat 3: Ag3r0n (button) (small blind) folded on the River
Seat 6: TineJ2650 (big blind) collected ($11.76)


