PokerStars Hand #166609361241:  Hold'em Limit ($3/$6 USD) - 2017/02/22 13:02:59 ET
Table 'Dejan' 6-max Seat #3 is the button
Seat 3: OnlyLuck111 ($107.50 in chips)
Seat 4: Actionni13 ($176.50 in chips)
OnlyLuck111: posts small blind $1
Actionni13: posts big blind $3
*** HOLE CARDS ***
OnlyLuck111: raises $3 to $6
Actionni13: raises $3 to $9
OnlyLuck111: calls $3
*** FLOP *** [4h 5c 3s]
Actionni13: bets $3
OnlyLuck111: calls $3
*** TURN *** [4h 5c 3s] [Jh]
Actionni13: bets $6
OnlyLuck111: calls $6
*** RIVER *** [4h 5c 3s Jh] [9s]
Actionni13: bets $6
OnlyLuck111: calls $6
*** SHOW DOWN ***
Actionni13: shows [Td Th] (a pair of Tens)
OnlyLuck111: mucks hand
Actionni13 collected $47.50 from pot
*** SUMMARY ***
Total pot $48 | Rake $0.50
Board [4h 5c 3s Jh 9s]
Seat 3: OnlyLuck111 (button) (small blind) mucked
Seat 4: Actionni13 (big blind) showed [Td Th] and won ($47.50) with a pair of Tens


PokerStars Hand #166609335395:  Hold'em Limit ($3/$6 USD) - 2017/02/22 13:02:28 ET
Table 'Dejan' 6-max Seat #4 is the button
Seat 3: OnlyLuck111 ($134.50 in chips)
Seat 4: Actionni13 ($150 in chips)
Actionni13: posts small blind $1
OnlyLuck111: posts big blind $3
*** HOLE CARDS ***
Actionni13: raises $3 to $6
OnlyLuck111: calls $3
*** FLOP *** [8s 2c 6s]
OnlyLuck111: bets $3
Actionni13: calls $3
*** TURN *** [8s 2c 6s] [Tc]
OnlyLuck111: bets $6
Actionni13: raises $6 to $12
OnlyLuck111: calls $6
*** RIVER *** [8s 2c 6s Tc] [4c]
OnlyLuck111: checks
Actionni13: bets $6
OnlyLuck111: calls $6
*** SHOW DOWN ***
Actionni13: shows [Js 6d] (a pair of Sixes)
OnlyLuck111: mucks hand
Actionni13 collected $53.50 from pot
*** SUMMARY ***
Total pot $54 | Rake $0.50
Board [8s 2c 6s Tc 4c]
Seat 3: OnlyLuck111 (big blind) mucked
Seat 4: Actionni13 (button) (small blind) showed [Js 6d] and won ($53.50) with a pair of Sixes


PokerStars Hand #166609296548:  Hold'em Limit ($3/$6 USD) - 2017/02/22 13:01:39 ET
Table 'Dejan' 6-max Seat #3 is the button
Seat 3: OnlyLuck111 ($120 in chips)
Seat 4: Actionni13 ($150 in chips)
OnlyLuck111: posts small blind $1
Actionni13: posts big blind $3
*** HOLE CARDS ***
OnlyLuck111: raises $3 to $6
Actionni13: calls $3
*** FLOP *** [Ah Ts 4s]
Actionni13: checks
OnlyLuck111: bets $3
Actionni13: calls $3
*** TURN *** [Ah Ts 4s] [4d]
Actionni13: checks
OnlyLuck111: checks
*** RIVER *** [Ah Ts 4s 4d] [As]
Actionni13: checks
OnlyLuck111: bets $6
Actionni13: calls $6
*** SHOW DOWN ***
OnlyLuck111: shows [6h Th] (two pair, Aces and Tens)
Actionni13: mucks hand
OnlyLuck111 collected $29.50 from pot
*** SUMMARY ***
Total pot $30 | Rake $0.50
Board [Ah Ts 4s 4d As]
Seat 3: OnlyLuck111 (button) (small blind) showed [6h Th] and won ($29.50) with two pair, Aces and Tens
Seat 4: Actionni13 (big blind) mucked


PokerStars Hand #166609413121:  Hold'em Limit ($3/$6 USD) - 2017/02/22 13:04:02 ET
Table 'Dejan' 6-max Seat #4 is the button
Seat 3: OnlyLuck111 ($137 in chips)
Seat 4: Actionni13 ($205.50 in chips)
Actionni13: posts small blind $1
OnlyLuck111: posts big blind $3
*** HOLE CARDS ***
Actionni13: raises $3 to $6
OnlyLuck111: raises $3 to $9
Actionni13: calls $3
*** FLOP *** [3s 7d Qs]
OnlyLuck111: bets $3
Actionni13: calls $3
*** TURN *** [3s 7d Qs] [Tc]
OnlyLuck111: bets $6
Actionni13: calls $6
*** RIVER *** [3s 7d Qs Tc] [Jh]
ivooo33 joins the table at seat #1
OnlyLuck111: bets $6
Actionni13: raises $6 to $12
OnlyLuck111: folds
Uncalled bet ($6) returned to Actionni13
Actionni13 collected $47.50 from pot
Actionni13: doesn't show hand
*** SUMMARY ***
Total pot $48 | Rake $0.50
Board [3s 7d Qs Tc Jh]
Seat 3: OnlyLuck111 (big blind) folded on the River
Seat 4: Actionni13 (button) (small blind) collected ($47.50)


PokerStars Hand #166609399279:  Hold'em Limit ($3/$6 USD) - 2017/02/22 13:03:46 ET
Table 'Dejan' 6-max Seat #3 is the button
Seat 3: OnlyLuck111 ($62.50 in chips)
Seat 4: Actionni13 ($220.50 in chips)
OnlyLuck111: posts small blind $1
Actionni13: posts big blind $3
*** HOLE CARDS ***
OnlyLuck111: raises $3 to $6
Actionni13: calls $3
*** FLOP *** [5h 2d 6s]
Actionni13: checks
OnlyLuck111: bets $3
Actionni13: calls $3
*** TURN *** [5h 2d 6s] [Tc]
Actionni13: checks
OnlyLuck111: checks
*** RIVER *** [5h 2d 6s Tc] [7s]
Actionni13: bets $6
OnlyLuck111: calls $6
*** SHOW DOWN ***
Actionni13: shows [Jc 3c] (high card Jack)
OnlyLuck111: shows [Ac Jh] (high card Ace)
OnlyLuck111 collected $29.50 from pot
*** SUMMARY ***
Total pot $30 | Rake $0.50
Board [5h 2d 6s Tc 7s]
Seat 3: OnlyLuck111 (button) (small blind) showed [Ac Jh] and won ($29.50) with high card Ace
Seat 4: Actionni13 (big blind) showed [Jc 3c] and lost with high card Jack


PokerStars Hand #166609381007:  Hold'em Limit ($3/$6 USD) - 2017/02/22 13:03:23 ET
Table 'Dejan' 6-max Seat #4 is the button
Seat 3: OnlyLuck111 ($83.50 in chips)
Seat 4: Actionni13 ($200 in chips)
Actionni13: posts small blind $1
OnlyLuck111: posts big blind $3
*** HOLE CARDS ***
Actionni13: raises $3 to $6
OnlyLuck111: calls $3
*** FLOP *** [Jd 7h 8c]
OnlyLuck111: checks
Actionni13: bets $3
OnlyLuck111: calls $3
*** TURN *** [Jd 7h 8c] [7s]
OnlyLuck111: checks
Actionni13: bets $6
OnlyLuck111: calls $6
*** RIVER *** [Jd 7h 8c 7s] [Qh]
OnlyLuck111: checks
Actionni13: bets $6
OnlyLuck111: calls $6
*** SHOW DOWN ***
Actionni13: shows [Kc Jc] (two pair, Jacks and Sevens)
OnlyLuck111: mucks hand
Actionni13 collected $41.50 from pot
*** SUMMARY ***
Total pot $42 | Rake $0.50
Board [Jd 7h 8c 7s Qh]
Seat 3: OnlyLuck111 (big blind) mucked
Seat 4: Actionni13 (button) (small blind) showed [Kc Jc] and won ($41.50) with two pair, Jacks and Sevens


PokerStars Hand #166609429587:  Hold'em Limit ($3/$6 USD) - 2017/02/22 13:04:22 ET
Table 'Dejan' 6-max Seat #3 is the button
Seat 3: OnlyLuck111 ($113 in chips)
Seat 4: Actionni13 ($229 in chips)
OnlyLuck111: posts small blind $1
Actionni13: posts big blind $3
*** HOLE CARDS ***
OnlyLuck111: raises $3 to $6
Actionni13: raises $3 to $9
OnlyLuck111: calls $3
*** FLOP *** [Ac 4s 6h]
234599330 joins the table at seat #2
Actionni13: bets $3
OnlyLuck111: calls $3
*** TURN *** [Ac 4s 6h] [4c]
Actionni13: bets $6
OnlyLuck111: raises $6 to $12
Actionni13: calls $6
*** RIVER *** [Ac 4s 6h 4c] [Tc]
Actionni13: checks
OnlyLuck111: bets $6
Actionni13: calls $6
*** SHOW DOWN ***
OnlyLuck111: shows [4h Kc] (three of a kind, Fours)
Actionni13: mucks hand
OnlyLuck111 collected $59.50 from pot
*** SUMMARY ***
Total pot $60 | Rake $0.50
Board [Ac 4s 6h 4c Tc]
Seat 3: OnlyLuck111 (button) (small blind) showed [4h Kc] and won ($59.50) with three of a kind, Fours
Seat 4: Actionni13 (big blind) mucked


PokerStars Hand #166610168736:  Hold'em Limit ($3/$6 USD) - 2017/02/22 13:18:44 ET
Table 'Dejan' 6-max Seat #6 is the button
Seat 1: OnlyLuck111 ($120 in chips)
Seat 6: pompier40 ($183.79 in chips)
pompier40: posts small blind $1
OnlyLuck111: posts big blind $3
*** HOLE CARDS ***
pompier40: raises $3 to $6
OnlyLuck111: calls $3
*** FLOP *** [Jd 8c Kd]
OnlyLuck111: checks
pompier40: bets $3
OnlyLuck111: raises $3 to $6
pompier40: raises $3 to $9
OnlyLuck111: raises $3 to $12
Betting is capped
pompier40: calls $3
*** TURN *** [Jd 8c Kd] [Kh]
OnlyLuck111: bets $6
pompier40: calls $6
*** RIVER *** [Jd 8c Kd Kh] [9h]
OnlyLuck111: bets $6
pompier40: calls $6
*** SHOW DOWN ***
OnlyLuck111: shows [8h Jc] (two pair, Kings and Jacks)
pompier40: shows [Jh Ah] (two pair, Kings and Jacks - Ace kicker)
pompier40 collected $59.50 from pot
*** SUMMARY ***
Total pot $60 | Rake $0.50
Board [Jd 8c Kd Kh 9h]
Seat 1: OnlyLuck111 (big blind) showed [8h Jc] and lost with two pair, Kings and Jacks
Seat 6: pompier40 (button) (small blind) showed [Jh Ah] and won ($59.50) with two pair, Kings and Jacks


