PokerStars Hand #157214621218:  Hold'em Limit ($3/$6 USD) - 2016/08/13 4:50:58 ET
Table 'Dejopeja' 10-max Seat #7 is the button
Seat 6: Ag3r0n ($98.50 in chips)
Seat 7: batman-K8 ($173 in chips)
batman-K8: posts small blind $1
Ag3r0n: posts big blind $3
*** HOLE CARDS ***
batman-K8: calls $2
Ag3r0n: raises $3 to $6
batman-K8: calls $3
*** FLOP *** [9h 5h 4s]
Ag3r0n: bets $3
batman-K8: calls $3
*** TURN *** [9h 5h 4s] [As]
Ag3r0n: checks
batman-K8: bets $6
Ag3r0n: calls $6
*** RIVER *** [9h 5h 4s As] [2h]
Ag3r0n: checks
batman-K8: checks
*** SHOW DOWN ***
Ag3r0n: shows [Kd Js] (high card Ace)
batman-K8: shows [5d 6h] (a pair of Fives)
batman-K8 collected $29.50 from pot
*** SUMMARY ***
Total pot $30 | Rake $0.50
Board [9h 5h 4s As 2h]
Seat 6: Ag3r0n (big blind) showed [Kd Js] and lost with high card Ace
Seat 7: batman-K8 (button) (small blind) showed [5d 6h] and won ($29.50) with a pair of Fives


PokerStars Hand #157214633711:  Hold'em Limit ($3/$6 USD) - 2016/08/13 4:51:36 ET
Table 'Dejopeja' 10-max Seat #7 is the button
Seat 6: Ag3r0n ($98 in chips)
Seat 7: batman-K8 ($172.50 in chips)
batman-K8: posts small blind $1
Ag3r0n: posts big blind $3
*** HOLE CARDS ***
batman-K8: folds
Uncalled bet ($2) returned to Ag3r0n
Ag3r0n collected $2 from pot
*** SUMMARY ***
Total pot $2 | Rake $0
Seat 6: Ag3r0n (big blind) collected ($2)
Seat 7: batman-K8 (button) (small blind) folded before Flop


PokerStars Hand #157214627463:  Hold'em Limit ($3/$6 USD) - 2016/08/13 4:51:17 ET
Table 'Dejopeja' 10-max Seat #6 is the button
Seat 6: Ag3r0n ($83.50 in chips)
Seat 7: batman-K8 ($187.50 in chips)
Ag3r0n: posts small blind $1
batman-K8: posts big blind $3
*** HOLE CARDS ***
Ag3r0n: raises $3 to $6
batman-K8: calls $3
*** FLOP *** [3d Qh 3h]
batman-K8: bets $3
Ag3r0n: calls $3
*** TURN *** [3d Qh 3h] [Tc]
batman-K8: checks
Ag3r0n: bets $6
batman-K8: calls $6
*** RIVER *** [3d Qh 3h Tc] [Ts]
batman-K8: checks
Ag3r0n: bets $6
batman-K8: folds
Uncalled bet ($6) returned to Ag3r0n
Ag3r0n collected $29.50 from pot
*** SUMMARY ***
Total pot $30 | Rake $0.50
Board [3d Qh 3h Tc Ts]
Seat 6: Ag3r0n (button) (small blind) collected ($29.50)
Seat 7: batman-K8 (big blind) folded on the River


PokerStars Hand #157214638866:  Hold'em Limit ($3/$6 USD) - 2016/08/13 4:51:52 ET
Table 'Dejopeja' 10-max Seat #7 is the button
Seat 6: Ag3r0n ($104.76 in chips)
Seat 7: batman-K8 ($165.50 in chips)
batman-K8: posts small blind $1
Ag3r0n: posts big blind $3
*** HOLE CARDS ***
batman-K8: calls $2
Ag3r0n: raises $3 to $6
batman-K8: calls $3
*** FLOP *** [5s Ad Ac]
Ag3r0n: bets $3
batman-K8: folds
Uncalled bet ($3) returned to Ag3r0n
Ag3r0n collected $11.76 from pot
*** SUMMARY ***
Total pot $12 | Rake $0.24
Board [5s Ad Ac]
Seat 6: Ag3r0n (big blind) collected ($11.76)
Seat 7: batman-K8 (button) (small blind) folded on the Flop


PokerStars Hand #157214635390:  Hold'em Limit ($3/$6 USD) - 2016/08/13 4:51:41 ET
Table 'Dejopeja' 10-max Seat #6 is the button
Seat 6: Ag3r0n ($99 in chips)
Seat 7: batman-K8 ($171.50 in chips)
Ag3r0n: posts small blind $1
batman-K8: posts big blind $3
*** HOLE CARDS ***
Ag3r0n: raises $3 to $6
batman-K8: calls $3
*** FLOP *** [Ac 8s Tc]
batman-K8: checks
Ag3r0n: bets $3
batman-K8: folds
Uncalled bet ($3) returned to Ag3r0n
Ag3r0n collected $11.76 from pot
*** SUMMARY ***
Total pot $12 | Rake $0.24
Board [Ac 8s Tc]
Seat 6: Ag3r0n (button) (small blind) collected ($11.76)
Seat 7: batman-K8 (big blind) folded on the Flop


PokerStars Hand #157214642202:  Hold'em Limit ($3/$6 USD) - 2016/08/13 4:52:02 ET
Table 'Dejopeja' 10-max Seat #6 is the button
Seat 6: Ag3r0n ($110.52 in chips)
Seat 7: batman-K8 ($159.50 in chips)
Ag3r0n: posts small blind $1
batman-K8: posts big blind $3
*** HOLE CARDS ***
Ag3r0n: raises $3 to $6
batman-K8: calls $3
*** FLOP *** [4d 7s Qc]
batman-K8: bets $3
Ag3r0n: calls $3
*** TURN *** [4d 7s Qc] [8c]
batman-K8: bets $6
Ag3r0n: folds
Uncalled bet ($6) returned to batman-K8
batman-K8 collected $17.64 from pot
*** SUMMARY ***
Total pot $18 | Rake $0.36
Board [4d 7s Qc 8c]
Seat 6: Ag3r0n (button) (small blind) folded on the Turn
Seat 7: batman-K8 (big blind) collected ($17.64)


PokerStars Hand #157214647423:  Hold'em Limit ($3/$6 USD) - 2016/08/13 4:52:18 ET
Table 'Dejopeja' 10-max Seat #7 is the button
Seat 6: Ag3r0n ($101.52 in chips)
Seat 7: batman-K8 ($168.14 in chips)
batman-K8: posts small blind $1
Ag3r0n: posts big blind $3
*** HOLE CARDS ***
batman-K8: raises $3 to $6
Ag3r0n: calls $3
*** FLOP *** [5c 3s 6h]
Ag3r0n: checks
batman-K8: bets $3
Ag3r0n: calls $3
*** TURN *** [5c 3s 6h] [3d]
Ag3r0n: checks
batman-K8: bets $6
Ag3r0n: folds
Uncalled bet ($6) returned to batman-K8
batman-K8 collected $17.64 from pot
*** SUMMARY ***
Total pot $18 | Rake $0.36
Board [5c 3s 6h 3d]
Seat 6: Ag3r0n (big blind) folded on the Turn
Seat 7: batman-K8 (button) (small blind) collected ($17.64)


PokerStars Hand #157214651489:  Hold'em Limit ($3/$6 USD) - 2016/08/13 4:52:30 ET
Table 'Dejopeja' 10-max Seat #6 is the button
Seat 6: Ag3r0n ($92.52 in chips)
Seat 7: batman-K8 ($176.78 in chips)
Ag3r0n: posts small blind $1
batman-K8: posts big blind $3
*** HOLE CARDS ***
Ag3r0n: raises $3 to $6
batman-K8: calls $3
*** FLOP *** [9h 4c Tc]
batman-K8: bets $3
Ag3r0n: calls $3
*** TURN *** [9h 4c Tc] [Js]
batman-K8: bets $6
Ag3r0n: folds
Uncalled bet ($6) returned to batman-K8
batman-K8 collected $17.64 from pot
*** SUMMARY ***
Total pot $18 | Rake $0.36
Board [9h 4c Tc Js]
Seat 6: Ag3r0n (button) (small blind) folded on the Turn
Seat 7: batman-K8 (big blind) collected ($17.64)


PokerStars Hand #157214655585:  Hold'em Limit ($3/$6 USD) - 2016/08/13 4:52:43 ET
Table 'Dejopeja' 10-max Seat #7 is the button
Seat 6: Ag3r0n ($83.52 in chips)
Seat 7: batman-K8 ($185.42 in chips)
batman-K8: posts small blind $1
Ag3r0n: posts big blind $3
*** HOLE CARDS ***
batman-K8: calls $2
Ag3r0n: checks
*** FLOP *** [Jd Td Qc]
Ag3r0n: checks
batman-K8: bets $3
Ag3r0n: folds
Uncalled bet ($3) returned to batman-K8
batman-K8 collected $5.88 from pot
*** SUMMARY ***
Total pot $6 | Rake $0.12
Board [Jd Td Qc]
Seat 6: Ag3r0n (big blind) folded on the Flop
Seat 7: batman-K8 (button) (small blind) collected ($5.88)


PokerStars Hand #157214658751:  Hold'em Limit ($3/$6 USD) - 2016/08/13 4:52:52 ET
Table 'Dejopeja' 10-max Seat #6 is the button
Seat 6: Ag3r0n ($80.52 in chips)
Seat 7: batman-K8 ($188.30 in chips)
Ag3r0n: posts small blind $1
batman-K8: posts big blind $3
*** HOLE CARDS ***
Ag3r0n: raises $3 to $6
batman-K8: raises $3 to $9
Ag3r0n: calls $3
*** FLOP *** [Kh Qd Th]
batman-K8: bets $3
Ag3r0n: calls $3
*** TURN *** [Kh Qd Th] [3s]
batman-K8: bets $6
Ag3r0n: calls $6
*** RIVER *** [Kh Qd Th 3s] [8s]
batman-K8: bets $6
Ag3r0n: calls $6
*** SHOW DOWN ***
batman-K8: shows [9c Td] (a pair of Tens)
Ag3r0n: shows [Kc 5h] (a pair of Kings)
Ag3r0n collected $47.50 from pot
*** SUMMARY ***
Total pot $48 | Rake $0.50
Board [Kh Qd Th 3s 8s]
Seat 6: Ag3r0n (button) (small blind) showed [Kc 5h] and won ($47.50) with a pair of Kings
Seat 7: batman-K8 (big blind) showed [9c Td] and lost with a pair of Tens


PokerStars Hand #157214678928:  Hold'em Limit ($3/$6 USD) - 2016/08/13 4:53:53 ET
Table 'Dejopeja' 10-max Seat #7 is the button
Seat 6: Ag3r0n ($72 in chips)
Seat 7: batman-K8 ($221.30 in chips)
batman-K8: posts small blind $1
Ag3r0n: posts big blind $3
*** HOLE CARDS ***
batman-K8: calls $2
Ag3r0n: raises $3 to $6
batman-K8: calls $3
*** FLOP *** [6h Ts Kd]
Ag3r0n: bets $3
batman-K8: calls $3
*** TURN *** [6h Ts Kd] [Jc]
Ag3r0n: checks
batman-K8: bets $6
Ag3r0n: folds
Uncalled bet ($6) returned to batman-K8
batman-K8 collected $17.64 from pot
*** SUMMARY ***
Total pot $18 | Rake $0.36
Board [6h Ts Kd Jc]
Seat 6: Ag3r0n (big blind) folded on the Turn
Seat 7: batman-K8 (button) (small blind) collected ($17.64)


PokerStars Hand #157214671489:  Hold'em Limit ($3/$6 USD) - 2016/08/13 4:53:31 ET
Table 'Dejopeja' 10-max Seat #7 is the button
Seat 6: Ag3r0n ($79.02 in chips)
Seat 7: batman-K8 ($188.80 in chips)
batman-K8: posts small blind $1
Ag3r0n: posts big blind $3
*** HOLE CARDS ***
batman-K8: raises $3 to $6
Ag3r0n: folds
Uncalled bet ($3) returned to batman-K8
batman-K8 collected $6 from pot
*** SUMMARY ***
Total pot $6 | Rake $0
Seat 6: Ag3r0n (big blind) folded before Flop
Seat 7: batman-K8 (button) (small blind) collected ($6)


PokerStars Hand #157214669802:  Hold'em Limit ($3/$6 USD) - 2016/08/13 4:53:26 ET
Table 'Dejopeja' 10-max Seat #6 is the button
Seat 6: Ag3r0n ($80.02 in chips)
Seat 7: batman-K8 ($187.80 in chips)
Ag3r0n: posts small blind $1
batman-K8: posts big blind $3
*** HOLE CARDS ***
Ag3r0n: folds
Uncalled bet ($2) returned to batman-K8
batman-K8 collected $2 from pot
*** SUMMARY ***
Total pot $2 | Rake $0
Seat 6: Ag3r0n (button) (small blind) folded before Flop
Seat 7: batman-K8 (big blind) collected ($2)


PokerStars Hand #157214663340:  Hold'em Limit ($3/$6 USD) - 2016/08/13 4:53:06 ET
Table 'Dejopeja' 10-max Seat #7 is the button
Seat 6: Ag3r0n ($104.02 in chips)
Seat 7: batman-K8 ($164.30 in chips)
batman-K8: posts small blind $1
Ag3r0n: posts big blind $3
*** HOLE CARDS ***
batman-K8: calls $2
Ag3r0n: raises $3 to $6
batman-K8: calls $3
*** FLOP *** [5c 7h 9h]
Ag3r0n: bets $3
batman-K8: raises $3 to $6
Ag3r0n: calls $3
*** TURN *** [5c 7h 9h] [3d]
Ag3r0n: checks
batman-K8: bets $6
Ag3r0n: calls $6
*** RIVER *** [5c 7h 9h 3d] [3s]
Ag3r0n: checks
batman-K8: bets $6
Ag3r0n: calls $6
*** SHOW DOWN ***
batman-K8: shows [6s 5h] (two pair, Fives and Threes)
Ag3r0n: mucks hand
batman-K8 collected $47.50 from pot
*** SUMMARY ***
Total pot $48 | Rake $0.50
Board [5c 7h 9h 3d 3s]
Seat 6: Ag3r0n (big blind) mucked
Seat 7: batman-K8 (button) (small blind) showed [6s 5h] and won ($47.50) with two pair, Fives and Threes


PokerStars Hand #157214673324:  Hold'em Limit ($3/$6 USD) - 2016/08/13 4:53:36 ET
Table 'Dejopeja' 10-max Seat #6 is the button
Seat 6: Ag3r0n ($76.02 in chips)
Seat 7: batman-K8 ($191.80 in chips)
Ag3r0n: posts small blind $1
batman-K8: posts big blind $3
*** HOLE CARDS ***
Ag3r0n: raises $3 to $6
batman-K8: raises $3 to $9
Ag3r0n: calls $3
*** FLOP *** [9h Jd Kc]
batman-K8: bets $3
Ag3r0n: calls $3
*** TURN *** [9h Jd Kc] [Ks]
batman-K8: bets $6
Ag3r0n: raises $6 to $12
batman-K8: calls $6
*** RIVER *** [9h Jd Kc Ks] [4d]
batman-K8: checks
Ag3r0n: bets $6
batman-K8: calls $6
*** SHOW DOWN ***
Ag3r0n: shows [8s Ts] (a pair of Kings)
batman-K8: shows [8c Ac] (a pair of Kings - Ace kicker)
batman-K8 collected $59.50 from pot
*** SUMMARY ***
Total pot $60 | Rake $0.50
Board [9h Jd Kc Ks 4d]
Seat 6: Ag3r0n (button) (small blind) showed [8s Ts] and lost with a pair of Kings
Seat 7: batman-K8 (big blind) showed [8c Ac] and won ($59.50) with a pair of Kings


PokerStars Hand #157214699030:  Hold'em Limit ($3/$6 USD) - 2016/08/13 4:54:54 ET
Table 'Dejopeja' 10-max Seat #7 is the button
Seat 6: Ag3r0n ($113.02 in chips)
Seat 7: batman-K8 ($187.94 in chips)
batman-K8: posts small blind $1
Ag3r0n: posts big blind $3
*** HOLE CARDS ***
batman-K8: folds
Uncalled bet ($2) returned to Ag3r0n
Ag3r0n collected $2 from pot
*** SUMMARY ***
Total pot $2 | Rake $0
Seat 6: Ag3r0n (big blind) collected ($2)
Seat 7: batman-K8 (button) (small blind) folded before Flop


PokerStars Hand #157214695839:  Hold'em Limit ($3/$6 USD) - 2016/08/13 4:54:44 ET
Table 'Dejopeja' 10-max Seat #6 is the button
Seat 6: Ag3r0n ($110.02 in chips)
Seat 7: batman-K8 ($190.94 in chips)
Ag3r0n: posts small blind $1
batman-K8: posts big blind $3
*** HOLE CARDS ***
Ag3r0n: raises $3 to $6
batman-K8: folds
Uncalled bet ($3) returned to Ag3r0n
Ag3r0n collected $6 from pot
*** SUMMARY ***
Total pot $6 | Rake $0
Seat 6: Ag3r0n (button) (small blind) collected ($6)
Seat 7: batman-K8 (big blind) folded before Flop


PokerStars Hand #157214690651:  Hold'em Limit ($3/$6 USD) - 2016/08/13 4:54:29 ET
Table 'Dejopeja' 10-max Seat #7 is the button
Seat 6: Ag3r0n ($98.50 in chips)
Seat 7: batman-K8 ($202.94 in chips)
batman-K8: posts small blind $1
Ag3r0n: posts big blind $3
*** HOLE CARDS ***
batman-K8: calls $2
Ag3r0n: checks
*** FLOP *** [3d Js Ac]
Ag3r0n: bets $3
batman-K8: calls $3
*** TURN *** [3d Js Ac] [Qd]
Ag3r0n: bets $6
batman-K8: calls $6
*** RIVER *** [3d Js Ac Qd] [5s]
Ag3r0n: bets $6
batman-K8: folds
Uncalled bet ($6) returned to Ag3r0n
Ag3r0n collected $23.52 from pot
*** SUMMARY ***
Total pot $24 | Rake $0.48
Board [3d Js Ac Qd 5s]
Seat 6: Ag3r0n (big blind) collected ($23.52)
Seat 7: batman-K8 (button) (small blind) folded on the River


PokerStars Hand #157214702421:  Hold'em Limit ($3/$6 USD) - 2016/08/13 4:55:04 ET
Table 'Dejopeja' 10-max Seat #7 is the button
Seat 6: Ag3r0n ($113.02 in chips)
Seat 7: batman-K8 ($187.94 in chips)
batman-K8: posts small blind $1
Ag3r0n: posts big blind $3
*** HOLE CARDS ***
batman-K8: calls $2
Ag3r0n: raises $3 to $6
batman-K8: calls $3
*** FLOP *** [Kd Qh 3s]
Ag3r0n: bets $3
batman-K8: folds
Uncalled bet ($3) returned to Ag3r0n
Ag3r0n collected $11.76 from pot
*** SUMMARY ***
Total pot $12 | Rake $0.24
Board [Kd Qh 3s]
Seat 6: Ag3r0n (big blind) collected ($11.76)
Seat 7: batman-K8 (button) (small blind) folded on the Flop


PokerStars Hand #157214700832:  Hold'em Limit ($3/$6 USD) - 2016/08/13 4:54:59 ET
Table 'Dejopeja' 10-max Seat #6 is the button
Seat 6: Ag3r0n ($114.02 in chips)
Seat 7: batman-K8 ($186.94 in chips)
Ag3r0n: posts small blind $1
batman-K8: posts big blind $3
*** HOLE CARDS ***
Ag3r0n: folds
Uncalled bet ($2) returned to batman-K8
batman-K8 collected $2 from pot
*** SUMMARY ***
Total pot $2 | Rake $0
Seat 6: Ag3r0n (button) (small blind) folded before Flop
Seat 7: batman-K8 (big blind) collected ($2)


PokerStars Hand #157214684210:  Hold'em Limit ($3/$6 USD) - 2016/08/13 4:54:09 ET
Table 'Dejopeja' 10-max Seat #6 is the button
Seat 6: Ag3r0n ($72 in chips)
Seat 7: batman-K8 ($229.94 in chips)
Ag3r0n: posts small blind $1
batman-K8: posts big blind $3
*** HOLE CARDS ***
Ag3r0n: raises $3 to $6
batman-K8: calls $3
*** FLOP *** [As 6d Kh]
batman-K8: bets $3
Ag3r0n: calls $3
*** TURN *** [As 6d Kh] [4c]
batman-K8: bets $6
Ag3r0n: calls $6
*** RIVER *** [As 6d Kh 4c] [5s]
batman-K8: bets $6
Ag3r0n: raises $6 to $12
batman-K8: calls $6
*** SHOW DOWN ***
Ag3r0n: shows [Ah 7h] (a pair of Aces)
batman-K8: mucks hand
Ag3r0n collected $53.50 from pot
*** SUMMARY ***
Total pot $54 | Rake $0.50
Board [As 6d Kh 4c 5s]
Seat 6: Ag3r0n (button) (small blind) showed [Ah 7h] and won ($53.50) with a pair of Aces
Seat 7: batman-K8 (big blind) mucked


PokerStars Hand #157214715975:  Hold'em Limit ($3/$6 USD) - 2016/08/13 4:55:49 ET
Table 'Dejopeja' 10-max Seat #6 is the button
Seat 6: Ag3r0n ($102.78 in chips)
Seat 7: batman-K8 ($197.34 in chips)
Ag3r0n: posts small blind $1
batman-K8: posts big blind $3
*** HOLE CARDS ***
Ag3r0n: raises $3 to $6
batman-K8: raises $3 to $9
Ag3r0n: calls $3
*** FLOP *** [3s 4c Td]
batman-K8: bets $3
Ag3r0n: calls $3
*** TURN *** [3s 4c Td] [5c]
batman-K8: bets $6
Ag3r0n: calls $6
*** RIVER *** [3s 4c Td 5c] [7d]
batman-K8: bets $6
Ag3r0n: raises $6 to $12
batman-K8: calls $6
*** SHOW DOWN ***
Ag3r0n: shows [4d 5d] (two pair, Fives and Fours)
batman-K8: shows [Tc Th] (three of a kind, Tens)
batman-K8 collected $59.50 from pot
*** SUMMARY ***
Total pot $60 | Rake $0.50
Board [3s 4c Td 5c 7d]
Seat 6: Ag3r0n (button) (small blind) showed [4d 5d] and lost with two pair, Fives and Fours
Seat 7: batman-K8 (big blind) showed [Tc Th] and won ($59.50) with three of a kind, Tens


PokerStars Hand #157214723578:  Hold'em Limit ($3/$6 USD) - 2016/08/13 4:56:14 ET
Table 'Dejopeja' 10-max Seat #6 is the button
Seat 6: Ag3r0n ($78.54 in chips)
Seat 7: batman-K8 ($220.84 in chips)
Ag3r0n: posts small blind $1
batman-K8: posts big blind $3
*** HOLE CARDS ***
Ag3r0n: folds
Uncalled bet ($2) returned to batman-K8
batman-K8 collected $2 from pot
*** SUMMARY ***
Total pot $2 | Rake $0
Seat 6: Ag3r0n (button) (small blind) folded before Flop
Seat 7: batman-K8 (big blind) collected ($2)


PokerStars Hand #157214720480:  Hold'em Limit ($3/$6 USD) - 2016/08/13 4:56:04 ET
Table 'Dejopeja' 10-max Seat #7 is the button
Seat 6: Ag3r0n ($72.78 in chips)
Seat 7: batman-K8 ($226.84 in chips)
batman-K8: posts small blind $1
Ag3r0n: posts big blind $3
*** HOLE CARDS ***
batman-K8: calls $2
Ag3r0n: raises $3 to $6
batman-K8: calls $3
*** FLOP *** [Kd 5h 5d]
Ag3r0n: bets $3
batman-K8: folds
Uncalled bet ($3) returned to Ag3r0n
Ag3r0n collected $11.76 from pot
*** SUMMARY ***
Total pot $12 | Rake $0.24
Board [Kd 5h 5d]
Seat 6: Ag3r0n (big blind) collected ($11.76)
Seat 7: batman-K8 (button) (small blind) folded on the Flop


PokerStars Hand #157214711788:  Hold'em Limit ($3/$6 USD) - 2016/08/13 4:55:35 ET
Table 'Dejopeja' 10-max Seat #6 is the button
Seat 6: Ag3r0n ($106.78 in chips)
Seat 7: batman-K8 ($193.46 in chips)
Ag3r0n: posts small blind $1
batman-K8: posts big blind $3
*** HOLE CARDS ***
Ag3r0n: folds
Uncalled bet ($2) returned to batman-K8
batman-K8 collected $2 from pot
*** SUMMARY ***
Total pot $2 | Rake $0
Seat 6: Ag3r0n (button) (small blind) folded before Flop
Seat 7: batman-K8 (big blind) collected ($2)


PokerStars Hand #157214708726:  Hold'em Limit ($3/$6 USD) - 2016/08/13 4:55:24 ET
Table 'Dejopeja' 10-max Seat #7 is the button
Seat 6: Ag3r0n ($109.78 in chips)
Seat 7: batman-K8 ($190.58 in chips)
batman-K8: posts small blind $1
Ag3r0n: posts big blind $3
*** HOLE CARDS ***
batman-K8: calls $2
Ag3r0n: checks
*** FLOP *** [2c 9c 7s]
Ag3r0n: checks
batman-K8: bets $3
Ag3r0n: folds
Uncalled bet ($3) returned to batman-K8
batman-K8 collected $5.88 from pot
*** SUMMARY ***
Total pot $6 | Rake $0.12
Board [2c 9c 7s]
Seat 6: Ag3r0n (big blind) folded on the Flop
Seat 7: batman-K8 (button) (small blind) collected ($5.88)


PokerStars Hand #157214705351:  Hold'em Limit ($3/$6 USD) - 2016/08/13 4:55:13 ET
Table 'Dejopeja' 10-max Seat #6 is the button
Seat 6: Ag3r0n ($118.78 in chips)
Seat 7: batman-K8 ($181.94 in chips)
Ag3r0n: posts small blind $1
batman-K8: posts big blind $3
*** HOLE CARDS ***
Ag3r0n: raises $3 to $6
batman-K8: raises $3 to $9
Ag3r0n: calls $3
*** FLOP *** [2c 7c As]
batman-K8: bets $3
Ag3r0n: folds
Uncalled bet ($3) returned to batman-K8
batman-K8 collected $17.64 from pot
*** SUMMARY ***
Total pot $18 | Rake $0.36
Board [2c 7c As]
Seat 6: Ag3r0n (button) (small blind) folded on the Flop
Seat 7: batman-K8 (big blind) collected ($17.64)


PokerStars Hand #157214713250:  Hold'em Limit ($3/$6 USD) - 2016/08/13 4:55:39 ET
Table 'Dejopeja' 10-max Seat #7 is the button
Seat 6: Ag3r0n ($105.78 in chips)
Seat 7: batman-K8 ($194.46 in chips)
batman-K8: posts small blind $1
Ag3r0n: posts big blind $3
*** HOLE CARDS ***
batman-K8: calls $2
Ag3r0n: checks
*** FLOP *** [Qh 3h Qc]
Ag3r0n: checks
batman-K8: bets $3
Ag3r0n: folds
Uncalled bet ($3) returned to batman-K8
batman-K8 collected $5.88 from pot
*** SUMMARY ***
Total pot $6 | Rake $0.12
Board [Qh 3h Qc]
Seat 6: Ag3r0n (big blind) folded on the Flop
Seat 7: batman-K8 (button) (small blind) collected ($5.88)


PokerStars Hand #157214728015:  Hold'em Limit ($3/$6 USD) - 2016/08/13 4:56:29 ET
Table 'Dejopeja' 10-max Seat #6 is the button
Seat 6: Ag3r0n ($83.30 in chips)
Seat 7: batman-K8 ($215.84 in chips)
Ag3r0n: posts small blind $1
batman-K8: posts big blind $3
*** HOLE CARDS ***
Ag3r0n: raises $3 to $6
batman-K8: raises $3 to $9
Ag3r0n: calls $3
*** FLOP *** [9c 2s 5h]
batman-K8: bets $3
Ag3r0n: calls $3
*** TURN *** [9c 2s 5h] [9d]
batman-K8: bets $6
Ag3r0n: folds
Uncalled bet ($6) returned to batman-K8
batman-K8 collected $23.52 from pot
*** SUMMARY ***
Total pot $24 | Rake $0.48
Board [9c 2s 5h 9d]
Seat 6: Ag3r0n (button) (small blind) folded on the Turn
Seat 7: batman-K8 (big blind) collected ($23.52)


PokerStars Hand #157214725211:  Hold'em Limit ($3/$6 USD) - 2016/08/13 4:56:20 ET
Table 'Dejopeja' 10-max Seat #7 is the button
Seat 6: Ag3r0n ($77.54 in chips)
Seat 7: batman-K8 ($221.84 in chips)
batman-K8: posts small blind $1
Ag3r0n: posts big blind $3
*** HOLE CARDS ***
batman-K8: calls $2
Ag3r0n: raises $3 to $6
batman-K8: calls $3
*** FLOP *** [2h 5c Jd]
Ag3r0n: bets $3
batman-K8: folds
Uncalled bet ($3) returned to Ag3r0n
Ag3r0n collected $11.76 from pot
*** SUMMARY ***
Total pot $12 | Rake $0.24
Board [2h 5c Jd]
Seat 6: Ag3r0n (big blind) collected ($11.76)
Seat 7: batman-K8 (button) (small blind) folded on the Flop


PokerStars Hand #157214733898:  Hold'em Limit ($3/$6 USD) - 2016/08/13 4:56:49 ET
Table 'Dejopeja' 10-max Seat #6 is the button
Seat 6: Ag3r0n ($72 in chips)
Seat 7: batman-K8 ($230.36 in chips)
Ag3r0n: posts small blind $1
batman-K8: posts big blind $3
*** HOLE CARDS ***
Ag3r0n: raises $3 to $6
batman-K8: calls $3
*** FLOP *** [Ts 7h Qc]
batman-K8: checks
Ag3r0n: bets $3
batman-K8: folds
Uncalled bet ($3) returned to Ag3r0n
Ag3r0n collected $11.76 from pot
*** SUMMARY ***
Total pot $12 | Rake $0.24
Board [Ts 7h Qc]
Seat 6: Ag3r0n (button) (small blind) collected ($11.76)
Seat 7: batman-K8 (big blind) folded on the Flop


PokerStars Hand #157214737093:  Hold'em Limit ($3/$6 USD) - 2016/08/13 4:56:59 ET
Table 'Dejopeja' 10-max Seat #7 is the button
Seat 6: Ag3r0n ($77.76 in chips)
Seat 7: batman-K8 ($224.36 in chips)
batman-K8: posts small blind $1
Ag3r0n: posts big blind $3
*** HOLE CARDS ***
batman-K8: calls $2
Ag3r0n: checks
*** FLOP *** [Kd Td Ah]
Ag3r0n: checks
batman-K8: bets $3
Ag3r0n: folds
Uncalled bet ($3) returned to batman-K8
batman-K8 collected $5.88 from pot
*** SUMMARY ***
Total pot $6 | Rake $0.12
Board [Kd Td Ah]
Seat 6: Ag3r0n (big blind) folded on the Flop
Seat 7: batman-K8 (button) (small blind) collected ($5.88)


PokerStars Hand #157214731872:  Hold'em Limit ($3/$6 USD) - 2016/08/13 4:56:42 ET
Table 'Dejopeja' 10-max Seat #7 is the button
Seat 6: Ag3r0n ($72 in chips)
Seat 7: batman-K8 ($227.36 in chips)
batman-K8: posts small blind $1
Ag3r0n: posts big blind $3
*** HOLE CARDS ***
batman-K8: raises $3 to $6
Ag3r0n: folds
Uncalled bet ($3) returned to batman-K8
batman-K8 collected $6 from pot
*** SUMMARY ***
Total pot $6 | Rake $0
Seat 6: Ag3r0n (big blind) folded before Flop
Seat 7: batman-K8 (button) (small blind) collected ($6)


PokerStars Hand #157214752500:  Hold'em Limit ($3/$6 USD) - 2016/08/13 4:57:50 ET
Table 'Dejopeja' 10-max Seat #7 is the button
Seat 6: Ag3r0n ($104.02 in chips)
Seat 7: batman-K8 ($197.12 in chips)
batman-K8: posts small blind $1
Ag3r0n: posts big blind $3
*** HOLE CARDS ***
batman-K8: calls $2
Ag3r0n: raises $3 to $6
batman-K8: calls $3
*** FLOP *** [Qc Ks 5s]
Ag3r0n: bets $3
batman-K8: raises $3 to $6
Ag3r0n: calls $3
*** TURN *** [Qc Ks 5s] [Jc]
Ag3r0n: checks
batman-K8: bets $6
Ag3r0n: raises $6 to $12
batman-K8: calls $6
*** RIVER *** [Qc Ks 5s Jc] [Ac]
Ag3r0n: bets $6
batman-K8: calls $6
*** SHOW DOWN ***
Ag3r0n: shows [Kh Ad] (two pair, Aces and Kings)
batman-K8: mucks hand
Ag3r0n collected $59.50 from pot
*** SUMMARY ***
Total pot $60 | Rake $0.50
Board [Qc Ks 5s Jc Ac]
Seat 6: Ag3r0n (big blind) showed [Kh Ad] and won ($59.50) with two pair, Aces and Kings
Seat 7: batman-K8 (button) (small blind) mucked


PokerStars Hand #157214758837:  Hold'em Limit ($3/$6 USD) - 2016/08/13 4:58:10 ET
Table 'Dejopeja' 10-max Seat #6 is the button
Seat 6: Ag3r0n ($133.52 in chips)
Seat 7: batman-K8 ($167.12 in chips)
Ag3r0n: posts small blind $1
batman-K8: posts big blind $3
*** HOLE CARDS ***
Ag3r0n: folds
Uncalled bet ($2) returned to batman-K8
batman-K8 collected $2 from pot
*** SUMMARY ***
Total pot $2 | Rake $0
Seat 6: Ag3r0n (button) (small blind) folded before Flop
Seat 7: batman-K8 (big blind) collected ($2)


PokerStars Hand #157214740473:  Hold'em Limit ($3/$6 USD) - 2016/08/13 4:57:10 ET
Table 'Dejopeja' 10-max Seat #6 is the button
Seat 6: Ag3r0n ($74.76 in chips)
Seat 7: batman-K8 ($227.24 in chips)
Ag3r0n: posts small blind $1
batman-K8: posts big blind $3
*** HOLE CARDS ***
Ag3r0n: raises $3 to $6
batman-K8: calls $3
*** FLOP *** [7s 9d 8s]
batman-K8: bets $3
Ag3r0n: calls $3
*** TURN *** [7s 9d 8s] [Jc]
batman-K8: bets $6
Ag3r0n: calls $6
*** RIVER *** [7s 9d 8s Jc] [3s]
batman-K8: bets $6
Ag3r0n: raises $6 to $12
batman-K8: calls $6
*** SHOW DOWN ***
Ag3r0n: shows [As 4s] (a flush, Ace high)
batman-K8: mucks hand
Ag3r0n collected $53.50 from pot
*** SUMMARY ***
Total pot $54 | Rake $0.50
Board [7s 9d 8s Jc 3s]
Seat 6: Ag3r0n (button) (small blind) showed [As 4s] and won ($53.50) with a flush, Ace high
Seat 7: batman-K8 (big blind) mucked


PokerStars Hand #157214745821:  Hold'em Limit ($3/$6 USD) - 2016/08/13 4:57:28 ET
Table 'Dejopeja' 10-max Seat #7 is the button
Seat 6: Ag3r0n ($101.26 in chips)
Seat 7: batman-K8 ($200.24 in chips)
batman-K8: posts small blind $1
Ag3r0n: posts big blind $3
*** HOLE CARDS ***
batman-K8: calls $2
Ag3r0n: checks
*** FLOP *** [Qh Qs Kd]
Ag3r0n: checks
batman-K8: bets $3
Ag3r0n: folds
Uncalled bet ($3) returned to batman-K8
batman-K8 collected $5.88 from pot
*** SUMMARY ***
Total pot $6 | Rake $0.12
Board [Qh Qs Kd]
Seat 6: Ag3r0n (big blind) folded on the Flop
Seat 7: batman-K8 (button) (small blind) collected ($5.88)


PokerStars Hand #157214749315:  Hold'em Limit ($3/$6 USD) - 2016/08/13 4:57:40 ET
Table 'Dejopeja' 10-max Seat #6 is the button
Seat 6: Ag3r0n ($98.26 in chips)
Seat 7: batman-K8 ($203.12 in chips)
Ag3r0n: posts small blind $1
batman-K8: posts big blind $3
*** HOLE CARDS ***
Ag3r0n: raises $3 to $6
batman-K8: calls $3
*** FLOP *** [8s Ac 8d]
batman-K8: checks
Ag3r0n: bets $3
batman-K8: folds
Uncalled bet ($3) returned to Ag3r0n
Ag3r0n collected $11.76 from pot
*** SUMMARY ***
Total pot $12 | Rake $0.24
Board [8s Ac 8d]
Seat 6: Ag3r0n (button) (small blind) collected ($11.76)
Seat 7: batman-K8 (big blind) folded on the Flop


PokerStars Hand #157214769765:  Hold'em Limit ($3/$6 USD) - 2016/08/13 4:58:46 ET
Table 'Dejopeja' 10-max Seat #6 is the button
Seat 6: Ag3r0n ($122.46 in chips)
Seat 7: batman-K8 ($177.70 in chips)
Ag3r0n: posts small blind $1
batman-K8: posts big blind $3
*** HOLE CARDS ***
Ag3r0n: folds
Uncalled bet ($2) returned to batman-K8
batman-K8 collected $2 from pot
*** SUMMARY ***
Total pot $2 | Rake $0
Seat 6: Ag3r0n (button) (small blind) folded before Flop
Seat 7: batman-K8 (big blind) collected ($2)


PokerStars Hand #157214765683:  Hold'em Limit ($3/$6 USD) - 2016/08/13 4:58:33 ET
Table 'Dejopeja' 10-max Seat #7 is the button
Seat 6: Ag3r0n ($122.52 in chips)
Seat 7: batman-K8 ($177.76 in chips)
batman-K8: posts small blind $1
Ag3r0n: posts big blind $3
*** HOLE CARDS ***
batman-K8: calls $2
Ag3r0n: checks
*** FLOP *** [2c As Ac]
Ag3r0n: checks
batman-K8: checks
*** TURN *** [2c As Ac] [9h]
Ag3r0n: checks
batman-K8: checks
*** RIVER *** [2c As Ac 9h] [Kd]
Ag3r0n: checks
batman-K8: checks
*** SHOW DOWN ***
Ag3r0n: shows [7c 3s] (a pair of Aces)
batman-K8: shows [6h 7d] (a pair of Aces)
Ag3r0n collected $2.94 from pot
batman-K8 collected $2.94 from pot
*** SUMMARY ***
Total pot $6 | Rake $0.12
Board [2c As Ac 9h Kd]
Seat 6: Ag3r0n (big blind) showed [7c 3s] and won ($2.94) with a pair of Aces
Seat 7: batman-K8 (button) (small blind) showed [6h 7d] and won ($2.94) with a pair of Aces


PokerStars Hand #157214776400:  Hold'em Limit ($3/$6 USD) - 2016/08/13 4:59:08 ET
Table 'Dejopeja' 10-max Seat #6 is the button
Seat 6: Ag3r0n ($85.46 in chips)
Seat 7: batman-K8 ($214.20 in chips)
Ag3r0n: posts small blind $1
batman-K8: posts big blind $3
*** HOLE CARDS ***
Ag3r0n: raises $3 to $6
batman-K8: calls $3
*** FLOP *** [4d Kd 2h]
batman-K8: checks
Ag3r0n: bets $3
batman-K8: folds
Uncalled bet ($3) returned to Ag3r0n
Ag3r0n collected $11.76 from pot
*** SUMMARY ***
Total pot $12 | Rake $0.24
Board [4d Kd 2h]
Seat 6: Ag3r0n (button) (small blind) collected ($11.76)
Seat 7: batman-K8 (big blind) folded on the Flop


PokerStars Hand #157214764229:  Hold'em Limit ($3/$6 USD) - 2016/08/13 4:58:28 ET
Table 'Dejopeja' 10-max Seat #6 is the button
Seat 6: Ag3r0n ($123.52 in chips)
Seat 7: batman-K8 ($176.76 in chips)
Ag3r0n: posts small blind $1
batman-K8: posts big blind $3
*** HOLE CARDS ***
Ag3r0n: folds
Uncalled bet ($2) returned to batman-K8
batman-K8 collected $2 from pot
*** SUMMARY ***
Total pot $2 | Rake $0
Seat 6: Ag3r0n (button) (small blind) folded before Flop
Seat 7: batman-K8 (big blind) collected ($2)


PokerStars Hand #157214760325:  Hold'em Limit ($3/$6 USD) - 2016/08/13 4:58:15 ET
Table 'Dejopeja' 10-max Seat #7 is the button
Seat 6: Ag3r0n ($132.52 in chips)
Seat 7: batman-K8 ($168.12 in chips)
batman-K8: posts small blind $1
Ag3r0n: posts big blind $3
*** HOLE CARDS ***
batman-K8: raises $3 to $6
Ag3r0n: calls $3
*** FLOP *** [2h 6d 8s]
Ag3r0n: checks
batman-K8: bets $3
Ag3r0n: calls $3
*** TURN *** [2h 6d 8s] [Ac]
Ag3r0n: checks
batman-K8: bets $6
Ag3r0n: folds
Uncalled bet ($6) returned to batman-K8
batman-K8 collected $17.64 from pot
*** SUMMARY ***
Total pot $18 | Rake $0.36
Board [2h 6d 8s Ac]
Seat 6: Ag3r0n (big blind) folded on the Turn
Seat 7: batman-K8 (button) (small blind) collected ($17.64)


PokerStars Hand #157214771081:  Hold'em Limit ($3/$6 USD) - 2016/08/13 4:58:50 ET
Table 'Dejopeja' 10-max Seat #7 is the button
Seat 6: Ag3r0n ($121.46 in chips)
Seat 7: batman-K8 ($178.70 in chips)
batman-K8: posts small blind $1
Ag3r0n: posts big blind $3
*** HOLE CARDS ***
batman-K8: calls $2
Ag3r0n: checks
*** FLOP *** [5d Js 7s]
Ag3r0n: bets $3
batman-K8: calls $3
*** TURN *** [5d Js 7s] [8h]
Ag3r0n: bets $6
batman-K8: raises $6 to $12
Ag3r0n: raises $6 to $18
batman-K8: raises $6 to $24
Betting is capped
Ag3r0n: calls $6
*** RIVER *** [5d Js 7s 8h] [2s]
Ag3r0n: checks
batman-K8: bets $6
Ag3r0n: calls $6
*** SHOW DOWN ***
batman-K8: shows [6d 9c] (a straight, Five to Nine)
Ag3r0n: mucks hand
batman-K8 collected $71.50 from pot
*** SUMMARY ***
Total pot $72 | Rake $0.50
Board [5d Js 7s 8h 2s]
Seat 6: Ag3r0n (big blind) mucked
Seat 7: batman-K8 (button) (small blind) showed [6d 9c] and won ($71.50) with a straight, Five to Nine


PokerStars Hand #157214779477:  Hold'em Limit ($3/$6 USD) - 2016/08/13 4:59:18 ET
Table 'Dejopeja' 10-max Seat #7 is the button
Seat 6: Ag3r0n ($91.22 in chips)
Seat 7: batman-K8 ($208.20 in chips)
batman-K8: posts small blind $1
Ag3r0n: posts big blind $3
*** HOLE CARDS ***
batman-K8: calls $2
Ag3r0n: raises $3 to $6
batman-K8: calls $3
*** FLOP *** [9c 5d Ks]
Ag3r0n: bets $3
batman-K8: folds
Uncalled bet ($3) returned to Ag3r0n
Ag3r0n collected $11.76 from pot
*** SUMMARY ***
Total pot $12 | Rake $0.24
Board [9c 5d Ks]
Seat 6: Ag3r0n (big blind) collected ($11.76)
Seat 7: batman-K8 (button) (small blind) folded on the Flop


PokerStars Hand #157214796929:  Hold'em Limit ($3/$6 USD) - 2016/08/13 5:00:15 ET
Table 'Dejopeja' 10-max Seat #7 is the button
Seat 6: Ag3r0n ($72 in chips)
Seat 7: batman-K8 ($266.70 in chips)
batman-K8: posts small blind $1
Ag3r0n: posts big blind $3
*** HOLE CARDS ***
batman-K8: folds
Uncalled bet ($2) returned to Ag3r0n
Ag3r0n collected $2 from pot
*** SUMMARY ***
Total pot $2 | Rake $0
Seat 6: Ag3r0n (big blind) collected ($2)
Seat 7: batman-K8 (button) (small blind) folded before Flop


PokerStars Hand #157214792453:  Hold'em Limit ($3/$6 USD) - 2016/08/13 5:00:00 ET
Table 'Dejopeja' 10-max Seat #6 is the button
Seat 6: Ag3r0n ($72 in chips)
Seat 7: batman-K8 ($243.20 in chips)
Ag3r0n: posts small blind $1
batman-K8: posts big blind $3
*** HOLE CARDS ***
Ag3r0n: raises $3 to $6
batman-K8: raises $3 to $9
Ag3r0n: calls $3
*** FLOP *** [5c Ah Jd]
batman-K8: bets $3
Ag3r0n: calls $3
*** TURN *** [5c Ah Jd] [2h]
batman-K8: bets $6
Ag3r0n: calls $6
*** RIVER *** [5c Ah Jd 2h] [3c]
batman-K8: bets $6
Ag3r0n: calls $6
*** SHOW DOWN ***
batman-K8: shows [Ad Ts] (a pair of Aces)
Ag3r0n: mucks hand
batman-K8 collected $47.50 from pot
*** SUMMARY ***
Total pot $48 | Rake $0.50
Board [5c Ah Jd 2h 3c]
Seat 6: Ag3r0n (button) (small blind) mucked
Seat 7: batman-K8 (big blind) showed [Ad Ts] and won ($47.50) with a pair of Aces


PokerStars Hand #157214782323:  Hold'em Limit ($3/$6 USD) - 2016/08/13 4:59:27 ET
Table 'Dejopeja' 10-max Seat #6 is the button
Seat 6: Ag3r0n ($96.98 in chips)
Seat 7: batman-K8 ($202.20 in chips)
Ag3r0n: posts small blind $1
batman-K8: posts big blind $3
*** HOLE CARDS ***
Ag3r0n: raises $3 to $6
batman-K8: raises $3 to $9
Ag3r0n: calls $3
*** FLOP *** [Qc 6h Kh]
batman-K8: bets $3
Ag3r0n: calls $3
*** TURN *** [Qc 6h Kh] [2c]
batman-K8: bets $6
Ag3r0n: calls $6
*** RIVER *** [Qc 6h Kh 2c] [Qd]
batman-K8: bets $6
Ag3r0n: calls $6
*** SHOW DOWN ***
batman-K8: shows [5s Qs] (three of a kind, Queens)
Ag3r0n: mucks hand
batman-K8 collected $47.50 from pot
*** SUMMARY ***
Total pot $48 | Rake $0.50
Board [Qc 6h Kh 2c Qd]
Seat 6: Ag3r0n (button) (small blind) mucked
Seat 7: batman-K8 (big blind) showed [5s Qs] and won ($47.50) with three of a kind, Queens


PokerStars Hand #157214802944:  Hold'em Limit ($3/$6 USD) - 2016/08/13 5:00:34 ET
Table 'Dejopeja' 10-max Seat #6 is the button
Seat 6: Ag3r0n ($79.76 in chips)
Seat 7: batman-K8 ($258.70 in chips)
Ag3r0n: posts small blind $1
batman-K8: posts big blind $3
*** HOLE CARDS ***
Ag3r0n: raises $3 to $6
batman-K8: calls $3
*** FLOP *** [Jc 5s 3s]
batman-K8: bets $3
Ag3r0n: calls $3
*** TURN *** [Jc 5s 3s] [As]
batman-K8: bets $6
Ag3r0n: calls $6
*** RIVER *** [Jc 5s 3s As] [Ac]
batman-K8: bets $6
Ag3r0n: raises $6 to $12
batman-K8: folds
Uncalled bet ($6) returned to Ag3r0n
Ag3r0n collected $41.50 from pot
*** SUMMARY ***
Total pot $42 | Rake $0.50
Board [Jc 5s 3s As Ac]
Seat 6: Ag3r0n (button) (small blind) collected ($41.50)
Seat 7: batman-K8 (big blind) folded on the River


PokerStars Hand #157214812831:  Hold'em Limit ($3/$6 USD) - 2016/08/13 5:01:06 ET
Table 'Dejopeja' 10-max Seat #6 is the button
Seat 6: Ag3r0n ($82.26 in chips)
Seat 7: batman-K8 ($255.20 in chips)
Ag3r0n: posts small blind $1
batman-K8: posts big blind $3
*** HOLE CARDS ***
Ag3r0n: raises $3 to $6
batman-K8: folds
Uncalled bet ($3) returned to Ag3r0n
Ag3r0n collected $6 from pot
*** SUMMARY ***
Total pot $6 | Rake $0
Seat 6: Ag3r0n (button) (small blind) collected ($6)
Seat 7: batman-K8 (big blind) folded before Flop


PokerStars Hand #157214808003:  Hold'em Limit ($3/$6 USD) - 2016/08/13 5:00:51 ET
Table 'Dejopeja' 10-max Seat #7 is the button
Seat 6: Ag3r0n ($100.26 in chips)
Seat 7: batman-K8 ($237.70 in chips)
batman-K8: posts small blind $1
Ag3r0n: posts big blind $3
*** HOLE CARDS ***
batman-K8: calls $2
Ag3r0n: checks
*** FLOP *** [3s 2s Kh]
Ag3r0n: checks
batman-K8: bets $3
Ag3r0n: calls $3
*** TURN *** [3s 2s Kh] [7c]
Ag3r0n: checks
batman-K8: bets $6
Ag3r0n: calls $6
*** RIVER *** [3s 2s Kh 7c] [8s]
Ag3r0n: checks
batman-K8: bets $6
Ag3r0n: calls $6
*** SHOW DOWN ***
batman-K8: shows [8d 2d] (two pair, Eights and Deuces)
Ag3r0n: mucks hand
batman-K8 collected $35.50 from pot
*** SUMMARY ***
Total pot $36 | Rake $0.50
Board [3s 2s Kh 7c 8s]
Seat 6: Ag3r0n (big blind) mucked
Seat 7: batman-K8 (button) (small blind) showed [8d 2d] and won ($35.50) with two pair, Eights and Deuces


PokerStars Hand #157214801377:  Hold'em Limit ($3/$6 USD) - 2016/08/13 5:00:29 ET
Table 'Dejopeja' 10-max Seat #7 is the button
Seat 6: Ag3r0n ($78.76 in chips)
Seat 7: batman-K8 ($259.70 in chips)
batman-K8: posts small blind $1
Ag3r0n: posts big blind $3
*** HOLE CARDS ***
batman-K8: folds
Uncalled bet ($2) returned to Ag3r0n
Ag3r0n collected $2 from pot
*** SUMMARY ***
Total pot $2 | Rake $0
Seat 6: Ag3r0n (big blind) collected ($2)
Seat 7: batman-K8 (button) (small blind) folded before Flop


PokerStars Hand #157214798406:  Hold'em Limit ($3/$6 USD) - 2016/08/13 5:00:20 ET
Table 'Dejopeja' 10-max Seat #6 is the button
Seat 6: Ag3r0n ($73 in chips)
Seat 7: batman-K8 ($265.70 in chips)
Ag3r0n: posts small blind $1
batman-K8: posts big blind $3
*** HOLE CARDS ***
Ag3r0n: raises $3 to $6
batman-K8: calls $3
*** FLOP *** [Kh 3h 2d]
batman-K8: checks
Ag3r0n: bets $3
batman-K8: folds
Uncalled bet ($3) returned to Ag3r0n
Ag3r0n collected $11.76 from pot
*** SUMMARY ***
Total pot $12 | Rake $0.24
Board [Kh 3h 2d]
Seat 6: Ag3r0n (button) (small blind) collected ($11.76)
Seat 7: batman-K8 (big blind) folded on the Flop


PokerStars Hand #157214814553:  Hold'em Limit ($3/$6 USD) - 2016/08/13 5:01:11 ET
Table 'Dejopeja' 10-max Seat #7 is the button
Seat 6: Ag3r0n ($85.26 in chips)
Seat 7: batman-K8 ($252.20 in chips)
batman-K8: posts small blind $1
Ag3r0n: posts big blind $3
*** HOLE CARDS ***
batman-K8: calls $2
Ag3r0n: checks
*** FLOP *** [8s 5h 5s]
Ag3r0n: bets $3
batman-K8: raises $3 to $6
Ag3r0n: calls $3
*** TURN *** [8s 5h 5s] [Qc]
Ag3r0n: checks
batman-K8: bets $6
Ag3r0n: calls $6
*** RIVER *** [8s 5h 5s Qc] [5c]
Ag3r0n: checks
batman-K8: bets $6
Ag3r0n: calls $6
*** SHOW DOWN ***
batman-K8: shows [Qs 2s] (a full house, Fives full of Queens)
Ag3r0n: mucks hand
batman-K8 collected $41.50 from pot
*** SUMMARY ***
Total pot $42 | Rake $0.50
Board [8s 5h 5s Qc 5c]
Seat 6: Ag3r0n (big blind) mucked
Seat 7: batman-K8 (button) (small blind) showed [Qs 2s] and won ($41.50) with a full house, Fives full of Queens


PokerStars Hand #157214819781:  Hold'em Limit ($3/$6 USD) - 2016/08/13 5:01:27 ET
Table 'Dejopeja' 10-max Seat #6 is the button
Seat 6: Ag3r0n ($72 in chips)
Seat 7: batman-K8 ($272.70 in chips)
Ag3r0n: posts small blind $1
batman-K8: posts big blind $3
*** HOLE CARDS ***
Ag3r0n: raises $3 to $6
batman-K8: calls $3
*** FLOP *** [4s Qc 9h]
batman-K8: bets $3
Ag3r0n: calls $3
*** TURN *** [4s Qc 9h] [3s]
batman-K8: bets $6
Ag3r0n: folds
Uncalled bet ($6) returned to batman-K8
batman-K8 collected $17.64 from pot
*** SUMMARY ***
Total pot $18 | Rake $0.36
Board [4s Qc 9h 3s]
Seat 6: Ag3r0n (button) (small blind) folded on the Turn
Seat 7: batman-K8 (big blind) collected ($17.64)


PokerStars Hand #157214827505:  Hold'em Limit ($3/$6 USD) - 2016/08/13 5:01:50 ET
Table 'Dejopeja' 10-max Seat #6 is the button
Seat 6: Ag3r0n ($74.88 in chips)
Seat 7: batman-K8 ($278.34 in chips)
Ag3r0n: posts small blind $1
batman-K8: posts big blind $3
*** HOLE CARDS ***
Ag3r0n: raises $3 to $6
batman-K8: calls $3
*** FLOP *** [4h 6c Qh]
batman-K8: bets $3
Ag3r0n: calls $3
*** TURN *** [4h 6c Qh] [4c]
batman-K8: bets $6
Ag3r0n: calls $6
*** RIVER *** [4h 6c Qh 4c] [Qs]
batman-K8: bets $6
Ag3r0n: calls $6
*** SHOW DOWN ***
batman-K8: shows [6d Js] (two pair, Queens and Sixes)
Ag3r0n: mucks hand
batman-K8 collected $41.50 from pot
*** SUMMARY ***
Total pot $42 | Rake $0.50
Board [4h 6c Qh 4c Qs]
Seat 6: Ag3r0n (button) (small blind) mucked
Seat 7: batman-K8 (big blind) showed [6d Js] and won ($41.50) with two pair, Queens and Sixes


PokerStars Hand #157214823722:  Hold'em Limit ($3/$6 USD) - 2016/08/13 5:01:39 ET
Table 'Dejopeja' 10-max Seat #7 is the button
Seat 6: Ag3r0n ($72 in chips)
Seat 7: batman-K8 ($281.34 in chips)
batman-K8: posts small blind $1
Ag3r0n: posts big blind $3
*** HOLE CARDS ***
batman-K8: calls $2
Ag3r0n: checks
*** FLOP *** [Ac 3h 2c]
Ag3r0n: checks
batman-K8: checks
*** TURN *** [Ac 3h 2c] [8c]
Ag3r0n: bets $6
batman-K8: folds
Uncalled bet ($6) returned to Ag3r0n
Ag3r0n collected $5.88 from pot
*** SUMMARY ***
Total pot $6 | Rake $0.12
Board [Ac 3h 2c 8c]
Seat 6: Ag3r0n (big blind) collected ($5.88)
Seat 7: batman-K8 (button) (small blind) folded on the Turn


PokerStars Hand #157214836847:  Hold'em Limit ($3/$6 USD) - 2016/08/13 5:02:18 ET
Table 'Dejopeja' 10-max Seat #6 is the button
Seat 6: Ag3r0n ($72 in chips)
Seat 7: batman-K8 ($301.72 in chips)
Ag3r0n: posts small blind $1
batman-K8: posts big blind $3
*** HOLE CARDS ***
Ag3r0n: raises $3 to $6
batman-K8: folds
Uncalled bet ($3) returned to Ag3r0n
Ag3r0n collected $6 from pot
*** SUMMARY ***
Total pot $6 | Rake $0
Seat 6: Ag3r0n (button) (small blind) collected ($6)
Seat 7: batman-K8 (big blind) folded before Flop


PokerStars Hand #157214832961:  Hold'em Limit ($3/$6 USD) - 2016/08/13 5:02:07 ET
Table 'Dejopeja' 10-max Seat #7 is the button
Seat 6: Ag3r0n ($72 in chips)
Seat 7: batman-K8 ($298.84 in chips)
batman-K8: posts small blind $1
Ag3r0n: posts big blind $3
*** HOLE CARDS ***
batman-K8: calls $2
Ag3r0n: checks
*** FLOP *** [7c 5h 7s]
Ag3r0n: checks
batman-K8: bets $3
Ag3r0n: folds
Uncalled bet ($3) returned to batman-K8
batman-K8 collected $5.88 from pot
*** SUMMARY ***
Total pot $6 | Rake $0.12
Board [7c 5h 7s]
Seat 6: Ag3r0n (big blind) folded on the Flop
Seat 7: batman-K8 (button) (small blind) collected ($5.88)


PokerStars Hand #157214846368:  Hold'em Limit ($3/$6 USD) - 2016/08/13 5:02:47 ET
Table 'Dejopeja' 10-max Seat #7 is the button
Seat 6: Ag3r0n ($77.76 in chips)
Seat 7: batman-K8 ($313.22 in chips)
batman-K8: posts small blind $1
Ag3r0n: posts big blind $3
*** HOLE CARDS ***
batman-K8: calls $2
Ag3r0n: checks
*** FLOP *** [9h Jc Ah]
Ag3r0n: checks
batman-K8: checks
*** TURN *** [9h Jc Ah] [4s]
Ag3r0n: checks
batman-K8: bets $6
Ag3r0n: calls $6
*** RIVER *** [9h Jc Ah 4s] [4d]
Ag3r0n: checks
batman-K8: bets $6
Ag3r0n: calls $6
*** SHOW DOWN ***
batman-K8: shows [3d 4c] (three of a kind, Fours)
Ag3r0n: mucks hand
batman-K8 collected $29.50 from pot
*** SUMMARY ***
Total pot $30 | Rake $0.50
Board [9h Jc Ah 4s 4d]
Seat 6: Ag3r0n (big blind) mucked
Seat 7: batman-K8 (button) (small blind) showed [3d 4c] and won ($29.50) with three of a kind, Fours


PokerStars Hand #157214843304:  Hold'em Limit ($3/$6 USD) - 2016/08/13 5:02:38 ET
Table 'Dejopeja' 10-max Seat #6 is the button
Seat 6: Ag3r0n ($72 in chips)
Seat 7: batman-K8 ($319.22 in chips)
Ag3r0n: posts small blind $1
batman-K8: posts big blind $3
*** HOLE CARDS ***
Ag3r0n: raises $3 to $6
batman-K8: calls $3
*** FLOP *** [Qs 9h Kc]
batman-K8: checks
Ag3r0n: bets $3
batman-K8: folds
Uncalled bet ($3) returned to Ag3r0n
Ag3r0n collected $11.76 from pot
*** SUMMARY ***
Total pot $12 | Rake $0.24
Board [Qs 9h Kc]
Seat 6: Ag3r0n (button) (small blind) collected ($11.76)
Seat 7: batman-K8 (big blind) folded on the Flop


PokerStars Hand #157214838565:  Hold'em Limit ($3/$6 USD) - 2016/08/13 5:02:24 ET
Table 'Dejopeja' 10-max Seat #7 is the button
Seat 6: Ag3r0n ($75 in chips)
Seat 7: batman-K8 ($298.72 in chips)
batman-K8: posts small blind $1
Ag3r0n: posts big blind $3
*** HOLE CARDS ***
batman-K8: calls $2
Ag3r0n: checks
*** FLOP *** [7h 7c Ah]
Ag3r0n: bets $3
batman-K8: raises $3 to $6
Ag3r0n: calls $3
*** TURN *** [7h 7c Ah] [Js]
Ag3r0n: checks
batman-K8: bets $6
Ag3r0n: calls $6
*** RIVER *** [7h 7c Ah Js] [Ac]
Ag3r0n: checks
batman-K8: bets $6
Ag3r0n: calls $6
*** SHOW DOWN ***
batman-K8: shows [7s 6d] (a full house, Sevens full of Aces)
Ag3r0n: mucks hand
batman-K8 collected $41.50 from pot
*** SUMMARY ***
Total pot $42 | Rake $0.50
Board [7h 7c Ah Js Ac]
Seat 6: Ag3r0n (big blind) mucked
Seat 7: batman-K8 (button) (small blind) showed [7s 6d] and won ($41.50) with a full house, Sevens full of Aces


PokerStars Hand #157214856121:  Hold'em Limit ($3/$6 USD) - 2016/08/13 5:03:15 ET
Table 'Dejopeja' 10-max Seat #7 is the button
Seat 6: Ag3r0n ($72 in chips)
Seat 7: batman-K8 ($348.22 in chips)
batman-K8: posts small blind $1
Ag3r0n: posts big blind $3
*** HOLE CARDS ***
batman-K8: raises $3 to $6
Ag3r0n: folds
Uncalled bet ($3) returned to batman-K8
batman-K8 collected $6 from pot
*** SUMMARY ***
Total pot $6 | Rake $0
Seat 6: Ag3r0n (big blind) folded before Flop
Seat 7: batman-K8 (button) (small blind) collected ($6)


PokerStars Hand #157214851534:  Hold'em Limit ($3/$6 USD) - 2016/08/13 5:03:02 ET
Table 'Dejopeja' 10-max Seat #6 is the button
Seat 6: Ag3r0n ($72 in chips)
Seat 7: batman-K8 ($327.72 in chips)
Ag3r0n: posts small blind $1
batman-K8: posts big blind $3
*** HOLE CARDS ***
Ag3r0n: raises $3 to $6
batman-K8: calls $3
*** FLOP *** [Tc 4h 2c]
batman-K8: bets $3
Ag3r0n: calls $3
*** TURN *** [Tc 4h 2c] [Td]
batman-K8: bets $6
Ag3r0n: calls $6
*** RIVER *** [Tc 4h 2c Td] [Ad]
batman-K8: bets $6
Ag3r0n: calls $6
*** SHOW DOWN ***
batman-K8: shows [Ts 2h] (a full house, Tens full of Deuces)
Ag3r0n: mucks hand
batman-K8 collected $41.50 from pot
*** SUMMARY ***
Total pot $42 | Rake $0.50
Board [Tc 4h 2c Td Ad]
Seat 6: Ag3r0n (button) (small blind) mucked
Seat 7: batman-K8 (big blind) showed [Ts 2h] and won ($41.50) with a full house, Tens full of Deuces


PokerStars Hand #157214858271:  Hold'em Limit ($3/$6 USD) - 2016/08/13 5:03:22 ET
Table 'Dejopeja' 10-max Seat #6 is the button
Seat 6: Ag3r0n ($72 in chips)
Seat 7: batman-K8 ($351.22 in chips)
Ag3r0n: posts small blind $1
batman-K8: posts big blind $3
*** HOLE CARDS ***
Ag3r0n: raises $3 to $6
batman-K8: folds
Uncalled bet ($3) returned to Ag3r0n
Ag3r0n collected $6 from pot
*** SUMMARY ***
Total pot $6 | Rake $0
Seat 6: Ag3r0n (button) (small blind) collected ($6)
Seat 7: batman-K8 (big blind) folded before Flop


PokerStars Hand #157214869879:  Hold'em Limit ($3/$6 USD) - 2016/08/13 5:03:56 ET
Table 'Dejopeja' 10-max Seat #7 is the button
Seat 6: Ag3r0n ($72 in chips)
Seat 7: batman-K8 ($356.72 in chips)
batman-K8: posts small blind $1
Ag3r0n: posts big blind $3
*** HOLE CARDS ***
batman-K8: calls $2
Ag3r0n: checks
*** FLOP *** [Td 4h 7c]
Ag3r0n: checks
batman-K8: checks
*** TURN *** [Td 4h 7c] [Ts]
Ag3r0n: bets $6
batman-K8: folds
Uncalled bet ($6) returned to Ag3r0n
Ag3r0n collected $5.88 from pot
*** SUMMARY ***
Total pot $6 | Rake $0.12
Board [Td 4h 7c Ts]
Seat 6: Ag3r0n (big blind) collected ($5.88)
Seat 7: batman-K8 (button) (small blind) folded on the Turn


PokerStars Hand #157214865565:  Hold'em Limit ($3/$6 USD) - 2016/08/13 5:03:44 ET
Table 'Dejopeja' 10-max Seat #6 is the button
Seat 6: Ag3r0n ($89.50 in chips)
Seat 7: batman-K8 ($333.22 in chips)
Ag3r0n: posts small blind $1
batman-K8: posts big blind $3
*** HOLE CARDS ***
Ag3r0n: raises $3 to $6
batman-K8: raises $3 to $9
Ag3r0n: calls $3
*** FLOP *** [6s Qh 6d]
batman-K8: bets $3
Ag3r0n: calls $3
*** TURN *** [6s Qh 6d] [2d]
batman-K8: bets $6
Ag3r0n: calls $6
*** RIVER *** [6s Qh 6d 2d] [3c]
batman-K8: bets $6
Ag3r0n: calls $6
*** SHOW DOWN ***
batman-K8: shows [Ks Qs] (two pair, Queens and Sixes)
Ag3r0n: mucks hand
batman-K8 collected $47.50 from pot
*** SUMMARY ***
Total pot $48 | Rake $0.50
Board [6s Qh 6d 2d 3c]
Seat 6: Ag3r0n (button) (small blind) mucked
Seat 7: batman-K8 (big blind) showed [Ks Qs] and won ($47.50) with two pair, Queens and Sixes


PokerStars Hand #157214860081:  Hold'em Limit ($3/$6 USD) - 2016/08/13 5:03:27 ET
Table 'Dejopeja' 10-max Seat #7 is the button
Seat 6: Ag3r0n ($75 in chips)
Seat 7: batman-K8 ($348.22 in chips)
batman-K8: posts small blind $1
Ag3r0n: posts big blind $3
*** HOLE CARDS ***
batman-K8: calls $2
Ag3r0n: raises $3 to $6
batman-K8: calls $3
*** FLOP *** [9d Qc Qd]
Ag3r0n: bets $3
batman-K8: calls $3
*** TURN *** [9d Qc Qd] [Jc]
Ag3r0n: bets $6
batman-K8: calls $6
*** RIVER *** [9d Qc Qd Jc] [Qs]
Ag3r0n: bets $6
batman-K8: folds
Uncalled bet ($6) returned to Ag3r0n
Ag3r0n collected $29.50 from pot
*** SUMMARY ***
Total pot $30 | Rake $0.50
Board [9d Qc Qd Jc Qs]
Seat 6: Ag3r0n (big blind) collected ($29.50)
Seat 7: batman-K8 (button) (small blind) folded on the River


PokerStars Hand #157214890129:  Hold'em Limit ($3/$6 USD) - 2016/08/13 5:04:55 ET
Table 'Dejopeja' 10-max Seat #6 is the button
Seat 6: Ag3r0n ($124.88 in chips)
Seat 7: batman-K8 ($302.72 in chips)
Ag3r0n: posts small blind $1
batman-K8: posts big blind $3
*** HOLE CARDS ***
Ag3r0n: raises $3 to $6
batman-K8: calls $3
*** FLOP *** [5h Qc 9s]
batman-K8: bets $3
Ag3r0n: calls $3
*** TURN *** [5h Qc 9s] [Jd]
batman-K8: checks
Ag3r0n: checks
*** RIVER *** [5h Qc 9s Jd] [5d]
batman-K8: bets $6
Ag3r0n: calls $6
*** SHOW DOWN ***
batman-K8: shows [4c Ad] (a pair of Fives)
Ag3r0n: shows [3c 9c] (two pair, Nines and Fives)
Ag3r0n collected $29.50 from pot
*** SUMMARY ***
Total pot $30 | Rake $0.50
Board [5h Qc 9s Jd 5d]
Seat 6: Ag3r0n (button) (small blind) showed [3c 9c] and won ($29.50) with two pair, Nines and Fives
Seat 7: batman-K8 (big blind) showed [4c Ad] and lost with a pair of Fives


PokerStars Hand #157214879675:  Hold'em Limit ($3/$6 USD) - 2016/08/13 5:04:25 ET
Table 'Dejopeja' 10-max Seat #7 is the button
Seat 6: Ag3r0n ($95.38 in chips)
Seat 7: batman-K8 ($332.72 in chips)
batman-K8: posts small blind $1
Ag3r0n: posts big blind $3
*** HOLE CARDS ***
batman-K8: calls $2
Ag3r0n: raises $3 to $6
batman-K8: calls $3
*** FLOP *** [Tc Js Qc]
Ag3r0n: bets $3
batman-K8: raises $3 to $6
Ag3r0n: calls $3
*** TURN *** [Tc Js Qc] [8s]
Ag3r0n: checks
batman-K8: bets $6
Ag3r0n: raises $6 to $12
batman-K8: calls $6
*** RIVER *** [Tc Js Qc 8s] [Kc]
Ag3r0n: bets $6
batman-K8: calls $6
*** SHOW DOWN ***
Ag3r0n: shows [As Kh] (a straight, Ten to Ace)
batman-K8: mucks hand
Ag3r0n collected $59.50 from pot
*** SUMMARY ***
Total pot $60 | Rake $0.50
Board [Tc Js Qc 8s Kc]
Seat 6: Ag3r0n (big blind) showed [As Kh] and won ($59.50) with a straight, Ten to Ace
Seat 7: batman-K8 (button) (small blind) mucked


PokerStars Hand #157214895368:  Hold'em Limit ($3/$6 USD) - 2016/08/13 5:05:10 ET
Table 'Dejopeja' 10-max Seat #7 is the button
Seat 6: Ag3r0n ($139.38 in chips)
Seat 7: batman-K8 ($287.72 in chips)
batman-K8: posts small blind $1
Ag3r0n: posts big blind $3
*** HOLE CARDS ***
batman-K8: calls $2
Ag3r0n: checks
*** FLOP *** [As 7d Jc]
Ag3r0n: checks
batman-K8: checks
*** TURN *** [As 7d Jc] [8s]
Ag3r0n: checks
batman-K8: checks
*** RIVER *** [As 7d Jc 8s] [Th]
Ag3r0n: bets $6
batman-K8: folds
Uncalled bet ($6) returned to Ag3r0n
Ag3r0n collected $5.88 from pot
*** SUMMARY ***
Total pot $6 | Rake $0.12
Board [As 7d Jc 8s Th]
Seat 6: Ag3r0n (big blind) collected ($5.88)
Seat 7: batman-K8 (button) (small blind) folded on the River


PokerStars Hand #157214873640:  Hold'em Limit ($3/$6 USD) - 2016/08/13 5:04:08 ET
Table 'Dejopeja' 10-max Seat #6 is the button
Seat 6: Ag3r0n ($74.88 in chips)
Seat 7: batman-K8 ($353.72 in chips)
Ag3r0n: posts small blind $1
batman-K8: posts big blind $3
*** HOLE CARDS ***
Ag3r0n: raises $3 to $6
batman-K8: calls $3
*** FLOP *** [2c 8d 4c]
batman-K8: bets $3
Ag3r0n: calls $3
*** TURN *** [2c 8d 4c] [3s]
batman-K8: bets $6
Ag3r0n: raises $6 to $12
batman-K8: calls $6
*** RIVER *** [2c 8d 4c 3s] [Kd]
batman-K8: checks
Ag3r0n: bets $6
batman-K8: folds
Uncalled bet ($6) returned to Ag3r0n
Ag3r0n collected $41.50 from pot
*** SUMMARY ***
Total pot $42 | Rake $0.50
Board [2c 8d 4c 3s Kd]
Seat 6: Ag3r0n (button) (small blind) collected ($41.50)
Seat 7: batman-K8 (big blind) folded on the River


PokerStars Hand #157214911324:  Hold'em Limit ($3/$6 USD) - 2016/08/13 5:05:56 ET
Table 'Dejopeja' 10-max Seat #6 is the button
Seat 6: Ag3r0n ($147.02 in chips)
Seat 7: batman-K8 ($279.60 in chips)
Ag3r0n: posts small blind $1
batman-K8: posts big blind $3
*** HOLE CARDS ***
Ag3r0n: raises $3 to $6
batman-K8: folds
Uncalled bet ($3) returned to Ag3r0n
Ag3r0n collected $6 from pot
*** SUMMARY ***
Total pot $6 | Rake $0
Seat 6: Ag3r0n (button) (small blind) collected ($6)
Seat 7: batman-K8 (big blind) folded before Flop


PokerStars Hand #157214906901:  Hold'em Limit ($3/$6 USD) - 2016/08/13 5:05:43 ET
Table 'Dejopeja' 10-max Seat #7 is the button
Seat 6: Ag3r0n ($150.02 in chips)
Seat 7: batman-K8 ($276.72 in chips)
batman-K8: posts small blind $1
Ag3r0n: posts big blind $3
*** HOLE CARDS ***
batman-K8: calls $2
Ag3r0n: checks
*** FLOP *** [2s 9d 4h]
Ag3r0n: checks
batman-K8: checks
*** TURN *** [2s 9d 4h] [9s]
Ag3r0n: checks
batman-K8: bets $6
Ag3r0n: folds
Uncalled bet ($6) returned to batman-K8
batman-K8 collected $5.88 from pot
*** SUMMARY ***
Total pot $6 | Rake $0.12
Board [2s 9d 4h 9s]
Seat 6: Ag3r0n (big blind) folded on the Turn
Seat 7: batman-K8 (button) (small blind) collected ($5.88)


PokerStars Hand #157214913259:  Hold'em Limit ($3/$6 USD) - 2016/08/13 5:06:01 ET
Table 'Dejopeja' 10-max Seat #7 is the button
Seat 6: Ag3r0n ($150.02 in chips)
Seat 7: batman-K8 ($276.60 in chips)
batman-K8: posts small blind $1
Ag3r0n: posts big blind $3
*** HOLE CARDS ***
batman-K8: calls $2
Ag3r0n: checks
*** FLOP *** [Ah As Qs]
Ag3r0n: checks
batman-K8: bets $3
Ag3r0n: folds
Uncalled bet ($3) returned to batman-K8
batman-K8 collected $5.88 from pot
*** SUMMARY ***
Total pot $6 | Rake $0.12
Board [Ah As Qs]
Seat 6: Ag3r0n (big blind) folded on the Flop
Seat 7: batman-K8 (button) (small blind) collected ($5.88)


PokerStars Hand #157214905283:  Hold'em Limit ($3/$6 USD) - 2016/08/13 5:05:38 ET
Table 'Dejopeja' 10-max Seat #6 is the button
Seat 6: Ag3r0n ($151.02 in chips)
Seat 7: batman-K8 ($275.72 in chips)
Ag3r0n: posts small blind $1
batman-K8: posts big blind $3
*** HOLE CARDS ***
Ag3r0n: folds
Uncalled bet ($2) returned to batman-K8
batman-K8 collected $2 from pot
*** SUMMARY ***
Total pot $2 | Rake $0
Seat 6: Ag3r0n (button) (small blind) folded before Flop
Seat 7: batman-K8 (big blind) collected ($2)


PokerStars Hand #157214902035:  Hold'em Limit ($3/$6 USD) - 2016/08/13 5:05:29 ET
Table 'Dejopeja' 10-max Seat #7 is the button
Seat 6: Ag3r0n ($145.26 in chips)
Seat 7: batman-K8 ($281.72 in chips)
batman-K8: posts small blind $1
Ag3r0n: posts big blind $3
*** HOLE CARDS ***
batman-K8: calls $2
Ag3r0n: raises $3 to $6
batman-K8: calls $3
*** FLOP *** [Kh 9d 2s]
Ag3r0n: bets $3
batman-K8: folds
Uncalled bet ($3) returned to Ag3r0n
Ag3r0n collected $11.76 from pot
*** SUMMARY ***
Total pot $12 | Rake $0.24
Board [Kh 9d 2s]
Seat 6: Ag3r0n (big blind) collected ($11.76)
Seat 7: batman-K8 (button) (small blind) folded on the Flop


PokerStars Hand #157214916890:  Hold'em Limit ($3/$6 USD) - 2016/08/13 5:06:12 ET
Table 'Dejopeja' 10-max Seat #6 is the button
Seat 6: Ag3r0n ($147.02 in chips)
Seat 7: batman-K8 ($279.48 in chips)
Ag3r0n: posts small blind $1
batman-K8: posts big blind $3
*** HOLE CARDS ***
Ag3r0n: raises $3 to $6
batman-K8: calls $3
*** FLOP *** [8s 8h 7s]
batman-K8: bets $3
Ag3r0n: folds
Uncalled bet ($3) returned to batman-K8
batman-K8 collected $11.76 from pot
*** SUMMARY ***
Total pot $12 | Rake $0.24
Board [8s 8h 7s]
Seat 6: Ag3r0n (button) (small blind) folded on the Flop
Seat 7: batman-K8 (big blind) collected ($11.76)


PokerStars Hand #157214900259:  Hold'em Limit ($3/$6 USD) - 2016/08/13 5:05:24 ET
Table 'Dejopeja' 10-max Seat #6 is the button
Seat 6: Ag3r0n ($142.26 in chips)
Seat 7: batman-K8 ($284.72 in chips)
Ag3r0n: posts small blind $1
batman-K8: posts big blind $3
*** HOLE CARDS ***
Ag3r0n: raises $3 to $6
batman-K8: folds
Uncalled bet ($3) returned to Ag3r0n
Ag3r0n collected $6 from pot
*** SUMMARY ***
Total pot $6 | Rake $0
Seat 6: Ag3r0n (button) (small blind) collected ($6)
Seat 7: batman-K8 (big blind) folded before Flop


PokerStars Hand #157214927950:  Hold'em Limit ($3/$6 USD) - 2016/08/13 5:06:43 ET
Table 'Dejopeja' 10-max Seat #7 is the button
Seat 6: Ag3r0n ($137.78 in chips)
Seat 7: batman-K8 ($287.88 in chips)
batman-K8: posts small blind $1
Ag3r0n: posts big blind $3
*** HOLE CARDS ***
batman-K8: calls $2
Ag3r0n: checks
*** FLOP *** [8d 8c 3s]
Ag3r0n: checks
batman-K8: bets $3
Ag3r0n: calls $3
*** TURN *** [8d 8c 3s] [Qh]
Ag3r0n: checks
batman-K8: checks
*** RIVER *** [8d 8c 3s Qh] [Js]
Ag3r0n: checks
batman-K8: bets $6
Ag3r0n: raises $6 to $12
batman-K8: calls $6
*** SHOW DOWN ***
Ag3r0n: shows [6c 8h] (three of a kind, Eights)
batman-K8: mucks hand
Ag3r0n collected $35.50 from pot
*** SUMMARY ***
Total pot $36 | Rake $0.50
Board [8d 8c 3s Qh Js]
Seat 6: Ag3r0n (big blind) showed [6c 8h] and won ($35.50) with three of a kind, Eights
Seat 7: batman-K8 (button) (small blind) mucked


PokerStars Hand #157214923555:  Hold'em Limit ($3/$6 USD) - 2016/08/13 5:06:31 ET
Table 'Dejopeja' 10-max Seat #6 is the button
Seat 6: Ag3r0n ($146.78 in chips)
Seat 7: batman-K8 ($279.24 in chips)
Ag3r0n: posts small blind $1
batman-K8: posts big blind $3
*** HOLE CARDS ***
Ag3r0n: raises $3 to $6
batman-K8: raises $3 to $9
Ag3r0n: calls $3
*** FLOP *** [9d 7d 8h]
batman-K8: bets $3
Ag3r0n: folds
Uncalled bet ($3) returned to batman-K8
batman-K8 collected $17.64 from pot
*** SUMMARY ***
Total pot $18 | Rake $0.36
Board [9d 7d 8h]
Seat 6: Ag3r0n (button) (small blind) folded on the Flop
Seat 7: batman-K8 (big blind) collected ($17.64)


PokerStars Hand #157214935214:  Hold'em Limit ($3/$6 USD) - 2016/08/13 5:07:04 ET
Table 'Dejopeja' 10-max Seat #6 is the button
Seat 6: Ag3r0n ($155.28 in chips)
Seat 7: batman-K8 ($269.88 in chips)
Ag3r0n: posts small blind $1
batman-K8: posts big blind $3
*** HOLE CARDS ***
Ag3r0n: raises $3 to $6
batman-K8: calls $3
*** FLOP *** [4h 2h Ac]
batman-K8: bets $3
Ag3r0n: calls $3
*** TURN *** [4h 2h Ac] [8c]
batman-K8: bets $6
Ag3r0n: calls $6
*** RIVER *** [4h 2h Ac 8c] [3d]
batman-K8: bets $6
Ag3r0n: calls $6
*** SHOW DOWN ***
batman-K8: shows [2c 6d] (a pair of Deuces)
Ag3r0n: shows [3h Qd] (a pair of Threes)
Ag3r0n collected $41.50 from pot
*** SUMMARY ***
Total pot $42 | Rake $0.50
Board [4h 2h Ac 8c 3d]
Seat 6: Ag3r0n (button) (small blind) showed [3h Qd] and won ($41.50) with a pair of Threes
Seat 7: batman-K8 (big blind) showed [2c 6d] and lost with a pair of Deuces


PokerStars Hand #157214920235:  Hold'em Limit ($3/$6 USD) - 2016/08/13 5:06:21 ET
Table 'Dejopeja' 10-max Seat #7 is the button
Seat 6: Ag3r0n ($141.02 in chips)
Seat 7: batman-K8 ($285.24 in chips)
batman-K8: posts small blind $1
Ag3r0n: posts big blind $3
*** HOLE CARDS ***
batman-K8: calls $2
Ag3r0n: raises $3 to $6
batman-K8: calls $3
*** FLOP *** [Kc Kh 3h]
Ag3r0n: bets $3
batman-K8: folds
Uncalled bet ($3) returned to Ag3r0n
Ag3r0n collected $11.76 from pot
*** SUMMARY ***
Total pot $12 | Rake $0.24
Board [Kc Kh 3h]
Seat 6: Ag3r0n (big blind) collected ($11.76)
Seat 7: batman-K8 (button) (small blind) folded on the Flop


PokerStars Hand #157214955093:  Hold'em Limit ($3/$6 USD) - 2016/08/13 5:08:01 ET
Table 'Dejopeja' 10-max Seat #7 is the button
Seat 6: Ag3r0n ($142.78 in chips)
Seat 7: batman-K8 ($281.02 in chips)
batman-K8: posts small blind $1
Ag3r0n: posts big blind $3
*** HOLE CARDS ***
batman-K8: folds
Uncalled bet ($2) returned to Ag3r0n
Ag3r0n collected $2 from pot
*** SUMMARY ***
Total pot $2 | Rake $0
Seat 6: Ag3r0n (big blind) collected ($2)
Seat 7: batman-K8 (button) (small blind) folded before Flop


PokerStars Hand #157214940286:  Hold'em Limit ($3/$6 USD) - 2016/08/13 5:07:18 ET
Table 'Dejopeja' 10-max Seat #7 is the button
Seat 6: Ag3r0n ($175.78 in chips)
Seat 7: batman-K8 ($248.88 in chips)
batman-K8: posts small blind $1
Ag3r0n: posts big blind $3
*** HOLE CARDS ***
batman-K8: calls $2
Ag3r0n: checks
*** FLOP *** [3h Qc 7h]
Ag3r0n: checks
batman-K8: checks
*** TURN *** [3h Qc 7h] [4s]
Ag3r0n: checks
batman-K8: checks
*** RIVER *** [3h Qc 7h 4s] [2c]
Ag3r0n: checks
batman-K8: checks
*** SHOW DOWN ***
Ag3r0n: shows [Jd 6c] (high card Queen)
batman-K8: shows [2d 5d] (a pair of Deuces)
batman-K8 collected $5.88 from pot
*** SUMMARY ***
Total pot $6 | Rake $0.12
Board [3h Qc 7h 4s 2c]
Seat 6: Ag3r0n (big blind) showed [Jd 6c] and lost with high card Queen
Seat 7: batman-K8 (button) (small blind) showed [2d 5d] and won ($5.88) with a pair of Deuces


PokerStars Hand #157214956801:  Hold'em Limit ($3/$6 USD) - 2016/08/13 5:08:06 ET
Table 'Dejopeja' 10-max Seat #6 is the button
Seat 6: Ag3r0n ($143.78 in chips)
Seat 7: batman-K8 ($280.02 in chips)
Ag3r0n: posts small blind $1
batman-K8: posts big blind $3
*** HOLE CARDS ***
Ag3r0n: raises $3 to $6
batman-K8: raises $3 to $9
Ag3r0n: calls $3
*** FLOP *** [6c 8s 6d]
batman-K8: bets $3
Ag3r0n: calls $3
*** TURN *** [6c 8s 6d] [4d]
batman-K8: bets $6
Ag3r0n: calls $6
*** RIVER *** [6c 8s 6d 4d] [9h]
batman-K8: bets $6
Ag3r0n: calls $6
*** SHOW DOWN ***
batman-K8: shows [Qh Th] (a pair of Sixes)
Ag3r0n: shows [Ac Kd] (a pair of Sixes - Ace kicker)
Ag3r0n collected $47.50 from pot
*** SUMMARY ***
Total pot $48 | Rake $0.50
Board [6c 8s 6d 4d 9h]
Seat 6: Ag3r0n (button) (small blind) showed [Ac Kd] and won ($47.50) with a pair of Sixes
Seat 7: batman-K8 (big blind) showed [Qh Th] and lost with a pair of Sixes


PokerStars Hand #157214950212:  Hold'em Limit ($3/$6 USD) - 2016/08/13 5:07:47 ET
Table 'Dejopeja' 10-max Seat #6 is the button
Seat 6: Ag3r0n ($163.78 in chips)
Seat 7: batman-K8 ($260.52 in chips)
Ag3r0n: posts small blind $1
batman-K8: posts big blind $3
*** HOLE CARDS ***
Ag3r0n: raises $3 to $6
batman-K8: calls $3
*** FLOP *** [Ks Jc Qc]
batman-K8: bets $3
Ag3r0n: calls $3
*** TURN *** [Ks Jc Qc] [Kd]
batman-K8: bets $6
Ag3r0n: calls $6
*** RIVER *** [Ks Jc Qc Kd] [Js]
batman-K8: bets $6
Ag3r0n: calls $6
*** SHOW DOWN ***
batman-K8: shows [Kc 6s] (a full house, Kings full of Jacks)
Ag3r0n: mucks hand
batman-K8 collected $41.50 from pot
*** SUMMARY ***
Total pot $42 | Rake $0.50
Board [Ks Jc Qc Kd Js]
Seat 6: Ag3r0n (button) (small blind) mucked
Seat 7: batman-K8 (big blind) showed [Kc 6s] and won ($41.50) with a full house, Kings full of Jacks


PokerStars Hand #157214948332:  Hold'em Limit ($3/$6 USD) - 2016/08/13 5:07:41 ET
Table 'Dejopeja' 10-max Seat #7 is the button
Seat 6: Ag3r0n ($166.78 in chips)
Seat 7: batman-K8 ($257.52 in chips)
batman-K8: posts small blind $1
Ag3r0n: posts big blind $3
*** HOLE CARDS ***
batman-K8: raises $3 to $6
Ag3r0n: folds
Uncalled bet ($3) returned to batman-K8
batman-K8 collected $6 from pot
*** SUMMARY ***
Total pot $6 | Rake $0
Seat 6: Ag3r0n (big blind) folded before Flop
Seat 7: batman-K8 (button) (small blind) collected ($6)


PokerStars Hand #157214945286:  Hold'em Limit ($3/$6 USD) - 2016/08/13 5:07:32 ET
Table 'Dejopeja' 10-max Seat #6 is the button
Seat 6: Ag3r0n ($172.78 in chips)
Seat 7: batman-K8 ($251.76 in chips)
Ag3r0n: posts small blind $1
batman-K8: posts big blind $3
*** HOLE CARDS ***
Ag3r0n: raises $3 to $6
batman-K8: calls $3
*** FLOP *** [7d Qh 2h]
batman-K8: bets $3
Ag3r0n: folds
Uncalled bet ($3) returned to batman-K8
batman-K8 collected $11.76 from pot
*** SUMMARY ***
Total pot $12 | Rake $0.24
Board [7d Qh 2h]
Seat 6: Ag3r0n (button) (small blind) folded on the Flop
Seat 7: batman-K8 (big blind) collected ($11.76)


PokerStars Hand #157214962060:  Hold'em Limit ($3/$6 USD) - 2016/08/13 5:08:21 ET
Table 'Dejopeja' 10-max Seat #7 is the button
Seat 6: Ag3r0n ($167.28 in chips)
Seat 7: batman-K8 ($256.02 in chips)
batman-K8: posts small blind $1
Ag3r0n: posts big blind $3
*** HOLE CARDS ***
batman-K8: raises $3 to $6
Ag3r0n: folds
Uncalled bet ($3) returned to batman-K8
batman-K8 collected $6 from pot
*** SUMMARY ***
Total pot $6 | Rake $0
Seat 6: Ag3r0n (big blind) folded before Flop
Seat 7: batman-K8 (button) (small blind) collected ($6)


PokerStars Hand #157214970826:  Hold'em Limit ($3/$6 USD) - 2016/08/13 5:08:46 ET
Table 'Dejopeja' 10-max Seat #7 is the button
Seat 6: Ag3r0n ($143.28 in chips)
Seat 7: batman-K8 ($279.52 in chips)
batman-K8: posts small blind $1
Ag3r0n: posts big blind $3
*** HOLE CARDS ***
batman-K8: calls $2
Ag3r0n: raises $3 to $6
batman-K8: calls $3
*** FLOP *** [Jc 2h 6d]
Ag3r0n: bets $3
batman-K8: calls $3
*** TURN *** [Jc 2h 6d] [Ah]
Ag3r0n: checks
batman-K8: bets $6
Ag3r0n: calls $6
*** RIVER *** [Jc 2h 6d Ah] [4c]
Ag3r0n: checks
batman-K8: bets $6
Ag3r0n: folds
Uncalled bet ($6) returned to batman-K8
batman-K8 collected $29.50 from pot
*** SUMMARY ***
Total pot $30 | Rake $0.50
Board [Jc 2h 6d Ah 4c]
Seat 6: Ag3r0n (big blind) folded on the River
Seat 7: batman-K8 (button) (small blind) collected ($29.50)


PokerStars Hand #157214978975:  Hold'em Limit ($3/$6 USD) - 2016/08/13 5:09:09 ET
Table 'Dejopeja' 10-max Seat #6 is the button
Seat 6: Ag3r0n ($128.28 in chips)
Seat 7: batman-K8 ($294.02 in chips)
Ag3r0n: posts small blind $1
batman-K8: posts big blind $3
*** HOLE CARDS ***
Ag3r0n: raises $3 to $6
batman-K8: raises $3 to $9
Ag3r0n: calls $3
*** FLOP *** [2h 6s 4s]
batman-K8: bets $3
Ag3r0n: calls $3
*** TURN *** [2h 6s 4s] [Tc]
batman-K8: bets $6
Ag3r0n: raises $6 to $12
batman-K8: calls $6
*** RIVER *** [2h 6s 4s Tc] [2c]
batman-K8: bets $6
Ag3r0n: calls $6
*** SHOW DOWN ***
batman-K8: shows [9s 9h] (two pair, Nines and Deuces)
Ag3r0n: shows [Ts 3s] (two pair, Tens and Deuces)
Ag3r0n collected $59.50 from pot
*** SUMMARY ***
Total pot $60 | Rake $0.50
Board [2h 6s 4s Tc 2c]
Seat 6: Ag3r0n (button) (small blind) showed [Ts 3s] and won ($59.50) with two pair, Tens and Deuces
Seat 7: batman-K8 (big blind) showed [9s 9h] and lost with two pair, Nines and Deuces


PokerStars Hand #157214964238:  Hold'em Limit ($3/$6 USD) - 2016/08/13 5:08:27 ET
Table 'Dejopeja' 10-max Seat #6 is the button
Seat 6: Ag3r0n ($164.28 in chips)
Seat 7: batman-K8 ($259.02 in chips)
Ag3r0n: posts small blind $1
batman-K8: posts big blind $3
*** HOLE CARDS ***
Ag3r0n: raises $3 to $6
batman-K8: calls $3
*** FLOP *** [5h Kc Td]
batman-K8: bets $3
Ag3r0n: calls $3
*** TURN *** [5h Kc Td] [7c]
batman-K8: bets $6
Ag3r0n: calls $6
*** RIVER *** [5h Kc Td 7c] [3h]
batman-K8: bets $6
Ag3r0n: calls $6
*** SHOW DOWN ***
batman-K8: shows [Kh 5s] (two pair, Kings and Fives)
Ag3r0n: mucks hand
batman-K8 collected $41.50 from pot
*** SUMMARY ***
Total pot $42 | Rake $0.50
Board [5h Kc Td 7c 3h]
Seat 6: Ag3r0n (button) (small blind) mucked
Seat 7: batman-K8 (big blind) showed [Kh 5s] and won ($41.50) with two pair, Kings and Fives


PokerStars Hand #157214990696:  Hold'em Limit ($3/$6 USD) - 2016/08/13 5:09:43 ET
Table 'Dejopeja' 10-max Seat #7 is the button
Seat 6: Ag3r0n ($142.78 in chips)
Seat 7: batman-K8 ($278.54 in chips)
batman-K8: posts small blind $1
Ag3r0n: posts big blind $3
*** HOLE CARDS ***
batman-K8: calls $2
Ag3r0n: checks
*** FLOP *** [Th Ks 7d]
Ag3r0n: checks
batman-K8: bets $3
Ag3r0n: folds
Uncalled bet ($3) returned to batman-K8
batman-K8 collected $5.88 from pot
*** SUMMARY ***
Total pot $6 | Rake $0.12
Board [Th Ks 7d]
Seat 6: Ag3r0n (big blind) folded on the Flop
Seat 7: batman-K8 (button) (small blind) collected ($5.88)


PokerStars Hand #157214984741:  Hold'em Limit ($3/$6 USD) - 2016/08/13 5:09:26 ET
Table 'Dejopeja' 10-max Seat #7 is the button
Seat 6: Ag3r0n ($157.78 in chips)
Seat 7: batman-K8 ($264.02 in chips)
batman-K8: posts small blind $1
Ag3r0n: posts big blind $3
*** HOLE CARDS ***
batman-K8: raises $3 to $6
Ag3r0n: folds
Uncalled bet ($3) returned to batman-K8
batman-K8 collected $6 from pot
*** SUMMARY ***
Total pot $6 | Rake $0
Seat 6: Ag3r0n (big blind) folded before Flop
Seat 7: batman-K8 (button) (small blind) collected ($6)


PokerStars Hand #157214986558:  Hold'em Limit ($3/$6 USD) - 2016/08/13 5:09:31 ET
Table 'Dejopeja' 10-max Seat #6 is the button
Seat 6: Ag3r0n ($154.78 in chips)
Seat 7: batman-K8 ($267.02 in chips)
Ag3r0n: posts small blind $1
batman-K8: posts big blind $3
*** HOLE CARDS ***
Ag3r0n: raises $3 to $6
batman-K8: raises $3 to $9
Ag3r0n: calls $3
*** FLOP *** [Qc 5h 8c]
batman-K8: bets $3
Ag3r0n: calls $3
*** TURN *** [Qc 5h 8c] [3h]
batman-K8: bets $6
Ag3r0n: folds
Uncalled bet ($6) returned to batman-K8
batman-K8 collected $23.52 from pot
*** SUMMARY ***
Total pot $24 | Rake $0.48
Board [Qc 5h 8c 3h]
Seat 6: Ag3r0n (button) (small blind) folded on the Turn
Seat 7: batman-K8 (big blind) collected ($23.52)


PokerStars Hand #157214994207:  Hold'em Limit ($3/$6 USD) - 2016/08/13 5:09:53 ET
Table 'Dejopeja' 10-max Seat #6 is the button
Seat 6: Ag3r0n ($139.78 in chips)
Seat 7: batman-K8 ($281.42 in chips)
Ag3r0n: posts small blind $1
batman-K8: posts big blind $3
*** HOLE CARDS ***
Ag3r0n: raises $3 to $6
batman-K8: raises $3 to $9
Ag3r0n: calls $3
*** FLOP *** [3c 3s 4s]
batman-K8: bets $3
Ag3r0n: calls $3
*** TURN *** [3c 3s 4s] [2d]
batman-K8: bets $6
Ag3r0n: calls $6
*** RIVER *** [3c 3s 4s 2d] [Ac]
batman-K8: bets $6
Ag3r0n: raises $6 to $12
batman-K8: calls $6
*** SHOW DOWN ***
Ag3r0n: shows [Jc 3d] (three of a kind, Threes)
batman-K8: mucks hand
Ag3r0n collected $59.50 from pot
*** SUMMARY ***
Total pot $60 | Rake $0.50
Board [3c 3s 4s 2d Ac]
Seat 6: Ag3r0n (button) (small blind) showed [Jc 3d] and won ($59.50) with three of a kind, Threes
Seat 7: batman-K8 (big blind) mucked


PokerStars Hand #157215007927:  Hold'em Limit ($3/$6 USD) - 2016/08/13 5:10:32 ET
Table 'Dejopeja' 10-max Seat #7 is the button
Seat 6: Ag3r0n ($150.28 in chips)
Seat 7: batman-K8 ($269.92 in chips)
batman-K8: posts small blind $1
Ag3r0n: posts big blind $3
*** HOLE CARDS ***
batman-K8: calls $2
Ag3r0n: checks
*** FLOP *** [Ah 7d 4c]
Ag3r0n: bets $3
batman-K8: folds
Uncalled bet ($3) returned to Ag3r0n
Ag3r0n collected $5.88 from pot
*** SUMMARY ***
Total pot $6 | Rake $0.12
Board [Ah 7d 4c]
Seat 6: Ag3r0n (big blind) collected ($5.88)
Seat 7: batman-K8 (button) (small blind) folded on the Flop


PokerStars Hand #157215006312:  Hold'em Limit ($3/$6 USD) - 2016/08/13 5:10:27 ET
Table 'Dejopeja' 10-max Seat #6 is the button
Seat 6: Ag3r0n ($151.28 in chips)
Seat 7: batman-K8 ($268.92 in chips)
Ag3r0n: posts small blind $1
batman-K8: posts big blind $3
*** HOLE CARDS ***
Ag3r0n: folds
Uncalled bet ($2) returned to batman-K8
batman-K8 collected $2 from pot
*** SUMMARY ***
Total pot $2 | Rake $0
Seat 6: Ag3r0n (button) (small blind) folded before Flop
Seat 7: batman-K8 (big blind) collected ($2)


PokerStars Hand #157215001018:  Hold'em Limit ($3/$6 USD) - 2016/08/13 5:10:12 ET
Table 'Dejopeja' 10-max Seat #7 is the button
Seat 6: Ag3r0n ($169.28 in chips)
Seat 7: batman-K8 ($251.42 in chips)
batman-K8: posts small blind $1
Ag3r0n: posts big blind $3
*** HOLE CARDS ***
batman-K8: calls $2
Ag3r0n: checks
*** FLOP *** [7d 8d Tc]
Ag3r0n: checks
batman-K8: bets $3
Ag3r0n: calls $3
*** TURN *** [7d 8d Tc] [5s]
Ag3r0n: checks
batman-K8: bets $6
Ag3r0n: calls $6
*** RIVER *** [7d 8d Tc 5s] [2s]
Ag3r0n: checks
batman-K8: bets $6
Ag3r0n: calls $6
*** SHOW DOWN ***
batman-K8: shows [9d 6h] (a straight, Six to Ten)
Ag3r0n: mucks hand
batman-K8 collected $35.50 from pot
*** SUMMARY ***
Total pot $36 | Rake $0.50
Board [7d 8d Tc 5s 2s]
Seat 6: Ag3r0n (big blind) mucked
Seat 7: batman-K8 (button) (small blind) showed [9d 6h] and won ($35.50) with a straight, Six to Ten


PokerStars Hand #157215011196:  Hold'em Limit ($3/$6 USD) - 2016/08/13 5:10:41 ET
Table 'Dejopeja' 10-max Seat #6 is the button
Seat 6: Ag3r0n ($153.16 in chips)
Seat 7: batman-K8 ($266.92 in chips)
Ag3r0n: posts small blind $1
batman-K8: posts big blind $3
*** HOLE CARDS ***
Ag3r0n: raises $3 to $6
batman-K8: calls $3
*** FLOP *** [4d 2h Jd]
batman-K8: bets $3
Ag3r0n: calls $3
*** TURN *** [4d 2h Jd] [9s]
batman-K8: bets $6
Ag3r0n: raises $6 to $12
Murrrr_@T joins the table at seat #8
batman-K8: calls $6
*** RIVER *** [4d 2h Jd 9s] [7c]
batman-K8: bets $6
Ag3r0n: calls $6
*** SHOW DOWN ***
batman-K8: shows [7s 4c] (two pair, Sevens and Fours)
Ag3r0n: mucks hand
batman-K8 collected $53.50 from pot
*** SUMMARY ***
Total pot $54 | Rake $0.50
Board [4d 2h Jd 9s 7c]
Seat 6: Ag3r0n (button) (small blind) mucked
Seat 7: batman-K8 (big blind) showed [7s 4c] and won ($53.50) with two pair, Sevens and Fours


PokerStars Hand #157215813117:  Hold'em Limit ($3/$6 USD) - 2016/08/13 5:47:48 ET
Table 'Dejopeja' 10-max Seat #10 is the button
Seat 6: Ag3r0n ($122.24 in chips)
Seat 10: frmaroni ($55.42 in chips)
frmaroni: posts small blind $1
Ag3r0n: posts big blind $3
*** HOLE CARDS ***
frmaroni: raises $3 to $6
Ag3r0n: calls $3
*** FLOP *** [3d 2d 3s]
Ag3r0n: checks
frmaroni: bets $3
Ag3r0n: calls $3
*** TURN *** [3d 2d 3s] [Jc]
Ag3r0n: checks
frmaroni: checks
*** RIVER *** [3d 2d 3s Jc] [9d]
Ag3r0n: bets $6
frmaroni: raises $6 to $12
Ag3r0n: folds
Uncalled bet ($6) returned to frmaroni
frmaroni collected $29.50 from pot
frmaroni: doesn't show hand
*** SUMMARY ***
Total pot $30 | Rake $0.50
Board [3d 2d 3s Jc 9d]
Seat 6: Ag3r0n (big blind) folded on the River
Seat 10: frmaroni (button) (small blind) collected ($29.50)


PokerStars Hand #157215809879:  Hold'em Limit ($3/$6 USD) - 2016/08/13 5:47:39 ET
Table 'Dejopeja' 10-max Seat #6 is the button
Seat 6: Ag3r0n ($116.48 in chips)
Seat 10: frmaroni ($61.42 in chips)
Ag3r0n: posts small blind $1
frmaroni: posts big blind $3
*** HOLE CARDS ***
Ag3r0n: raises $3 to $6
frmaroni: calls $3
*** FLOP *** [7h 7c Ks]
frmaroni: checks
Ag3r0n: bets $3
frmaroni: folds
Uncalled bet ($3) returned to Ag3r0n
Ag3r0n collected $11.76 from pot
*** SUMMARY ***
Total pot $12 | Rake $0.24
Board [7h 7c Ks]
Seat 6: Ag3r0n (button) (small blind) collected ($11.76)
Seat 10: frmaroni (big blind) folded on the Flop


PokerStars Hand #157215827405:  Hold'em Limit ($3/$6 USD) - 2016/08/13 5:48:26 ET
Table 'Dejopeja' 10-max Seat #10 is the button
Seat 6: Ag3r0n ($92.24 in chips)
Seat 10: frmaroni ($84.42 in chips)
frmaroni: posts small blind $1
Ag3r0n: posts big blind $3
*** HOLE CARDS ***
frmaroni: folds
Uncalled bet ($2) returned to Ag3r0n
Ag3r0n collected $2 from pot
*** SUMMARY ***
Total pot $2 | Rake $0
Seat 6: Ag3r0n (big blind) collected ($2)
Seat 10: frmaroni (button) (small blind) folded before Flop


PokerStars Hand #157215819346:  Hold'em Limit ($3/$6 USD) - 2016/08/13 5:48:05 ET
Table 'Dejopeja' 10-max Seat #6 is the button
Seat 6: Ag3r0n ($107.24 in chips)
Seat 10: frmaroni ($69.92 in chips)
Ag3r0n: posts small blind $1
frmaroni: posts big blind $3
*** HOLE CARDS ***
Ag3r0n: raises $3 to $6
frmaroni: calls $3
*** FLOP *** [Qh Kc 5c]
frmaroni: bets $3
Ag3r0n: calls $3
*** TURN *** [Qh Kc 5c] [9d]
frmaroni: bets $6
Ag3r0n: calls $6
*** RIVER *** [Qh Kc 5c 9d] [Ts]
frmaroni: checks
Ag3r0n: checks
*** SHOW DOWN ***
frmaroni: shows [4s Qs] (a pair of Queens)
Ag3r0n: mucks hand
frmaroni collected $29.50 from pot
*** SUMMARY ***
Total pot $30 | Rake $0.50
Board [Qh Kc 5c 9d Ts]
Seat 6: Ag3r0n (button) (small blind) mucked
Seat 10: frmaroni (big blind) showed [4s Qs] and won ($29.50) with a pair of Queens


PokerStars Hand #157215804063:  Hold'em Limit ($3/$6 USD) - 2016/08/13 5:47:24 ET
Table 'Dejopeja' 10-max Seat #10 is the button
Seat 6: Ag3r0n ($140.48 in chips)
Seat 10: frmaroni ($37.92 in chips)
frmaroni: posts small blind $1
bobs32: is sitting out
Ag3r0n: posts big blind $3
*** HOLE CARDS ***
frmaroni: raises $3 to $6
Ag3r0n: calls $3
*** FLOP *** [7s 2c Ts]
Ag3r0n: checks
frmaroni: checks
*** TURN *** [7s 2c Ts] [8h]
Ag3r0n: bets $6
bobs32 leaves the table
frmaroni: calls $6
*** RIVER *** [7s 2c Ts 8h] [8s]
Ag3r0n: bets $6
frmaroni: raises $6 to $12
Ag3r0n: calls $6
*** SHOW DOWN ***
frmaroni: shows [Jc 9d] (a straight, Seven to Jack)
Ag3r0n: mucks hand
frmaroni collected $47.50 from pot
*** SUMMARY ***
Total pot $48 | Rake $0.50
Board [7s 2c Ts 8h 8s]
Seat 6: Ag3r0n (big blind) mucked
Seat 10: frmaroni (button) (small blind) showed [Jc 9d] and won ($47.50) with a straight, Seven to Jack


PokerStars Hand #157215851142:  Hold'em Limit ($3/$6 USD) - 2016/08/13 5:49:31 ET
Table 'Dejopeja' 10-max Seat #10 is the button
Seat 6: Ag3r0n ($112.28 in chips)
Seat 10: frmaroni ($63.42 in chips)
frmaroni: posts small blind $1
Ag3r0n: posts big blind $3
*** HOLE CARDS ***
frmaroni: folds
Uncalled bet ($2) returned to Ag3r0n
Ag3r0n collected $2 from pot
*** SUMMARY ***
Total pot $2 | Rake $0
Seat 6: Ag3r0n (big blind) collected ($2)
Seat 10: frmaroni (button) (small blind) folded before Flop


PokerStars Hand #157215849371:  Hold'em Limit ($3/$6 USD) - 2016/08/13 5:49:26 ET
Table 'Dejopeja' 10-max Seat #6 is the button
Seat 6: Ag3r0n ($113.28 in chips)
Seat 10: frmaroni ($62.42 in chips)
Ag3r0n: posts small blind $1
frmaroni: posts big blind $3
*** HOLE CARDS ***
Ag3r0n: folds
Uncalled bet ($2) returned to frmaroni
frmaroni collected $2 from pot
frmaroni: doesn't show hand
*** SUMMARY ***
Total pot $2 | Rake $0
Seat 6: Ag3r0n (button) (small blind) folded before Flop
Seat 10: frmaroni (big blind) collected ($2)


PokerStars Hand #157215845888:  Hold'em Limit ($3/$6 USD) - 2016/08/13 5:49:16 ET
Table 'Dejopeja' 10-max Seat #10 is the button
Seat 6: Ag3r0n ($107.52 in chips)
Seat 10: frmaroni ($68.42 in chips)
frmaroni: posts small blind $1
Ag3r0n: posts big blind $3
*** HOLE CARDS ***
frmaroni: raises $3 to $6
Ag3r0n: calls $3
*** FLOP *** [Qd 9c 8h]
Ag3r0n: checks
frmaroni: checks
*** TURN *** [Qd 9c 8h] [Td]
Ag3r0n: bets $6
frmaroni: folds
Uncalled bet ($6) returned to Ag3r0n
Ag3r0n collected $11.76 from pot
*** SUMMARY ***
Total pot $12 | Rake $0.24
Board [Qd 9c 8h Td]
Seat 6: Ag3r0n (big blind) collected ($11.76)
Seat 10: frmaroni (button) (small blind) folded on the Turn


PokerStars Hand #157215829245:  Hold'em Limit ($3/$6 USD) - 2016/08/13 5:48:31 ET
Table 'Dejopeja' 10-max Seat #6 is the button
Seat 6: Ag3r0n ($93.24 in chips)
Seat 10: frmaroni ($83.42 in chips)
Ag3r0n: posts small blind $1
frmaroni: posts big blind $3
*** HOLE CARDS ***
Ag3r0n: raises $3 to $6
frmaroni: calls $3
*** FLOP *** [3d 9c Jd]
frmaroni: checks
Ag3r0n: checks
*** TURN *** [3d 9c Jd] [7d]
frmaroni: checks
Ag3r0n: checks
*** RIVER *** [3d 9c Jd 7d] [Qd]
frmaroni: checks
Ag3r0n: bets $6
frmaroni: folds
Uncalled bet ($6) returned to Ag3r0n
Ag3r0n collected $11.76 from pot
*** SUMMARY ***
Total pot $12 | Rake $0.24
Board [3d 9c Jd 7d Qd]
Seat 6: Ag3r0n (button) (small blind) collected ($11.76)
Seat 10: frmaroni (big blind) folded on the River


PokerStars Hand #157215842577:  Hold'em Limit ($3/$6 USD) - 2016/08/13 5:49:07 ET
Table 'Dejopeja' 10-max Seat #10 is the button
Seat 6: Ag3r0n ($107.52 in chips)
Seat 10: frmaroni ($68.42 in chips)
frmaroni: posts small blind $1
Ag3r0n: posts big blind $3
*** HOLE CARDS ***
frmaroni: folds
Uncalled bet ($2) returned to Ag3r0n
Ag3r0n collected $2 from pot
*** SUMMARY ***
Total pot $2 | Rake $0
Seat 6: Ag3r0n (big blind) collected ($2)
Seat 10: frmaroni (button) (small blind) folded before Flop


PokerStars Hand #157215838081:  Hold'em Limit ($3/$6 USD) - 2016/08/13 5:48:55 ET
Table 'Dejopeja' 10-max Seat #6 is the button
Seat 6: Ag3r0n ($96 in chips)
Seat 10: frmaroni ($80.42 in chips)
Ag3r0n: posts small blind $1
frmaroni: posts big blind $3
*** HOLE CARDS ***
Ag3r0n: raises $3 to $6
frmaroni: calls $3
*** FLOP *** [7d Ts 4s]
frmaroni: checks
Ag3r0n: bets $3
frmaroni: raises $3 to $6
Ag3r0n: calls $3
*** TURN *** [7d Ts 4s] [Qs]
frmaroni: checks
Ag3r0n: bets $6
frmaroni: folds
Uncalled bet ($6) returned to Ag3r0n
Ag3r0n collected $23.52 from pot
*** SUMMARY ***
Total pot $24 | Rake $0.48
Board [7d Ts 4s Qs]
Seat 6: Ag3r0n (button) (small blind) collected ($23.52)
Seat 10: frmaroni (big blind) folded on the Turn


PokerStars Hand #157215835680:  Hold'em Limit ($3/$6 USD) - 2016/08/13 5:48:49 ET
Table 'Dejopeja' 10-max Seat #10 is the button
Seat 6: Ag3r0n ($99 in chips)
Seat 10: frmaroni ($77.42 in chips)
frmaroni: posts small blind $1
Ag3r0n: posts big blind $3
*** HOLE CARDS ***
frmaroni: raises $3 to $6
Ag3r0n: folds
Uncalled bet ($3) returned to frmaroni
frmaroni collected $6 from pot
frmaroni: doesn't show hand
*** SUMMARY ***
Total pot $6 | Rake $0
Seat 6: Ag3r0n (big blind) folded before Flop
Seat 10: frmaroni (button) (small blind) collected ($6)


PokerStars Hand #157215844231:  Hold'em Limit ($3/$6 USD) - 2016/08/13 5:49:12 ET
Table 'Dejopeja' 10-max Seat #6 is the button
Seat 6: Ag3r0n ($108.52 in chips)
Seat 10: frmaroni ($67.42 in chips)
Ag3r0n: posts small blind $1
frmaroni: posts big blind $3
*** HOLE CARDS ***
Ag3r0n: folds
Uncalled bet ($2) returned to frmaroni
frmaroni collected $2 from pot
frmaroni: doesn't show hand
*** SUMMARY ***
Total pot $2 | Rake $0
Seat 6: Ag3r0n (button) (small blind) folded before Flop
Seat 10: frmaroni (big blind) collected ($2)


PokerStars Hand #157215854691:  Hold'em Limit ($3/$6 USD) - 2016/08/13 5:49:40 ET
Table 'Dejopeja' 10-max Seat #10 is the button
Seat 6: Ag3r0n ($112.28 in chips)
Seat 10: frmaroni ($63.42 in chips)
frmaroni: posts small blind $1
Ag3r0n: posts big blind $3
*** HOLE CARDS ***
frmaroni: folds
Uncalled bet ($2) returned to Ag3r0n
yayaya joins the table at seat #8
Ag3r0n collected $2 from pot
*** SUMMARY ***
Total pot $2 | Rake $0
Seat 6: Ag3r0n (big blind) collected ($2)
Seat 10: frmaroni (button) (small blind) folded before Flop


PokerStars Hand #157215852764:  Hold'em Limit ($3/$6 USD) - 2016/08/13 5:49:35 ET
Table 'Dejopeja' 10-max Seat #6 is the button
Seat 6: Ag3r0n ($113.28 in chips)
Seat 10: frmaroni ($62.42 in chips)
Ag3r0n: posts small blind $1
frmaroni: posts big blind $3
*** HOLE CARDS ***
Ag3r0n: folds
Uncalled bet ($2) returned to frmaroni
frmaroni collected $2 from pot
frmaroni: doesn't show hand
*** SUMMARY ***
Total pot $2 | Rake $0
Seat 6: Ag3r0n (button) (small blind) folded before Flop
Seat 10: frmaroni (big blind) collected ($2)


PokerStars Hand #157216093364:  Hold'em Limit ($3/$6 USD) - 2016/08/13 6:00:50 ET
Table 'Dejopeja' 10-max Seat #5 is the button
Seat 5: bobs32 ($63.53 in chips)
Seat 6: Ag3r0n ($102.14 in chips)
bobs32: posts small blind $1
Ag3r0n: posts big blind $3
*** HOLE CARDS ***
bobs32: raises $3 to $6
Ag3r0n: calls $3
*** FLOP *** [9s Td 9d]
Ag3r0n: checks
bobs32: bets $3
Ag3r0n: calls $3
*** TURN *** [9s Td 9d] [Th]
Ag3r0n: checks
bobs32: bets $6
Ag3r0n: folds
Uncalled bet ($6) returned to bobs32
bobs32 collected $17.64 from pot
bobs32: doesn't show hand
*** SUMMARY ***
Total pot $18 | Rake $0.36
Board [9s Td 9d Th]
Seat 5: bobs32 (button) (small blind) collected ($17.64)
Seat 6: Ag3r0n (big blind) folded on the Turn


PokerStars Hand #157216085109:  Hold'em Limit ($3/$6 USD) - 2016/08/13 6:00:27 ET
Table 'Dejopeja' 10-max Seat #6 is the button
Seat 5: bobs32 ($87.53 in chips)
Seat 6: Ag3r0n ($78.64 in chips)
Ag3r0n: posts small blind $1
bobs32: posts big blind $3
*** HOLE CARDS ***
Ag3r0n: raises $3 to $6
bobs32: raises $3 to $9
Ag3r0n: calls $3
*** FLOP *** [Jh 7h 5s]
bobs32: bets $3
Ag3r0n: calls $3
*** TURN *** [Jh 7h 5s] [5c]
bobs32: bets $6
Ag3r0n: calls $6
*** RIVER *** [Jh 7h 5s 5c] [Qs]
bobs32: bets $6
Ag3r0n: calls $6
*** SHOW DOWN ***
bobs32: shows [Ad Kh] (a pair of Fives)
Ag3r0n: shows [4c 7c] (two pair, Sevens and Fives)
Ag3r0n collected $47.50 from pot
*** SUMMARY ***
Total pot $48 | Rake $0.50
Board [Jh 7h 5s 5c Qs]
Seat 5: bobs32 (big blind) showed [Ad Kh] and lost with a pair of Fives
Seat 6: Ag3r0n (button) (small blind) showed [4c 7c] and won ($47.50) with two pair, Sevens and Fives


