PokerStars Hand #153630705458:  Hold'em Limit ($3/$6 USD) - 2016/05/21 9:41:56 ET
Table 'Delia' 6-max Seat #1 is the button
Seat 1: gorcea_vs ($72.53 in chips)
Seat 2: TbIP-TbIP 88 ($72 in chips)
gorcea_vs: posts small blind $1
TbIP-TbIP 88: posts big blind $3
*** HOLE CARDS ***
gorcea_vs: raises $3 to $6
TbIP-TbIP 88: calls $3
*** FLOP *** [Jh 4h 3h]
TbIP-TbIP 88: checks
gorcea_vs: bets $3
BuzovaPro joins the table at seat #3
TbIP-TbIP 88: folds
Uncalled bet ($3) returned to gorcea_vs
gorcea_vs collected $11.76 from pot
gorcea_vs: doesn't show hand
*** SUMMARY ***
Total pot $12 | Rake $0.24
Board [Jh 4h 3h]
Seat 1: gorcea_vs (button) (small blind) collected ($11.76)
Seat 2: TbIP-TbIP 88 (big blind) folded on the Flop


PokerStars Hand #153633840132:  Hold'em Limit ($3/$6 USD) - 2016/05/21 11:05:17 ET
Table 'Delia' 6-max Seat #2 is the button
Seat 2: kouchan1214 ($221.64 in chips)
Seat 5: Tryptamean ($247.07 in chips)
kouchan1214: posts small blind $1
TbIP-TbIP 88: is sitting out
Tryptamean: posts big blind $3
*** HOLE CARDS ***
kouchan1214: folds
Uncalled bet ($2) returned to Tryptamean
depsey3 joins the table at seat #1
Tryptamean collected $2 from pot
Tryptamean: doesn't show hand
TbIP-TbIP 88 leaves the table
*** SUMMARY ***
Total pot $2 | Rake $0
Seat 2: kouchan1214 (button) (small blind) folded before Flop
Seat 5: Tryptamean (big blind) collected ($2)


PokerStars Hand #153637475745:  Hold'em Limit ($3/$6 USD) - 2016/05/21 12:32:03 ET
Table 'Delia' 6-max Seat #3 is the button
Seat 3: Agrotait ($141.84 in chips)
Seat 5: Tryptamean ($468.39 in chips)
Agrotait: posts small blind $1
Tryptamean: posts big blind $3
*** HOLE CARDS ***
Agrotait: folds
Uncalled bet ($2) returned to Tryptamean
Tryptamean collected $2 from pot
Tryptamean: doesn't show hand
*** SUMMARY ***
Total pot $2 | Rake $0
Seat 3: Agrotait (button) (small blind) folded before Flop
Seat 5: Tryptamean (big blind) collected ($2)


