PokerStars Hand #172199695059:  Hold'em Limit ($3/$6 USD) - 2017/06/24 19:59:24 ET
Table 'Delia' 6-max Seat #2 is the button
Seat 1: hassan67 ($253.16 in chips)
Seat 2: Chessnok ($71.50 in chips)
Chessnok: posts small blind $1
hassan67: posts big blind $3
*** HOLE CARDS ***
Chessnok: raises $3 to $6
hassan67: raises $3 to $9
Chessnok: calls $3
*** FLOP *** [Kd 8d 3s]
hassan67: bets $3
Chessnok: calls $3
*** TURN *** [Kd 8d 3s] [Qc]
hassan67: bets $6
Chessnok: calls $6
*** RIVER *** [Kd 8d 3s Qc] [8h]
hassan67: bets $6
Chessnok: calls $6
*** SHOW DOWN ***
hassan67: shows [Kh Js] (two pair, Kings and Eights)
Chessnok: mucks hand
hassan67 collected $47.50 from pot
RSA53 joins the table at seat #3
*** SUMMARY ***
Total pot $48 | Rake $0.50
Board [Kd 8d 3s Qc 8h]
Seat 1: hassan67 (big blind) showed [Kh Js] and won ($47.50) with two pair, Kings and Eights
Seat 2: Chessnok (button) (small blind) mucked


PokerStars Hand #172199684606:  Hold'em Limit ($3/$6 USD) - 2017/06/24 19:58:59 ET
Table 'Delia' 6-max Seat #1 is the button
Seat 1: hassan67 ($250.16 in chips)
Seat 2: Chessnok ($74.50 in chips)
hassan67: posts small blind $1
Chessnok: posts big blind $3
*** HOLE CARDS ***
hassan67: raises $3 to $6
Chessnok: folds
Uncalled bet ($3) returned to hassan67
hassan67 collected $6 from pot
hassan67: doesn't show hand
*** SUMMARY ***
Total pot $6 | Rake $0
Seat 1: hassan67 (button) (small blind) collected ($6)
Seat 2: Chessnok (big blind) folded before Flop


PokerStars Hand #172199688624:  Hold'em Limit ($3/$6 USD) - 2017/06/24 19:59:09 ET
Table 'Delia' 6-max Seat #2 is the button
Seat 1: hassan67 ($253.16 in chips)
Seat 2: Chessnok ($71.50 in chips)
Chessnok: posts small blind $1
hassan67: posts big blind $3
*** HOLE CARDS ***
Chessnok: raises $3 to $6
hassan67: folds
Uncalled bet ($3) returned to Chessnok
Chessnok collected $6 from pot
Chessnok: doesn't show hand
*** SUMMARY ***
Total pot $6 | Rake $0
Seat 1: hassan67 (big blind) folded before Flop
Seat 2: Chessnok (button) (small blind) collected ($6)


PokerStars Hand #172199692363:  Hold'em Limit ($3/$6 USD) - 2017/06/24 19:59:18 ET
Table 'Delia' 6-max Seat #1 is the button
Seat 1: hassan67 ($250.16 in chips)
Seat 2: Chessnok ($74.50 in chips)
hassan67: posts small blind $1
Chessnok: posts big blind $3
*** HOLE CARDS ***
hassan67: raises $3 to $6
Chessnok: folds
Uncalled bet ($3) returned to hassan67
hassan67 collected $6 from pot
hassan67: doesn't show hand
*** SUMMARY ***
Total pot $6 | Rake $0
Seat 1: hassan67 (button) (small blind) collected ($6)
Seat 2: Chessnok (big blind) folded before Flop


PokerStars Hand #172199710030:  Hold'em Limit ($3/$6 USD) - 2017/06/24 20:00:00 ET
Table 'Delia' 6-max Seat #1 is the button
Seat 1: hassan67 ($276.66 in chips)
Seat 2: Chessnok ($60 in chips)
hassan67: posts small blind $1
Chessnok: posts big blind $3
*** HOLE CARDS ***
hassan67: raises $3 to $6
Chessnok: calls $3
*** FLOP *** [8c 2s Kh]
Chessnok: checks
hassan67: bets $3
Chessnok: folds
Uncalled bet ($3) returned to hassan67
hassan67 collected $11.76 from pot
hassan67: doesn't show hand
*** SUMMARY ***
Total pot $12 | Rake $0.24
Board [8c 2s Kh]
Seat 1: hassan67 (button) (small blind) collected ($11.76)
Seat 2: Chessnok (big blind) folded on the Flop


PokerStars Hand #172200376823:  Hold'em Limit ($3/$6 USD) - 2017/06/24 20:23:27 ET
Table 'Delia' 6-max Seat #2 is the button
Seat 1: hassan67 ($324.84 in chips)
Seat 2: Chessnok ($118.46 in chips)
Chessnok: posts small blind $1
hassan67: posts big blind $3
*** HOLE CARDS ***
Chessnok: raises $3 to $6
hassan67: calls $3
*** FLOP *** [Ah 4s 7h]
hassan67: checks
Chessnok: bets $3
hassan67: folds
Uncalled bet ($3) returned to Chessnok
Chessnok collected $11.76 from pot
Chessnok: doesn't show hand
*** SUMMARY ***
Total pot $12 | Rake $0.24
Board [Ah 4s 7h]
Seat 1: hassan67 (big blind) folded on the Flop
Seat 2: Chessnok (button) (small blind) collected ($11.76)


PokerStars Hand #172200384411:  Hold'em Limit ($3/$6 USD) - 2017/06/24 20:23:43 ET
Table 'Delia' 6-max Seat #1 is the button
Seat 1: hassan67 ($318.84 in chips)
Seat 2: Chessnok ($124.22 in chips)
hassan67: posts small blind $1
Chessnok: posts big blind $3
*** HOLE CARDS ***
hassan67: raises $3 to $6
Chessnok: calls $3
*** FLOP *** [2d 4h Ks]
Chessnok: checks
hassan67: bets $3
Chessnok: calls $3
*** TURN *** [2d 4h Ks] [Kh]
Chessnok: checks
hassan67: bets $6
Chessnok: calls $6
*** RIVER *** [2d 4h Ks Kh] [Qd]
Chessnok: checks
hassan67: checks
*** SHOW DOWN ***
Chessnok: shows [As 8h] (a pair of Kings)
hassan67: mucks hand
Chessnok collected $29.50 from pot
*** SUMMARY ***
Total pot $30 | Rake $0.50
Board [2d 4h Ks Kh Qd]
Seat 1: hassan67 (button) (small blind) mucked
Seat 2: Chessnok (big blind) showed [As 8h] and won ($29.50) with a pair of Kings


PokerStars Hand #172200412623:  Hold'em Limit ($3/$6 USD) - 2017/06/24 20:24:44 ET
Table 'Delia' 6-max Seat #1 is the button
Seat 1: hassan67 ($279.84 in chips)
Seat 2: Chessnok ($162.22 in chips)
hassan67: posts small blind $1
Chessnok: posts big blind $3
*** HOLE CARDS ***
hassan67: folds
Uncalled bet ($2) returned to Chessnok
Chessnok collected $2 from pot
Chessnok: doesn't show hand
*** SUMMARY ***
Total pot $2 | Rake $0
Seat 1: hassan67 (button) (small blind) folded before Flop
Seat 2: Chessnok (big blind) collected ($2)


PokerStars Hand #172200401059:  Hold'em Limit ($3/$6 USD) - 2017/06/24 20:24:19 ET
Table 'Delia' 6-max Seat #2 is the button
Seat 1: hassan67 ($303.84 in chips)
Seat 2: Chessnok ($138.72 in chips)
Chessnok: posts small blind $1
hassan67: posts big blind $3
*** HOLE CARDS ***
Chessnok: raises $3 to $6
hassan67: calls $3
*** FLOP *** [7c 3s 4d]
hassan67: checks
Chessnok: checks
*** TURN *** [7c 3s 4d] [Js]
hassan67: bets $6
Chessnok: raises $6 to $12
hassan67: calls $6
*** RIVER *** [7c 3s 4d Js] [6s]
hassan67: checks
Chessnok: bets $6
hassan67: calls $6
*** SHOW DOWN ***
Chessnok: shows [Th Jd] (a pair of Jacks)
hassan67: mucks hand
Chessnok collected $47.50 from pot
*** SUMMARY ***
Total pot $48 | Rake $0.50
Board [7c 3s 4d Js 6s]
Seat 1: hassan67 (big blind) mucked
Seat 2: Chessnok (button) (small blind) showed [Th Jd] and won ($47.50) with a pair of Jacks


PokerStars Hand #172200416684:  Hold'em Limit ($3/$6 USD) - 2017/06/24 20:24:53 ET
Table 'Delia' 6-max Seat #2 is the button
Seat 1: hassan67 ($278.84 in chips)
Seat 2: Chessnok ($163.22 in chips)
Chessnok: posts small blind $1
hassan67: posts big blind $3
*** HOLE CARDS ***
Chessnok: raises $3 to $6
hassan67: calls $3
*** FLOP *** [2d 2s 4d]
hassan67: checks
Chessnok: bets $3
hassan67: raises $3 to $6
Chessnok: calls $3
*** TURN *** [2d 2s 4d] [Ah]
hassan67: bets $6
Chessnok: calls $6
*** RIVER *** [2d 2s 4d Ah] [Ad]
hassan67: bets $6
Chessnok: calls $6
*** SHOW DOWN ***
hassan67: shows [Ts 4s] (two pair, Aces and Fours)
Chessnok: shows [Qc Qd] (two pair, Aces and Queens)
Chessnok collected $47.50 from pot
*** SUMMARY ***
Total pot $48 | Rake $0.50
Board [2d 2s 4d Ah Ad]
Seat 1: hassan67 (big blind) showed [Ts 4s] and lost with two pair, Aces and Fours
Seat 2: Chessnok (button) (small blind) showed [Qc Qd] and won ($47.50) with two pair, Aces and Queens


PokerStars Hand #172200429811:  Hold'em Limit ($3/$6 USD) - 2017/06/24 20:25:22 ET
Table 'Delia' 6-max Seat #1 is the button
Seat 1: hassan67 ($254.84 in chips)
Seat 2: Chessnok ($186.72 in chips)
hassan67: posts small blind $1
Chessnok: posts big blind $3
*** HOLE CARDS ***
hassan67: raises $3 to $6
Chessnok: calls $3
*** FLOP *** [8d Jd 4c]
Chessnok: checks
hassan67: bets $3
Chessnok: folds
Uncalled bet ($3) returned to hassan67
hassan67 collected $11.76 from pot
hassan67: doesn't show hand
*** SUMMARY ***
Total pot $12 | Rake $0.24
Board [8d Jd 4c]
Seat 1: hassan67 (button) (small blind) collected ($11.76)
Seat 2: Chessnok (big blind) folded on the Flop


PokerStars Hand #172200437382:  Hold'em Limit ($3/$6 USD) - 2017/06/24 20:25:38 ET
Table 'Delia' 6-max Seat #2 is the button
Seat 1: hassan67 ($260.60 in chips)
Seat 2: Chessnok ($180.72 in chips)
Chessnok: posts small blind $1
hassan67: posts big blind $3
*** HOLE CARDS ***
Chessnok: raises $3 to $6
hassan67: raises $3 to $9
Chessnok: calls $3
*** FLOP *** [3s 7c 2c]
hassan67: bets $3
Chessnok: folds
Uncalled bet ($3) returned to hassan67
hassan67 collected $17.64 from pot
hassan67: doesn't show hand
*** SUMMARY ***
Total pot $18 | Rake $0.36
Board [3s 7c 2c]
Seat 1: hassan67 (big blind) collected ($17.64)
Seat 2: Chessnok (button) (small blind) folded on the Flop


PokerStars Hand #172200468606:  Hold'em Limit ($3/$6 USD) - 2017/06/24 20:26:47 ET
Table 'Delia' 6-max Seat #1 is the button
Seat 1: hassan67 ($278.74 in chips)
Seat 2: Chessnok ($161.36 in chips)
hassan67: posts small blind $1
Chessnok: posts big blind $3
*** HOLE CARDS ***
hassan67: raises $3 to $6
Chessnok: folds
Uncalled bet ($3) returned to hassan67
hassan67 collected $6 from pot
hassan67: doesn't show hand
*** SUMMARY ***
Total pot $6 | Rake $0
Seat 1: hassan67 (button) (small blind) collected ($6)
Seat 2: Chessnok (big blind) folded before Flop


PokerStars Hand #172200445998:  Hold'em Limit ($3/$6 USD) - 2017/06/24 20:25:57 ET
Table 'Delia' 6-max Seat #1 is the button
Seat 1: hassan67 ($269.24 in chips)
Seat 2: Chessnok ($171.72 in chips)
hassan67: posts small blind $1
Chessnok: posts big blind $3
*** HOLE CARDS ***
hassan67: raises $3 to $6
Chessnok: calls $3
*** FLOP *** [Td 3d Qh]
Chessnok: checks
hassan67: bets $3
Chessnok: calls $3
*** TURN *** [Td 3d Qh] [Ac]
Chessnok: checks
hassan67: bets $6
Chessnok: calls $6
*** RIVER *** [Td 3d Qh Ac] [7s]
Chessnok: checks
hassan67: bets $6
Chessnok: calls $6
*** SHOW DOWN ***
hassan67: shows [Qs Jc] (a pair of Queens)
Chessnok: mucks hand
hassan67 collected $41.50 from pot
*** SUMMARY ***
Total pot $42 | Rake $0.50
Board [Td 3d Qh Ac 7s]
Seat 1: hassan67 (button) (small blind) showed [Qs Jc] and won ($41.50) with a pair of Queens
Seat 2: Chessnok (big blind) mucked


PokerStars Hand #172200456594:  Hold'em Limit ($3/$6 USD) - 2017/06/24 20:26:20 ET
Table 'Delia' 6-max Seat #2 is the button
Seat 1: hassan67 ($289.74 in chips)
Seat 2: Chessnok ($150.72 in chips)
Chessnok: posts small blind $1
hassan67: posts big blind $3
*** HOLE CARDS ***
Chessnok: raises $3 to $6
hassan67: folds
Uncalled bet ($3) returned to Chessnok
Chessnok collected $6 from pot
Chessnok: doesn't show hand
*** SUMMARY ***
Total pot $6 | Rake $0
Seat 1: hassan67 (big blind) folded before Flop
Seat 2: Chessnok (button) (small blind) collected ($6)


PokerStars Hand #172200459791:  Hold'em Limit ($3/$6 USD) - 2017/06/24 20:26:27 ET
Table 'Delia' 6-max Seat #1 is the button
Seat 1: hassan67 ($286.74 in chips)
Seat 2: Chessnok ($153.72 in chips)
hassan67: posts small blind $1
Chessnok: posts big blind $3
*** HOLE CARDS ***
hassan67: raises $3 to $6
Chessnok: calls $3
*** FLOP *** [Jh 6h Ac]
Chessnok: checks
hassan67: bets $3
Chessnok: raises $3 to $6
hassan67: folds
Uncalled bet ($3) returned to Chessnok
Chessnok collected $17.64 from pot
Chessnok: doesn't show hand
*** SUMMARY ***
Total pot $18 | Rake $0.36
Board [Jh 6h Ac]
Seat 1: hassan67 (button) (small blind) folded on the Flop
Seat 2: Chessnok (big blind) collected ($17.64)


PokerStars Hand #172200466691:  Hold'em Limit ($3/$6 USD) - 2017/06/24 20:26:42 ET
Table 'Delia' 6-max Seat #2 is the button
Seat 1: hassan67 ($277.74 in chips)
Seat 2: Chessnok ($162.36 in chips)
Chessnok: posts small blind $1
hassan67: posts big blind $3
*** HOLE CARDS ***
Chessnok: folds
Uncalled bet ($2) returned to hassan67
hassan67 collected $2 from pot
hassan67: doesn't show hand
*** SUMMARY ***
Total pot $2 | Rake $0
Seat 1: hassan67 (big blind) collected ($2)
Seat 2: Chessnok (button) (small blind) folded before Flop


PokerStars Hand #172200495526:  Hold'em Limit ($3/$6 USD) - 2017/06/24 20:27:46 ET
Table 'Delia' 6-max Seat #1 is the button
Seat 1: hassan67 ($228.74 in chips)
Seat 2: Chessnok ($210.36 in chips)
hassan67: posts small blind $1
Chessnok: posts big blind $3
*** HOLE CARDS ***
hassan67: folds
Uncalled bet ($2) returned to Chessnok
Chessnok collected $2 from pot
Chessnok: doesn't show hand
*** SUMMARY ***
Total pot $2 | Rake $0
Seat 1: hassan67 (button) (small blind) folded before Flop
Seat 2: Chessnok (big blind) collected ($2)


PokerStars Hand #172200493388:  Hold'em Limit ($3/$6 USD) - 2017/06/24 20:27:41 ET
Table 'Delia' 6-max Seat #2 is the button
Seat 1: hassan67 ($227.74 in chips)
Seat 2: Chessnok ($211.36 in chips)
Chessnok: posts small blind $1
hassan67: posts big blind $3
*** HOLE CARDS ***
Chessnok: folds
Uncalled bet ($2) returned to hassan67
hassan67 collected $2 from pot
hassan67: doesn't show hand
*** SUMMARY ***
Total pot $2 | Rake $0
Seat 1: hassan67 (big blind) collected ($2)
Seat 2: Chessnok (button) (small blind) folded before Flop


PokerStars Hand #172200472781:  Hold'em Limit ($3/$6 USD) - 2017/06/24 20:26:56 ET
Table 'Delia' 6-max Seat #2 is the button
Seat 1: hassan67 ($281.74 in chips)
Seat 2: Chessnok ($158.36 in chips)
Chessnok: posts small blind $1
hassan67: posts big blind $3
*** HOLE CARDS ***
Chessnok: raises $3 to $6
hassan67: raises $3 to $9
Chessnok: calls $3
*** FLOP *** [7s Ts 5s]
hassan67: bets $3
Chessnok: calls $3
*** TURN *** [7s Ts 5s] [2d]
hassan67: bets $6
Chessnok: raises $6 to $12
hassan67: calls $6
*** RIVER *** [7s Ts 5s 2d] [9h]
hassan67: checks
Chessnok: bets $6
hassan67: calls $6
*** SHOW DOWN ***
Chessnok: shows [Ks Tc] (a pair of Tens)
hassan67: mucks hand
Chessnok collected $59.50 from pot
*** SUMMARY ***
Total pot $60 | Rake $0.50
Board [7s Ts 5s 2d 9h]
Seat 1: hassan67 (big blind) mucked
Seat 2: Chessnok (button) (small blind) showed [Ks Tc] and won ($59.50) with a pair of Tens


PokerStars Hand #172200481853:  Hold'em Limit ($3/$6 USD) - 2017/06/24 20:27:16 ET
Table 'Delia' 6-max Seat #1 is the button
Seat 1: hassan67 ($251.74 in chips)
Seat 2: Chessnok ($187.86 in chips)
hassan67: posts small blind $1
Chessnok: posts big blind $3
*** HOLE CARDS ***
hassan67: raises $3 to $6
Chessnok: calls $3
*** FLOP *** [8d 6d Qc]
Chessnok: checks
hassan67: bets $3
Chessnok: raises $3 to $6
hassan67: calls $3
*** TURN *** [8d 6d Qc] [7d]
Chessnok: bets $6
hassan67: calls $6
*** RIVER *** [8d 6d Qc 7d] [Ah]
Chessnok: bets $6
hassan67: calls $6
*** SHOW DOWN ***
Chessnok: shows [5c Qd] (a pair of Queens)
hassan67: mucks hand
Chessnok collected $47.50 from pot
*** SUMMARY ***
Total pot $48 | Rake $0.50
Board [8d 6d Qc 7d Ah]
Seat 1: hassan67 (button) (small blind) mucked
Seat 2: Chessnok (big blind) showed [5c Qd] and won ($47.50) with a pair of Queens


PokerStars Hand #172200501654:  Hold'em Limit ($3/$6 USD) - 2017/06/24 20:27:59 ET
Table 'Delia' 6-max Seat #2 is the button
Seat 1: hassan67 ($227.74 in chips)
Seat 2: Chessnok ($211.36 in chips)
Chessnok: posts small blind $1
hassan67: posts big blind $3
*** HOLE CARDS ***
Chessnok: raises $3 to $6
hassan67: raises $3 to $9
Chessnok: calls $3
*** FLOP *** [Ad As 5s]
hassan67: bets $3
Chessnok: calls $3
*** TURN *** [Ad As 5s] [7c]
hassan67: bets $6
Chessnok: raises $6 to $12
hassan67: folds
Uncalled bet ($6) returned to Chessnok
Chessnok collected $35.50 from pot
Chessnok: doesn't show hand
*** SUMMARY ***
Total pot $36 | Rake $0.50
Board [Ad As 5s 7c]
Seat 1: hassan67 (big blind) folded on the Turn
Seat 2: Chessnok (button) (small blind) collected ($35.50)


PokerStars Hand #172200510513:  Hold'em Limit ($3/$6 USD) - 2017/06/24 20:28:19 ET
Table 'Delia' 6-max Seat #1 is the button
Seat 1: hassan67 ($209.74 in chips)
Seat 2: Chessnok ($228.86 in chips)
hassan67: posts small blind $1
Chessnok: posts big blind $3
*** HOLE CARDS ***
hassan67: raises $3 to $6
Chessnok: folds
Uncalled bet ($3) returned to hassan67
hassan67 collected $6 from pot
hassan67: doesn't show hand
*** SUMMARY ***
Total pot $6 | Rake $0
Seat 1: hassan67 (button) (small blind) collected ($6)
Seat 2: Chessnok (big blind) folded before Flop


PokerStars Hand #172200523569:  Hold'em Limit ($3/$6 USD) - 2017/06/24 20:28:48 ET
Table 'Delia' 6-max Seat #1 is the button
Seat 1: hassan67 ($212.49 in chips)
Seat 2: Chessnok ($225.61 in chips)
hassan67: posts small blind $1
Chessnok: posts big blind $3
*** HOLE CARDS ***
hassan67: folds
Uncalled bet ($2) returned to Chessnok
Chessnok collected $2 from pot
Chessnok: doesn't show hand
*** SUMMARY ***
Total pot $2 | Rake $0
Seat 1: hassan67 (button) (small blind) folded before Flop
Seat 2: Chessnok (big blind) collected ($2)


PokerStars Hand #172200513996:  Hold'em Limit ($3/$6 USD) - 2017/06/24 20:28:26 ET
Table 'Delia' 6-max Seat #2 is the button
Seat 1: hassan67 ($212.74 in chips)
Seat 2: Chessnok ($225.86 in chips)
Chessnok: posts small blind $1
hassan67: posts big blind $3
*** HOLE CARDS ***
Chessnok: raises $3 to $6
hassan67: raises $3 to $9
Chessnok: calls $3
*** FLOP *** [9c 9h 5h]
hassan67: bets $3
Chessnok: calls $3
*** TURN *** [9c 9h 5h] [Js]
hassan67: bets $6
Chessnok: calls $6
*** RIVER *** [9c 9h 5h Js] [5c]
hassan67: checks
Chessnok: checks
*** SHOW DOWN ***
hassan67: shows [Kh 6h] (two pair, Nines and Fives)
Chessnok: shows [Ks Ts] (two pair, Nines and Fives)
hassan67 collected $17.75 from pot
Chessnok collected $17.75 from pot
*** SUMMARY ***
Total pot $36 | Rake $0.50
Board [9c 9h 5h Js 5c]
Seat 1: hassan67 (big blind) showed [Kh 6h] and won ($17.75) with two pair, Nines and Fives
Seat 2: Chessnok (button) (small blind) showed [Ks Ts] and won ($17.75) with two pair, Nines and Fives


PokerStars Hand #172200525723:  Hold'em Limit ($3/$6 USD) - 2017/06/24 20:28:52 ET
Table 'Delia' 6-max Seat #2 is the button
Seat 1: hassan67 ($211.49 in chips)
Seat 2: Chessnok ($226.61 in chips)
Chessnok: posts small blind $1
hassan67: posts big blind $3
*** HOLE CARDS ***
Chessnok: raises $3 to $6
hassan67: folds
Uncalled bet ($3) returned to Chessnok
Chessnok collected $6 from pot
Chessnok: doesn't show hand
*** SUMMARY ***
Total pot $6 | Rake $0
Seat 1: hassan67 (big blind) folded before Flop
Seat 2: Chessnok (button) (small blind) collected ($6)


PokerStars Hand #172200529275:  Hold'em Limit ($3/$6 USD) - 2017/06/24 20:29:00 ET
Table 'Delia' 6-max Seat #1 is the button
Seat 1: hassan67 ($208.49 in chips)
Seat 2: Chessnok ($229.61 in chips)
hassan67: posts small blind $1
Chessnok: posts big blind $3
*** HOLE CARDS ***
hassan67: raises $3 to $6
Chessnok: calls $3
*** FLOP *** [Th 6h 5d]
Chessnok: checks
hassan67: bets $3
Chessnok: folds
Uncalled bet ($3) returned to hassan67
hassan67 collected $11.76 from pot
hassan67: doesn't show hand
*** SUMMARY ***
Total pot $12 | Rake $0.24
Board [Th 6h 5d]
Seat 1: hassan67 (button) (small blind) collected ($11.76)
Seat 2: Chessnok (big blind) folded on the Flop


PokerStars Hand #172200536046:  Hold'em Limit ($3/$6 USD) - 2017/06/24 20:29:15 ET
Table 'Delia' 6-max Seat #2 is the button
Seat 1: hassan67 ($214.25 in chips)
Seat 2: Chessnok ($223.61 in chips)
Chessnok: posts small blind $1
hassan67: posts big blind $3
*** HOLE CARDS ***
Chessnok: raises $3 to $6
hassan67: calls $3
*** FLOP *** [Qh 6s Kd]
hassan67: checks
Chessnok: bets $3
hassan67: calls $3
*** TURN *** [Qh 6s Kd] [Ac]
hassan67: checks
Chessnok: checks
*** RIVER *** [Qh 6s Kd Ac] [As]
hassan67: bets $6
Chessnok: calls $6
*** SHOW DOWN ***
hassan67: shows [4h Qs] (two pair, Aces and Queens)
Chessnok: mucks hand
hassan67 collected $29.50 from pot
*** SUMMARY ***
Total pot $30 | Rake $0.50
Board [Qh 6s Kd Ac As]
Seat 1: hassan67 (big blind) showed [4h Qs] and won ($29.50) with two pair, Aces and Queens
Seat 2: Chessnok (button) (small blind) mucked


PokerStars Hand #172202358521:  Hold'em Limit ($3/$6 USD) - 2017/06/24 21:43:51 ET
Table 'Delia' 6-max Seat #2 is the button
Seat 2: Chessnok ($206.61 in chips)
Seat 3: caliberblue ($121.76 in chips)
Chessnok: posts small blind $1
caliberblue: posts big blind $3
*** HOLE CARDS ***
Chessnok: raises $3 to $6
caliberblue: folds
Uncalled bet ($3) returned to Chessnok
Chessnok collected $6 from pot
Chessnok: doesn't show hand
*** SUMMARY ***
Total pot $6 | Rake $0
Seat 2: Chessnok (button) (small blind) collected ($6)
Seat 3: caliberblue (big blind) folded before Flop


PokerStars Hand #172202356785:  Hold'em Limit ($3/$6 USD) - 2017/06/24 21:43:46 ET
Table 'Delia' 6-max Seat #3 is the button
Seat 2: Chessnok ($205.61 in chips)
Seat 3: caliberblue ($122.76 in chips)
caliberblue: posts small blind $1
Chessnok: posts big blind $3
*** HOLE CARDS ***
caliberblue: folds
Uncalled bet ($2) returned to Chessnok
Chessnok collected $2 from pot
Chessnok: doesn't show hand
*** SUMMARY ***
Total pot $2 | Rake $0
Seat 2: Chessnok (big blind) collected ($2)
Seat 3: caliberblue (button) (small blind) folded before Flop


PokerStars Hand #172202354275:  Hold'em Limit ($3/$6 USD) - 2017/06/24 21:43:39 ET
Table 'Delia' 6-max Seat #2 is the button
Seat 2: Chessnok ($202.61 in chips)
Seat 3: caliberblue ($125.76 in chips)
Chessnok: posts small blind $1
caliberblue: posts big blind $3
*** HOLE CARDS ***
Chessnok: raises $3 to $6
caliberblue: folds
Uncalled bet ($3) returned to Chessnok
Chessnok collected $6 from pot
Chessnok: doesn't show hand
*** SUMMARY ***
Total pot $6 | Rake $0
Seat 2: Chessnok (button) (small blind) collected ($6)
Seat 3: caliberblue (big blind) folded before Flop


PokerStars Hand #172202349034:  Hold'em Limit ($3/$6 USD) - 2017/06/24 21:43:25 ET
Table 'Delia' 6-max Seat #2 is the button
Seat 2: Chessnok ($202.61 in chips)
Seat 3: caliberblue ($125.76 in chips)
Chessnok: posts small blind $1
caliberblue: posts big blind $3
*** HOLE CARDS ***
Chessnok: raises $3 to $6
caliberblue: folds
Uncalled bet ($3) returned to Chessnok
Chessnok collected $6 from pot
Chessnok: doesn't show hand
*** SUMMARY ***
Total pot $6 | Rake $0
Seat 2: Chessnok (button) (small blind) collected ($6)
Seat 3: caliberblue (big blind) folded before Flop


PokerStars Hand #172202343805:  Hold'em Limit ($3/$6 USD) - 2017/06/24 21:43:11 ET
Table 'Delia' 6-max Seat #3 is the button
Seat 2: Chessnok ($208.61 in chips)
Seat 3: caliberblue ($120 in chips)
caliberblue: posts small blind $1
Chessnok: posts big blind $3
*** HOLE CARDS ***
caliberblue: raises $3 to $6
Chessnok: calls $3
*** FLOP *** [5d Ac Kh]
Chessnok: checks
caliberblue: bets $3
Chessnok: folds
Uncalled bet ($3) returned to caliberblue
caliberblue collected $11.76 from pot
*** SUMMARY ***
Total pot $12 | Rake $0.24
Board [5d Ac Kh]
Seat 2: Chessnok (big blind) folded on the Flop
Seat 3: caliberblue (button) (small blind) collected ($11.76)


PokerStars Hand #172202370701:  Hold'em Limit ($3/$6 USD) - 2017/06/24 21:44:24 ET
Table 'Delia' 6-max Seat #2 is the button
Seat 2: Chessnok ($218.25 in chips)
Seat 3: caliberblue ($109.76 in chips)
Chessnok: posts small blind $1
caliberblue: posts big blind $3
*** HOLE CARDS ***
Chessnok: raises $3 to $6
loukis0902 joins the table at seat #5
caliberblue: folds
Uncalled bet ($3) returned to Chessnok
Chessnok collected $6 from pot
Chessnok: doesn't show hand
13Ghosts joins the table at seat #4
*** SUMMARY ***
Total pot $6 | Rake $0
Seat 2: Chessnok (button) (small blind) collected ($6)
Seat 3: caliberblue (big blind) folded before Flop


PokerStars Hand #172202360743:  Hold'em Limit ($3/$6 USD) - 2017/06/24 21:43:57 ET
Table 'Delia' 6-max Seat #3 is the button
Seat 2: Chessnok ($209.61 in chips)
Seat 3: caliberblue ($118.76 in chips)
caliberblue: posts small blind $1
Chessnok: posts big blind $3
*** HOLE CARDS ***
caliberblue: raises $3 to $6
Chessnok: raises $3 to $9
caliberblue: calls $3
*** FLOP *** [9s As 5c]
Chessnok: bets $3
caliberblue: folds
Uncalled bet ($3) returned to Chessnok
Chessnok collected $17.64 from pot
Chessnok: doesn't show hand
*** SUMMARY ***
Total pot $18 | Rake $0.36
Board [9s As 5c]
Seat 2: Chessnok (big blind) collected ($17.64)
Seat 3: caliberblue (button) (small blind) folded on the Flop


PokerStars Hand #172203246701:  Hold'em Limit ($3/$6 USD) - 2017/06/24 22:26:49 ET
Table 'Delia' 6-max Seat #1 is the button
Seat 1: Larooo ($59.79 in chips)
Seat 4: EVBET ($259.47 in chips)
Larooo: posts small blind $1
Chessnok: is sitting out
EVBET: posts big blind $3
*** HOLE CARDS ***
Larooo: raises $3 to $6
EVBET: calls $3
*** FLOP *** [Ad 7s 7h]
EVBET: checks
Larooo: bets $3
Chessnok leaves the table
EVBET: folds
Uncalled bet ($3) returned to Larooo
Larooo collected $11.76 from pot
*** SUMMARY ***
Total pot $12 | Rake $0.24
Board [Ad 7s 7h]
Seat 1: Larooo (button) (small blind) collected ($11.76)
Seat 4: EVBET (big blind) folded on the Flop


PokerStars Hand #172203252485:  Hold'em Limit ($3/$6 USD) - 2017/06/24 22:27:06 ET
Table 'Delia' 6-max Seat #4 is the button
Seat 1: Larooo ($65.55 in chips)
Seat 4: EVBET ($253.47 in chips)
EVBET: posts small blind $1
Larooo: posts big blind $3
*** HOLE CARDS ***
EVBET: raises $3 to $6
Larooo: calls $3
*** FLOP *** [Kc 5c Th]
Larooo: checks
EVBET: bets $3
Larooo: calls $3
*** TURN *** [Kc 5c Th] [Qc]
Larooo: checks
EVBET: checks
*** RIVER *** [Kc 5c Th Qc] [Kh]
Larooo: bets $6
EVBET: folds
Uncalled bet ($6) returned to Larooo
Larooo collected $17.64 from pot
*** SUMMARY ***
Total pot $18 | Rake $0.36
Board [Kc 5c Th Qc Kh]
Seat 1: Larooo (big blind) collected ($17.64)
Seat 4: EVBET (button) (small blind) folded on the River


PokerStars Hand #172203259548:  Hold'em Limit ($3/$6 USD) - 2017/06/24 22:27:27 ET
Table 'Delia' 6-max Seat #1 is the button
Seat 1: Larooo ($74.19 in chips)
Seat 4: EVBET ($244.47 in chips)
Larooo: posts small blind $1
EVBET: posts big blind $3
*** HOLE CARDS ***
Larooo: calls $2
EVBET: raises $3 to $6
Larooo: calls $3
*** FLOP *** [9d Th Ah]
EVBET: bets $3
Larooo: raises $3 to $6
EVBET: raises $3 to $9
Larooo: calls $3
*** TURN *** [9d Th Ah] [5s]
EVBET: bets $6
Larooo: calls $6
*** RIVER *** [9d Th Ah 5s] [Kc]
EVBET: bets $6
Larooo: folds
Uncalled bet ($6) returned to EVBET
EVBET collected $41.50 from pot
EVBET: doesn't show hand
*** SUMMARY ***
Total pot $42 | Rake $0.50
Board [9d Th Ah 5s Kc]
Seat 1: Larooo (button) (small blind) folded on the River
Seat 4: EVBET (big blind) collected ($41.50)


PokerStars Hand #172203271862:  Hold'em Limit ($3/$6 USD) - 2017/06/24 22:28:04 ET
Table 'Delia' 6-max Seat #4 is the button
Seat 1: Larooo ($53.19 in chips)
Seat 4: EVBET ($264.97 in chips)
EVBET: posts small blind $1
Larooo: posts big blind $3
*** HOLE CARDS ***
EVBET: raises $3 to $6
Larooo: calls $3
*** FLOP *** [3h Jc 7s]
Larooo: checks
EVBET: bets $3
Larooo: calls $3
*** TURN *** [3h Jc 7s] [5s]
Larooo: checks
EVBET: bets $6
Larooo: raises $6 to $12
EVBET: calls $6
*** RIVER *** [3h Jc 7s 5s] [Ah]
Larooo: bets $6
EVBET: raises $6 to $12
Larooo: calls $6
*** SHOW DOWN ***
EVBET: shows [Ac Kc] (a pair of Aces)
Larooo: mucks hand
EVBET collected $65.50 from pot
*** SUMMARY ***
Total pot $66 | Rake $0.50
Board [3h Jc 7s 5s Ah]
Seat 1: Larooo (big blind) mucked
Seat 4: EVBET (button) (small blind) showed [Ac Kc] and won ($65.50) with a pair of Aces


PokerStars Hand #172203283219:  Hold'em Limit ($3/$6 USD) - 2017/06/24 22:28:39 ET
Table 'Delia' 6-max Seat #1 is the button
Seat 1: Larooo ($20.19 in chips)
Seat 4: EVBET ($297.47 in chips)
Larooo: posts small blind $1
EVBET: posts big blind $3
*** HOLE CARDS ***
Larooo: calls $2
EVBET: checks
*** FLOP *** [Kd 6s 2h]
EVBET: checks
Larooo: bets $3
EVBET: raises $3 to $6
Larooo: calls $3
*** TURN *** [Kd 6s 2h] [Th]
EVBET: bets $6
Larooo: raises $5.19 to $11.19 and is all-in
EVBET: calls $5.19
*** RIVER *** [Kd 6s 2h Th] [5h]
*** SHOW DOWN ***
EVBET: shows [8s 6c] (a pair of Sixes)
Larooo: shows [3c 2c] (a pair of Deuces)
EVBET collected $39.88 from pot
Larooo leaves the table
*** SUMMARY ***
Total pot $40.38 | Rake $0.50
Board [Kd 6s 2h Th 5h]
Seat 1: Larooo (button) (small blind) showed [3c 2c] and lost with a pair of Deuces
Seat 4: EVBET (big blind) showed [8s 6c] and won ($39.88) with a pair of Sixes


