PokerStars Hand #146436684262:  Hold'em Limit ($3/$6 USD) - 2016/01/04 3:33:11 ET
Table 'Delia II' 6-max Seat #1 is the button
Seat 1: VolkovDmitri ($131.52 in chips)
Seat 3: OtecPokera17 ($113.74 in chips)
VolkovDmitri: posts small blind $1
OtecPokera17: posts big blind $3
*** HOLE CARDS ***
VolkovDmitri: raises $3 to $6
OtecPokera17: folds
Uncalled bet ($3) returned to VolkovDmitri
VolkovDmitri collected $6 from pot
VolkovDmitri: doesn't show hand
*** SUMMARY ***
Total pot $6 | Rake $0
Seat 1: VolkovDmitri (button) (small blind) collected ($6)
Seat 3: OtecPokera17 (big blind) folded before Flop


PokerStars Hand #146436676086:  Hold'em Limit ($3/$6 USD) - 2016/01/04 3:32:47 ET
Table 'Delia II' 6-max Seat #3 is the button
Seat 1: VolkovDmitri ($120 in chips)
Seat 3: OtecPokera17 ($125.74 in chips)
OtecPokera17: posts small blind $1
VolkovDmitri: posts big blind $3
*** HOLE CARDS ***
OtecPokera17: raises $3 to $6
VolkovDmitri: raises $3 to $9
OtecPokera17: calls $3
*** FLOP *** [8c 7d 6d]
VolkovDmitri: bets $3
OtecPokera17: calls $3
*** TURN *** [8c 7d 6d] [3c]
VolkovDmitri: checks
OtecPokera17: checks
*** RIVER *** [8c 7d 6d 3c] [9d]
VolkovDmitri: bets $6
OtecPokera17: folds
Uncalled bet ($6) returned to VolkovDmitri
VolkovDmitri collected $23.52 from pot
VolkovDmitri: doesn't show hand
*** SUMMARY ***
Total pot $24 | Rake $0.48
Board [8c 7d 6d 3c 9d]
Seat 1: VolkovDmitri (big blind) collected ($23.52)
Seat 3: OtecPokera17 (button) (small blind) folded on the River


PokerStars Hand #146436673256:  Hold'em Limit ($3/$6 USD) - 2016/01/04 3:32:39 ET
Table 'Delia II' 6-max Seat #1 is the button
Seat 1: VolkovDmitri ($120 in chips)
Seat 3: OtecPokera17 ($124.74 in chips)
VolkovDmitri: posts small blind $1
OtecPokera17: posts big blind $3
*** HOLE CARDS ***
VolkovDmitri: folds
Uncalled bet ($2) returned to OtecPokera17
OtecPokera17 collected $2 from pot
OtecPokera17: doesn't show hand
*** SUMMARY ***
Total pot $2 | Rake $0
Seat 1: VolkovDmitri (button) (small blind) folded before Flop
Seat 3: OtecPokera17 (big blind) collected ($2)


PokerStars Hand #146436686483:  Hold'em Limit ($3/$6 USD) - 2016/01/04 3:33:18 ET
Table 'Delia II' 6-max Seat #3 is the button
Seat 1: VolkovDmitri ($134.52 in chips)
Seat 3: OtecPokera17 ($110.74 in chips)
OtecPokera17: posts small blind $1
VolkovDmitri: posts big blind $3
*** HOLE CARDS ***
OtecPokera17: raises $3 to $6
VolkovDmitri: folds
Uncalled bet ($3) returned to OtecPokera17
OtecPokera17 collected $6 from pot
OtecPokera17: doesn't show hand
*** SUMMARY ***
Total pot $6 | Rake $0
Seat 1: VolkovDmitri (big blind) folded before Flop
Seat 3: OtecPokera17 (button) (small blind) collected ($6)


PokerStars Hand #146436688431:  Hold'em Limit ($3/$6 USD) - 2016/01/04 3:33:23 ET
Table 'Delia II' 6-max Seat #1 is the button
Seat 1: VolkovDmitri ($131.52 in chips)
Seat 3: OtecPokera17 ($113.74 in chips)
VolkovDmitri: posts small blind $1
OtecPokera17: posts big blind $3
*** HOLE CARDS ***
VolkovDmitri: raises $3 to $6
OtecPokera17: calls $3
*** FLOP *** [8d 8c 2d]
OtecPokera17: checks
VolkovDmitri: bets $3
OtecPokera17: raises $3 to $6
VolkovDmitri: calls $3
*** TURN *** [8d 8c 2d] [3d]
OtecPokera17: bets $6
VolkovDmitri: calls $6
*** RIVER *** [8d 8c 2d 3d] [3h]
OtecPokera17: bets $6
VolkovDmitri: calls $6
*** SHOW DOWN ***
OtecPokera17: shows [8h 6s] (a full house, Eights full of Threes)
VolkovDmitri: mucks hand
OtecPokera17 collected $47.50 from pot
*** SUMMARY ***
Total pot $48 | Rake $0.50
Board [8d 8c 2d 3d 3h]
Seat 1: VolkovDmitri (button) (small blind) mucked
Seat 3: OtecPokera17 (big blind) showed [8h 6s] and won ($47.50) with a full house, Eights full of Threes


PokerStars Hand #146436716248:  Hold'em Limit ($3/$6 USD) - 2016/01/04 3:34:45 ET
Table 'Delia II' 6-max Seat #1 is the button
Seat 1: VolkovDmitri ($120 in chips)
Seat 3: OtecPokera17 ($143 in chips)
VolkovDmitri: posts small blind $1
OtecPokera17: posts big blind $3
*** HOLE CARDS ***
VolkovDmitri: raises $3 to $6
OtecPokera17: raises $3 to $9
VolkovDmitri: calls $3
*** FLOP *** [Jh Th Qh]
belik555 joins the table at seat #5
OtecPokera17: bets $3
VolkovDmitri: calls $3
*** TURN *** [Jh Th Qh] [3s]
OtecPokera17: bets $6
VolkovDmitri: calls $6
*** RIVER *** [Jh Th Qh 3s] [5d]
OtecPokera17: bets $6
VolkovDmitri: folds
Uncalled bet ($6) returned to OtecPokera17
OtecPokera17 collected $35.50 from pot
OtecPokera17: doesn't show hand
*** SUMMARY ***
Total pot $36 | Rake $0.50
Board [Jh Th Qh 3s 5d]
Seat 1: VolkovDmitri (button) (small blind) folded on the River
Seat 3: OtecPokera17 (big blind) collected ($35.50)


PokerStars Hand #146441508329:  Hold'em Limit ($3/$6 USD) - 2016/01/04 6:32:50 ET
Table 'Delia II' 6-max Seat #2 is the button
Seat 2: parnishka11 ($24.07 in chips)
Seat 3: B_loJkl ($152.76 in chips)
parnishka11: posts small blind $1
B_loJkl: posts big blind $3
*** HOLE CARDS ***
belik555 leaves the table
parnishka11: folds
Uncalled bet ($2) returned to B_loJkl
B_loJkl collected $2 from pot
B_loJkl: doesn't show hand
*** SUMMARY ***
Total pot $2 | Rake $0
Seat 2: parnishka11 (button) (small blind) folded before Flop
Seat 3: B_loJkl (big blind) collected ($2)


PokerStars Hand #146441493942:  Hold'em Limit ($3/$6 USD) - 2016/01/04 6:32:24 ET
Table 'Delia II' 6-max Seat #3 is the button
Seat 2: parnishka11 ($30.07 in chips)
Seat 3: B_loJkl ($147 in chips)
B_loJkl: posts small blind $1
belik555: is sitting out
72bestcard: is sitting out
parnishka11: posts big blind $3
*** HOLE CARDS ***
72bestcard leaves the table
B_loJkl: raises $3 to $6
parnishka11: calls $3
*** FLOP *** [As 4s 2d]
parnishka11: checks
B_loJkl: bets $3
parnishka11: folds
Uncalled bet ($3) returned to B_loJkl
B_loJkl collected $11.76 from pot
B_loJkl: doesn't show hand
*** SUMMARY ***
Total pot $12 | Rake $0.24
Board [As 4s 2d]
Seat 2: parnishka11 (big blind) folded on the Flop
Seat 3: B_loJkl (button) (small blind) collected ($11.76)


PokerStars Hand #146442390150:  Hold'em Limit ($3/$6 USD) - 2016/01/04 6:58:07 ET
Table 'Delia II' 6-max Seat #5 is the button
Seat 1: Bigriver100 ($213.90 in chips)
Seat 5: kolaz03 ($140.45 in chips)
aade1ante will be allowed to play after the button
kolaz03: posts small blind $1
B_loJkl: is sitting out
Bigriver100: posts big blind $3
*** HOLE CARDS ***
kolaz03: raises $3 to $6
Bigriver100: folds
Uncalled bet ($3) returned to kolaz03
kolaz03 collected $6 from pot
kolaz03: doesn't show hand
*** SUMMARY ***
Total pot $6 | Rake $0
Seat 1: Bigriver100 (big blind) folded before Flop
Seat 5: kolaz03 (button) (small blind) collected ($6)


PokerStars Hand #146444618787:  Hold'em Limit ($3/$6 USD) - 2016/01/04 7:58:37 ET
Table 'Delia II' 6-max Seat #2 is the button
Seat 1: artiZzt ($72 in chips)
Seat 2: harrydonkey ($160.43 in chips)
harrydonkey: posts small blind $1
B_loJkl: is sitting out
artiZzt: posts big blind $3
*** HOLE CARDS ***
harrydonkey: calls $2
B_loJkl leaves the table
artiZzt: checks
*** FLOP *** [7h 2h 9d]
artiZzt: checks
harrydonkey: checks
*** TURN *** [7h 2h 9d] [Qs]
artiZzt: checks
harrydonkey: checks
*** RIVER *** [7h 2h 9d Qs] [2d]
artiZzt: checks
harrydonkey: checks
*** SHOW DOWN ***
artiZzt: shows [3h Kc] (a pair of Deuces)
harrydonkey: shows [Kd 3c] (a pair of Deuces)
artiZzt collected $2.94 from pot
harrydonkey collected $2.94 from pot
*** SUMMARY ***
Total pot $6 | Rake $0.12
Board [7h 2h 9d Qs 2d]
Seat 1: artiZzt (big blind) showed [3h Kc] and won ($2.94) with a pair of Deuces
Seat 2: harrydonkey (button) (small blind) showed [Kd 3c] and won ($2.94) with a pair of Deuces


PokerStars Hand #146447589108:  Hold'em Limit ($3/$6 USD) - 2016/01/04 9:09:45 ET
Table 'Delia II' 6-max Seat #4 is the button
Seat 3: ROCK2010 ($226.47 in chips)
Seat 4: artiZzt ($73 in chips)
artiZzt: posts small blind $1
ROCK2010: posts big blind $3
*** HOLE CARDS ***
artiZzt: raises $3 to $6
ROCK2010: raises $3 to $9
artiZzt: calls $3
*** FLOP *** [Jh 7s Ks]
ROCK2010: bets $3
artiZzt: folds
Uncalled bet ($3) returned to ROCK2010
ROCK2010 collected $17.64 from pot
ROCK2010: doesn't show hand
*** SUMMARY ***
Total pot $18 | Rake $0.36
Board [Jh 7s Ks]
Seat 3: ROCK2010 (big blind) collected ($17.64)
Seat 4: artiZzt (button) (small blind) folded on the Flop


PokerStars Hand #146447585937:  Hold'em Limit ($3/$6 USD) - 2016/01/04 9:09:41 ET
Table 'Delia II' 6-max Seat #3 is the button
Seat 3: ROCK2010 ($227.47 in chips)
Seat 4: artiZzt ($72 in chips)
ROCK2010: posts small blind $1
artiZzt: posts big blind $3
*** HOLE CARDS ***
ROCK2010: folds
Uncalled bet ($2) returned to artiZzt
artiZzt collected $2 from pot
artiZzt: doesn't show hand
*** SUMMARY ***
Total pot $2 | Rake $0
Seat 3: ROCK2010 (button) (small blind) folded before Flop
Seat 4: artiZzt (big blind) collected ($2)


PokerStars Hand #146447567340:  Hold'em Limit ($3/$6 USD) - 2016/01/04 9:09:17 ET
Table 'Delia II' 6-max Seat #4 is the button
Seat 3: ROCK2010 ($221.71 in chips)
Seat 4: artiZzt ($72 in chips)
artiZzt: posts small blind $1
Pandakey: is sitting out
ROCK2010: posts big blind $3
*** HOLE CARDS ***
artiZzt: raises $3 to $6
ROCK2010: calls $3
*** FLOP *** [9s 9d As]
ROCK2010: bets $3
artiZzt: folds
Uncalled bet ($3) returned to ROCK2010
ROCK2010 collected $11.76 from pot
ROCK2010: doesn't show hand
*** SUMMARY ***
Total pot $12 | Rake $0.24
Board [9s 9d As]
Seat 3: ROCK2010 (big blind) collected ($11.76)
Seat 4: artiZzt (button) (small blind) folded on the Flop


PokerStars Hand #146447658417:  Hold'em Limit ($3/$6 USD) - 2016/01/04 9:11:16 ET
Table 'Delia II' 6-max Seat #3 is the button
Seat 3: ROCK2010 ($263.25 in chips)
Seat 4: artiZzt ($72 in chips)
ROCK2010: posts small blind $1
artiZzt: posts big blind $3
*** HOLE CARDS ***
ROCK2010: folds
Uncalled bet ($2) returned to artiZzt
artiZzt collected $2 from pot
artiZzt: doesn't show hand
*** SUMMARY ***
Total pot $2 | Rake $0
Seat 3: ROCK2010 (button) (small blind) folded before Flop
Seat 4: artiZzt (big blind) collected ($2)


PokerStars Hand #146447636556:  Hold'em Limit ($3/$6 USD) - 2016/01/04 9:10:47 ET
Table 'Delia II' 6-max Seat #4 is the button
Seat 3: ROCK2010 ($239.75 in chips)
Seat 4: artiZzt ($76 in chips)
artiZzt: posts small blind $1
ROCK2010: posts big blind $3
*** HOLE CARDS ***
artiZzt: raises $3 to $6
ROCK2010: raises $3 to $9
artiZzt: calls $3
*** FLOP *** [Kh Qs 9h]
Pandakey leaves the table
ROCK2010: bets $3
artiZzt: calls $3
*** TURN *** [Kh Qs 9h] [3h]
ROCK2010: bets $6
artiZzt: calls $6
*** RIVER *** [Kh Qs 9h 3h] [6h]
ROCK2010: bets $6
artiZzt: calls $6
*** SHOW DOWN ***
ROCK2010: shows [Jh Js] (a flush, King high)
artiZzt: mucks hand
ROCK2010 collected $47.50 from pot
*** SUMMARY ***
Total pot $48 | Rake $0.50
Board [Kh Qs 9h 3h 6h]
Seat 3: ROCK2010 (big blind) showed [Jh Js] and won ($47.50) with a flush, King high
Seat 4: artiZzt (button) (small blind) mucked


PokerStars Hand #146447632750:  Hold'em Limit ($3/$6 USD) - 2016/01/04 9:10:42 ET
Table 'Delia II' 6-max Seat #3 is the button
Seat 3: ROCK2010 ($240.75 in chips)
Seat 4: artiZzt ($75 in chips)
ROCK2010: posts small blind $1
artiZzt: posts big blind $3
*** HOLE CARDS ***
ROCK2010: folds
Uncalled bet ($2) returned to artiZzt
artiZzt collected $2 from pot
artiZzt: doesn't show hand
*** SUMMARY ***
Total pot $2 | Rake $0
Seat 3: ROCK2010 (button) (small blind) folded before Flop
Seat 4: artiZzt (big blind) collected ($2)


PokerStars Hand #146447627968:  Hold'em Limit ($3/$6 USD) - 2016/01/04 9:10:36 ET
Table 'Delia II' 6-max Seat #4 is the button
Seat 3: ROCK2010 ($243.75 in chips)
Seat 4: artiZzt ($72 in chips)
artiZzt: posts small blind $1
ROCK2010: posts big blind $3
*** HOLE CARDS ***
artiZzt: raises $3 to $6
ROCK2010: folds
Uncalled bet ($3) returned to artiZzt
artiZzt collected $6 from pot
artiZzt: doesn't show hand
*** SUMMARY ***
Total pot $6 | Rake $0
Seat 3: ROCK2010 (big blind) folded before Flop
Seat 4: artiZzt (button) (small blind) collected ($6)


PokerStars Hand #146447607558:  Hold'em Limit ($3/$6 USD) - 2016/01/04 9:10:10 ET
Table 'Delia II' 6-max Seat #3 is the button
Seat 3: ROCK2010 ($235.11 in chips)
Seat 4: artiZzt ($72 in chips)
ROCK2010: posts small blind $1
artiZzt: posts big blind $3
*** HOLE CARDS ***
ROCK2010: calls $2
artiZzt: checks
*** FLOP *** [8d 5d 8h]
artiZzt: checks
ROCK2010: checks
*** TURN *** [8d 5d 8h] [Kh]
artiZzt: checks
ROCK2010: checks
*** RIVER *** [8d 5d 8h Kh] [Jd]
artiZzt: checks
ROCK2010: bets $6
artiZzt: calls $6
*** SHOW DOWN ***
ROCK2010: shows [8c Td] (three of a kind, Eights)
artiZzt: mucks hand
ROCK2010 collected $17.64 from pot
*** SUMMARY ***
Total pot $18 | Rake $0.36
Board [8d 5d 8h Kh Jd]
Seat 3: ROCK2010 (button) (small blind) showed [8c Td] and won ($17.64) with three of a kind, Eights
Seat 4: artiZzt (big blind) mucked


PokerStars Hand #146447661688:  Hold'em Limit ($3/$6 USD) - 2016/01/04 9:11:20 ET
Table 'Delia II' 6-max Seat #4 is the button
Seat 3: ROCK2010 ($262.25 in chips)
Seat 4: artiZzt ($73 in chips)
artiZzt: posts small blind $1
ROCK2010: posts big blind $3
*** HOLE CARDS ***
artiZzt: raises $3 to $6
ROCK2010: folds
Uncalled bet ($3) returned to artiZzt
artiZzt collected $6 from pot
artiZzt: doesn't show hand
ROCK2010 leaves the table
*** SUMMARY ***
Total pot $6 | Rake $0
Seat 3: ROCK2010 (big blind) folded before Flop
Seat 4: artiZzt (button) (small blind) collected ($6)


