PokerStars Hand #151982210119:  Hold'em Limit ($3/$6 USD) - 2016/04/16 1:49:55 ET
Table 'Delia' 6-max Seat #6 is the button
Seat 5: Scheubi88 ($131.47 in chips)
Seat 6: AzureCaper ($72 in chips)
AzureCaper: posts small blind $1
Scheubi88: posts big blind $3
*** HOLE CARDS ***
AzureCaper: raises $3 to $6
Scheubi88: raises $3 to $9
AzureCaper: raises $3 to $12
Betting is capped
Scheubi88: calls $3
*** FLOP *** [6c Qh 9h]
Scheubi88: checks
AzureCaper: bets $3
Scheubi88: calls $3
*** TURN *** [6c Qh 9h] [5s]
Scheubi88: checks
AzureCaper: bets $6
Scheubi88: folds
Uncalled bet ($6) returned to AzureCaper
AzureCaper collected $29.50 from pot
*** SUMMARY ***
Total pot $30 | Rake $0.50
Board [6c Qh 9h 5s]
Seat 5: Scheubi88 (big blind) folded on the Turn
Seat 6: AzureCaper (button) (small blind) collected ($29.50)


PokerStars Hand #151982208856:  Hold'em Limit ($3/$6 USD) - 2016/04/16 1:49:50 ET
Table 'Delia' 6-max Seat #5 is the button
Seat 5: Scheubi88 ($128.47 in chips)
Seat 6: AzureCaper ($72 in chips)
Scheubi88: posts small blind $1
AzureCaper: posts big blind $3
*** HOLE CARDS ***
Scheubi88: raises $3 to $6
AzureCaper: folds
Uncalled bet ($3) returned to Scheubi88
Scheubi88 collected $6 from pot
VolkovDmitri leaves the table
*** SUMMARY ***
Total pot $6 | Rake $0
Seat 5: Scheubi88 (button) (small blind) collected ($6)
Seat 6: AzureCaper (big blind) folded before Flop


PokerStars Hand #151982220724:  Hold'em Limit ($3/$6 USD) - 2016/04/16 1:50:33 ET
Table 'Delia' 6-max Seat #6 is the button
Seat 5: Scheubi88 ($122.23 in chips)
Seat 6: AzureCaper ($80.50 in chips)
AzureCaper: posts small blind $1
Scheubi88: posts big blind $3
*** HOLE CARDS ***
AzureCaper: folds
Uncalled bet ($2) returned to Scheubi88
Scheubi88 collected $2 from pot
*** SUMMARY ***
Total pot $2 | Rake $0
Seat 5: Scheubi88 (big blind) collected ($2)
Seat 6: AzureCaper (button) (small blind) folded before Flop


PokerStars Hand #151982216555:  Hold'em Limit ($3/$6 USD) - 2016/04/16 1:50:18 ET
Table 'Delia' 6-max Seat #5 is the button
Seat 5: Scheubi88 ($116.47 in chips)
Seat 6: AzureCaper ($86.50 in chips)
Scheubi88: posts small blind $1
AzureCaper: posts big blind $3
*** HOLE CARDS ***
HAL9QQQ leaves the table
Scheubi88: raises $3 to $6
AzureCaper: calls $3
*** FLOP *** [2d Ts Td]
AzureCaper: checks
Scheubi88: bets $3
AzureCaper: folds
Uncalled bet ($3) returned to Scheubi88
Scheubi88 collected $11.76 from pot
*** SUMMARY ***
Total pot $12 | Rake $0.24
Board [2d Ts Td]
Seat 5: Scheubi88 (button) (small blind) collected ($11.76)
Seat 6: AzureCaper (big blind) folded on the Flop


PokerStars Hand #151982221957:  Hold'em Limit ($3/$6 USD) - 2016/04/16 1:50:38 ET
Table 'Delia' 6-max Seat #5 is the button
Seat 5: Scheubi88 ($123.23 in chips)
Seat 6: AzureCaper ($79.50 in chips)
Scheubi88: posts small blind $1
AzureCaper: posts big blind $3
*** HOLE CARDS ***
Scheubi88: folds
Uncalled bet ($2) returned to AzureCaper
AzureCaper collected $2 from pot
AzureCaper: doesn't show hand
*** SUMMARY ***
Total pot $2 | Rake $0
Seat 5: Scheubi88 (button) (small blind) folded before Flop
Seat 6: AzureCaper (big blind) collected ($2)


PokerStars Hand #151982233090:  Hold'em Limit ($3/$6 USD) - 2016/04/16 1:51:18 ET
Table 'Delia' 6-max Seat #6 is the button
Seat 5: Scheubi88 ($115.87 in chips)
Seat 6: AzureCaper ($86.50 in chips)
AzureCaper: posts small blind $1
Scheubi88: posts big blind $3
*** HOLE CARDS ***
AzureCaper: raises $3 to $6
Scheubi88: calls $3
*** FLOP *** [Jc 7c 5h]
Scheubi88: checks
AzureCaper: bets $3
Scheubi88: calls $3
*** TURN *** [Jc 7c 5h] [5s]
Scheubi88: checks
AzureCaper: checks
*** RIVER *** [Jc 7c 5h 5s] [6d]
Scheubi88: checks
AzureCaper: bets $6
Scheubi88: folds
Uncalled bet ($6) returned to AzureCaper
AzureCaper collected $17.64 from pot
AzureCaper: doesn't show hand
*** SUMMARY ***
Total pot $18 | Rake $0.36
Board [Jc 7c 5h 5s 6d]
Seat 5: Scheubi88 (big blind) folded on the River
Seat 6: AzureCaper (button) (small blind) collected ($17.64)


PokerStars Hand #151982223686:  Hold'em Limit ($3/$6 USD) - 2016/04/16 1:50:44 ET
Table 'Delia' 6-max Seat #6 is the button
Seat 5: Scheubi88 ($122.23 in chips)
Seat 6: AzureCaper ($80.50 in chips)
AzureCaper: posts small blind $1
Scheubi88: posts big blind $3
*** HOLE CARDS ***
AzureCaper: raises $3 to $6
Scheubi88: calls $3
*** FLOP *** [3d 6h Qd]
Scheubi88: checks
AzureCaper: bets $3
Scheubi88: calls $3
*** TURN *** [3d 6h Qd] [7d]
Scheubi88: checks
AzureCaper: checks
*** RIVER *** [3d 6h Qd 7d] [3s]
Scheubi88: bets $6
AzureCaper: folds
Uncalled bet ($6) returned to Scheubi88
Scheubi88 collected $17.64 from pot
*** SUMMARY ***
Total pot $18 | Rake $0.36
Board [3d 6h Qd 7d 3s]
Seat 5: Scheubi88 (big blind) collected ($17.64)
Seat 6: AzureCaper (button) (small blind) folded on the River


PokerStars Hand #151982228712:  Hold'em Limit ($3/$6 USD) - 2016/04/16 1:51:02 ET
Table 'Delia' 6-max Seat #5 is the button
Seat 5: Scheubi88 ($130.87 in chips)
Seat 6: AzureCaper ($72 in chips)
Scheubi88: posts small blind $1
AzureCaper: posts big blind $3
*** HOLE CARDS ***
Scheubi88: raises $3 to $6
AzureCaper: calls $3
*** FLOP *** [6c Kh 7c]
AzureCaper: checks
Scheubi88: bets $3
AzureCaper: calls $3
*** TURN *** [6c Kh 7c] [Ts]
AzureCaper: checks
Scheubi88: checks
*** RIVER *** [6c Kh 7c Ts] [3s]
AzureCaper: bets $6
Scheubi88: calls $6
*** SHOW DOWN ***
AzureCaper: shows [3c As] (a pair of Threes)
Scheubi88: mucks hand
AzureCaper collected $29.50 from pot
*** SUMMARY ***
Total pot $30 | Rake $0.50
Board [6c Kh 7c Ts 3s]
Seat 5: Scheubi88 (button) (small blind) mucked
Seat 6: AzureCaper (big blind) showed [3c As] and won ($29.50) with a pair of Threes


PokerStars Hand #151982245113:  Hold'em Limit ($3/$6 USD) - 2016/04/16 1:52:01 ET
Table 'Delia' 6-max Seat #6 is the button
Seat 5: Scheubi88 ($112.63 in chips)
Seat 6: AzureCaper ($89.14 in chips)
AzureCaper: posts small blind $1
Scheubi88: posts big blind $3
*** HOLE CARDS ***
AzureCaper: raises $3 to $6
Scheubi88: calls $3
*** FLOP *** [6c 7h 2s]
Scheubi88: checks
AzureCaper: bets $3
Scheubi88: calls $3
*** TURN *** [6c 7h 2s] [Td]
Scheubi88: checks
AzureCaper: bets $6
Scheubi88: calls $6
*** RIVER *** [6c 7h 2s Td] [Ac]
Scheubi88: checks
AzureCaper: checks
*** SHOW DOWN ***
Scheubi88: shows [As 5d] (a pair of Aces)
AzureCaper: mucks hand
Scheubi88 collected $29.50 from pot
*** SUMMARY ***
Total pot $30 | Rake $0.50
Board [6c 7h 2s Td Ac]
Seat 5: Scheubi88 (big blind) showed [As 5d] and won ($29.50) with a pair of Aces
Seat 6: AzureCaper (button) (small blind) mucked


PokerStars Hand #151982256978:  Hold'em Limit ($3/$6 USD) - 2016/04/16 1:52:43 ET
Table 'Delia' 6-max Seat #6 is the button
Seat 5: Scheubi88 ($132.89 in chips)
Seat 6: AzureCaper ($72 in chips)
AzureCaper: posts small blind $1
Scheubi88: posts big blind $3
*** HOLE CARDS ***
AzureCaper: folds
Uncalled bet ($2) returned to Scheubi88
Scheubi88 collected $2 from pot
*** SUMMARY ***
Total pot $2 | Rake $0
Seat 5: Scheubi88 (big blind) collected ($2)
Seat 6: AzureCaper (button) (small blind) folded before Flop


PokerStars Hand #151982252202:  Hold'em Limit ($3/$6 USD) - 2016/04/16 1:52:26 ET
Table 'Delia' 6-max Seat #5 is the button
Seat 5: Scheubi88 ($127.13 in chips)
Seat 6: AzureCaper ($74.14 in chips)
Scheubi88: posts small blind $1
AzureCaper: posts big blind $3
*** HOLE CARDS ***
Scheubi88: raises $3 to $6
AzureCaper: calls $3
*** FLOP *** [3c 5c Ts]
AzureCaper: checks
Scheubi88: bets $3
AzureCaper: folds
Uncalled bet ($3) returned to Scheubi88
Scheubi88 collected $11.76 from pot
*** SUMMARY ***
Total pot $12 | Rake $0.24
Board [3c 5c Ts]
Seat 5: Scheubi88 (button) (small blind) collected ($11.76)
Seat 6: AzureCaper (big blind) folded on the Flop


PokerStars Hand #151982240805:  Hold'em Limit ($3/$6 USD) - 2016/04/16 1:51:45 ET
Table 'Delia' 6-max Seat #5 is the button
Seat 5: Scheubi88 ($106.87 in chips)
Seat 6: AzureCaper ($95.14 in chips)
Scheubi88: posts small blind $1
AzureCaper: posts big blind $3
*** HOLE CARDS ***
Scheubi88: raises $3 to $6
AzureCaper: calls $3
*** FLOP *** [As Th 2h]
AzureCaper: checks
Scheubi88: bets $3
AzureCaper: folds
Uncalled bet ($3) returned to Scheubi88
Scheubi88 collected $11.76 from pot
*** SUMMARY ***
Total pot $12 | Rake $0.24
Board [As Th 2h]
Seat 5: Scheubi88 (button) (small blind) collected ($11.76)
Seat 6: AzureCaper (big blind) folded on the Flop


PokerStars Hand #151982258225:  Hold'em Limit ($3/$6 USD) - 2016/04/16 1:52:48 ET
Table 'Delia' 6-max Seat #5 is the button
Seat 5: Scheubi88 ($133.89 in chips)
Seat 6: AzureCaper ($72 in chips)
Scheubi88: posts small blind $1
AzureCaper: posts big blind $3
*** HOLE CARDS ***
Scheubi88: raises $3 to $6
AzureCaper: folds
Uncalled bet ($3) returned to Scheubi88
Scheubi88 collected $6 from pot
*** SUMMARY ***
Total pot $6 | Rake $0
Seat 5: Scheubi88 (button) (small blind) collected ($6)
Seat 6: AzureCaper (big blind) folded before Flop


PokerStars Hand #151982265110:  Hold'em Limit ($3/$6 USD) - 2016/04/16 1:53:12 ET
Table 'Delia' 6-max Seat #5 is the button
Seat 5: Scheubi88 ($145.53 in chips)
Seat 6: AzureCaper ($72 in chips)
Scheubi88: posts small blind $1
AzureCaper: posts big blind $3
*** HOLE CARDS ***
Scheubi88: raises $3 to $6
AzureCaper: calls $3
*** FLOP *** [2s 3h As]
AzureCaper: checks
Scheubi88: bets $3
AzureCaper: raises $3 to $6
Scheubi88: calls $3
*** TURN *** [2s 3h As] [2h]
AzureCaper: bets $6
Scheubi88: calls $6
*** RIVER *** [2s 3h As 2h] [5c]
AzureCaper: bets $6
Scheubi88: calls $6
*** SHOW DOWN ***
AzureCaper: shows [9s 8s] (a pair of Deuces)
Scheubi88: shows [3d Qc] (two pair, Threes and Deuces)
Scheubi88 collected $47.50 from pot
*** SUMMARY ***
Total pot $48 | Rake $0.50
Board [2s 3h As 2h 5c]
Seat 5: Scheubi88 (button) (small blind) showed [3d Qc] and won ($47.50) with two pair, Threes and Deuces
Seat 6: AzureCaper (big blind) showed [9s 8s] and lost with a pair of Deuces


PokerStars Hand #151982260154:  Hold'em Limit ($3/$6 USD) - 2016/04/16 1:52:55 ET
Table 'Delia' 6-max Seat #6 is the button
Seat 5: Scheubi88 ($136.89 in chips)
Seat 6: AzureCaper ($72 in chips)
AzureCaper: posts small blind $1
Scheubi88: posts big blind $3
*** HOLE CARDS ***
AzureCaper: raises $3 to $6
Scheubi88: calls $3
*** FLOP *** [5s 6c Tc]
Scheubi88: checks
AzureCaper: bets $3
Scheubi88: calls $3
*** TURN *** [5s 6c Tc] [9c]
Scheubi88: checks
AzureCaper: checks
*** RIVER *** [5s 6c Tc 9c] [7h]
Scheubi88: checks
AzureCaper: checks
*** SHOW DOWN ***
Scheubi88: shows [Kd 9h] (a pair of Nines)
AzureCaper: mucks hand
Scheubi88 collected $17.64 from pot
*** SUMMARY ***
Total pot $18 | Rake $0.36
Board [5s 6c Tc 9c 7h]
Seat 5: Scheubi88 (big blind) showed [Kd 9h] and won ($17.64) with a pair of Nines
Seat 6: AzureCaper (button) (small blind) mucked


PokerStars Hand #151982284776:  Hold'em Limit ($3/$6 USD) - 2016/04/16 1:54:23 ET
Table 'Delia' 6-max Seat #6 is the button
Seat 5: Scheubi88 ($186.53 in chips)
Seat 6: AzureCaper ($72 in chips)
AzureCaper: posts small blind $1
Scheubi88: posts big blind $3
*** HOLE CARDS ***
AzureCaper: raises $3 to $6
Scheubi88: calls $3
*** FLOP *** [2d Ad 6h]
Scheubi88: checks
AzureCaper: bets $3
Scheubi88: calls $3
*** TURN *** [2d Ad 6h] [Qd]
Scheubi88: checks
AzureCaper: checks
*** RIVER *** [2d Ad 6h Qd] [3d]
Scheubi88: bets $6
AzureCaper: folds
Uncalled bet ($6) returned to Scheubi88
Scheubi88 collected $17.64 from pot
*** SUMMARY ***
Total pot $18 | Rake $0.36
Board [2d Ad 6h Qd 3d]
Seat 5: Scheubi88 (big blind) collected ($17.64)
Seat 6: AzureCaper (button) (small blind) folded on the River


PokerStars Hand #151982271001:  Hold'em Limit ($3/$6 USD) - 2016/04/16 1:53:33 ET
Table 'Delia' 6-max Seat #6 is the button
Seat 5: Scheubi88 ($169.03 in chips)
Seat 6: AzureCaper ($72 in chips)
AzureCaper: posts small blind $1
Scheubi88: posts big blind $3
*** HOLE CARDS ***
AzureCaper: raises $3 to $6
Scheubi88: raises $3 to $9
AzureCaper: calls $3
*** FLOP *** [4d 3s 2d]
Scheubi88: bets $3
AzureCaper: calls $3
*** TURN *** [4d 3s 2d] [8s]
Scheubi88: checks
AzureCaper: bets $6
Scheubi88: calls $6
*** RIVER *** [4d 3s 2d 8s] [6h]
Scheubi88: checks
AzureCaper: bets $6
Scheubi88: folds
Uncalled bet ($6) returned to AzureCaper
AzureCaper collected $35.50 from pot
AzureCaper: doesn't show hand
*** SUMMARY ***
Total pot $36 | Rake $0.50
Board [4d 3s 2d 8s 6h]
Seat 5: Scheubi88 (big blind) folded on the River
Seat 6: AzureCaper (button) (small blind) collected ($35.50)


PokerStars Hand #151982279133:  Hold'em Limit ($3/$6 USD) - 2016/04/16 1:54:02 ET
Table 'Delia' 6-max Seat #5 is the button
Seat 5: Scheubi88 ($151.03 in chips)
Seat 6: AzureCaper ($89.50 in chips)
Scheubi88: posts small blind $1
AzureCaper: posts big blind $3
*** HOLE CARDS ***
Scheubi88: raises $3 to $6
AzureCaper: raises $3 to $9
Scheubi88: calls $3
*** FLOP *** [9h Kd 2h]
AzureCaper: bets $3
Scheubi88: calls $3
*** TURN *** [9h Kd 2h] [6c]
AzureCaper: bets $6
Scheubi88: raises $6 to $12
AzureCaper: raises $6 to $18
Scheubi88: calls $6
*** RIVER *** [9h Kd 2h 6c] [5s]
AzureCaper: bets $6
Scheubi88: calls $6
*** SHOW DOWN ***
AzureCaper: shows [Js Kc] (a pair of Kings)
Scheubi88: shows [Qs Kh] (a pair of Kings - Queen kicker)
Scheubi88 collected $71.50 from pot
*** SUMMARY ***
Total pot $72 | Rake $0.50
Board [9h Kd 2h 6c 5s]
Seat 5: Scheubi88 (button) (small blind) showed [Qs Kh] and won ($71.50) with a pair of Kings
Seat 6: AzureCaper (big blind) showed [Js Kc] and lost with a pair of Kings


PokerStars Hand #151982312450:  Hold'em Limit ($3/$6 USD) - 2016/04/16 1:55:31 ET
Table 'Delia' 6-max Seat #5 is the button
Seat 5: Scheubi88 ($233.17 in chips)
Seat 6: AzureCaper ($77.76 in chips)
Scheubi88: posts small blind $1
AzureCaper: posts big blind $3
*** HOLE CARDS ***
Scheubi88: raises $3 to $6
AzureCaper: raises $3 to $9
Scheubi88: calls $3
*** FLOP *** [Ts Kh Kd]
AzureCaper: bets $3
Scheubi88: raises $3 to $6
AzureCaper: calls $3
*** TURN *** [Ts Kh Kd] [2c]
AzureCaper: checks
Scheubi88: bets $6
AzureCaper: calls $6
*** RIVER *** [Ts Kh Kd 2c] [3s]
AzureCaper: checks
Scheubi88: checks
*** SHOW DOWN ***
AzureCaper: shows [Ah 4s] (a pair of Kings)
Scheubi88: shows [Jd 3d] (two pair, Kings and Threes)
Scheubi88 collected $41.50 from pot
*** SUMMARY ***
Total pot $42 | Rake $0.50
Board [Ts Kh Kd 2c 3s]
Seat 5: Scheubi88 (button) (small blind) showed [Jd 3d] and won ($41.50) with two pair, Kings and Threes
Seat 6: AzureCaper (big blind) showed [Ah 4s] and lost with a pair of Kings


PokerStars Hand #151982310464:  Hold'em Limit ($3/$6 USD) - 2016/04/16 1:55:23 ET
Table 'Delia' 6-max Seat #6 is the button
Seat 5: Scheubi88 ($239.17 in chips)
Seat 6: AzureCaper ($72 in chips)
AzureCaper: posts small blind $1
Scheubi88: posts big blind $3
*** HOLE CARDS ***
AzureCaper: raises $3 to $6
Scheubi88: calls $3
*** FLOP *** [3s 6h Ts]
Scheubi88: checks
AzureCaper: bets $3
Scheubi88: folds
Uncalled bet ($3) returned to AzureCaper
AzureCaper collected $11.76 from pot
AzureCaper: doesn't show hand
*** SUMMARY ***
Total pot $12 | Rake $0.24
Board [3s 6h Ts]
Seat 5: Scheubi88 (big blind) folded on the Flop
Seat 6: AzureCaper (button) (small blind) collected ($11.76)


PokerStars Hand #151982299703:  Hold'em Limit ($3/$6 USD) - 2016/04/16 1:55:18 ET
Table 'Delia' 6-max Seat #5 is the button
Seat 5: Scheubi88 ($236.17 in chips)
Seat 6: AzureCaper ($72 in chips)
Scheubi88: posts small blind $1
AzureCaper: posts big blind $3
*** HOLE CARDS ***
Scheubi88: raises $3 to $6
AzureCaper: folds
Uncalled bet ($3) returned to Scheubi88
Scheubi88 collected $6 from pot
*** SUMMARY ***
Total pot $6 | Rake $0
Seat 5: Scheubi88 (button) (small blind) collected ($6)
Seat 6: AzureCaper (big blind) folded before Flop


PokerStars Hand #151982289083:  Hold'em Limit ($3/$6 USD) - 2016/04/16 1:54:38 ET
Table 'Delia' 6-max Seat #5 is the button
Seat 5: Scheubi88 ($195.17 in chips)
Seat 6: AzureCaper ($72 in chips)
Scheubi88: posts small blind $1
AzureCaper: posts big blind $3
*** HOLE CARDS ***
Scheubi88: raises $3 to $6
AzureCaper: calls $3
*** FLOP *** [Jc Ts 6s]
AzureCaper: checks
Scheubi88: bets $3
AzureCaper: raises $3 to $6
Scheubi88: calls $3
*** TURN *** [Jc Ts 6s] [4c]
AzureCaper: bets $6
Scheubi88: calls $6
*** RIVER *** [Jc Ts 6s 4c] [9d]
AzureCaper: checks
Scheubi88: bets $6
AzureCaper: folds
Uncalled bet ($6) returned to Scheubi88
Scheubi88 collected $35.50 from pot
*** SUMMARY ***
Total pot $36 | Rake $0.50
Board [Jc Ts 6s 4c 9d]
Seat 5: Scheubi88 (button) (small blind) collected ($35.50)
Seat 6: AzureCaper (big blind) folded on the River


PokerStars Hand #151982295880:  Hold'em Limit ($3/$6 USD) - 2016/04/16 1:55:03 ET
Table 'Delia' 6-max Seat #6 is the button
Seat 5: Scheubi88 ($212.67 in chips)
Seat 6: AzureCaper ($72 in chips)
AzureCaper: posts small blind $1
Scheubi88: posts big blind $3
*** HOLE CARDS ***
AzureCaper: raises $3 to $6
Scheubi88: raises $3 to $9
AzureCaper: calls $3
*** FLOP *** [5c Kh Jd]
Scheubi88: bets $3
AzureCaper: calls $3
*** TURN *** [5c Kh Jd] [3c]
Scheubi88: bets $6
AzureCaper: raises $6 to $12
Scheubi88: calls $6
*** RIVER *** [5c Kh Jd 3c] [9s]
Scheubi88: checks
AzureCaper: checks
*** SHOW DOWN ***
Scheubi88: shows [Js Kc] (two pair, Kings and Jacks)
AzureCaper: mucks hand
Scheubi88 collected $47.50 from pot
*** SUMMARY ***
Total pot $48 | Rake $0.50
Board [5c Kh Jd 3c 9s]
Seat 5: Scheubi88 (big blind) showed [Js Kc] and won ($47.50) with two pair, Kings and Jacks
Seat 6: AzureCaper (button) (small blind) mucked


PokerStars Hand #151982324834:  Hold'em Limit ($3/$6 USD) - 2016/04/16 1:56:22 ET
Table 'Delia' 6-max Seat #5 is the button
Seat 5: Scheubi88 ($285.67 in chips)
Seat 6: AzureCaper ($72 in chips)
Scheubi88: posts small blind $1
AzureCaper: posts big blind $3
*** HOLE CARDS ***
Scheubi88: raises $3 to $6
AzureCaper: raises $3 to $9
Scheubi88: calls $3
*** FLOP *** [6d Qd 2s]
AzureCaper: bets $3
Scheubi88: calls $3
*** TURN *** [6d Qd 2s] [8c]
AzureCaper: bets $6
Scheubi88: calls $6
*** RIVER *** [6d Qd 2s 8c] [Td]
AzureCaper: bets $6
Scheubi88: folds
Uncalled bet ($6) returned to AzureCaper
AzureCaper collected $35.50 from pot
AzureCaper: doesn't show hand
*** SUMMARY ***
Total pot $36 | Rake $0.50
Board [6d Qd 2s 8c Td]
Seat 5: Scheubi88 (button) (small blind) folded on the River
Seat 6: AzureCaper (big blind) collected ($35.50)


PokerStars Hand #151982327710:  Hold'em Limit ($3/$6 USD) - 2016/04/16 1:56:33 ET
Table 'Delia' 6-max Seat #6 is the button
Seat 5: Scheubi88 ($267.67 in chips)
Seat 6: AzureCaper ($89.50 in chips)
AzureCaper: posts small blind $1
Scheubi88: posts big blind $3
*** HOLE CARDS ***
AzureCaper: raises $3 to $6
Scheubi88: calls $3
*** FLOP *** [Qc 9d Jh]
Scheubi88: checks
AzureCaper: bets $3
Scheubi88: raises $3 to $6
AzureCaper: raises $3 to $9
Scheubi88: calls $3
*** TURN *** [Qc 9d Jh] [6d]
Scheubi88: checks
AzureCaper: bets $6
Scheubi88: folds
Uncalled bet ($6) returned to AzureCaper
AzureCaper collected $29.50 from pot
AzureCaper: doesn't show hand
*** SUMMARY ***
Total pot $30 | Rake $0.50
Board [Qc 9d Jh 6d]
Seat 5: Scheubi88 (big blind) folded on the Turn
Seat 6: AzureCaper (button) (small blind) collected ($29.50)


PokerStars Hand #151982321611:  Hold'em Limit ($3/$6 USD) - 2016/04/16 1:56:09 ET
Table 'Delia' 6-max Seat #6 is the button
Seat 5: Scheubi88 ($265.17 in chips)
Seat 6: AzureCaper ($72 in chips)
AzureCaper: posts small blind $1
Scheubi88: posts big blind $3
*** HOLE CARDS ***
AzureCaper: raises $3 to $6
Scheubi88: raises $3 to $9
AzureCaper: raises $3 to $12
Betting is capped
Scheubi88: calls $3
*** FLOP *** [6s 7c Qd]
Scheubi88: checks
AzureCaper: bets $3
Scheubi88: calls $3
*** TURN *** [6s 7c Qd] [6h]
Scheubi88: checks
AzureCaper: bets $6
Scheubi88: calls $6
*** RIVER *** [6s 7c Qd 6h] [Kd]
Scheubi88: checks
AzureCaper: checks
*** SHOW DOWN ***
Scheubi88: shows [Ah Kh] (two pair, Kings and Sixes)
AzureCaper: mucks hand
Scheubi88 collected $41.50 from pot
*** SUMMARY ***
Total pot $42 | Rake $0.50
Board [6s 7c Qd 6h Kd]
Seat 5: Scheubi88 (big blind) showed [Ah Kh] and won ($41.50) with two pair, Kings and Sixes
Seat 6: AzureCaper (button) (small blind) mucked


PokerStars Hand #151982317898:  Hold'em Limit ($3/$6 USD) - 2016/04/16 1:55:54 ET
Table 'Delia' 6-max Seat #5 is the button
Seat 5: Scheubi88 ($247.67 in chips)
Seat 6: AzureCaper ($77.76 in chips)
Scheubi88: posts small blind $1
AzureCaper: posts big blind $3
*** HOLE CARDS ***
Scheubi88: raises $3 to $6
AzureCaper: raises $3 to $9
Scheubi88: calls $3
*** FLOP *** [6c 4h 6d]
AzureCaper: bets $3
Scheubi88: calls $3
*** TURN *** [6c 4h 6d] [2c]
AzureCaper: bets $6
Scheubi88: calls $6
*** RIVER *** [6c 4h 6d 2c] [9h]
AzureCaper: checks
Scheubi88: checks
*** SHOW DOWN ***
AzureCaper: shows [5d Ah] (a pair of Sixes)
Scheubi88: shows [8d Ad] (a pair of Sixes - Ace+Nine+Eight kicker)
Scheubi88 collected $35.50 from pot
*** SUMMARY ***
Total pot $36 | Rake $0.50
Board [6c 4h 6d 2c 9h]
Seat 5: Scheubi88 (button) (small blind) showed [8d Ad] and won ($35.50) with a pair of Sixes
Seat 6: AzureCaper (big blind) showed [5d Ah] and lost with a pair of Sixes


PokerStars Hand #151982316263:  Hold'em Limit ($3/$6 USD) - 2016/04/16 1:55:47 ET
Table 'Delia' 6-max Seat #6 is the button
Seat 5: Scheubi88 ($253.67 in chips)
Seat 6: AzureCaper ($72 in chips)
AzureCaper: posts small blind $1
Scheubi88: posts big blind $3
*** HOLE CARDS ***
AzureCaper: raises $3 to $6
Scheubi88: calls $3
*** FLOP *** [2c 2s 4c]
Scheubi88: checks
AzureCaper: bets $3
Scheubi88: folds
Uncalled bet ($3) returned to AzureCaper
AzureCaper collected $11.76 from pot
AzureCaper: doesn't show hand
*** SUMMARY ***
Total pot $12 | Rake $0.24
Board [2c 2s 4c]
Seat 5: Scheubi88 (big blind) folded on the Flop
Seat 6: AzureCaper (button) (small blind) collected ($11.76)


PokerStars Hand #151982333264:  Hold'em Limit ($3/$6 USD) - 2016/04/16 1:56:55 ET
Table 'Delia' 6-max Seat #6 is the button
Seat 5: Scheubi88 ($228.67 in chips)
Seat 6: AzureCaper ($127.50 in chips)
AzureCaper: posts small blind $1
Scheubi88: posts big blind $3
*** HOLE CARDS ***
AzureCaper: folds
Uncalled bet ($2) returned to Scheubi88
Scheubi88 collected $2 from pot
*** SUMMARY ***
Total pot $2 | Rake $0
Seat 5: Scheubi88 (big blind) collected ($2)
Seat 6: AzureCaper (button) (small blind) folded before Flop


PokerStars Hand #151982330401:  Hold'em Limit ($3/$6 USD) - 2016/04/16 1:56:44 ET
Table 'Delia' 6-max Seat #5 is the button
Seat 5: Scheubi88 ($252.67 in chips)
Seat 6: AzureCaper ($104 in chips)
Scheubi88: posts small blind $1
AzureCaper: posts big blind $3
*** HOLE CARDS ***
Scheubi88: raises $3 to $6
AzureCaper: raises $3 to $9
Scheubi88: calls $3
*** FLOP *** [3h Td Jd]
AzureCaper: bets $3
Scheubi88: calls $3
*** TURN *** [3h Td Jd] [5s]
AzureCaper: bets $6
Scheubi88: calls $6
*** RIVER *** [3h Td Jd 5s] [2h]
AzureCaper: bets $6
Scheubi88: calls $6
*** SHOW DOWN ***
AzureCaper: shows [Ts Qc] (a pair of Tens)
Scheubi88: mucks hand
AzureCaper collected $47.50 from pot
*** SUMMARY ***
Total pot $48 | Rake $0.50
Board [3h Td Jd 5s 2h]
Seat 5: Scheubi88 (button) (small blind) mucked
Seat 6: AzureCaper (big blind) showed [Ts Qc] and won ($47.50) with a pair of Tens


PokerStars Hand #151982334357:  Hold'em Limit ($3/$6 USD) - 2016/04/16 1:57:00 ET
Table 'Delia' 6-max Seat #5 is the button
Seat 5: Scheubi88 ($229.67 in chips)
Seat 6: AzureCaper ($126.50 in chips)
Scheubi88: posts small blind $1
AzureCaper: posts big blind $3
*** HOLE CARDS ***
Scheubi88: raises $3 to $6
AzureCaper: folds
Uncalled bet ($3) returned to Scheubi88
Scheubi88 collected $6 from pot
*** SUMMARY ***
Total pot $6 | Rake $0
Seat 5: Scheubi88 (button) (small blind) collected ($6)
Seat 6: AzureCaper (big blind) folded before Flop


PokerStars Hand #151982340021:  Hold'em Limit ($3/$6 USD) - 2016/04/16 1:57:22 ET
Table 'Delia' 6-max Seat #5 is the button
Seat 5: Scheubi88 ($226.67 in chips)
Seat 6: AzureCaper ($129.26 in chips)
Scheubi88: posts small blind $1
AzureCaper: posts big blind $3
*** HOLE CARDS ***
Scheubi88: raises $3 to $6
AzureCaper: raises $3 to $9
Scheubi88: calls $3
*** FLOP *** [Ah Qc Qd]
AzureCaper: bets $3
Scheubi88: raises $3 to $6
AzureCaper: raises $3 to $9
Scheubi88: calls $3
*** TURN *** [Ah Qc Qd] [5s]
AzureCaper: bets $6
Scheubi88: folds
Uncalled bet ($6) returned to AzureCaper
AzureCaper collected $35.50 from pot
AzureCaper: doesn't show hand
*** SUMMARY ***
Total pot $36 | Rake $0.50
Board [Ah Qc Qd 5s]
Seat 5: Scheubi88 (button) (small blind) folded on the Turn
Seat 6: AzureCaper (big blind) collected ($35.50)


PokerStars Hand #151982337075:  Hold'em Limit ($3/$6 USD) - 2016/04/16 1:57:10 ET
Table 'Delia' 6-max Seat #6 is the button
Seat 5: Scheubi88 ($232.67 in chips)
Seat 6: AzureCaper ($123.50 in chips)
AzureCaper: posts small blind $1
Scheubi88: posts big blind $3
*** HOLE CARDS ***
AzureCaper: raises $3 to $6
Scheubi88: calls $3
*** FLOP *** [5h Ac 9h]
Scheubi88: checks
AzureCaper: bets $3
Scheubi88: folds
Uncalled bet ($3) returned to AzureCaper
AzureCaper collected $11.76 from pot
AzureCaper: doesn't show hand
*** SUMMARY ***
Total pot $12 | Rake $0.24
Board [5h Ac 9h]
Seat 5: Scheubi88 (big blind) folded on the Flop
Seat 6: AzureCaper (button) (small blind) collected ($11.76)


PokerStars Hand #151982343690:  Hold'em Limit ($3/$6 USD) - 2016/04/16 1:57:37 ET
Table 'Delia' 6-max Seat #6 is the button
Seat 5: Scheubi88 ($208.67 in chips)
Seat 6: AzureCaper ($146.76 in chips)
AzureCaper: posts small blind $1
Scheubi88: posts big blind $3
*** HOLE CARDS ***
AzureCaper: raises $3 to $6
Scheubi88: raises $3 to $9
AzureCaper: calls $3
*** FLOP *** [Jd Tc 6d]
Scheubi88: bets $3
AzureCaper: calls $3
*** TURN *** [Jd Tc 6d] [2s]
Scheubi88: bets $6
AzureCaper: calls $6
*** RIVER *** [Jd Tc 6d 2s] [Qd]
Scheubi88: bets $6
AzureCaper: folds
Uncalled bet ($6) returned to Scheubi88
Scheubi88 collected $35.50 from pot
*** SUMMARY ***
Total pot $36 | Rake $0.50
Board [Jd Tc 6d 2s Qd]
Seat 5: Scheubi88 (big blind) collected ($35.50)
Seat 6: AzureCaper (button) (small blind) folded on the River


PokerStars Hand #151982358569:  Hold'em Limit ($3/$6 USD) - 2016/04/16 1:58:36 ET
Table 'Delia' 6-max Seat #6 is the button
Seat 5: Scheubi88 ($220.57 in chips)
Seat 6: AzureCaper ($133.26 in chips)
AzureCaper: posts small blind $1
Scheubi88: posts big blind $3
*** HOLE CARDS ***
AzureCaper: raises $3 to $6
Scheubi88: calls $3
*** FLOP *** [Kh Jc Ad]
Scheubi88: checks
AzureCaper: bets $3
Scheubi88: raises $3 to $6
AzureCaper: calls $3
*** TURN *** [Kh Jc Ad] [As]
Scheubi88: bets $6
AzureCaper: calls $6
*** RIVER *** [Kh Jc Ad As] [Qd]
Scheubi88: bets $6
AzureCaper: calls $6
*** SHOW DOWN ***
Scheubi88: shows [4d 3c] (a pair of Aces)
AzureCaper: shows [Ks 3s] (two pair, Aces and Kings)
AzureCaper collected $47.50 from pot
*** SUMMARY ***
Total pot $48 | Rake $0.50
Board [Kh Jc Ad As Qd]
Seat 5: Scheubi88 (big blind) showed [4d 3c] and lost with a pair of Aces
Seat 6: AzureCaper (button) (small blind) showed [Ks 3s] and won ($47.50) with two pair, Aces and Kings


PokerStars Hand #151982347498:  Hold'em Limit ($3/$6 USD) - 2016/04/16 1:57:52 ET
Table 'Delia' 6-max Seat #5 is the button
Seat 5: Scheubi88 ($226.17 in chips)
Seat 6: AzureCaper ($128.76 in chips)
Scheubi88: posts small blind $1
AzureCaper: posts big blind $3
*** HOLE CARDS ***
Scheubi88: raises $3 to $6
AzureCaper: calls $3
*** FLOP *** [4s Qc 9c]
AzureCaper: checks
Scheubi88: bets $3
AzureCaper: folds
Uncalled bet ($3) returned to Scheubi88
Scheubi88 collected $11.76 from pot
*** SUMMARY ***
Total pot $12 | Rake $0.24
Board [4s Qc 9c]
Seat 5: Scheubi88 (button) (small blind) collected ($11.76)
Seat 6: AzureCaper (big blind) folded on the Flop


PokerStars Hand #151982355767:  Hold'em Limit ($3/$6 USD) - 2016/04/16 1:58:25 ET
Table 'Delia' 6-max Seat #5 is the button
Seat 5: Scheubi88 ($244.57 in chips)
Seat 6: AzureCaper ($109.76 in chips)
Scheubi88: posts small blind $1
AzureCaper: posts big blind $3
*** HOLE CARDS ***
Scheubi88: raises $3 to $6
AzureCaper: raises $3 to $9
Scheubi88: calls $3
*** FLOP *** [Qs 5s 3s]
AzureCaper: bets $3
Scheubi88: calls $3
*** TURN *** [Qs 5s 3s] [Qc]
AzureCaper: bets $6
Scheubi88: calls $6
*** RIVER *** [Qs 5s 3s Qc] [4h]
AzureCaper: bets $6
Scheubi88: calls $6
*** SHOW DOWN ***
AzureCaper: shows [7h 7c] (two pair, Queens and Sevens)
Scheubi88: mucks hand
AzureCaper collected $47.50 from pot
*** SUMMARY ***
Total pot $48 | Rake $0.50
Board [Qs 5s 3s Qc 4h]
Seat 5: Scheubi88 (button) (small blind) mucked
Seat 6: AzureCaper (big blind) showed [7h 7c] and won ($47.50) with two pair, Queens and Sevens


PokerStars Hand #151982351017:  Hold'em Limit ($3/$6 USD) - 2016/04/16 1:58:06 ET
Table 'Delia' 6-max Seat #5 is the button
Seat 5: Scheubi88 ($232.93 in chips)
Seat 6: AzureCaper ($121.76 in chips)
Scheubi88: posts small blind $1
AzureCaper: posts big blind $3
*** HOLE CARDS ***
Scheubi88: raises $3 to $6
AzureCaper: folds
Uncalled bet ($3) returned to Scheubi88
Scheubi88 collected $6 from pot
*** SUMMARY ***
Total pot $6 | Rake $0
Seat 5: Scheubi88 (button) (small blind) collected ($6)
Seat 6: AzureCaper (big blind) folded before Flop


PokerStars Hand #151982349926:  Hold'em Limit ($3/$6 USD) - 2016/04/16 1:58:02 ET
Table 'Delia' 6-max Seat #6 is the button
Seat 5: Scheubi88 ($231.93 in chips)
Seat 6: AzureCaper ($122.76 in chips)
AzureCaper: posts small blind $1
Scheubi88: posts big blind $3
*** HOLE CARDS ***
AzureCaper: folds
Uncalled bet ($2) returned to Scheubi88
Scheubi88 collected $2 from pot
*** SUMMARY ***
Total pot $2 | Rake $0
Seat 5: Scheubi88 (big blind) collected ($2)
Seat 6: AzureCaper (button) (small blind) folded before Flop


PokerStars Hand #151982352341:  Hold'em Limit ($3/$6 USD) - 2016/04/16 1:58:11 ET
Table 'Delia' 6-max Seat #6 is the button
Seat 5: Scheubi88 ($235.93 in chips)
Seat 6: AzureCaper ($118.76 in chips)
AzureCaper: posts small blind $1
Scheubi88: posts big blind $3
*** HOLE CARDS ***
AzureCaper: raises $3 to $6
Scheubi88: calls $3
*** FLOP *** [9d 6d 5d]
Scheubi88: checks
AzureCaper: bets $3
Scheubi88: calls $3
*** TURN *** [9d 6d 5d] [Ks]
Scheubi88: checks
AzureCaper: checks
*** RIVER *** [9d 6d 5d Ks] [2s]
Scheubi88: checks
AzureCaper: checks
*** SHOW DOWN ***
Scheubi88: shows [Ah 4c] (high card Ace)
AzureCaper: mucks hand
Scheubi88 collected $17.64 from pot
*** SUMMARY ***
Total pot $18 | Rake $0.36
Board [9d 6d 5d Ks 2s]
Seat 5: Scheubi88 (big blind) showed [Ah 4c] and won ($17.64) with high card Ace
Seat 6: AzureCaper (button) (small blind) mucked


PokerStars Hand #151982373829:  Hold'em Limit ($3/$6 USD) - 2016/04/16 1:59:36 ET
Table 'Delia' 6-max Seat #5 is the button
Seat 5: Scheubi88 ($248.85 in chips)
Seat 6: AzureCaper ($102.76 in chips)
Scheubi88: posts small blind $1
AzureCaper: posts big blind $3
*** HOLE CARDS ***
Scheubi88: raises $3 to $6
AzureCaper: calls $3
*** FLOP *** [5d 6h 6d]
AzureCaper: checks
Scheubi88: bets $3
AzureCaper: calls $3
*** TURN *** [5d 6h 6d] [Kd]
AzureCaper: checks
Scheubi88: bets $6
AzureCaper: raises $6 to $12
Scheubi88: calls $6
*** RIVER *** [5d 6h 6d Kd] [As]
AzureCaper: bets $6
Scheubi88: calls $6
*** SHOW DOWN ***
AzureCaper: shows [7s Kh] (two pair, Kings and Sixes)
Scheubi88: shows [Jh Kc] (two pair, Kings and Sixes)
AzureCaper collected $26.75 from pot
Scheubi88 collected $26.75 from pot
*** SUMMARY ***
Total pot $54 | Rake $0.50
Board [5d 6h 6d Kd As]
Seat 5: Scheubi88 (button) (small blind) showed [Jh Kc] and won ($26.75) with two pair, Kings and Sixes
Seat 6: AzureCaper (big blind) showed [7s Kh] and won ($26.75) with two pair, Kings and Sixes


PokerStars Hand #151982363756:  Hold'em Limit ($3/$6 USD) - 2016/04/16 1:58:57 ET
Table 'Delia' 6-max Seat #6 is the button
Seat 5: Scheubi88 ($205.21 in chips)
Seat 6: AzureCaper ($147.76 in chips)
AzureCaper: posts small blind $1
Scheubi88: posts big blind $3
*** HOLE CARDS ***
AzureCaper: raises $3 to $6
Scheubi88: calls $3
*** FLOP *** [Kh 2s 7d]
Scheubi88: checks
AzureCaper: bets $3
Scheubi88: calls $3
*** TURN *** [Kh 2s 7d] [Js]
Scheubi88: checks
AzureCaper: bets $6
Scheubi88: calls $6
*** RIVER *** [Kh 2s 7d Js] [Kc]
Scheubi88: checks
AzureCaper: bets $6
Scheubi88: calls $6
*** SHOW DOWN ***
AzureCaper: shows [Ts 3s] (a pair of Kings)
Scheubi88: shows [Ac 4d] (a pair of Kings - Ace kicker)
Scheubi88 collected $41.50 from pot
*** SUMMARY ***
Total pot $42 | Rake $0.50
Board [Kh 2s 7d Js Kc]
Seat 5: Scheubi88 (big blind) showed [Ac 4d] and won ($41.50) with a pair of Kings
Seat 6: AzureCaper (button) (small blind) showed [Ts 3s] and lost with a pair of Kings


PokerStars Hand #151982366808:  Hold'em Limit ($3/$6 USD) - 2016/04/16 1:59:09 ET
Table 'Delia' 6-max Seat #5 is the button
Seat 5: Scheubi88 ($225.71 in chips)
Seat 6: AzureCaper ($126.76 in chips)
Scheubi88: posts small blind $1
AzureCaper: posts big blind $3
*** HOLE CARDS ***
Scheubi88: raises $3 to $6
AzureCaper: calls $3
*** FLOP *** [2c Td 9d]
AzureCaper: checks
Scheubi88: bets $3
AzureCaper: calls $3
*** TURN *** [2c Td 9d] [Qd]
AzureCaper: checks
Scheubi88: bets $6
AzureCaper: folds
Uncalled bet ($6) returned to Scheubi88
Scheubi88 collected $17.64 from pot
*** SUMMARY ***
Total pot $18 | Rake $0.36
Board [2c Td 9d Qd]
Seat 5: Scheubi88 (button) (small blind) collected ($17.64)
Seat 6: AzureCaper (big blind) folded on the Turn


PokerStars Hand #151982369232:  Hold'em Limit ($3/$6 USD) - 2016/04/16 1:59:18 ET
Table 'Delia' 6-max Seat #6 is the button
Seat 5: Scheubi88 ($234.35 in chips)
Seat 6: AzureCaper ($117.76 in chips)
AzureCaper: posts small blind $1
Scheubi88: posts big blind $3
*** HOLE CARDS ***
AzureCaper: raises $3 to $6
Scheubi88: calls $3
*** FLOP *** [8c Jc 3s]
Scheubi88: checks
AzureCaper: bets $3
Scheubi88: calls $3
*** TURN *** [8c Jc 3s] [8s]
Scheubi88: checks
AzureCaper: bets $6
Scheubi88: calls $6
*** RIVER *** [8c Jc 3s 8s] [5c]
Scheubi88: checks
AzureCaper: checks
*** SHOW DOWN ***
Scheubi88: shows [3h Kh] (two pair, Eights and Threes)
AzureCaper: mucks hand
Scheubi88 collected $29.50 from pot
*** SUMMARY ***
Total pot $30 | Rake $0.50
Board [8c Jc 3s 8s 5c]
Seat 5: Scheubi88 (big blind) showed [3h Kh] and won ($29.50) with two pair, Eights and Threes
Seat 6: AzureCaper (button) (small blind) mucked


PokerStars Hand #151982361415:  Hold'em Limit ($3/$6 USD) - 2016/04/16 1:58:47 ET
Table 'Delia' 6-max Seat #5 is the button
Seat 5: Scheubi88 ($196.57 in chips)
Seat 6: AzureCaper ($156.76 in chips)
Scheubi88: posts small blind $1
AzureCaper: posts big blind $3
*** HOLE CARDS ***
Scheubi88: raises $3 to $6
AzureCaper: calls $3
*** FLOP *** [4s Kd 7d]
AzureCaper: checks
Scheubi88: bets $3
AzureCaper: calls $3
*** TURN *** [4s Kd 7d] [5h]
AzureCaper: checks
Scheubi88: bets $6
AzureCaper: folds
Uncalled bet ($6) returned to Scheubi88
Scheubi88 collected $17.64 from pot
*** SUMMARY ***
Total pot $18 | Rake $0.36
Board [4s Kd 7d 5h]
Seat 5: Scheubi88 (button) (small blind) collected ($17.64)
Seat 6: AzureCaper (big blind) folded on the Turn


PokerStars Hand #151982378901:  Hold'em Limit ($3/$6 USD) - 2016/04/16 1:59:56 ET
Table 'Delia' 6-max Seat #5 is the button
Seat 5: Scheubi88 ($245.60 in chips)
Seat 6: AzureCaper ($105.51 in chips)
Scheubi88: posts small blind $1
AzureCaper: posts big blind $3
*** HOLE CARDS ***
Scheubi88: raises $3 to $6
AzureCaper: raises $3 to $9
Scheubi88: calls $3
*** FLOP *** [9h 2h 4h]
AzureCaper: bets $3
Scheubi88: calls $3
*** TURN *** [9h 2h 4h] [Ad]
AzureCaper: bets $6
Scheubi88: calls $6
*** RIVER *** [9h 2h 4h Ad] [5d]
AzureCaper: checks
Scheubi88: checks
*** SHOW DOWN ***
AzureCaper: shows [Ac Td] (a pair of Aces)
Scheubi88: mucks hand
AzureCaper collected $35.50 from pot
*** SUMMARY ***
Total pot $36 | Rake $0.50
Board [9h 2h 4h Ad 5d]
Seat 5: Scheubi88 (button) (small blind) mucked
Seat 6: AzureCaper (big blind) showed [Ac Td] and won ($35.50) with a pair of Aces


PokerStars Hand #151982377350:  Hold'em Limit ($3/$6 USD) - 2016/04/16 1:59:50 ET
Table 'Delia' 6-max Seat #6 is the button
Seat 5: Scheubi88 ($248.60 in chips)
Seat 6: AzureCaper ($102.51 in chips)
AzureCaper: posts small blind $1
Scheubi88: posts big blind $3
*** HOLE CARDS ***
AzureCaper: raises $3 to $6
Scheubi88: folds
Uncalled bet ($3) returned to AzureCaper
AzureCaper collected $6 from pot
AzureCaper: doesn't show hand
*** SUMMARY ***
Total pot $6 | Rake $0
Seat 5: Scheubi88 (big blind) folded before Flop
Seat 6: AzureCaper (button) (small blind) collected ($6)


PokerStars Hand #151982392643:  Hold'em Limit ($3/$6 USD) - 2016/04/16 2:00:48 ET
Table 'Delia' 6-max Seat #5 is the button
Seat 5: Scheubi88 ($249.10 in chips)
Seat 6: AzureCaper ($100.77 in chips)
Scheubi88: posts small blind $1
AzureCaper: posts big blind $3
*** HOLE CARDS ***
Scheubi88: raises $3 to $6
AzureCaper: folds
Uncalled bet ($3) returned to Scheubi88
Scheubi88 collected $6 from pot
*** SUMMARY ***
Total pot $6 | Rake $0
Seat 5: Scheubi88 (button) (small blind) collected ($6)
Seat 6: AzureCaper (big blind) folded before Flop


PokerStars Hand #151982391507:  Hold'em Limit ($3/$6 USD) - 2016/04/16 2:00:44 ET
Table 'Delia' 6-max Seat #6 is the button
Seat 5: Scheubi88 ($248.10 in chips)
Seat 6: AzureCaper ($101.77 in chips)
AzureCaper: posts small blind $1
Scheubi88: posts big blind $3
*** HOLE CARDS ***
AzureCaper: folds
Uncalled bet ($2) returned to Scheubi88
Scheubi88 collected $2 from pot
*** SUMMARY ***
Total pot $2 | Rake $0
Seat 5: Scheubi88 (big blind) collected ($2)
Seat 6: AzureCaper (button) (small blind) folded before Flop


PokerStars Hand #151982385365:  Hold'em Limit ($3/$6 USD) - 2016/04/16 2:00:21 ET
Table 'Delia' 6-max Seat #5 is the button
Seat 5: Scheubi88 ($221.60 in chips)
Seat 6: AzureCaper ($128.77 in chips)
Scheubi88: posts small blind $1
AzureCaper: posts big blind $3
*** HOLE CARDS ***
Scheubi88: raises $3 to $6
AzureCaper: calls $3
*** FLOP *** [Ac 9c 9d]
AzureCaper: checks
Scheubi88: bets $3
AzureCaper: calls $3
*** TURN *** [Ac 9c 9d] [7c]
AzureCaper: checks
Scheubi88: bets $6
AzureCaper: raises $6 to $12
Scheubi88: calls $6
*** RIVER *** [Ac 9c 9d 7c] [4d]
AzureCaper: bets $6
Scheubi88: calls $6
*** SHOW DOWN ***
AzureCaper: shows [Tc Js] (a pair of Nines)
Scheubi88: shows [4c Qh] (two pair, Nines and Fours)
Scheubi88 collected $53.50 from pot
*** SUMMARY ***
Total pot $54 | Rake $0.50
Board [Ac 9c 9d 7c 4d]
Seat 5: Scheubi88 (button) (small blind) showed [4c Qh] and won ($53.50) with two pair, Nines and Fours
Seat 6: AzureCaper (big blind) showed [Tc Js] and lost with a pair of Nines


PokerStars Hand #151982382993:  Hold'em Limit ($3/$6 USD) - 2016/04/16 2:00:12 ET
Table 'Delia' 6-max Seat #6 is the button
Seat 5: Scheubi88 ($227.60 in chips)
Seat 6: AzureCaper ($123.01 in chips)
AzureCaper: posts small blind $1
Scheubi88: posts big blind $3
*** HOLE CARDS ***
AzureCaper: raises $3 to $6
Scheubi88: calls $3
*** FLOP *** [Ah 3c 7d]
Scheubi88: checks
AzureCaper: bets $3
Scheubi88: folds
Uncalled bet ($3) returned to AzureCaper
AzureCaper collected $11.76 from pot
AzureCaper: doesn't show hand
*** SUMMARY ***
Total pot $12 | Rake $0.24
Board [Ah 3c 7d]
Seat 5: Scheubi88 (big blind) folded on the Flop
Seat 6: AzureCaper (button) (small blind) collected ($11.76)


PokerStars Hand #151982397698:  Hold'em Limit ($3/$6 USD) - 2016/04/16 2:01:06 ET
Table 'Delia' 6-max Seat #5 is the button
Seat 5: Scheubi88 ($231.10 in chips)
Seat 6: AzureCaper ($118.27 in chips)
Scheubi88: posts small blind $1
AzureCaper: posts big blind $3
*** HOLE CARDS ***
Scheubi88: raises $3 to $6
AzureCaper: raises $3 to $9
Scheubi88: calls $3
*** FLOP *** [5h 5d As]
AzureCaper: bets $3
Scheubi88: calls $3
*** TURN *** [5h 5d As] [5c]
AzureCaper: bets $6
Scheubi88: calls $6
*** RIVER *** [5h 5d As 5c] [8c]
AzureCaper: bets $6
Scheubi88: calls $6
*** SHOW DOWN ***
AzureCaper: shows [7c 7d] (a full house, Fives full of Sevens)
Scheubi88: mucks hand
AzureCaper collected $47.50 from pot
*** SUMMARY ***
Total pot $48 | Rake $0.50
Board [5h 5d As 5c 8c]
Seat 5: Scheubi88 (button) (small blind) mucked
Seat 6: AzureCaper (big blind) showed [7c 7d] and won ($47.50) with a full house, Fives full of Sevens


PokerStars Hand #151982409819:  Hold'em Limit ($3/$6 USD) - 2016/04/16 2:01:49 ET
Table 'Delia' 6-max Seat #6 is the button
Seat 5: Scheubi88 ($162.10 in chips)
Seat 6: AzureCaper ($185.77 in chips)
AzureCaper: posts small blind $1
Scheubi88: posts big blind $3
*** HOLE CARDS ***
AzureCaper: folds
Uncalled bet ($2) returned to Scheubi88
Scheubi88 collected $2 from pot
*** SUMMARY ***
Total pot $2 | Rake $0
Seat 5: Scheubi88 (big blind) collected ($2)
Seat 6: AzureCaper (button) (small blind) folded before Flop


PokerStars Hand #151982405634:  Hold'em Limit ($3/$6 USD) - 2016/04/16 2:01:35 ET
Table 'Delia' 6-max Seat #5 is the button
Seat 5: Scheubi88 ($183.10 in chips)
Seat 6: AzureCaper ($165.27 in chips)
Scheubi88: posts small blind $1
AzureCaper: posts big blind $3
*** HOLE CARDS ***
Scheubi88: calls $2
AzureCaper: raises $3 to $6
Scheubi88: calls $3
*** FLOP *** [Jd 3s Qc]
AzureCaper: bets $3
Scheubi88: calls $3
*** TURN *** [Jd 3s Qc] [9s]
AzureCaper: bets $6
Scheubi88: calls $6
*** RIVER *** [Jd 3s Qc 9s] [Ah]
AzureCaper: bets $6
Scheubi88: calls $6
*** SHOW DOWN ***
AzureCaper: shows [Td Kc] (a straight, Ten to Ace)
Scheubi88: mucks hand
AzureCaper collected $41.50 from pot
*** SUMMARY ***
Total pot $42 | Rake $0.50
Board [Jd 3s Qc 9s Ah]
Seat 5: Scheubi88 (button) (small blind) mucked
Seat 6: AzureCaper (big blind) showed [Td Kc] and won ($41.50) with a straight, Ten to Ace


PokerStars Hand #151982401467:  Hold'em Limit ($3/$6 USD) - 2016/04/16 2:01:20 ET
Table 'Delia' 6-max Seat #6 is the button
Seat 5: Scheubi88 ($207.10 in chips)
Seat 6: AzureCaper ($141.77 in chips)
AzureCaper: posts small blind $1
Scheubi88: posts big blind $3
*** HOLE CARDS ***
AzureCaper: raises $3 to $6
Scheubi88: calls $3
*** FLOP *** [9s 7h 2c]
Scheubi88: checks
AzureCaper: bets $3
Scheubi88: raises $3 to $6
AzureCaper: calls $3
*** TURN *** [9s 7h 2c] [Qs]
Scheubi88: bets $6
AzureCaper: calls $6
*** RIVER *** [9s 7h 2c Qs] [As]
Scheubi88: bets $6
AzureCaper: calls $6
*** SHOW DOWN ***
Scheubi88: shows [6d 8s] (high card Ace)
AzureCaper: shows [8d Kh] (high card Ace - King kicker)
AzureCaper collected $47.50 from pot
*** SUMMARY ***
Total pot $48 | Rake $0.50
Board [9s 7h 2c Qs As]
Seat 5: Scheubi88 (big blind) showed [6d 8s] and lost with high card Ace
Seat 6: AzureCaper (button) (small blind) showed [8d Kh] and won ($47.50) with high card Ace


PokerStars Hand #151982394011:  Hold'em Limit ($3/$6 USD) - 2016/04/16 2:00:53 ET
Table 'Delia' 6-max Seat #6 is the button
Seat 5: Scheubi88 ($252.10 in chips)
Seat 6: AzureCaper ($97.77 in chips)
AzureCaper: posts small blind $1
Scheubi88: posts big blind $3
*** HOLE CARDS ***
AzureCaper: raises $3 to $6
Scheubi88: calls $3
*** FLOP *** [9c 7c Jh]
Scheubi88: checks
AzureCaper: bets $3
Scheubi88: raises $3 to $6
AzureCaper: raises $3 to $9
Scheubi88: calls $3
*** TURN *** [9c 7c Jh] [Kh]
Scheubi88: checks
AzureCaper: bets $6
Scheubi88: calls $6
*** RIVER *** [9c 7c Jh Kh] [3h]
Scheubi88: checks
AzureCaper: checks
*** SHOW DOWN ***
Scheubi88: shows [9d Tc] (a pair of Nines)
AzureCaper: shows [Js 5s] (a pair of Jacks)
AzureCaper collected $41.50 from pot
*** SUMMARY ***
Total pot $42 | Rake $0.50
Board [9c 7c Jh Kh 3h]
Seat 5: Scheubi88 (big blind) showed [9d Tc] and lost with a pair of Nines
Seat 6: AzureCaper (button) (small blind) showed [Js 5s] and won ($41.50) with a pair of Jacks


PokerStars Hand #151982423691:  Hold'em Limit ($3/$6 USD) - 2016/04/16 2:02:37 ET
Table 'Delia' 6-max Seat #5 is the button
Seat 5: Scheubi88 ($146.60 in chips)
Seat 6: AzureCaper ($200.27 in chips)
Scheubi88: posts small blind $1
AzureCaper: posts big blind $3
*** HOLE CARDS ***
Scheubi88: raises $3 to $6
AzureCaper: calls $3
*** FLOP *** [3h 2h 5s]
AzureCaper: checks
Scheubi88: bets $3
AzureCaper: raises $3 to $6
Scheubi88: calls $3
*** TURN *** [3h 2h 5s] [Qs]
AzureCaper: bets $6
Scheubi88: folds
Uncalled bet ($6) returned to AzureCaper
AzureCaper collected $23.52 from pot
AzureCaper: doesn't show hand
*** SUMMARY ***
Total pot $24 | Rake $0.48
Board [3h 2h 5s Qs]
Seat 5: Scheubi88 (button) (small blind) folded on the Turn
Seat 6: AzureCaper (big blind) collected ($23.52)


PokerStars Hand #151982415811:  Hold'em Limit ($3/$6 USD) - 2016/04/16 2:02:10 ET
Table 'Delia' 6-max Seat #6 is the button
Seat 5: Scheubi88 ($127.10 in chips)
Seat 6: AzureCaper ($220.27 in chips)
AzureCaper: posts small blind $1
Scheubi88: posts big blind $3
*** HOLE CARDS ***
AzureCaper: folds
Uncalled bet ($2) returned to Scheubi88
Scheubi88 collected $2 from pot
*** SUMMARY ***
Total pot $2 | Rake $0
Seat 5: Scheubi88 (big blind) collected ($2)
Seat 6: AzureCaper (button) (small blind) folded before Flop


PokerStars Hand #151982410982:  Hold'em Limit ($3/$6 USD) - 2016/04/16 2:01:53 ET
Table 'Delia' 6-max Seat #5 is the button
Seat 5: Scheubi88 ($163.10 in chips)
Seat 6: AzureCaper ($184.77 in chips)
Scheubi88: posts small blind $1
AzureCaper: posts big blind $3
*** HOLE CARDS ***
Scheubi88: raises $3 to $6
AzureCaper: calls $3
*** FLOP *** [As 8h 5s]
AzureCaper: checks
Scheubi88: bets $3
AzureCaper: raises $3 to $6
Scheubi88: calls $3
*** TURN *** [As 8h 5s] [Kd]
AzureCaper: bets $6
Scheubi88: raises $6 to $12
AzureCaper: raises $6 to $18
Scheubi88: calls $6
*** RIVER *** [As 8h 5s Kd] [Tc]
AzureCaper: bets $6
Scheubi88: calls $6
*** SHOW DOWN ***
AzureCaper: shows [8d Ks] (two pair, Kings and Eights)
Scheubi88: mucks hand
AzureCaper collected $71.50 from pot
*** SUMMARY ***
Total pot $72 | Rake $0.50
Board [As 8h 5s Kd Tc]
Seat 5: Scheubi88 (button) (small blind) mucked
Seat 6: AzureCaper (big blind) showed [8d Ks] and won ($71.50) with two pair, Kings and Eights


PokerStars Hand #151982422312:  Hold'em Limit ($3/$6 USD) - 2016/04/16 2:02:32 ET
Table 'Delia' 6-max Seat #6 is the button
Seat 5: Scheubi88 ($145.60 in chips)
Seat 6: AzureCaper ($201.27 in chips)
AzureCaper: posts small blind $1
Scheubi88: posts big blind $3
*** HOLE CARDS ***
AzureCaper: folds
Uncalled bet ($2) returned to Scheubi88
Scheubi88 collected $2 from pot
*** SUMMARY ***
Total pot $2 | Rake $0
Seat 5: Scheubi88 (big blind) collected ($2)
Seat 6: AzureCaper (button) (small blind) folded before Flop


PokerStars Hand #151982417272:  Hold'em Limit ($3/$6 USD) - 2016/04/16 2:02:15 ET
Table 'Delia' 6-max Seat #5 is the button
Seat 5: Scheubi88 ($128.10 in chips)
Seat 6: AzureCaper ($219.27 in chips)
Scheubi88: posts small blind $1
AzureCaper: posts big blind $3
*** HOLE CARDS ***
Scheubi88: raises $3 to $6
AzureCaper: calls $3
*** FLOP *** [Qh Ts 6c]
AzureCaper: checks
Scheubi88: checks
*** TURN *** [Qh Ts 6c] [4s]
AzureCaper: bets $6
Scheubi88: raises $6 to $12
AzureCaper: calls $6
*** RIVER *** [Qh Ts 6c 4s] [8h]
AzureCaper: checks
Scheubi88: bets $6
AzureCaper: folds
Uncalled bet ($6) returned to Scheubi88
Scheubi88 collected $35.50 from pot
*** SUMMARY ***
Total pot $36 | Rake $0.50
Board [Qh Ts 6c 4s 8h]
Seat 5: Scheubi88 (button) (small blind) collected ($35.50)
Seat 6: AzureCaper (big blind) folded on the River


PokerStars Hand #151982432425:  Hold'em Limit ($3/$6 USD) - 2016/04/16 2:03:08 ET
Table 'Delia' 6-max Seat #6 is the button
Seat 5: Scheubi88 ($152.10 in chips)
Seat 6: AzureCaper ($193.79 in chips)
AzureCaper: posts small blind $1
Scheubi88: posts big blind $3
*** HOLE CARDS ***
AzureCaper: raises $3 to $6
Scheubi88: calls $3
*** FLOP *** [Td 8s Qd]
Scheubi88: checks
AzureCaper: bets $3
Scheubi88: raises $3 to $6
AzureCaper: calls $3
*** TURN *** [Td 8s Qd] [Ad]
Scheubi88: bets $6
AzureCaper: folds
Uncalled bet ($6) returned to Scheubi88
Scheubi88 collected $23.52 from pot
*** SUMMARY ***
Total pot $24 | Rake $0.48
Board [Td 8s Qd Ad]
Seat 5: Scheubi88 (big blind) collected ($23.52)
Seat 6: AzureCaper (button) (small blind) folded on the Turn


PokerStars Hand #151982430801:  Hold'em Limit ($3/$6 USD) - 2016/04/16 2:03:02 ET
Table 'Delia' 6-max Seat #5 is the button
Seat 5: Scheubi88 ($149.10 in chips)
Seat 6: AzureCaper ($196.79 in chips)
Scheubi88: posts small blind $1
AzureCaper: posts big blind $3
*** HOLE CARDS ***
Scheubi88: raises $3 to $6
AzureCaper: folds
Uncalled bet ($3) returned to Scheubi88
Scheubi88 collected $6 from pot
*** SUMMARY ***
Total pot $6 | Rake $0
Seat 5: Scheubi88 (button) (small blind) collected ($6)
Seat 6: AzureCaper (big blind) folded before Flop


PokerStars Hand #151982441279:  Hold'em Limit ($3/$6 USD) - 2016/04/16 2:03:39 ET
Table 'Delia' 6-max Seat #6 is the button
Seat 5: Scheubi88 ($170.62 in chips)
Seat 6: AzureCaper ($174.79 in chips)
AzureCaper: posts small blind $1
Scheubi88: posts big blind $3
*** HOLE CARDS ***
AzureCaper: folds
Uncalled bet ($2) returned to Scheubi88
Scheubi88 collected $2 from pot
*** SUMMARY ***
Total pot $2 | Rake $0
Seat 5: Scheubi88 (big blind) collected ($2)
Seat 6: AzureCaper (button) (small blind) folded before Flop


PokerStars Hand #151982439050:  Hold'em Limit ($3/$6 USD) - 2016/04/16 2:03:31 ET
Table 'Delia' 6-max Seat #5 is the button
Seat 5: Scheubi88 ($167.62 in chips)
Seat 6: AzureCaper ($177.79 in chips)
Scheubi88: posts small blind $1
AzureCaper: posts big blind $3
*** HOLE CARDS ***
Scheubi88: raises $3 to $6
AzureCaper: folds
Uncalled bet ($3) returned to Scheubi88
Scheubi88 collected $6 from pot
*** SUMMARY ***
Total pot $6 | Rake $0
Seat 5: Scheubi88 (button) (small blind) collected ($6)
Seat 6: AzureCaper (big blind) folded before Flop


PokerStars Hand #151982426456:  Hold'em Limit ($3/$6 USD) - 2016/04/16 2:02:47 ET
Table 'Delia' 6-max Seat #6 is the button
Seat 5: Scheubi88 ($134.60 in chips)
Seat 6: AzureCaper ($211.79 in chips)
AzureCaper: posts small blind $1
Scheubi88: posts big blind $3
*** HOLE CARDS ***
AzureCaper: raises $3 to $6
Scheubi88: calls $3
*** FLOP *** [7c Ts 4s]
Scheubi88: checks
AzureCaper: bets $3
Scheubi88: calls $3
*** TURN *** [7c Ts 4s] [Kh]
Scheubi88: checks
AzureCaper: bets $6
Scheubi88: calls $6
*** RIVER *** [7c Ts 4s Kh] [6h]
Scheubi88: checks
AzureCaper: checks
*** SHOW DOWN ***
Scheubi88: shows [7d 9c] (a pair of Sevens)
AzureCaper: mucks hand
Scheubi88 collected $29.50 from pot
*** SUMMARY ***
Total pot $30 | Rake $0.50
Board [7c Ts 4s Kh 6h]
Seat 5: Scheubi88 (big blind) showed [7d 9c] and won ($29.50) with a pair of Sevens
Seat 6: AzureCaper (button) (small blind) mucked


PokerStars Hand #151982437791:  Hold'em Limit ($3/$6 USD) - 2016/04/16 2:03:27 ET
Table 'Delia' 6-max Seat #6 is the button
Seat 5: Scheubi88 ($166.62 in chips)
Seat 6: AzureCaper ($178.79 in chips)
AzureCaper: posts small blind $1
Scheubi88: posts big blind $3
*** HOLE CARDS ***
AzureCaper: folds
Uncalled bet ($2) returned to Scheubi88
Scheubi88 collected $2 from pot
*** SUMMARY ***
Total pot $2 | Rake $0
Seat 5: Scheubi88 (big blind) collected ($2)
Seat 6: AzureCaper (button) (small blind) folded before Flop


PokerStars Hand #151982436313:  Hold'em Limit ($3/$6 USD) - 2016/04/16 2:03:22 ET
Table 'Delia' 6-max Seat #5 is the button
Seat 5: Scheubi88 ($163.62 in chips)
Seat 6: AzureCaper ($181.79 in chips)
Scheubi88: posts small blind $1
AzureCaper: posts big blind $3
*** HOLE CARDS ***
Scheubi88: raises $3 to $6
AzureCaper: folds
Uncalled bet ($3) returned to Scheubi88
Scheubi88 collected $6 from pot
*** SUMMARY ***
Total pot $6 | Rake $0
Seat 5: Scheubi88 (button) (small blind) collected ($6)
Seat 6: AzureCaper (big blind) folded before Flop


PokerStars Hand #151982442839:  Hold'em Limit ($3/$6 USD) - 2016/04/16 2:03:44 ET
Table 'Delia' 6-max Seat #5 is the button
Seat 5: Scheubi88 ($171.62 in chips)
Seat 6: AzureCaper ($173.79 in chips)
Scheubi88: posts small blind $1
AzureCaper: posts big blind $3
*** HOLE CARDS ***
Scheubi88: raises $3 to $6
AzureCaper: raises $3 to $9
Scheubi88: calls $3
*** FLOP *** [2h Ac 2s]
AzureCaper: bets $3
Scheubi88: calls $3
*** TURN *** [2h Ac 2s] [3d]
AzureCaper: bets $6
Scheubi88: raises $6 to $12
AzureCaper: calls $6
*** RIVER *** [2h Ac 2s 3d] [2c]
AzureCaper: checks
Scheubi88: bets $6
AzureCaper: calls $6
*** SHOW DOWN ***
Scheubi88: shows [As 7d] (a full house, Deuces full of Aces)
AzureCaper: shows [Ah Js] (a full house, Deuces full of Aces)
AzureCaper collected $29.75 from pot
Scheubi88 collected $29.75 from pot
*** SUMMARY ***
Total pot $60 | Rake $0.50
Board [2h Ac 2s 3d 2c]
Seat 5: Scheubi88 (button) (small blind) showed [As 7d] and won ($29.75) with a full house, Deuces full of Aces
Seat 6: AzureCaper (big blind) showed [Ah Js] and won ($29.75) with a full house, Deuces full of Aces


PokerStars Hand #151982457876:  Hold'em Limit ($3/$6 USD) - 2016/04/16 2:04:37 ET
Table 'Delia' 6-max Seat #5 is the button
Seat 5: Scheubi88 ($182.39 in chips)
Seat 6: AzureCaper ($161.04 in chips)
Scheubi88: posts small blind $1
AzureCaper: posts big blind $3
*** HOLE CARDS ***
Scheubi88: raises $3 to $6
AzureCaper: folds
Uncalled bet ($3) returned to Scheubi88
Scheubi88 collected $6 from pot
*** SUMMARY ***
Total pot $6 | Rake $0
Seat 5: Scheubi88 (button) (small blind) collected ($6)
Seat 6: AzureCaper (big blind) folded before Flop


PokerStars Hand #151982454194:  Hold'em Limit ($3/$6 USD) - 2016/04/16 2:04:24 ET
Table 'Delia' 6-max Seat #6 is the button
Seat 5: Scheubi88 ($158.89 in chips)
Seat 6: AzureCaper ($185.04 in chips)
AzureCaper: posts small blind $1
Scheubi88: posts big blind $3
*** HOLE CARDS ***
AzureCaper: raises $3 to $6
Scheubi88: calls $3
*** FLOP *** [Qh 8c 2c]
Scheubi88: checks
AzureCaper: bets $3
Scheubi88: raises $3 to $6
AzureCaper: calls $3
*** TURN *** [Qh 8c 2c] [7d]
Scheubi88: bets $6
AzureCaper: raises $6 to $12
Scheubi88: calls $6
*** RIVER *** [Qh 8c 2c 7d] [Kd]
Scheubi88: checks
AzureCaper: checks
*** SHOW DOWN ***
Scheubi88: shows [Kh 4c] (a pair of Kings)
AzureCaper: mucks hand
Scheubi88 collected $47.50 from pot
*** SUMMARY ***
Total pot $48 | Rake $0.50
Board [Qh 8c 2c 7d Kd]
Seat 5: Scheubi88 (big blind) showed [Kh 4c] and won ($47.50) with a pair of Kings
Seat 6: AzureCaper (button) (small blind) mucked


PokerStars Hand #151982446772:  Hold'em Limit ($3/$6 USD) - 2016/04/16 2:03:58 ET
Table 'Delia' 6-max Seat #6 is the button
Seat 5: Scheubi88 ($171.37 in chips)
Seat 6: AzureCaper ($173.54 in chips)
AzureCaper: posts small blind $1
Scheubi88: posts big blind $3
*** HOLE CARDS ***
AzureCaper: raises $3 to $6
Scheubi88: raises $3 to $9
AzureCaper: calls $3
*** FLOP *** [2h Js 3c]
Scheubi88: bets $3
AzureCaper: calls $3
*** TURN *** [2h Js 3c] [5s]
Scheubi88: bets $6
AzureCaper: folds
Uncalled bet ($6) returned to Scheubi88
Scheubi88 collected $23.52 from pot
*** SUMMARY ***
Total pot $24 | Rake $0.48
Board [2h Js 3c 5s]
Seat 5: Scheubi88 (big blind) collected ($23.52)
Seat 6: AzureCaper (button) (small blind) folded on the Turn


PokerStars Hand #151982450724:  Hold'em Limit ($3/$6 USD) - 2016/04/16 2:04:12 ET
Table 'Delia' 6-max Seat #5 is the button
Seat 5: Scheubi88 ($182.89 in chips)
Seat 6: AzureCaper ($161.54 in chips)
Scheubi88: posts small blind $1
AzureCaper: posts big blind $3
*** HOLE CARDS ***
Scheubi88: raises $3 to $6
AzureCaper: raises $3 to $9
Scheubi88: calls $3
*** FLOP *** [Td Ks 7d]
AzureCaper: bets $3
Scheubi88: calls $3
*** TURN *** [Td Ks 7d] [Th]
AzureCaper: bets $6
Scheubi88: calls $6
*** RIVER *** [Td Ks 7d Th] [5s]
AzureCaper: bets $6
Scheubi88: calls $6
*** SHOW DOWN ***
AzureCaper: shows [Jc Js] (two pair, Jacks and Tens)
Scheubi88: mucks hand
AzureCaper collected $47.50 from pot
*** SUMMARY ***
Total pot $48 | Rake $0.50
Board [Td Ks 7d Th 5s]
Seat 5: Scheubi88 (button) (small blind) mucked
Seat 6: AzureCaper (big blind) showed [Jc Js] and won ($47.50) with two pair, Jacks and Tens


PokerStars Hand #151982469667:  Hold'em Limit ($3/$6 USD) - 2016/04/16 2:05:18 ET
Table 'Delia' 6-max Seat #5 is the button
Seat 5: Scheubi88 ($193.53 in chips)
Seat 6: AzureCaper ($148.54 in chips)
Scheubi88: posts small blind $1
AzureCaper: posts big blind $3
*** HOLE CARDS ***
Scheubi88: raises $3 to $6
AzureCaper: raises $3 to $9
Scheubi88: calls $3
*** FLOP *** [2h 9h 4c]
AzureCaper: bets $3
Scheubi88: calls $3
*** TURN *** [2h 9h 4c] [5s]
AzureCaper: bets $6
Scheubi88: calls $6
*** RIVER *** [2h 9h 4c 5s] [Qc]
AzureCaper: checks
Scheubi88: bets $6
AzureCaper: calls $6
*** SHOW DOWN ***
Scheubi88: shows [7h Td] (high card Queen)
AzureCaper: shows [Ad 6d] (high card Ace)
AzureCaper collected $47.50 from pot
*** SUMMARY ***
Total pot $48 | Rake $0.50
Board [2h 9h 4c 5s Qc]
Seat 5: Scheubi88 (button) (small blind) showed [7h Td] and lost with high card Queen
Seat 6: AzureCaper (big blind) showed [Ad 6d] and won ($47.50) with high card Ace


PokerStars Hand #151982476930:  Hold'em Limit ($3/$6 USD) - 2016/04/16 2:05:43 ET
Table 'Delia' 6-max Seat #5 is the button
Seat 5: Scheubi88 ($145.53 in chips)
Seat 6: AzureCaper ($195.54 in chips)
Scheubi88: posts small blind $1
AzureCaper: posts big blind $3
*** HOLE CARDS ***
Scheubi88: raises $3 to $6
AzureCaper: folds
Uncalled bet ($3) returned to Scheubi88
Scheubi88 collected $6 from pot
*** SUMMARY ***
Total pot $6 | Rake $0
Seat 5: Scheubi88 (button) (small blind) collected ($6)
Seat 6: AzureCaper (big blind) folded before Flop


PokerStars Hand #151982463122:  Hold'em Limit ($3/$6 USD) - 2016/04/16 2:04:55 ET
Table 'Delia' 6-max Seat #5 is the button
Seat 5: Scheubi88 ($164.39 in chips)
Seat 6: AzureCaper ($178.54 in chips)
Scheubi88: posts small blind $1
AzureCaper: posts big blind $3
*** HOLE CARDS ***
Scheubi88: raises $3 to $6
AzureCaper: calls $3
*** FLOP *** [6c 3c 9s]
AzureCaper: checks
Scheubi88: bets $3
AzureCaper: calls $3
*** TURN *** [6c 3c 9s] [3d]
AzureCaper: checks
Scheubi88: bets $6
AzureCaper: calls $6
*** RIVER *** [6c 3c 9s 3d] [4h]
AzureCaper: checks
Scheubi88: bets $6
AzureCaper: calls $6
*** SHOW DOWN ***
Scheubi88: shows [3s Jc] (three of a kind, Threes)
AzureCaper: mucks hand
Scheubi88 collected $41.50 from pot
*** SUMMARY ***
Total pot $42 | Rake $0.50
Board [6c 3c 9s 3d 4h]
Seat 5: Scheubi88 (button) (small blind) showed [3s Jc] and won ($41.50) with three of a kind, Threes
Seat 6: AzureCaper (big blind) mucked


PokerStars Hand #151982473367:  Hold'em Limit ($3/$6 USD) - 2016/04/16 2:05:31 ET
Table 'Delia' 6-max Seat #6 is the button
Seat 5: Scheubi88 ($169.53 in chips)
Seat 6: AzureCaper ($172.04 in chips)
AzureCaper: posts small blind $1
Scheubi88: posts big blind $3
*** HOLE CARDS ***
AzureCaper: raises $3 to $6
Scheubi88: calls $3
*** FLOP *** [9s Td Th]
Scheubi88: checks
AzureCaper: bets $3
Scheubi88: raises $3 to $6
AzureCaper: calls $3
*** TURN *** [9s Td Th] [5s]
Scheubi88: bets $6
AzureCaper: raises $6 to $12
Scheubi88: calls $6
*** RIVER *** [9s Td Th 5s] [Jd]
Scheubi88: checks
AzureCaper: bets $6
Scheubi88: folds
Uncalled bet ($6) returned to AzureCaper
AzureCaper collected $47.50 from pot
AzureCaper: doesn't show hand
*** SUMMARY ***
Total pot $48 | Rake $0.50
Board [9s Td Th 5s Jd]
Seat 5: Scheubi88 (big blind) folded on the River
Seat 6: AzureCaper (button) (small blind) collected ($47.50)


PokerStars Hand #151982459261:  Hold'em Limit ($3/$6 USD) - 2016/04/16 2:04:41 ET
Table 'Delia' 6-max Seat #6 is the button
Seat 5: Scheubi88 ($185.39 in chips)
Seat 6: AzureCaper ($158.04 in chips)
AzureCaper: posts small blind $1
Scheubi88: posts big blind $3
*** HOLE CARDS ***
AzureCaper: raises $3 to $6
Scheubi88: calls $3
*** FLOP *** [6h 3d 8d]
Scheubi88: checks
AzureCaper: bets $3
Scheubi88: calls $3
*** TURN *** [6h 3d 8d] [6s]
Scheubi88: checks
AzureCaper: bets $6
Scheubi88: calls $6
*** RIVER *** [6h 3d 8d 6s] [Ks]
Scheubi88: checks
AzureCaper: bets $6
Scheubi88: calls $6
*** SHOW DOWN ***
AzureCaper: shows [6d Qd] (three of a kind, Sixes)
Scheubi88: mucks hand
AzureCaper collected $41.50 from pot
*** SUMMARY ***
Total pot $42 | Rake $0.50
Board [6h 3d 8d 6s Ks]
Seat 5: Scheubi88 (big blind) mucked
Seat 6: AzureCaper (button) (small blind) showed [6d Qd] and won ($41.50) with three of a kind, Sixes


PokerStars Hand #151982478917:  Hold'em Limit ($3/$6 USD) - 2016/04/16 2:05:50 ET
Table 'Delia' 6-max Seat #6 is the button
Seat 5: Scheubi88 ($148.53 in chips)
Seat 6: AzureCaper ($192.54 in chips)
AzureCaper: posts small blind $1
Scheubi88: posts big blind $3
*** HOLE CARDS ***
AzureCaper: folds
Uncalled bet ($2) returned to Scheubi88
Scheubi88 collected $2 from pot
*** SUMMARY ***
Total pot $2 | Rake $0
Seat 5: Scheubi88 (big blind) collected ($2)
Seat 6: AzureCaper (button) (small blind) folded before Flop


PokerStars Hand #151982480402:  Hold'em Limit ($3/$6 USD) - 2016/04/16 2:05:55 ET
Table 'Delia' 6-max Seat #5 is the button
Seat 5: Scheubi88 ($149.53 in chips)
Seat 6: AzureCaper ($191.54 in chips)
Scheubi88: posts small blind $1
AzureCaper: posts big blind $3
*** HOLE CARDS ***
Scheubi88: raises $3 to $6
AzureCaper: calls $3
*** FLOP *** [6c Td Qd]
AzureCaper: checks
Scheubi88: bets $3
AzureCaper: calls $3
*** TURN *** [6c Td Qd] [Ac]
AzureCaper: checks
Scheubi88: bets $6
AzureCaper: calls $6
*** RIVER *** [6c Td Qd Ac] [Ks]
AzureCaper: checks
Scheubi88: checks
*** SHOW DOWN ***
AzureCaper: shows [6h 5h] (a pair of Sixes)
Scheubi88: shows [Ah 2d] (a pair of Aces)
Scheubi88 collected $29.50 from pot
*** SUMMARY ***
Total pot $30 | Rake $0.50
Board [6c Td Qd Ac Ks]
Seat 5: Scheubi88 (button) (small blind) showed [Ah 2d] and won ($29.50) with a pair of Aces
Seat 6: AzureCaper (big blind) showed [6h 5h] and lost with a pair of Sixes


PokerStars Hand #151982487655:  Hold'em Limit ($3/$6 USD) - 2016/04/16 2:06:20 ET
Table 'Delia' 6-max Seat #5 is the button
Seat 5: Scheubi88 ($143.03 in chips)
Seat 6: AzureCaper ($197.04 in chips)
Scheubi88: posts small blind $1
AzureCaper: posts big blind $3
*** HOLE CARDS ***
Scheubi88: raises $3 to $6
AzureCaper: calls $3
*** FLOP *** [6h 4h 6c]
AzureCaper: checks
Scheubi88: bets $3
AzureCaper: calls $3
*** TURN *** [6h 4h 6c] [Js]
AzureCaper: checks
Scheubi88: checks
*** RIVER *** [6h 4h 6c Js] [4d]
AzureCaper: checks
Scheubi88: checks
*** SHOW DOWN ***
AzureCaper: shows [5d Ks] (two pair, Sixes and Fours)
Scheubi88: mucks hand
AzureCaper collected $17.64 from pot
*** SUMMARY ***
Total pot $18 | Rake $0.36
Board [6h 4h 6c Js 4d]
Seat 5: Scheubi88 (button) (small blind) mucked
Seat 6: AzureCaper (big blind) showed [5d Ks] and won ($17.64) with two pair, Sixes and Fours


PokerStars Hand #151982495503:  Hold'em Limit ($3/$6 USD) - 2016/04/16 2:06:48 ET
Table 'Delia' 6-max Seat #5 is the button
Seat 5: Scheubi88 ($145.55 in chips)
Seat 6: AzureCaper ($193.68 in chips)
Scheubi88: posts small blind $1
AzureCaper: posts big blind $3
*** HOLE CARDS ***
Scheubi88: folds
Uncalled bet ($2) returned to AzureCaper
AzureCaper collected $2 from pot
AzureCaper: doesn't show hand
*** SUMMARY ***
Total pot $2 | Rake $0
Seat 5: Scheubi88 (button) (small blind) folded before Flop
Seat 6: AzureCaper (big blind) collected ($2)


PokerStars Hand #151982491527:  Hold'em Limit ($3/$6 USD) - 2016/04/16 2:06:34 ET
Table 'Delia' 6-max Seat #6 is the button
Seat 5: Scheubi88 ($134.03 in chips)
Seat 6: AzureCaper ($205.68 in chips)
AzureCaper: posts small blind $1
Scheubi88: posts big blind $3
*** HOLE CARDS ***
AzureCaper: raises $3 to $6
Scheubi88: raises $3 to $9
AzureCaper: calls $3
*** FLOP *** [4c 9d 9c]
Scheubi88: bets $3
AzureCaper: calls $3
*** TURN *** [4c 9d 9c] [Jh]
Scheubi88: bets $6
AzureCaper: folds
Uncalled bet ($6) returned to Scheubi88
Scheubi88 collected $23.52 from pot
*** SUMMARY ***
Total pot $24 | Rake $0.48
Board [4c 9d 9c Jh]
Seat 5: Scheubi88 (big blind) collected ($23.52)
Seat 6: AzureCaper (button) (small blind) folded on the Turn


PokerStars Hand #151982512867:  Hold'em Limit ($3/$6 USD) - 2016/04/16 2:07:48 ET
Table 'Delia' 6-max Seat #6 is the button
Seat 5: Scheubi88 ($152.69 in chips)
Seat 6: AzureCaper ($184.96 in chips)
AzureCaper: posts small blind $1
Scheubi88: posts big blind $3
*** HOLE CARDS ***
AzureCaper: folds
Uncalled bet ($2) returned to Scheubi88
Scheubi88 collected $2 from pot
*** SUMMARY ***
Total pot $2 | Rake $0
Seat 5: Scheubi88 (big blind) collected ($2)
Seat 6: AzureCaper (button) (small blind) folded before Flop


PokerStars Hand #151982508763:  Hold'em Limit ($3/$6 USD) - 2016/04/16 2:07:33 ET
Table 'Delia' 6-max Seat #5 is the button
Seat 5: Scheubi88 ($135.19 in chips)
Seat 6: AzureCaper ($202.96 in chips)
Scheubi88: posts small blind $1
AzureCaper: posts big blind $3
*** HOLE CARDS ***
Scheubi88: raises $3 to $6
AzureCaper: raises $3 to $9
Scheubi88: calls $3
*** FLOP *** [Th 4h 7d]
AzureCaper: bets $3
Scheubi88: calls $3
*** TURN *** [Th 4h 7d] [9s]
AzureCaper: checks
Scheubi88: checks
*** RIVER *** [Th 4h 7d 9s] [6s]
AzureCaper: checks
Scheubi88: bets $6
AzureCaper: calls $6
*** SHOW DOWN ***
Scheubi88: shows [6d 4c] (two pair, Sixes and Fours)
AzureCaper: mucks hand
Scheubi88 collected $35.50 from pot
*** SUMMARY ***
Total pot $36 | Rake $0.50
Board [Th 4h 7d 9s 6s]
Seat 5: Scheubi88 (button) (small blind) showed [6d 4c] and won ($35.50) with two pair, Sixes and Fours
Seat 6: AzureCaper (big blind) mucked


PokerStars Hand #151982496865:  Hold'em Limit ($3/$6 USD) - 2016/04/16 2:06:52 ET
Table 'Delia' 6-max Seat #6 is the button
Seat 5: Scheubi88 ($144.55 in chips)
Seat 6: AzureCaper ($194.68 in chips)
AzureCaper: posts small blind $1
Scheubi88: posts big blind $3
*** HOLE CARDS ***
AzureCaper: raises $3 to $6
Scheubi88: calls $3
*** FLOP *** [6d Kd 4d]
Scheubi88: checks
AzureCaper: bets $3
Scheubi88: calls $3
*** TURN *** [6d Kd 4d] [8c]
Scheubi88: checks
AzureCaper: checks
*** RIVER *** [6d Kd 4d 8c] [8d]
Scheubi88: checks
AzureCaper: checks
*** SHOW DOWN ***
Scheubi88: shows [Jh 9s] (a pair of Eights)
AzureCaper: shows [Ac 3s] (a pair of Eights - Ace kicker)
AzureCaper collected $17.64 from pot
*** SUMMARY ***
Total pot $18 | Rake $0.36
Board [6d Kd 4d 8c 8d]
Seat 5: Scheubi88 (big blind) showed [Jh 9s] and lost with a pair of Eights
Seat 6: AzureCaper (button) (small blind) showed [Ac 3s] and won ($17.64) with a pair of Eights


PokerStars Hand #151982501844:  Hold'em Limit ($3/$6 USD) - 2016/04/16 2:07:09 ET
Table 'Delia' 6-max Seat #5 is the button
Seat 5: Scheubi88 ($135.55 in chips)
Seat 6: AzureCaper ($203.32 in chips)
Scheubi88: posts small blind $1
AzureCaper: posts big blind $3
*** HOLE CARDS ***
Scheubi88: raises $3 to $6
AzureCaper: raises $3 to $9
Scheubi88: calls $3
*** FLOP *** [Kh 6h 9d]
AzureCaper: bets $3
Scheubi88: folds
Uncalled bet ($3) returned to AzureCaper
AzureCaper collected $17.64 from pot
AzureCaper: doesn't show hand
*** SUMMARY ***
Total pot $18 | Rake $0.36
Board [Kh 6h 9d]
Seat 5: Scheubi88 (button) (small blind) folded on the Flop
Seat 6: AzureCaper (big blind) collected ($17.64)


PokerStars Hand #151982505093:  Hold'em Limit ($3/$6 USD) - 2016/04/16 2:07:21 ET
Table 'Delia' 6-max Seat #6 is the button
Seat 5: Scheubi88 ($126.55 in chips)
Seat 6: AzureCaper ($211.96 in chips)
AzureCaper: posts small blind $1
Scheubi88: posts big blind $3
*** HOLE CARDS ***
AzureCaper: raises $3 to $6
Scheubi88: calls $3
*** FLOP *** [4h Ad Th]
Scheubi88: checks
AzureCaper: bets $3
Scheubi88: calls $3
*** TURN *** [4h Ad Th] [Ac]
Scheubi88: checks
AzureCaper: checks
*** RIVER *** [4h Ad Th Ac] [4c]
Scheubi88: bets $6
AzureCaper: folds
Uncalled bet ($6) returned to Scheubi88
Scheubi88 collected $17.64 from pot
*** SUMMARY ***
Total pot $18 | Rake $0.36
Board [4h Ad Th Ac 4c]
Seat 5: Scheubi88 (big blind) collected ($17.64)
Seat 6: AzureCaper (button) (small blind) folded on the River


PokerStars Hand #151982523419:  Hold'em Limit ($3/$6 USD) - 2016/04/16 2:08:25 ET
Table 'Delia' 6-max Seat #5 is the button
Seat 5: Scheubi88 ($188.19 in chips)
Seat 6: AzureCaper ($148.96 in chips)
Scheubi88: posts small blind $1
AzureCaper: posts big blind $3
*** HOLE CARDS ***
Scheubi88: raises $3 to $6
AzureCaper: raises $3 to $9
Scheubi88: calls $3
*** FLOP *** [8d Kh 5d]
AzureCaper: bets $3
Scheubi88: raises $3 to $6
AzureCaper: raises $3 to $9
Scheubi88: calls $3
*** TURN *** [8d Kh 5d] [Qs]
AzureCaper: bets $6
Scheubi88: calls $6
*** RIVER *** [8d Kh 5d Qs] [Th]
AzureCaper: bets $6
Scheubi88: calls $6
*** SHOW DOWN ***
AzureCaper: shows [Ad Qd] (a pair of Queens)
Scheubi88: shows [3d Kd] (a pair of Kings)
Scheubi88 collected $59.50 from pot
*** SUMMARY ***
Total pot $60 | Rake $0.50
Board [8d Kh 5d Qs Th]
Seat 5: Scheubi88 (button) (small blind) showed [3d Kd] and won ($59.50) with a pair of Kings
Seat 6: AzureCaper (big blind) showed [Ad Qd] and lost with a pair of Queens


PokerStars Hand #151982514354:  Hold'em Limit ($3/$6 USD) - 2016/04/16 2:07:53 ET
Table 'Delia' 6-max Seat #5 is the button
Seat 5: Scheubi88 ($153.69 in chips)
Seat 6: AzureCaper ($183.96 in chips)
Scheubi88: posts small blind $1
AzureCaper: posts big blind $3
*** HOLE CARDS ***
Scheubi88: folds
Uncalled bet ($2) returned to AzureCaper
AzureCaper collected $2 from pot
AzureCaper: doesn't show hand
*** SUMMARY ***
Total pot $2 | Rake $0
Seat 5: Scheubi88 (button) (small blind) folded before Flop
Seat 6: AzureCaper (big blind) collected ($2)


PokerStars Hand #151982515959:  Hold'em Limit ($3/$6 USD) - 2016/04/16 2:07:59 ET
Table 'Delia' 6-max Seat #6 is the button
Seat 5: Scheubi88 ($152.69 in chips)
Seat 6: AzureCaper ($184.96 in chips)
AzureCaper: posts small blind $1
Scheubi88: posts big blind $3
*** HOLE CARDS ***
AzureCaper: raises $3 to $6
Scheubi88: raises $3 to $9
AzureCaper: calls $3
*** FLOP *** [9c Kd 7s]
Scheubi88: bets $3
AzureCaper: calls $3
*** TURN *** [9c Kd 7s] [9d]
Scheubi88: bets $6
AzureCaper: raises $6 to $12
Scheubi88: raises $6 to $18
AzureCaper: calls $6
*** RIVER *** [9c Kd 7s 9d] [Qd]
Scheubi88: bets $6
AzureCaper: calls $6
*** SHOW DOWN ***
Scheubi88: shows [Qs 9s] (a full house, Nines full of Queens)
AzureCaper: mucks hand
Scheubi88 collected $71.50 from pot
*** SUMMARY ***
Total pot $72 | Rake $0.50
Board [9c Kd 7s 9d Qd]
Seat 5: Scheubi88 (big blind) showed [Qs 9s] and won ($71.50) with a full house, Nines full of Queens
Seat 6: AzureCaper (button) (small blind) mucked


PokerStars Hand #151982546775:  Hold'em Limit ($3/$6 USD) - 2016/04/16 2:09:46 ET
Table 'Delia' 6-max Seat #5 is the button
Seat 5: Scheubi88 ($219.61 in chips)
Seat 6: AzureCaper ($115.46 in chips)
Scheubi88: posts small blind $1
AzureCaper: posts big blind $3
*** HOLE CARDS ***
Scheubi88: folds
Uncalled bet ($2) returned to AzureCaper
AzureCaper collected $2 from pot
AzureCaper: doesn't show hand
*** SUMMARY ***
Total pot $2 | Rake $0
Seat 5: Scheubi88 (button) (small blind) folded before Flop
Seat 6: AzureCaper (big blind) collected ($2)


PokerStars Hand #151982542137:  Hold'em Limit ($3/$6 USD) - 2016/04/16 2:09:30 ET
Table 'Delia' 6-max Seat #6 is the button
Seat 5: Scheubi88 ($208.09 in chips)
Seat 6: AzureCaper ($127.46 in chips)
AzureCaper: posts small blind $1
Scheubi88: posts big blind $3
*** HOLE CARDS ***
AzureCaper: raises $3 to $6
Scheubi88: calls $3
*** FLOP *** [3d 6s 7s]
Scheubi88: checks
AzureCaper: bets $3
Scheubi88: raises $3 to $6
AzureCaper: calls $3
*** TURN *** [3d 6s 7s] [5c]
Scheubi88: bets $6
AzureCaper: folds
Uncalled bet ($6) returned to Scheubi88
Scheubi88 collected $23.52 from pot
*** SUMMARY ***
Total pot $24 | Rake $0.48
Board [3d 6s 7s 5c]
Seat 5: Scheubi88 (big blind) collected ($23.52)
Seat 6: AzureCaper (button) (small blind) folded on the Turn


PokerStars Hand #151982533486:  Hold'em Limit ($3/$6 USD) - 2016/04/16 2:09:00 ET
Table 'Delia' 6-max Seat #5 is the button
Seat 5: Scheubi88 ($190.69 in chips)
Seat 6: AzureCaper ($145.46 in chips)
Scheubi88: posts small blind $1
AzureCaper: posts big blind $3
*** HOLE CARDS ***
Scheubi88: raises $3 to $6
AzureCaper: folds
Uncalled bet ($3) returned to Scheubi88
Scheubi88 collected $6 from pot
Scheubi88: doesn't show hand
*** SUMMARY ***
Total pot $6 | Rake $0
Seat 5: Scheubi88 (button) (small blind) collected ($6)
Seat 6: AzureCaper (big blind) folded before Flop


PokerStars Hand #151982529702:  Hold'em Limit ($3/$6 USD) - 2016/04/16 2:08:47 ET
Table 'Delia' 6-max Seat #6 is the button
Seat 5: Scheubi88 ($217.69 in chips)
Seat 6: AzureCaper ($118.96 in chips)
AzureCaper: posts small blind $1
Scheubi88: posts big blind $3
*** HOLE CARDS ***
AzureCaper: raises $3 to $6
Scheubi88: raises $3 to $9
AzureCaper: calls $3
*** FLOP *** [Jc 8c 7d]
Scheubi88: bets $3
AzureCaper: raises $3 to $6
Scheubi88: calls $3
*** TURN *** [Jc 8c 7d] [8d]
Scheubi88: checks
AzureCaper: bets $6
Scheubi88: calls $6
*** RIVER *** [Jc 8c 7d 8d] [6c]
Scheubi88: checks
AzureCaper: bets $6
Scheubi88: calls $6
*** SHOW DOWN ***
AzureCaper: shows [8h Qc] (three of a kind, Eights)
Scheubi88: mucks hand
AzureCaper collected $53.50 from pot
*** SUMMARY ***
Total pot $54 | Rake $0.50
Board [Jc 8c 7d 8d 6c]
Seat 5: Scheubi88 (big blind) mucked
Seat 6: AzureCaper (button) (small blind) showed [8h Qc] and won ($53.50) with three of a kind, Eights


PokerStars Hand #151982538474:  Hold'em Limit ($3/$6 USD) - 2016/04/16 2:09:17 ET
Table 'Delia' 6-max Seat #5 is the button
Seat 5: Scheubi88 ($202.33 in chips)
Seat 6: AzureCaper ($133.46 in chips)
Scheubi88: posts small blind $1
AzureCaper: posts big blind $3
*** HOLE CARDS ***
Scheubi88: raises $3 to $6
AzureCaper: calls $3
*** FLOP *** [Kd 9s 7h]
AzureCaper: checks
Scheubi88: bets $3
AzureCaper: folds
Uncalled bet ($3) returned to Scheubi88
Scheubi88 collected $11.76 from pot
*** SUMMARY ***
Total pot $12 | Rake $0.24
Board [Kd 9s 7h]
Seat 5: Scheubi88 (button) (small blind) collected ($11.76)
Seat 6: AzureCaper (big blind) folded on the Flop


PokerStars Hand #151982534900:  Hold'em Limit ($3/$6 USD) - 2016/04/16 2:09:05 ET
Table 'Delia' 6-max Seat #6 is the button
Seat 5: Scheubi88 ($193.69 in chips)
Seat 6: AzureCaper ($142.46 in chips)
AzureCaper: posts small blind $1
Scheubi88: posts big blind $3
*** HOLE CARDS ***
AzureCaper: raises $3 to $6
Scheubi88: calls $3
*** FLOP *** [Ac Ts 2d]
Scheubi88: checks
AzureCaper: bets $3
Scheubi88: calls $3
*** TURN *** [Ac Ts 2d] [Qh]
Scheubi88: checks
AzureCaper: checks
*** RIVER *** [Ac Ts 2d Qh] [9d]
Scheubi88: checks
AzureCaper: checks
*** SHOW DOWN ***
Scheubi88: shows [2s 5d] (a pair of Deuces)
AzureCaper: mucks hand
Scheubi88 collected $17.64 from pot
*** SUMMARY ***
Total pot $18 | Rake $0.36
Board [Ac Ts 2d Qh 9d]
Seat 5: Scheubi88 (big blind) showed [2s 5d] and won ($17.64) with a pair of Deuces
Seat 6: AzureCaper (button) (small blind) mucked


PokerStars Hand #151982558181:  Hold'em Limit ($3/$6 USD) - 2016/04/16 2:10:26 ET
Table 'Delia' 6-max Seat #6 is the button
Seat 5: Scheubi88 ($227.11 in chips)
Seat 6: AzureCaper ($106.96 in chips)
AzureCaper: posts small blind $1
Scheubi88: posts big blind $3
*** HOLE CARDS ***
AzureCaper: raises $3 to $6
Scheubi88: calls $3
*** FLOP *** [Ad 2h 3h]
Scheubi88: checks
AzureCaper: bets $3
Scheubi88: calls $3
*** TURN *** [Ad 2h 3h] [7s]
Scheubi88: bets $6
AzureCaper: raises $6 to $12
Scheubi88: calls $6
*** RIVER *** [Ad 2h 3h 7s] [Qs]
Scheubi88: checks
AzureCaper: bets $6
Scheubi88: calls $6
*** SHOW DOWN ***
AzureCaper: shows [4h 5h] (a straight, Ace to Five)
Scheubi88: mucks hand
AzureCaper collected $53.50 from pot
*** SUMMARY ***
Total pot $54 | Rake $0.50
Board [Ad 2h 3h 7s Qs]
Seat 5: Scheubi88 (big blind) mucked
Seat 6: AzureCaper (button) (small blind) showed [4h 5h] and won ($53.50) with a straight, Ace to Five


PokerStars Hand #151982562284:  Hold'em Limit ($3/$6 USD) - 2016/04/16 2:10:41 ET
Table 'Delia' 6-max Seat #5 is the button
Seat 5: Scheubi88 ($200.11 in chips)
Seat 6: AzureCaper ($133.46 in chips)
Scheubi88: posts small blind $1
AzureCaper: posts big blind $3
*** HOLE CARDS ***
Scheubi88: raises $3 to $6
AzureCaper: raises $3 to $9
Scheubi88: calls $3
*** FLOP *** [4c Qs Ks]
AzureCaper: bets $3
Scheubi88: calls $3
*** TURN *** [4c Qs Ks] [Kd]
AzureCaper: bets $6
Scheubi88: calls $6
*** RIVER *** [4c Qs Ks Kd] [7d]
AzureCaper: bets $6
Scheubi88: calls $6
*** SHOW DOWN ***
AzureCaper: shows [5s 7s] (two pair, Kings and Sevens)
Scheubi88: mucks hand
AzureCaper collected $47.50 from pot
*** SUMMARY ***
Total pot $48 | Rake $0.50
Board [4c Qs Ks Kd 7d]
Seat 5: Scheubi88 (button) (small blind) mucked
Seat 6: AzureCaper (big blind) showed [5s 7s] and won ($47.50) with two pair, Kings and Sevens


PokerStars Hand #151982548179:  Hold'em Limit ($3/$6 USD) - 2016/04/16 2:09:51 ET
Table 'Delia' 6-max Seat #6 is the button
Seat 5: Scheubi88 ($218.61 in chips)
Seat 6: AzureCaper ($116.46 in chips)
AzureCaper: posts small blind $1
Scheubi88: posts big blind $3
*** HOLE CARDS ***
AzureCaper: raises $3 to $6
Scheubi88: calls $3
*** FLOP *** [2s 9d 2c]
Scheubi88: checks
AzureCaper: bets $3
Scheubi88: calls $3
*** TURN *** [2s 9d 2c] [2h]
Scheubi88: checks
AzureCaper: bets $6
Scheubi88: calls $6
*** RIVER *** [2s 9d 2c 2h] [8c]
Scheubi88: checks
AzureCaper: bets $6
Scheubi88: calls $6
*** SHOW DOWN ***
AzureCaper: shows [9h 3h] (a full house, Deuces full of Nines)
Scheubi88: mucks hand
AzureCaper collected $41.50 from pot
*** SUMMARY ***
Total pot $42 | Rake $0.50
Board [2s 9d 2c 2h 8c]
Seat 5: Scheubi88 (big blind) mucked
Seat 6: AzureCaper (button) (small blind) showed [9h 3h] and won ($41.50) with a full house, Deuces full of Nines


PokerStars Hand #151982554066:  Hold'em Limit ($3/$6 USD) - 2016/04/16 2:10:12 ET
Table 'Delia' 6-max Seat #5 is the button
Seat 5: Scheubi88 ($197.61 in chips)
Seat 6: AzureCaper ($136.96 in chips)
Scheubi88: posts small blind $1
AzureCaper: posts big blind $3
*** HOLE CARDS ***
Scheubi88: raises $3 to $6
AzureCaper: raises $3 to $9
Scheubi88: calls $3
*** FLOP *** [Qd Js 8d]
AzureCaper: bets $3
Scheubi88: raises $3 to $6
AzureCaper: raises $3 to $9
Scheubi88: calls $3
*** TURN *** [Qd Js 8d] [5c]
AzureCaper: bets $6
Scheubi88: calls $6
*** RIVER *** [Qd Js 8d 5c] [Kc]
AzureCaper: checks
Scheubi88: bets $6
AzureCaper: calls $6
*** SHOW DOWN ***
Scheubi88: shows [Ts Ad] (a straight, Ten to Ace)
AzureCaper: mucks hand
Scheubi88 collected $59.50 from pot
*** SUMMARY ***
Total pot $60 | Rake $0.50
Board [Qd Js 8d 5c Kc]
Seat 5: Scheubi88 (button) (small blind) showed [Ts Ad] and won ($59.50) with a straight, Ten to Ace
Seat 6: AzureCaper (big blind) mucked


PokerStars Hand #151982569796:  Hold'em Limit ($3/$6 USD) - 2016/04/16 2:11:07 ET
Table 'Delia' 6-max Seat #5 is the button
Seat 5: Scheubi88 ($161.11 in chips)
Seat 6: AzureCaper ($171.46 in chips)
Scheubi88: posts small blind $1
AzureCaper: posts big blind $3
*** HOLE CARDS ***
Scheubi88: folds
Uncalled bet ($2) returned to AzureCaper
AzureCaper collected $2 from pot
AzureCaper: doesn't show hand
*** SUMMARY ***
Total pot $2 | Rake $0
Seat 5: Scheubi88 (button) (small blind) folded before Flop
Seat 6: AzureCaper (big blind) collected ($2)


PokerStars Hand #151982565787:  Hold'em Limit ($3/$6 USD) - 2016/04/16 2:10:53 ET
Table 'Delia' 6-max Seat #6 is the button
Seat 5: Scheubi88 ($176.11 in chips)
Seat 6: AzureCaper ($156.96 in chips)
AzureCaper: posts small blind $1
Scheubi88: posts big blind $3
*** HOLE CARDS ***
AzureCaper: raises $3 to $6
Scheubi88: calls $3
*** FLOP *** [3s Jd 5c]
Scheubi88: checks
AzureCaper: bets $3
Scheubi88: raises $3 to $6
AzureCaper: raises $3 to $9
Scheubi88: calls $3
*** TURN *** [3s Jd 5c] [8d]
Scheubi88: checks
AzureCaper: bets $6
Scheubi88: folds
Uncalled bet ($6) returned to AzureCaper
AzureCaper collected $29.50 from pot
AzureCaper: doesn't show hand
*** SUMMARY ***
Total pot $30 | Rake $0.50
Board [3s Jd 5c 8d]
Seat 5: Scheubi88 (big blind) folded on the Turn
Seat 6: AzureCaper (button) (small blind) collected ($29.50)


PokerStars Hand #151982574460:  Hold'em Limit ($3/$6 USD) - 2016/04/16 2:11:23 ET
Table 'Delia' 6-max Seat #5 is the button
Seat 5: Scheubi88 ($174.61 in chips)
Seat 6: AzureCaper ($157.46 in chips)
Scheubi88: posts small blind $1
AzureCaper: posts big blind $3
*** HOLE CARDS ***
Scheubi88: raises $3 to $6
AzureCaper: raises $3 to $9
Scheubi88: calls $3
*** FLOP *** [8h Jc Jd]
AzureCaper: bets $3
Scheubi88: calls $3
*** TURN *** [8h Jc Jd] [5h]
AzureCaper: bets $6
Scheubi88: raises $6 to $12
AzureCaper: calls $6
*** RIVER *** [8h Jc Jd 5h] [Ac]
AzureCaper: checks
Scheubi88: checks
*** SHOW DOWN ***
AzureCaper: shows [9d 9h] (two pair, Jacks and Nines)
Scheubi88: shows [Qs Qh] (two pair, Queens and Jacks)
Scheubi88 collected $47.50 from pot
*** SUMMARY ***
Total pot $48 | Rake $0.50
Board [8h Jc Jd 5h Ac]
Seat 5: Scheubi88 (button) (small blind) showed [Qs Qh] and won ($47.50) with two pair, Queens and Jacks
Seat 6: AzureCaper (big blind) showed [9d 9h] and lost with two pair, Jacks and Nines


PokerStars Hand #151982579838:  Hold'em Limit ($3/$6 USD) - 2016/04/16 2:11:42 ET
Table 'Delia' 6-max Seat #6 is the button
Seat 5: Scheubi88 ($198.11 in chips)
Seat 6: AzureCaper ($133.46 in chips)
AzureCaper: posts small blind $1
Scheubi88: posts big blind $3
*** HOLE CARDS ***
AzureCaper: raises $3 to $6
Scheubi88: calls $3
*** FLOP *** [Jd Jc 6d]
Scheubi88: checks
AzureCaper: bets $3
Scheubi88: raises $3 to $6
AzureCaper: raises $3 to $9
Scheubi88: calls $3
*** TURN *** [Jd Jc 6d] [Qc]
Scheubi88: checks
AzureCaper: bets $6
Scheubi88: folds
Uncalled bet ($6) returned to AzureCaper
AzureCaper collected $29.50 from pot
AzureCaper: doesn't show hand
*** SUMMARY ***
Total pot $30 | Rake $0.50
Board [Jd Jc 6d Qc]
Seat 5: Scheubi88 (big blind) folded on the Turn
Seat 6: AzureCaper (button) (small blind) collected ($29.50)


PokerStars Hand #151982571438:  Hold'em Limit ($3/$6 USD) - 2016/04/16 2:11:13 ET
Table 'Delia' 6-max Seat #6 is the button
Seat 5: Scheubi88 ($160.11 in chips)
Seat 6: AzureCaper ($172.46 in chips)
AzureCaper: posts small blind $1
Scheubi88: posts big blind $3
*** HOLE CARDS ***
AzureCaper: raises $3 to $6
Scheubi88: calls $3
*** FLOP *** [Td 4s Tc]
Scheubi88: checks
AzureCaper: bets $3
Scheubi88: calls $3
*** TURN *** [Td 4s Tc] [Kc]
Scheubi88: checks
AzureCaper: bets $6
Scheubi88: raises $6 to $12
AzureCaper: folds
Uncalled bet ($6) returned to Scheubi88
Scheubi88 collected $29.50 from pot
*** SUMMARY ***
Total pot $30 | Rake $0.50
Board [Td 4s Tc Kc]
Seat 5: Scheubi88 (big blind) collected ($29.50)
Seat 6: AzureCaper (button) (small blind) folded on the Turn


PokerStars Hand #151982596121:  Hold'em Limit ($3/$6 USD) - 2016/04/16 2:12:39 ET
Table 'Delia' 6-max Seat #6 is the button
Seat 5: Scheubi88 ($141.11 in chips)
Seat 6: AzureCaper ($188.96 in chips)
AzureCaper: posts small blind $1
Scheubi88: posts big blind $3
*** HOLE CARDS ***
AzureCaper: folds
Uncalled bet ($2) returned to Scheubi88
Scheubi88 collected $2 from pot
*** SUMMARY ***
Total pot $2 | Rake $0
Seat 5: Scheubi88 (big blind) collected ($2)
Seat 6: AzureCaper (button) (small blind) folded before Flop


PokerStars Hand #151982594354:  Hold'em Limit ($3/$6 USD) - 2016/04/16 2:12:33 ET
Table 'Delia' 6-max Seat #5 is the button
Seat 5: Scheubi88 ($138.11 in chips)
Seat 6: AzureCaper ($191.96 in chips)
Scheubi88: posts small blind $1
AzureCaper: posts big blind $3
*** HOLE CARDS ***
Scheubi88: raises $3 to $6
AzureCaper: folds
Uncalled bet ($3) returned to Scheubi88
Scheubi88 collected $6 from pot
*** SUMMARY ***
Total pot $6 | Rake $0
Seat 5: Scheubi88 (button) (small blind) collected ($6)
Seat 6: AzureCaper (big blind) folded before Flop


PokerStars Hand #151982587094:  Hold'em Limit ($3/$6 USD) - 2016/04/16 2:12:08 ET
Table 'Delia' 6-max Seat #6 is the button
Seat 5: Scheubi88 ($165.11 in chips)
Seat 6: AzureCaper ($165.46 in chips)
AzureCaper: posts small blind $1
Scheubi88: posts big blind $3
*** HOLE CARDS ***
AzureCaper: raises $3 to $6
Scheubi88: folds
Uncalled bet ($3) returned to AzureCaper
AzureCaper collected $6 from pot
AzureCaper: doesn't show hand
*** SUMMARY ***
Total pot $6 | Rake $0
Seat 5: Scheubi88 (big blind) folded before Flop
Seat 6: AzureCaper (button) (small blind) collected ($6)


PokerStars Hand #151982583162:  Hold'em Limit ($3/$6 USD) - 2016/04/16 2:11:54 ET
Table 'Delia' 6-max Seat #5 is the button
Seat 5: Scheubi88 ($183.11 in chips)
Seat 6: AzureCaper ($147.96 in chips)
Scheubi88: posts small blind $1
AzureCaper: posts big blind $3
*** HOLE CARDS ***
Scheubi88: raises $3 to $6
AzureCaper: calls $3
*** FLOP *** [3c Th 8d]
AzureCaper: checks
Scheubi88: bets $3
AzureCaper: raises $3 to $6
Scheubi88: calls $3
*** TURN *** [3c Th 8d] [Ad]
AzureCaper: bets $6
Scheubi88: calls $6
*** RIVER *** [3c Th 8d Ad] [6d]
AzureCaper: bets $6
Scheubi88: folds
Uncalled bet ($6) returned to AzureCaper
AzureCaper collected $35.50 from pot
AzureCaper: doesn't show hand
*** SUMMARY ***
Total pot $36 | Rake $0.50
Board [3c Th 8d Ad 6d]
Seat 5: Scheubi88 (button) (small blind) folded on the River
Seat 6: AzureCaper (big blind) collected ($35.50)


PokerStars Hand #151982588605:  Hold'em Limit ($3/$6 USD) - 2016/04/16 2:12:13 ET
Table 'Delia' 6-max Seat #5 is the button
Seat 5: Scheubi88 ($162.11 in chips)
Seat 6: AzureCaper ($168.46 in chips)
Scheubi88: posts small blind $1
AzureCaper: posts big blind $3
*** HOLE CARDS ***
Scheubi88: raises $3 to $6
AzureCaper: folds
Uncalled bet ($3) returned to Scheubi88
Scheubi88 collected $6 from pot
*** SUMMARY ***
Total pot $6 | Rake $0
Seat 5: Scheubi88 (button) (small blind) collected ($6)
Seat 6: AzureCaper (big blind) folded before Flop


PokerStars Hand #151982590519:  Hold'em Limit ($3/$6 USD) - 2016/04/16 2:12:20 ET
Table 'Delia' 6-max Seat #6 is the button
Seat 5: Scheubi88 ($165.11 in chips)
Seat 6: AzureCaper ($165.46 in chips)
AzureCaper: posts small blind $1
Scheubi88: posts big blind $3
*** HOLE CARDS ***
AzureCaper: raises $3 to $6
Scheubi88: calls $3
*** FLOP *** [Kh Js 9c]
Scheubi88: checks
AzureCaper: bets $3
Scheubi88: raises $3 to $6
AzureCaper: raises $3 to $9
Scheubi88: calls $3
*** TURN *** [Kh Js 9c] [9d]
Scheubi88: checks
AzureCaper: bets $6
Scheubi88: calls $6
*** RIVER *** [Kh Js 9c 9d] [7s]
Scheubi88: checks
AzureCaper: bets $6
Scheubi88: calls $6
*** SHOW DOWN ***
AzureCaper: shows [Qh Kc] (two pair, Kings and Nines)
Scheubi88: mucks hand
AzureCaper collected $53.50 from pot
*** SUMMARY ***
Total pot $54 | Rake $0.50
Board [Kh Js 9c 9d 7s]
Seat 5: Scheubi88 (big blind) mucked
Seat 6: AzureCaper (button) (small blind) showed [Qh Kc] and won ($53.50) with two pair, Kings and Nines


PokerStars Hand #151982601180:  Hold'em Limit ($3/$6 USD) - 2016/04/16 2:12:57 ET
Table 'Delia' 6-max Seat #6 is the button
Seat 5: Scheubi88 ($147.87 in chips)
Seat 6: AzureCaper ($181.96 in chips)
AzureCaper: posts small blind $1
Scheubi88: posts big blind $3
*** HOLE CARDS ***
AzureCaper: raises $3 to $6
Scheubi88: folds
Uncalled bet ($3) returned to AzureCaper
AzureCaper collected $6 from pot
AzureCaper: doesn't show hand
*** SUMMARY ***
Total pot $6 | Rake $0
Seat 5: Scheubi88 (big blind) folded before Flop
Seat 6: AzureCaper (button) (small blind) collected ($6)


PokerStars Hand #151982597452:  Hold'em Limit ($3/$6 USD) - 2016/04/16 2:12:44 ET
Table 'Delia' 6-max Seat #5 is the button
Seat 5: Scheubi88 ($142.11 in chips)
Seat 6: AzureCaper ($187.96 in chips)
Scheubi88: posts small blind $1
AzureCaper: posts big blind $3
*** HOLE CARDS ***
Scheubi88: raises $3 to $6
AzureCaper: calls $3
*** FLOP *** [3c 4h Jd]
AzureCaper: checks
Scheubi88: bets $3
AzureCaper: folds
Uncalled bet ($3) returned to Scheubi88
Scheubi88 collected $11.76 from pot
*** SUMMARY ***
Total pot $12 | Rake $0.24
Board [3c 4h Jd]
Seat 5: Scheubi88 (button) (small blind) collected ($11.76)
Seat 6: AzureCaper (big blind) folded on the Flop


PokerStars Hand #151982610695:  Hold'em Limit ($3/$6 USD) - 2016/04/16 2:13:30 ET
Table 'Delia' 6-max Seat #5 is the button
Seat 5: Scheubi88 ($164.37 in chips)
Seat 6: AzureCaper ($164.96 in chips)
Scheubi88: posts small blind $1
AzureCaper: posts big blind $3
*** HOLE CARDS ***
Scheubi88: folds
Uncalled bet ($2) returned to AzureCaper
AzureCaper collected $2 from pot
AzureCaper: doesn't show hand
*** SUMMARY ***
Total pot $2 | Rake $0
Seat 5: Scheubi88 (button) (small blind) folded before Flop
Seat 6: AzureCaper (big blind) collected ($2)


PokerStars Hand #151982609282:  Hold'em Limit ($3/$6 USD) - 2016/04/16 2:13:25 ET
Table 'Delia' 6-max Seat #6 is the button
Seat 5: Scheubi88 ($163.37 in chips)
Seat 6: AzureCaper ($165.96 in chips)
AzureCaper: posts small blind $1
Scheubi88: posts big blind $3
*** HOLE CARDS ***
AzureCaper: folds
Uncalled bet ($2) returned to Scheubi88
Scheubi88 collected $2 from pot
*** SUMMARY ***
Total pot $2 | Rake $0
Seat 5: Scheubi88 (big blind) collected ($2)
Seat 6: AzureCaper (button) (small blind) folded before Flop


PokerStars Hand #151982612046:  Hold'em Limit ($3/$6 USD) - 2016/04/16 2:13:35 ET
Table 'Delia' 6-max Seat #6 is the button
Seat 5: Scheubi88 ($163.37 in chips)
Seat 6: AzureCaper ($165.96 in chips)
AzureCaper: posts small blind $1
Scheubi88: posts big blind $3
*** HOLE CARDS ***
AzureCaper: raises $3 to $6
Scheubi88: calls $3
*** FLOP *** [4c 9d Jh]
Scheubi88: checks
AzureCaper: bets $3
Scheubi88: calls $3
*** TURN *** [4c 9d Jh] [Kc]
Scheubi88: checks
AzureCaper: checks
*** RIVER *** [4c 9d Jh Kc] [5s]
Scheubi88: checks
AzureCaper: checks
*** SHOW DOWN ***
Scheubi88: shows [As 8d] (high card Ace)
AzureCaper: mucks hand
Scheubi88 collected $17.64 from pot
*** SUMMARY ***
Total pot $18 | Rake $0.36
Board [4c 9d Jh Kc 5s]
Seat 5: Scheubi88 (big blind) showed [As 8d] and won ($17.64) with high card Ace
Seat 6: AzureCaper (button) (small blind) mucked


PokerStars Hand #151982602764:  Hold'em Limit ($3/$6 USD) - 2016/04/16 2:13:03 ET
Table 'Delia' 6-max Seat #5 is the button
Seat 5: Scheubi88 ($144.87 in chips)
Seat 6: AzureCaper ($184.96 in chips)
Scheubi88: posts small blind $1
AzureCaper: posts big blind $3
*** HOLE CARDS ***
Scheubi88: raises $3 to $6
AzureCaper: calls $3
*** FLOP *** [4h 4d Tc]
AzureCaper: checks
Scheubi88: bets $3
AzureCaper: calls $3
*** TURN *** [4h 4d Tc] [Kc]
AzureCaper: checks
Scheubi88: bets $6
AzureCaper: calls $6
*** RIVER *** [4h 4d Tc Kc] [2d]
AzureCaper: checks
Scheubi88: checks
*** SHOW DOWN ***
AzureCaper: shows [9s Jc] (a pair of Fours)
Scheubi88: shows [Jh As] (a pair of Fours - Ace kicker)
Scheubi88 collected $29.50 from pot
*** SUMMARY ***
Total pot $30 | Rake $0.50
Board [4h 4d Tc Kc 2d]
Seat 5: Scheubi88 (button) (small blind) showed [Jh As] and won ($29.50) with a pair of Fours
Seat 6: AzureCaper (big blind) showed [9s Jc] and lost with a pair of Fours


PokerStars Hand #151982607723:  Hold'em Limit ($3/$6 USD) - 2016/04/16 2:13:20 ET
Table 'Delia' 6-max Seat #5 is the button
Seat 5: Scheubi88 ($160.37 in chips)
Seat 6: AzureCaper ($168.96 in chips)
Scheubi88: posts small blind $1
AzureCaper: posts big blind $3
*** HOLE CARDS ***
Scheubi88: raises $3 to $6
AzureCaper: folds
Uncalled bet ($3) returned to Scheubi88
Scheubi88 collected $6 from pot
*** SUMMARY ***
Total pot $6 | Rake $0
Seat 5: Scheubi88 (button) (small blind) collected ($6)
Seat 6: AzureCaper (big blind) folded before Flop


PokerStars Hand #151982606175:  Hold'em Limit ($3/$6 USD) - 2016/04/16 2:13:15 ET
Table 'Delia' 6-max Seat #6 is the button
Seat 5: Scheubi88 ($159.37 in chips)
Seat 6: AzureCaper ($169.96 in chips)
AzureCaper: posts small blind $1
Scheubi88: posts big blind $3
*** HOLE CARDS ***
AzureCaper: folds
Uncalled bet ($2) returned to Scheubi88
Scheubi88 collected $2 from pot
*** SUMMARY ***
Total pot $2 | Rake $0
Seat 5: Scheubi88 (big blind) collected ($2)
Seat 6: AzureCaper (button) (small blind) folded before Flop


PokerStars Hand #151982615911:  Hold'em Limit ($3/$6 USD) - 2016/04/16 2:13:49 ET
Table 'Delia' 6-max Seat #5 is the button
Seat 5: Scheubi88 ($172.01 in chips)
Seat 6: AzureCaper ($156.96 in chips)
Scheubi88: posts small blind $1
AzureCaper: posts big blind $3
*** HOLE CARDS ***
Scheubi88: raises $3 to $6
AzureCaper: calls $3
*** FLOP *** [5d 7c Jc]
AzureCaper: checks
Scheubi88: bets $3
AzureCaper: calls $3
*** TURN *** [5d 7c Jc] [4h]
AzureCaper: checks
Scheubi88: bets $6
AzureCaper: calls $6
*** RIVER *** [5d 7c Jc 4h] [Ah]
AzureCaper: checks
Scheubi88: bets $6
AzureCaper: calls $6
*** SHOW DOWN ***
Scheubi88: shows [Ac 9c] (a pair of Aces)
AzureCaper: mucks hand
Scheubi88 collected $41.50 from pot
*** SUMMARY ***
Total pot $42 | Rake $0.50
Board [5d 7c Jc 4h Ah]
Seat 5: Scheubi88 (button) (small blind) showed [Ac 9c] and won ($41.50) with a pair of Aces
Seat 6: AzureCaper (big blind) mucked


PokerStars Hand #151982620094:  Hold'em Limit ($3/$6 USD) - 2016/04/16 2:14:03 ET
Table 'Delia' 6-max Seat #6 is the button
Seat 5: Scheubi88 ($192.51 in chips)
Seat 6: AzureCaper ($135.96 in chips)
AzureCaper: posts small blind $1
Scheubi88: posts big blind $3
*** HOLE CARDS ***
AzureCaper: raises $3 to $6
Scheubi88: folds
Uncalled bet ($3) returned to AzureCaper
AzureCaper collected $6 from pot
AzureCaper: doesn't show hand
*** SUMMARY ***
Total pot $6 | Rake $0
Seat 5: Scheubi88 (big blind) folded before Flop
Seat 6: AzureCaper (button) (small blind) collected ($6)


PokerStars Hand #151982621856:  Hold'em Limit ($3/$6 USD) - 2016/04/16 2:14:09 ET
Table 'Delia' 6-max Seat #5 is the button
Seat 5: Scheubi88 ($189.51 in chips)
Seat 6: AzureCaper ($138.96 in chips)
Scheubi88: posts small blind $1
AzureCaper: posts big blind $3
*** HOLE CARDS ***
Scheubi88: raises $3 to $6
AzureCaper: calls $3
*** FLOP *** [6c 9d As]
AzureCaper: checks
Scheubi88: bets $3
AzureCaper: folds
Uncalled bet ($3) returned to Scheubi88
Scheubi88 collected $11.76 from pot
*** SUMMARY ***
Total pot $12 | Rake $0.24
Board [6c 9d As]
Seat 5: Scheubi88 (button) (small blind) collected ($11.76)
Seat 6: AzureCaper (big blind) folded on the Flop


PokerStars Hand #151982632486:  Hold'em Limit ($3/$6 USD) - 2016/04/16 2:14:47 ET
Table 'Delia' 6-max Seat #5 is the button
Seat 5: Scheubi88 ($168.27 in chips)
Seat 6: AzureCaper ($159.46 in chips)
Scheubi88: posts small blind $1
AzureCaper: posts big blind $3
*** HOLE CARDS ***
Scheubi88: raises $3 to $6
AzureCaper: calls $3
*** FLOP *** [Kd 9d 3c]
AzureCaper: checks
Scheubi88: bets $3
AzureCaper: folds
Uncalled bet ($3) returned to Scheubi88
Scheubi88 collected $11.76 from pot
*** SUMMARY ***
Total pot $12 | Rake $0.24
Board [Kd 9d 3c]
Seat 5: Scheubi88 (button) (small blind) collected ($11.76)
Seat 6: AzureCaper (big blind) folded on the Flop


PokerStars Hand #151982626467:  Hold'em Limit ($3/$6 USD) - 2016/04/16 2:14:26 ET
Table 'Delia' 6-max Seat #6 is the button
Seat 5: Scheubi88 ($195.27 in chips)
Seat 6: AzureCaper ($132.96 in chips)
AzureCaper: posts small blind $1
Scheubi88: posts big blind $3
*** HOLE CARDS ***
AzureCaper: raises $3 to $6
Scheubi88: calls $3
*** FLOP *** [Td 6s 7s]
Scheubi88: checks
AzureCaper: bets $3
Scheubi88: raises $3 to $6
AzureCaper: raises $3 to $9
Scheubi88: calls $3
*** TURN *** [Td 6s 7s] [Ac]
Scheubi88: checks
AzureCaper: bets $6
Scheubi88: calls $6
*** RIVER *** [Td 6s 7s Ac] [Js]
Scheubi88: checks
AzureCaper: bets $6
Scheubi88: calls $6
*** SHOW DOWN ***
AzureCaper: shows [3d Ah] (a pair of Aces)
Scheubi88: mucks hand
AzureCaper collected $53.50 from pot
*** SUMMARY ***
Total pot $54 | Rake $0.50
Board [Td 6s 7s Ac Js]
Seat 5: Scheubi88 (big blind) mucked
Seat 6: AzureCaper (button) (small blind) showed [3d Ah] and won ($53.50) with a pair of Aces


PokerStars Hand #151982645995:  Hold'em Limit ($3/$6 USD) - 2016/04/16 2:15:34 ET
Table 'Delia' 6-max Seat #5 is the button
Seat 5: Scheubi88 ($205.78 in chips)
Seat 6: AzureCaper ($120.21 in chips)
Scheubi88: posts small blind $1
AzureCaper: posts big blind $3
*** HOLE CARDS ***
Scheubi88: folds
Uncalled bet ($2) returned to AzureCaper
AzureCaper collected $2 from pot
AzureCaper: doesn't show hand
*** SUMMARY ***
Total pot $2 | Rake $0
Seat 5: Scheubi88 (button) (small blind) folded before Flop
Seat 6: AzureCaper (big blind) collected ($2)


PokerStars Hand #151982647334:  Hold'em Limit ($3/$6 USD) - 2016/04/16 2:15:38 ET
Table 'Delia' 6-max Seat #6 is the button
Seat 5: Scheubi88 ($204.78 in chips)
Seat 6: AzureCaper ($121.21 in chips)
AzureCaper: posts small blind $1
Scheubi88: posts big blind $3
*** HOLE CARDS ***
AzureCaper: raises $3 to $6
Scheubi88: calls $3
*** FLOP *** [4s 9d 5d]
Scheubi88: checks
AzureCaper: bets $3
Scheubi88: raises $3 to $6
AzureCaper: raises $3 to $9
Scheubi88: calls $3
*** TURN *** [4s 9d 5d] [7h]
Scheubi88: checks
AzureCaper: bets $6
Scheubi88: calls $6
*** RIVER *** [4s 9d 5d 7h] [As]
Scheubi88: checks
AzureCaper: checks
*** SHOW DOWN ***
Scheubi88: shows [7s Ts] (a pair of Sevens)
AzureCaper: mucks hand
Scheubi88 collected $41.50 from pot
*** SUMMARY ***
Total pot $42 | Rake $0.50
Board [4s 9d 5d 7h As]
Seat 5: Scheubi88 (big blind) showed [7s Ts] and won ($41.50) with a pair of Sevens
Seat 6: AzureCaper (button) (small blind) mucked


PokerStars Hand #151982635077:  Hold'em Limit ($3/$6 USD) - 2016/04/16 2:14:56 ET
Table 'Delia' 6-max Seat #6 is the button
Seat 5: Scheubi88 ($174.03 in chips)
Seat 6: AzureCaper ($153.46 in chips)
AzureCaper: posts small blind $1
Scheubi88: posts big blind $3
*** HOLE CARDS ***
AzureCaper: raises $3 to $6
Scheubi88: calls $3
*** FLOP *** [Jd Qh Ts]
Scheubi88: checks
AzureCaper: bets $3
Scheubi88: calls $3
*** TURN *** [Jd Qh Ts] [4c]
Scheubi88: checks
AzureCaper: bets $6
Scheubi88: raises $6 to $12
AzureCaper: calls $6
*** RIVER *** [Jd Qh Ts 4c] [Kd]
Scheubi88: bets $6
AzureCaper: calls $6
*** SHOW DOWN ***
Scheubi88: shows [Qc 7h] (a pair of Queens)
AzureCaper: shows [Qd 8h] (a pair of Queens)
Scheubi88 collected $26.75 from pot
AzureCaper collected $26.75 from pot
*** SUMMARY ***
Total pot $54 | Rake $0.50
Board [Jd Qh Ts 4c Kd]
Seat 5: Scheubi88 (big blind) showed [Qc 7h] and won ($26.75) with a pair of Queens
Seat 6: AzureCaper (button) (small blind) showed [Qd 8h] and won ($26.75) with a pair of Queens


PokerStars Hand #151982642412:  Hold'em Limit ($3/$6 USD) - 2016/04/16 2:15:21 ET
Table 'Delia' 6-max Seat #6 is the button
Seat 5: Scheubi88 ($191.28 in chips)
Seat 6: AzureCaper ($135.21 in chips)
AzureCaper: posts small blind $1
Scheubi88: posts big blind $3
*** HOLE CARDS ***
AzureCaper: raises $3 to $6
Scheubi88: calls $3
*** FLOP *** [Ad 7d Kc]
Scheubi88: checks
AzureCaper: bets $3
Scheubi88: calls $3
*** TURN *** [Ad 7d Kc] [9d]
Scheubi88: checks
AzureCaper: checks
*** RIVER *** [Ad 7d Kc 9d] [8d]
Scheubi88: checks
AzureCaper: bets $6
Scheubi88: calls $6
*** SHOW DOWN ***
AzureCaper: shows [2s Js] (high card Ace)
Scheubi88: shows [Ks Th] (a pair of Kings)
Scheubi88 collected $29.50 from pot
*** SUMMARY ***
Total pot $30 | Rake $0.50
Board [Ad 7d Kc 9d 8d]
Seat 5: Scheubi88 (big blind) showed [Ks Th] and won ($29.50) with a pair of Kings
Seat 6: AzureCaper (button) (small blind) showed [2s Js] and lost with high card Ace


PokerStars Hand #151982660196:  Hold'em Limit ($3/$6 USD) - 2016/04/16 2:16:23 ET
Table 'Delia' 6-max Seat #5 is the button
Seat 5: Scheubi88 ($203.04 in chips)
Seat 6: AzureCaper ($121.47 in chips)
Scheubi88: posts small blind $1
AzureCaper: posts big blind $3
*** HOLE CARDS ***
Scheubi88: raises $3 to $6
AzureCaper: raises $3 to $9
Scheubi88: calls $3
*** FLOP *** [2c 3s 7d]
AzureCaper: bets $3
Scheubi88: calls $3
*** TURN *** [2c 3s 7d] [8c]
AzureCaper: bets $6
Scheubi88: calls $6
*** RIVER *** [2c 3s 7d 8c] [Tc]
AzureCaper: bets $6
Scheubi88: calls $6
*** SHOW DOWN ***
AzureCaper: shows [5s 5d] (a pair of Fives)
Scheubi88: mucks hand
AzureCaper collected $47.50 from pot
*** SUMMARY ***
Total pot $48 | Rake $0.50
Board [2c 3s 7d 8c Tc]
Seat 5: Scheubi88 (button) (small blind) mucked
Seat 6: AzureCaper (big blind) showed [5s 5d] and won ($47.50) with a pair of Fives


PokerStars Hand #151982652811:  Hold'em Limit ($3/$6 USD) - 2016/04/16 2:15:58 ET
Table 'Delia' 6-max Seat #6 is the button
Seat 5: Scheubi88 ($231.04 in chips)
Seat 6: AzureCaper ($94.21 in chips)
AzureCaper: posts small blind $1
Scheubi88: posts big blind $3
*** HOLE CARDS ***
AzureCaper: raises $3 to $6
Scheubi88: calls $3
*** FLOP *** [5h 6c Jd]
Scheubi88: checks
AzureCaper: bets $3
Scheubi88: folds
Uncalled bet ($3) returned to AzureCaper
AzureCaper collected $11.76 from pot
AzureCaper: doesn't show hand
*** SUMMARY ***
Total pot $12 | Rake $0.24
Board [5h 6c Jd]
Seat 5: Scheubi88 (big blind) folded on the Flop
Seat 6: AzureCaper (button) (small blind) collected ($11.76)


PokerStars Hand #151982650741:  Hold'em Limit ($3/$6 USD) - 2016/04/16 2:15:50 ET
Table 'Delia' 6-max Seat #5 is the button
Seat 5: Scheubi88 ($225.28 in chips)
Seat 6: AzureCaper ($100.21 in chips)
Scheubi88: posts small blind $1
AzureCaper: posts big blind $3
*** HOLE CARDS ***
Scheubi88: raises $3 to $6
AzureCaper: calls $3
*** FLOP *** [2d 7h Jh]
AzureCaper: checks
Scheubi88: bets $3
AzureCaper: folds
Uncalled bet ($3) returned to Scheubi88
Scheubi88 collected $11.76 from pot
*** SUMMARY ***
Total pot $12 | Rake $0.24
Board [2d 7h Jh]
Seat 5: Scheubi88 (button) (small blind) collected ($11.76)
Seat 6: AzureCaper (big blind) folded on the Flop


PokerStars Hand #151982654911:  Hold'em Limit ($3/$6 USD) - 2016/04/16 2:16:05 ET
Table 'Delia' 6-max Seat #5 is the button
Seat 5: Scheubi88 ($225.04 in chips)
Seat 6: AzureCaper ($99.97 in chips)
Scheubi88: posts small blind $1
AzureCaper: posts big blind $3
*** HOLE CARDS ***
Scheubi88: folds
Uncalled bet ($2) returned to AzureCaper
AzureCaper collected $2 from pot
AzureCaper: doesn't show hand
*** SUMMARY ***
Total pot $2 | Rake $0
Seat 5: Scheubi88 (button) (small blind) folded before Flop
Seat 6: AzureCaper (big blind) collected ($2)


PokerStars Hand #151982656453:  Hold'em Limit ($3/$6 USD) - 2016/04/16 2:16:10 ET
Table 'Delia' 6-max Seat #6 is the button
Seat 5: Scheubi88 ($224.04 in chips)
Seat 6: AzureCaper ($100.97 in chips)
AzureCaper: posts small blind $1
Scheubi88: posts big blind $3
*** HOLE CARDS ***
AzureCaper: raises $3 to $6
Scheubi88: calls $3
*** FLOP *** [7c 8h Qc]
Scheubi88: checks
AzureCaper: bets $3
Scheubi88: calls $3
*** TURN *** [7c 8h Qc] [Qs]
Scheubi88: checks
AzureCaper: bets $6
Scheubi88: calls $6
*** RIVER *** [7c 8h Qc Qs] [Jd]
Scheubi88: checks
AzureCaper: bets $6
Scheubi88: calls $6
*** SHOW DOWN ***
AzureCaper: shows [Qh Th] (three of a kind, Queens)
Scheubi88: mucks hand
AzureCaper collected $41.50 from pot
*** SUMMARY ***
Total pot $42 | Rake $0.50
Board [7c 8h Qc Qs Jd]
Seat 5: Scheubi88 (big blind) mucked
Seat 6: AzureCaper (button) (small blind) showed [Qh Th] and won ($41.50) with three of a kind, Queens


PokerStars Hand #151982667244:  Hold'em Limit ($3/$6 USD) - 2016/04/16 2:16:48 ET
Table 'Delia' 6-max Seat #5 is the button
Seat 5: Scheubi88 ($193.54 in chips)
Seat 6: AzureCaper ($129.97 in chips)
Scheubi88: posts small blind $1
AzureCaper: posts big blind $3
*** HOLE CARDS ***
Scheubi88: raises $3 to $6
AzureCaper: calls $3
*** FLOP *** [Tc 7s 9d]
AzureCaper: checks
Scheubi88: bets $3
AzureCaper: folds
Uncalled bet ($3) returned to Scheubi88
Scheubi88 collected $11.76 from pot
*** SUMMARY ***
Total pot $12 | Rake $0.24
Board [Tc 7s 9d]
Seat 5: Scheubi88 (button) (small blind) collected ($11.76)
Seat 6: AzureCaper (big blind) folded on the Flop


PokerStars Hand #151982663805:  Hold'em Limit ($3/$6 USD) - 2016/04/16 2:16:36 ET
Table 'Delia' 6-max Seat #6 is the button
Seat 5: Scheubi88 ($179.04 in chips)
Seat 6: AzureCaper ($144.97 in chips)
AzureCaper: posts small blind $1
Scheubi88: posts big blind $3
*** HOLE CARDS ***
AzureCaper: raises $3 to $6
Scheubi88: calls $3
*** FLOP *** [4h Jd 5s]
Scheubi88: checks
AzureCaper: bets $3
Scheubi88: calls $3
*** TURN *** [4h Jd 5s] [8c]
Scheubi88: checks
AzureCaper: checks
*** RIVER *** [4h Jd 5s 8c] [Qs]
Scheubi88: bets $6
AzureCaper: calls $6
*** SHOW DOWN ***
Scheubi88: shows [Kh 4s] (a pair of Fours)
AzureCaper: mucks hand
Scheubi88 collected $29.50 from pot
*** SUMMARY ***
Total pot $30 | Rake $0.50
Board [4h Jd 5s 8c Qs]
Seat 5: Scheubi88 (big blind) showed [Kh 4s] and won ($29.50) with a pair of Fours
Seat 6: AzureCaper (button) (small blind) mucked


PokerStars Hand #151982669328:  Hold'em Limit ($3/$6 USD) - 2016/04/16 2:16:55 ET
Table 'Delia' 6-max Seat #6 is the button
Seat 5: Scheubi88 ($199.30 in chips)
Seat 6: AzureCaper ($123.97 in chips)
AzureCaper: posts small blind $1
Scheubi88: posts big blind $3
*** HOLE CARDS ***
AzureCaper: folds
Uncalled bet ($2) returned to Scheubi88
Scheubi88 collected $2 from pot
*** SUMMARY ***
Total pot $2 | Rake $0
Seat 5: Scheubi88 (big blind) collected ($2)
Seat 6: AzureCaper (button) (small blind) folded before Flop


PokerStars Hand #151982682771:  Hold'em Limit ($3/$6 USD) - 2016/04/16 2:17:41 ET
Table 'Delia' 6-max Seat #6 is the button
Seat 5: Scheubi88 ($242.06 in chips)
Seat 6: AzureCaper ($79.97 in chips)
AzureCaper: posts small blind $1
Scheubi88: posts big blind $3
*** HOLE CARDS ***
AzureCaper: raises $3 to $6
Scheubi88: calls $3
*** FLOP *** [Qs 2c 5d]
Scheubi88: checks
AzureCaper: bets $3
Scheubi88: raises $3 to $6
AzureCaper: raises $3 to $9
Scheubi88: calls $3
*** TURN *** [Qs 2c 5d] [9s]
Scheubi88: checks
AzureCaper: bets $6
Scheubi88: raises $6 to $12
AzureCaper: folds
Uncalled bet ($6) returned to Scheubi88
Scheubi88 collected $41.50 from pot
*** SUMMARY ***
Total pot $42 | Rake $0.50
Board [Qs 2c 5d 9s]
Seat 5: Scheubi88 (big blind) collected ($41.50)
Seat 6: AzureCaper (button) (small blind) folded on the Turn


PokerStars Hand #151982680129:  Hold'em Limit ($3/$6 USD) - 2016/04/16 2:17:32 ET
Table 'Delia' 6-max Seat #6 is the button
Seat 5: Scheubi88 ($238.06 in chips)
Seat 6: AzureCaper ($83.97 in chips)
AzureCaper: posts small blind $1
Scheubi88: posts big blind $3
*** HOLE CARDS ***
AzureCaper: folds
Uncalled bet ($2) returned to Scheubi88
Scheubi88 collected $2 from pot
*** SUMMARY ***
Total pot $2 | Rake $0
Seat 5: Scheubi88 (big blind) collected ($2)
Seat 6: AzureCaper (button) (small blind) folded before Flop


PokerStars Hand #151982676947:  Hold'em Limit ($3/$6 USD) - 2016/04/16 2:17:21 ET
Table 'Delia' 6-max Seat #5 is the button
Seat 5: Scheubi88 ($220.56 in chips)
Seat 6: AzureCaper ($101.97 in chips)
Scheubi88: posts small blind $1
AzureCaper: posts big blind $3
*** HOLE CARDS ***
Scheubi88: raises $3 to $6
AzureCaper: raises $3 to $9
Scheubi88: calls $3
*** FLOP *** [6d Qs 8s]
AzureCaper: bets $3
Scheubi88: calls $3
*** TURN *** [6d Qs 8s] [Jh]
AzureCaper: bets $6
Scheubi88: calls $6
*** RIVER *** [6d Qs 8s Jh] [5h]
AzureCaper: checks
Scheubi88: checks
*** SHOW DOWN ***
AzureCaper: shows [7c 7h] (a pair of Sevens)
Scheubi88: shows [4s 8c] (a pair of Eights)
Scheubi88 collected $35.50 from pot
*** SUMMARY ***
Total pot $36 | Rake $0.50
Board [6d Qs 8s Jh 5h]
Seat 5: Scheubi88 (button) (small blind) showed [4s 8c] and won ($35.50) with a pair of Eights
Seat 6: AzureCaper (big blind) showed [7c 7h] and lost with a pair of Sevens


PokerStars Hand #151982681456:  Hold'em Limit ($3/$6 USD) - 2016/04/16 2:17:36 ET
Table 'Delia' 6-max Seat #5 is the button
Seat 5: Scheubi88 ($239.06 in chips)
Seat 6: AzureCaper ($82.97 in chips)
Scheubi88: posts small blind $1
AzureCaper: posts big blind $3
*** HOLE CARDS ***
Scheubi88: raises $3 to $6
AzureCaper: folds
Uncalled bet ($3) returned to Scheubi88
Scheubi88 collected $6 from pot
*** SUMMARY ***
Total pot $6 | Rake $0
Seat 5: Scheubi88 (button) (small blind) collected ($6)
Seat 6: AzureCaper (big blind) folded before Flop


PokerStars Hand #151982670693:  Hold'em Limit ($3/$6 USD) - 2016/04/16 2:16:59 ET
Table 'Delia' 6-max Seat #5 is the button
Seat 5: Scheubi88 ($200.30 in chips)
Seat 6: AzureCaper ($122.97 in chips)
Scheubi88: posts small blind $1
AzureCaper: posts big blind $3
*** HOLE CARDS ***
Scheubi88: raises $3 to $6
AzureCaper: calls $3
*** FLOP *** [2s 3s 2c]
AzureCaper: checks
Scheubi88: bets $3
AzureCaper: folds
Uncalled bet ($3) returned to Scheubi88
Scheubi88 collected $11.76 from pot
*** SUMMARY ***
Total pot $12 | Rake $0.24
Board [2s 3s 2c]
Seat 5: Scheubi88 (button) (small blind) collected ($11.76)
Seat 6: AzureCaper (big blind) folded on the Flop


PokerStars Hand #151982673924:  Hold'em Limit ($3/$6 USD) - 2016/04/16 2:17:10 ET
Table 'Delia' 6-max Seat #6 is the button
Seat 5: Scheubi88 ($206.06 in chips)
Seat 6: AzureCaper ($116.97 in chips)
AzureCaper: posts small blind $1
Scheubi88: posts big blind $3
*** HOLE CARDS ***
AzureCaper: raises $3 to $6
Scheubi88: calls $3
*** FLOP *** [2s 8c 5h]
Scheubi88: checks
AzureCaper: bets $3
Scheubi88: calls $3
*** TURN *** [2s 8c 5h] [Jc]
Scheubi88: checks
AzureCaper: bets $6
Scheubi88: calls $6
*** RIVER *** [2s 8c 5h Jc] [3d]
Scheubi88: checks
AzureCaper: checks
*** SHOW DOWN ***
Scheubi88: shows [8d 3h] (two pair, Eights and Threes)
AzureCaper: mucks hand
Scheubi88 collected $29.50 from pot
*** SUMMARY ***
Total pot $30 | Rake $0.50
Board [2s 8c 5h Jc 3d]
Seat 5: Scheubi88 (big blind) showed [8d 3h] and won ($29.50) with two pair, Eights and Threes
Seat 6: AzureCaper (button) (small blind) mucked


PokerStars Hand #151982694028:  Hold'em Limit ($3/$6 USD) - 2016/04/16 2:18:20 ET
Table 'Delia' 6-max Seat #6 is the button
Seat 5: Scheubi88 ($277.06 in chips)
Seat 6: AzureCaper ($72 in chips)
AzureCaper: posts small blind $1
Scheubi88: posts big blind $3
*** HOLE CARDS ***
AzureCaper: raises $3 to $6
Scheubi88: calls $3
*** FLOP *** [7c Jh 5d]
Scheubi88: checks
AzureCaper: bets $3
Scheubi88: raises $3 to $6
AzureCaper: calls $3
*** TURN *** [7c Jh 5d] [6s]
Scheubi88: bets $6
AzureCaper: folds
Uncalled bet ($6) returned to Scheubi88
Scheubi88 collected $23.52 from pot
*** SUMMARY ***
Total pot $24 | Rake $0.48
Board [7c Jh 5d 6s]
Seat 5: Scheubi88 (big blind) collected ($23.52)
Seat 6: AzureCaper (button) (small blind) folded on the Turn


PokerStars Hand #151982686761:  Hold'em Limit ($3/$6 USD) - 2016/04/16 2:17:55 ET
Table 'Delia' 6-max Seat #5 is the button
Seat 5: Scheubi88 ($262.56 in chips)
Seat 6: AzureCaper ($72 in chips)
Scheubi88: posts small blind $1
AzureCaper: posts big blind $3
*** HOLE CARDS ***
Scheubi88: raises $3 to $6
AzureCaper: folds
Uncalled bet ($3) returned to Scheubi88
Scheubi88 collected $6 from pot
*** SUMMARY ***
Total pot $6 | Rake $0
Seat 5: Scheubi88 (button) (small blind) collected ($6)
Seat 6: AzureCaper (big blind) folded before Flop


PokerStars Hand #151982688096:  Hold'em Limit ($3/$6 USD) - 2016/04/16 2:17:59 ET
Table 'Delia' 6-max Seat #6 is the button
Seat 5: Scheubi88 ($265.56 in chips)
Seat 6: AzureCaper ($72 in chips)
AzureCaper: posts small blind $1
Scheubi88: posts big blind $3
*** HOLE CARDS ***
AzureCaper: raises $3 to $6
Scheubi88: calls $3
*** FLOP *** [3s 2s Qc]
Scheubi88: checks
AzureCaper: bets $3
Scheubi88: folds
Uncalled bet ($3) returned to AzureCaper
AzureCaper collected $11.76 from pot
AzureCaper: doesn't show hand
*** SUMMARY ***
Total pot $12 | Rake $0.24
Board [3s 2s Qc]
Seat 5: Scheubi88 (big blind) folded on the Flop
Seat 6: AzureCaper (button) (small blind) collected ($11.76)


PokerStars Hand #151982701241:  Hold'em Limit ($3/$6 USD) - 2016/04/16 2:18:45 ET
Table 'Delia' 6-max Seat #6 is the button
Seat 5: Scheubi88 ($264.58 in chips)
Seat 6: AzureCaper ($95.50 in chips)
AzureCaper: posts small blind $1
Scheubi88: posts big blind $3
*** HOLE CARDS ***
AzureCaper: folds
Uncalled bet ($2) returned to Scheubi88
Scheubi88 collected $2 from pot
*** SUMMARY ***
Total pot $2 | Rake $0
Seat 5: Scheubi88 (big blind) collected ($2)
Seat 6: AzureCaper (button) (small blind) folded before Flop


PokerStars Hand #151982690288:  Hold'em Limit ($3/$6 USD) - 2016/04/16 2:18:07 ET
Table 'Delia' 6-max Seat #5 is the button
Seat 5: Scheubi88 ($259.56 in chips)
Seat 6: AzureCaper ($77.76 in chips)
Scheubi88: posts small blind $1
AzureCaper: posts big blind $3
*** HOLE CARDS ***
Scheubi88: raises $3 to $6
AzureCaper: raises $3 to $9
Scheubi88: calls $3
*** FLOP *** [Jc Js Qs]
AzureCaper: bets $3
Scheubi88: calls $3
*** TURN *** [Jc Js Qs] [9d]
AzureCaper: bets $6
Scheubi88: calls $6
*** RIVER *** [Jc Js Qs 9d] [Tc]
AzureCaper: checks
Scheubi88: bets $6
AzureCaper: folds
Uncalled bet ($6) returned to Scheubi88
Scheubi88 collected $35.50 from pot
*** SUMMARY ***
Total pot $36 | Rake $0.50
Board [Jc Js Qs 9d Tc]
Seat 5: Scheubi88 (button) (small blind) collected ($35.50)
Seat 6: AzureCaper (big blind) folded on the River


