PokerStars Hand #163328655502:  Hold'em Limit ($3/$6 USD) - 2016/12/22 1:25:47 ET
Table 'Delia' 6-max Seat #1 is the button
Seat 1: Agrotait ($72 in chips)
Seat 5: sim5sim5 ($72 in chips)
Agrotait: posts small blind $1
sim5sim5: posts big blind $3
*** HOLE CARDS ***
Agrotait: raises $3 to $6
sim5sim5: calls $3
*** FLOP *** [Qd Jd 2h]
sim5sim5: checks
Agrotait: bets $3
sim5sim5: raises $3 to $6
Agrotait: calls $3
*** TURN *** [Qd Jd 2h] [6h]
sim5sim5: bets $6
Agrotait: calls $6
*** RIVER *** [Qd Jd 2h 6h] [As]
sim5sim5: bets $6
Agrotait: folds
Uncalled bet ($6) returned to sim5sim5
sim5sim5 collected $35.50 from pot
sim5sim5: doesn't show hand
*** SUMMARY ***
Total pot $36 | Rake $0.50
Board [Qd Jd 2h 6h As]
Seat 1: Agrotait (button) (small blind) folded on the River
Seat 5: sim5sim5 (big blind) collected ($35.50)


PokerStars Hand #163328670795:  Hold'em Limit ($3/$6 USD) - 2016/12/22 1:26:44 ET
Table 'Delia' 6-max Seat #5 is the button
Seat 1: Agrotait ($72 in chips)
Seat 5: sim5sim5 ($89.50 in chips)
sim5sim5: posts small blind $1
Agrotait: posts big blind $3
*** HOLE CARDS ***
sim5sim5: raises $3 to $6
Agrotait: calls $3
*** FLOP *** [3c 6h Qh]
Agrotait: checks
sim5sim5: bets $3
Agrotait: calls $3
*** TURN *** [3c 6h Qh] [Qs]
Agrotait: checks
sim5sim5: checks
*** RIVER *** [3c 6h Qh Qs] [8h]
Agrotait: bets $6
sim5sim5: folds
Uncalled bet ($6) returned to Agrotait
Agrotait collected $17.64 from pot
Agrotait: doesn't show hand
*** SUMMARY ***
Total pot $18 | Rake $0.36
Board [3c 6h Qh Qs 8h]
Seat 1: Agrotait (big blind) collected ($17.64)
Seat 5: sim5sim5 (button) (small blind) folded on the River


PokerStars Hand #163328679167:  Hold'em Limit ($3/$6 USD) - 2016/12/22 1:27:16 ET
Table 'Delia' 6-max Seat #1 is the button
Seat 1: Agrotait ($80.64 in chips)
Seat 5: sim5sim5 ($80.50 in chips)
Agrotait: posts small blind $1
sim5sim5: posts big blind $3
*** HOLE CARDS ***
Agrotait: raises $3 to $6
sim5sim5: raises $3 to $9
Agrotait: calls $3
*** FLOP *** [Ad 7h 9h]
sim5sim5: bets $3
Agrotait: calls $3
*** TURN *** [Ad 7h 9h] [3c]
sim5sim5: bets $6
Agrotait: calls $6
*** RIVER *** [Ad 7h 9h 3c] [Jc]
sim5sim5: bets $6
Agrotait: calls $6
*** SHOW DOWN ***
sim5sim5: shows [Qd Ah] (a pair of Aces)
Agrotait: mucks hand
sim5sim5 collected $47.50 from pot
*** SUMMARY ***
Total pot $48 | Rake $0.50
Board [Ad 7h 9h 3c Jc]
Seat 1: Agrotait (button) (small blind) mucked
Seat 5: sim5sim5 (big blind) showed [Qd Ah] and won ($47.50) with a pair of Aces


PokerStars Hand #163328691985:  Hold'em Limit ($3/$6 USD) - 2016/12/22 1:28:02 ET
Table 'Delia' 6-max Seat #5 is the button
Seat 1: Agrotait ($72 in chips)
Seat 5: sim5sim5 ($104 in chips)
sim5sim5: posts small blind $1
Agrotait: posts big blind $3
*** HOLE CARDS ***
sim5sim5: raises $3 to $6
Agrotait: calls $3
*** FLOP *** [9d 8c 4d]
Agrotait: checks
sim5sim5: bets $3
Agrotait: calls $3
*** TURN *** [9d 8c 4d] [7c]
Agrotait: checks
sim5sim5: bets $6
Agrotait: folds
Uncalled bet ($6) returned to sim5sim5
sim5sim5 collected $17.64 from pot
sim5sim5: doesn't show hand
*** SUMMARY ***
Total pot $18 | Rake $0.36
Board [9d 8c 4d 7c]
Seat 1: Agrotait (big blind) folded on the Turn
Seat 5: sim5sim5 (button) (small blind) collected ($17.64)


