PokerStars Hand #156116309986:  Hold'em Limit ($3/$6 USD) - 2016/07/18 2:08:44 ET
Table 'Delia' 6-max Seat #5 is the button
Seat 4: VolkovDmitri ($131.52 in chips)
Seat 5: jeffasam ($209.26 in chips)
jeffasam: posts small blind $1
VolkovDmitri: posts big blind $3
*** HOLE CARDS ***
jeffasam: calls $2
VolkovDmitri: raises $3 to $6
jeffasam: calls $3
*** FLOP *** [Tc Ks 8c]
VolkovDmitri: bets $3
jeffasam: folds
Uncalled bet ($3) returned to VolkovDmitri
VolkovDmitri collected $11.76 from pot
VolkovDmitri: doesn't show hand
*** SUMMARY ***
Total pot $12 | Rake $0.24
Board [Tc Ks 8c]
Seat 4: VolkovDmitri (big blind) collected ($11.76)
Seat 5: jeffasam (button) (small blind) folded on the Flop


PokerStars Hand #156116303735:  Hold'em Limit ($3/$6 USD) - 2016/07/18 2:08:16 ET
Table 'Delia' 6-max Seat #4 is the button
Seat 4: VolkovDmitri ($125.76 in chips)
Seat 5: jeffasam ($215.26 in chips)
VolkovDmitri: posts small blind $1
jeffasam: posts big blind $3
*** HOLE CARDS ***
VolkovDmitri: raises $3 to $6
jeffasam: calls $3
*** FLOP *** [2s 5c 8s]
jeffasam: checks
VolkovDmitri: bets $3
jeffasam: folds
Uncalled bet ($3) returned to VolkovDmitri
VolkovDmitri collected $11.76 from pot
VolkovDmitri: doesn't show hand
*** SUMMARY ***
Total pot $12 | Rake $0.24
Board [2s 5c 8s]
Seat 4: VolkovDmitri (button) (small blind) collected ($11.76)
Seat 5: jeffasam (big blind) folded on the Flop


PokerStars Hand #156116312684:  Hold'em Limit ($3/$6 USD) - 2016/07/18 2:08:56 ET
Table 'Delia' 6-max Seat #4 is the button
Seat 4: VolkovDmitri ($137.28 in chips)
Seat 5: jeffasam ($203.26 in chips)
VolkovDmitri: posts small blind $1
jeffasam: posts big blind $3
*** HOLE CARDS ***
VolkovDmitri: raises $3 to $6
jeffasam: calls $3
*** FLOP *** [Jc 3c Th]
jeffasam: checks
VolkovDmitri: bets $3
jeffasam: calls $3
*** TURN *** [Jc 3c Th] [7s]
jeffasam: checks
VolkovDmitri: bets $6
jeffasam: calls $6
*** RIVER *** [Jc 3c Th 7s] [Kd]
jeffasam: checks
VolkovDmitri: checks
*** SHOW DOWN ***
jeffasam: shows [6c 6s] (a pair of Sixes)
VolkovDmitri: shows [8d 8s] (a pair of Eights)
VolkovDmitri collected $29.50 from pot
*** SUMMARY ***
Total pot $30 | Rake $0.50
Board [Jc 3c Th 7s Kd]
Seat 4: VolkovDmitri (button) (small blind) showed [8d 8s] and won ($29.50) with a pair of Eights
Seat 5: jeffasam (big blind) showed [6c 6s] and lost with a pair of Sixes


PokerStars Hand #156116320036:  Hold'em Limit ($3/$6 USD) - 2016/07/18 2:09:29 ET
Table 'Delia' 6-max Seat #5 is the button
Seat 4: VolkovDmitri ($151.78 in chips)
Seat 5: jeffasam ($188.26 in chips)
jeffasam: posts small blind $1
VolkovDmitri: posts big blind $3
*** HOLE CARDS ***
jeffasam: raises $3 to $6
VolkovDmitri: calls $3
*** FLOP *** [4h 5h 7s]
VolkovDmitri: checks
jeffasam: bets $3
VolkovDmitri: calls $3
*** TURN *** [4h 5h 7s] [Jc]
VolkovDmitri: checks
jeffasam: bets $6
VolkovDmitri: calls $6
*** RIVER *** [4h 5h 7s Jc] [Ts]
VolkovDmitri: checks
jeffasam: bets $6
ABATAPP joins the table at seat #6
VolkovDmitri: folds
Uncalled bet ($6) returned to jeffasam
jeffasam collected $29.50 from pot
*** SUMMARY ***
Total pot $30 | Rake $0.50
Board [4h 5h 7s Jc Ts]
Seat 4: VolkovDmitri (big blind) folded on the River
Seat 5: jeffasam (button) (small blind) collected ($29.50)


PokerStars Hand #156116333518:  Hold'em Limit ($3/$6 USD) - 2016/07/18 2:10:29 ET
Table 'Delia' 6-max Seat #4 is the button
Seat 4: VolkovDmitri ($136.78 in chips)
Seat 5: jeffasam ($202.76 in chips)
VolkovDmitri: posts small blind $1
jeffasam: posts big blind $3
*** HOLE CARDS ***
VolkovDmitri: raises $3 to $6
jeffasam: folds
Uncalled bet ($3) returned to VolkovDmitri
VolkovDmitri collected $6 from pot
VolkovDmitri: doesn't show hand
*** SUMMARY ***
Total pot $6 | Rake $0
Seat 4: VolkovDmitri (button) (small blind) collected ($6)
Seat 5: jeffasam (big blind) folded before Flop


PokerStars Hand #156116470490:  Hold'em Limit ($3/$6 USD) - 2016/07/18 2:20:38 ET
Table 'Delia' 6-max Seat #2 is the button
Seat 2: ABATAPP ($99.87 in chips)
Seat 5: jeffasam ($165.90 in chips)
ABATAPP: posts small blind $1
jeffasam: posts big blind $3
*** HOLE CARDS ***
ABATAPP: raises $3 to $6
jeffasam: raises $3 to $9
ABATAPP: calls $3
*** FLOP *** [3s Ad 5h]
jeffasam: bets $3
ABATAPP: calls $3
*** TURN *** [3s Ad 5h] [Qs]
jeffasam: bets $6
ABATAPP: calls $6
*** RIVER *** [3s Ad 5h Qs] [Kd]
jeffasam: bets $6
ABATAPP: folds
Uncalled bet ($6) returned to jeffasam
jeffasam collected $35.50 from pot
*** SUMMARY ***
Total pot $36 | Rake $0.50
Board [3s Ad 5h Qs Kd]
Seat 2: ABATAPP (button) (small blind) folded on the River
Seat 5: jeffasam (big blind) collected ($35.50)


PokerStars Hand #156116474281:  Hold'em Limit ($3/$6 USD) - 2016/07/18 2:20:55 ET
Table 'Delia' 6-max Seat #5 is the button
Seat 2: ABATAPP ($81.87 in chips)
Seat 5: jeffasam ($183.40 in chips)
jeffasam: posts small blind $1
ABATAPP: posts big blind $3
*** HOLE CARDS ***
jeffasam: raises $3 to $6
ABATAPP: calls $3
*** FLOP *** [4s Ah 7h]
VolkovDmitri joins the table at seat #6
ABATAPP: checks
jeffasam: bets $3
ABATAPP: calls $3
*** TURN *** [4s Ah 7h] [6c]
ABATAPP: checks
jeffasam: bets $6
ABATAPP: raises $6 to $12
jeffasam: calls $6
*** RIVER *** [4s Ah 7h 6c] [4c]
ABATAPP: bets $6
jeffasam: folds
Uncalled bet ($6) returned to ABATAPP
ABATAPP collected $41.50 from pot
ABATAPP: doesn't show hand
*** SUMMARY ***
Total pot $42 | Rake $0.50
Board [4s Ah 7h 6c 4c]
Seat 2: ABATAPP (big blind) collected ($41.50)
Seat 5: jeffasam (button) (small blind) folded on the River


PokerStars Hand #156116469188:  Hold'em Limit ($3/$6 USD) - 2016/07/18 2:20:32 ET
Table 'Delia' 6-max Seat #5 is the button
Seat 2: ABATAPP ($102.87 in chips)
Seat 5: jeffasam ($162.90 in chips)
jeffasam: posts small blind $1
ABATAPP: posts big blind $3
*** HOLE CARDS ***
jeffasam: raises $3 to $6
ABATAPP: folds
Uncalled bet ($3) returned to jeffasam
jeffasam collected $6 from pot
*** SUMMARY ***
Total pot $6 | Rake $0
Seat 2: ABATAPP (big blind) folded before Flop
Seat 5: jeffasam (button) (small blind) collected ($6)


PokerStars Hand #156116468101:  Hold'em Limit ($3/$6 USD) - 2016/07/18 2:20:27 ET
Table 'Delia' 6-max Seat #2 is the button
Seat 2: ABATAPP ($103.87 in chips)
Seat 5: jeffasam ($161.90 in chips)
ABATAPP: posts small blind $1
VolkovDmitri: is sitting out
jeffasam: posts big blind $3
*** HOLE CARDS ***
VolkovDmitri leaves the table
ABATAPP: folds
Uncalled bet ($2) returned to jeffasam
jeffasam collected $2 from pot
*** SUMMARY ***
Total pot $2 | Rake $0
Seat 2: ABATAPP (button) (small blind) folded before Flop
Seat 5: jeffasam (big blind) collected ($2)


PokerStars Hand #156116478923:  Hold'em Limit ($3/$6 USD) - 2016/07/18 2:21:16 ET
Table 'Delia' 6-max Seat #2 is the button
Seat 2: ABATAPP ($102.37 in chips)
Seat 5: jeffasam ($162.40 in chips)
ABATAPP: posts small blind $1
jeffasam: posts big blind $3
*** HOLE CARDS ***
ABATAPP: raises $3 to $6
jeffasam: calls $3
*** FLOP *** [9d 7c 9h]
jeffasam: checks
ABATAPP: bets $3
jeffasam: calls $3
*** TURN *** [9d 7c 9h] [5s]
jeffasam: checks
ABATAPP: checks
*** RIVER *** [9d 7c 9h 5s] [2d]
jeffasam: checks
ABATAPP: bets $6
jeffasam: folds
Uncalled bet ($6) returned to ABATAPP
ABATAPP collected $17.64 from pot
ABATAPP: doesn't show hand
*** SUMMARY ***
Total pot $18 | Rake $0.36
Board [9d 7c 9h 5s 2d]
Seat 2: ABATAPP (button) (small blind) collected ($17.64)
Seat 5: jeffasam (big blind) folded on the River


PokerStars Hand #156116559346:  Hold'em Limit ($3/$6 USD) - 2016/07/18 2:27:10 ET
Table 'Delia' 6-max Seat #2 is the button
Seat 2: ABATAPP ($82.66 in chips)
Seat 5: jeffasam ($202.78 in chips)
ABATAPP: posts small blind $1
jeffasam: posts big blind $3
*** HOLE CARDS ***
VolkovDmitri leaves the table
ABATAPP: raises $3 to $6
jeffasam: folds
Uncalled bet ($3) returned to ABATAPP
ABATAPP collected $6 from pot
ABATAPP: doesn't show hand
*** SUMMARY ***
Total pot $6 | Rake $0
Seat 2: ABATAPP (button) (small blind) collected ($6)
Seat 5: jeffasam (big blind) folded before Flop


PokerStars Hand #156116564082:  Hold'em Limit ($3/$6 USD) - 2016/07/18 2:27:31 ET
Table 'Delia' 6-max Seat #2 is the button
Seat 2: ABATAPP ($79.66 in chips)
Seat 5: jeffasam ($205.54 in chips)
ABATAPP: posts small blind $1
jeffasam: posts big blind $3
*** HOLE CARDS ***
ABATAPP: raises $3 to $6
jeffasam: calls $3
*** FLOP *** [Ah Jc 2s]
jeffasam: checks
ABATAPP: bets $3
jeffasam: folds
Uncalled bet ($3) returned to ABATAPP
ABATAPP collected $11.76 from pot
ABATAPP: doesn't show hand
*** SUMMARY ***
Total pot $12 | Rake $0.24
Board [Ah Jc 2s]
Seat 2: ABATAPP (button) (small blind) collected ($11.76)
Seat 5: jeffasam (big blind) folded on the Flop


PokerStars Hand #156116569108:  Hold'em Limit ($3/$6 USD) - 2016/07/18 2:27:53 ET
Table 'Delia' 6-max Seat #2 is the button
Seat 2: ABATAPP ($82.42 in chips)
Seat 5: jeffasam ($202.54 in chips)
ABATAPP: posts small blind $1
jeffasam: posts big blind $3
*** HOLE CARDS ***
ABATAPP: raises $3 to $6
jeffasam: calls $3
*** FLOP *** [2c Kh 4s]
jeffasam: checks
ABATAPP: checks
*** TURN *** [2c Kh 4s] [Ts]
jeffasam: checks
ABATAPP: checks
*** RIVER *** [2c Kh 4s Ts] [4d]
jeffasam: checks
ABATAPP: bets $6
jeffasam: folds
Uncalled bet ($6) returned to ABATAPP
ABATAPP collected $11.76 from pot
ABATAPP: doesn't show hand
*** SUMMARY ***
Total pot $12 | Rake $0.24
Board [2c Kh 4s Ts 4d]
Seat 2: ABATAPP (button) (small blind) collected ($11.76)
Seat 5: jeffasam (big blind) folded on the River


PokerStars Hand #156116567592:  Hold'em Limit ($3/$6 USD) - 2016/07/18 2:27:47 ET
Table 'Delia' 6-max Seat #5 is the button
Seat 2: ABATAPP ($85.42 in chips)
Seat 5: jeffasam ($199.54 in chips)
jeffasam: posts small blind $1
ABATAPP: posts big blind $3
*** HOLE CARDS ***
jeffasam: raises $3 to $6
ABATAPP: folds
Uncalled bet ($3) returned to jeffasam
jeffasam collected $6 from pot
*** SUMMARY ***
Total pot $6 | Rake $0
Seat 2: ABATAPP (big blind) folded before Flop
Seat 5: jeffasam (button) (small blind) collected ($6)


PokerStars Hand #156116561073:  Hold'em Limit ($3/$6 USD) - 2016/07/18 2:27:18 ET
Table 'Delia' 6-max Seat #5 is the button
Seat 2: ABATAPP ($85.66 in chips)
Seat 5: jeffasam ($199.78 in chips)
jeffasam: posts small blind $1
ABATAPP: posts big blind $3
*** HOLE CARDS ***
jeffasam: raises $3 to $6
ABATAPP: calls $3
*** FLOP *** [6d 9c Js]
ABATAPP: checks
jeffasam: bets $3
ABATAPP: folds
Uncalled bet ($3) returned to jeffasam
jeffasam collected $11.76 from pot
*** SUMMARY ***
Total pot $12 | Rake $0.24
Board [6d 9c Js]
Seat 2: ABATAPP (big blind) folded on the Flop
Seat 5: jeffasam (button) (small blind) collected ($11.76)


PokerStars Hand #156116586914:  Hold'em Limit ($3/$6 USD) - 2016/07/18 2:29:11 ET
Table 'Delia' 6-max Seat #2 is the button
Seat 2: ABATAPP ($61.18 in chips)
Seat 5: jeffasam ($222.68 in chips)
ABATAPP: posts small blind $1
jeffasam: posts big blind $3
*** HOLE CARDS ***
ABATAPP: raises $3 to $6
jeffasam: folds
Uncalled bet ($3) returned to ABATAPP
ABATAPP collected $6 from pot
ABATAPP: doesn't show hand
*** SUMMARY ***
Total pot $6 | Rake $0
Seat 2: ABATAPP (button) (small blind) collected ($6)
Seat 5: jeffasam (big blind) folded before Flop


PokerStars Hand #156116582684:  Hold'em Limit ($3/$6 USD) - 2016/07/18 2:28:53 ET
Table 'Delia' 6-max Seat #5 is the button
Seat 2: ABATAPP ($70.18 in chips)
Seat 5: jeffasam ($214.04 in chips)
jeffasam: posts small blind $1
ABATAPP: posts big blind $3
*** HOLE CARDS ***
jeffasam: raises $3 to $6
ABATAPP: calls $3
*** FLOP *** [6c 6s 5d]
ABATAPP: checks
jeffasam: bets $3
ABATAPP: calls $3
*** TURN *** [6c 6s 5d] [Qs]
ABATAPP: checks
jeffasam: bets $6
ABATAPP: folds
Uncalled bet ($6) returned to jeffasam
jeffasam collected $17.64 from pot
*** SUMMARY ***
Total pot $18 | Rake $0.36
Board [6c 6s 5d Qs]
Seat 2: ABATAPP (big blind) folded on the Turn
Seat 5: jeffasam (button) (small blind) collected ($17.64)


PokerStars Hand #156116577795:  Hold'em Limit ($3/$6 USD) - 2016/07/18 2:28:31 ET
Table 'Delia' 6-max Seat #2 is the button
Seat 2: ABATAPP ($85.18 in chips)
Seat 5: jeffasam ($199.54 in chips)
ABATAPP: posts small blind $1
jeffasam: posts big blind $3
*** HOLE CARDS ***
ABATAPP: raises $3 to $6
jeffasam: calls $3
*** FLOP *** [2c 5d Jh]
jeffasam: checks
ABATAPP: bets $3
jeffasam: calls $3
*** TURN *** [2c 5d Jh] [Jc]
jeffasam: checks
ABATAPP: checks
*** RIVER *** [2c 5d Jh Jc] [9d]
jeffasam: checks
ABATAPP: bets $6
jeffasam: calls $6
*** SHOW DOWN ***
ABATAPP: shows [Th 7h] (a pair of Jacks)
jeffasam: shows [6c Ah] (a pair of Jacks - Ace kicker)
jeffasam collected $29.50 from pot
*** SUMMARY ***
Total pot $30 | Rake $0.50
Board [2c 5d Jh Jc 9d]
Seat 2: ABATAPP (button) (small blind) showed [Th 7h] and lost with a pair of Jacks
Seat 5: jeffasam (big blind) showed [6c Ah] and won ($29.50) with a pair of Jacks


PokerStars Hand #156116574874:  Hold'em Limit ($3/$6 USD) - 2016/07/18 2:28:19 ET
Table 'Delia' 6-max Seat #5 is the button
Seat 2: ABATAPP ($88.18 in chips)
Seat 5: jeffasam ($196.54 in chips)
jeffasam: posts small blind $1
ABATAPP: posts big blind $3
*** HOLE CARDS ***
jeffasam: raises $3 to $6
ABATAPP: folds
Uncalled bet ($3) returned to jeffasam
jeffasam collected $6 from pot
*** SUMMARY ***
Total pot $6 | Rake $0
Seat 2: ABATAPP (big blind) folded before Flop
Seat 5: jeffasam (button) (small blind) collected ($6)


PokerStars Hand #156116588376:  Hold'em Limit ($3/$6 USD) - 2016/07/18 2:29:18 ET
Table 'Delia' 6-max Seat #5 is the button
Seat 2: ABATAPP ($64.18 in chips)
Seat 5: jeffasam ($219.68 in chips)
jeffasam: posts small blind $1
ABATAPP: posts big blind $3
*** HOLE CARDS ***
jeffasam: raises $3 to $6
ABATAPP: calls $3
*** FLOP *** [4c 9d 5h]
ABATAPP: checks
jeffasam: bets $3
ABATAPP: folds
Uncalled bet ($3) returned to jeffasam
jeffasam collected $11.76 from pot
*** SUMMARY ***
Total pot $12 | Rake $0.24
Board [4c 9d 5h]
Seat 2: ABATAPP (big blind) folded on the Flop
Seat 5: jeffasam (button) (small blind) collected ($11.76)


PokerStars Hand #156116593051:  Hold'em Limit ($3/$6 USD) - 2016/07/18 2:29:38 ET
Table 'Delia' 6-max Seat #2 is the button
Seat 2: ABATAPP ($58.18 in chips)
Seat 5: jeffasam ($225.44 in chips)
ABATAPP: posts small blind $1
jeffasam: posts big blind $3
*** HOLE CARDS ***
ABATAPP: raises $3 to $6
jeffasam: calls $3
*** FLOP *** [5d Kc 2c]
jeffasam: checks
ABATAPP: checks
*** TURN *** [5d Kc 2c] [9d]
jeffasam: bets $6
ABATAPP: raises $6 to $12
jeffasam: folds
Uncalled bet ($6) returned to ABATAPP
ABATAPP collected $23.52 from pot
ABATAPP: doesn't show hand
*** SUMMARY ***
Total pot $24 | Rake $0.48
Board [5d Kc 2c 9d]
Seat 2: ABATAPP (button) (small blind) collected ($23.52)
Seat 5: jeffasam (big blind) folded on the Turn


PokerStars Hand #156116598948:  Hold'em Limit ($3/$6 USD) - 2016/07/18 2:30:04 ET
Table 'Delia' 6-max Seat #2 is the button
Seat 2: ABATAPP ($70.70 in chips)
Seat 5: jeffasam ($212.44 in chips)
ABATAPP: posts small blind $1
jeffasam: posts big blind $3
*** HOLE CARDS ***
ABATAPP: raises $3 to $6
jeffasam: folds
Uncalled bet ($3) returned to ABATAPP
ABATAPP collected $6 from pot
ABATAPP: doesn't show hand
*** SUMMARY ***
Total pot $6 | Rake $0
Seat 2: ABATAPP (button) (small blind) collected ($6)
Seat 5: jeffasam (big blind) folded before Flop


PokerStars Hand #156116597771:  Hold'em Limit ($3/$6 USD) - 2016/07/18 2:29:59 ET
Table 'Delia' 6-max Seat #5 is the button
Seat 2: ABATAPP ($69.70 in chips)
Seat 5: jeffasam ($213.44 in chips)
jeffasam: posts small blind $1
ABATAPP: posts big blind $3
*** HOLE CARDS ***
jeffasam: folds
Uncalled bet ($2) returned to ABATAPP
ABATAPP collected $2 from pot
ABATAPP: doesn't show hand
*** SUMMARY ***
Total pot $2 | Rake $0
Seat 2: ABATAPP (big blind) collected ($2)
Seat 5: jeffasam (button) (small blind) folded before Flop


PokerStars Hand #156116605825:  Hold'em Limit ($3/$6 USD) - 2016/07/18 2:30:34 ET
Table 'Delia' 6-max Seat #2 is the button
Seat 2: ABATAPP ($40.70 in chips)
Seat 5: jeffasam ($241.94 in chips)
ABATAPP: posts small blind $1
jeffasam: posts big blind $3
*** HOLE CARDS ***
ABATAPP: folds
Uncalled bet ($2) returned to jeffasam
jeffasam collected $2 from pot
*** SUMMARY ***
Total pot $2 | Rake $0
Seat 2: ABATAPP (button) (small blind) folded before Flop
Seat 5: jeffasam (big blind) collected ($2)


PokerStars Hand #156116614119:  Hold'em Limit ($3/$6 USD) - 2016/07/18 2:31:10 ET
Table 'Delia' 6-max Seat #2 is the button
Seat 2: ABATAPP ($108.34 in chips)
Seat 5: jeffasam ($233.94 in chips)
ABATAPP: posts small blind $1
jeffasam: posts big blind $3
*** HOLE CARDS ***
ABATAPP: folds
Uncalled bet ($2) returned to jeffasam
jeffasam collected $2 from pot
*** SUMMARY ***
Total pot $2 | Rake $0
Seat 2: ABATAPP (button) (small blind) folded before Flop
Seat 5: jeffasam (big blind) collected ($2)


PokerStars Hand #156116600239:  Hold'em Limit ($3/$6 USD) - 2016/07/18 2:30:10 ET
Table 'Delia' 6-max Seat #5 is the button
Seat 2: ABATAPP ($73.70 in chips)
Seat 5: jeffasam ($209.44 in chips)
jeffasam: posts small blind $1
ABATAPP: posts big blind $3
*** HOLE CARDS ***
jeffasam: raises $3 to $6
ABATAPP: calls $3
*** FLOP *** [5d 2c As]
ABATAPP: checks
jeffasam: bets $3
ABATAPP: calls $3
*** TURN *** [5d 2c As] [Qh]
ABATAPP: checks
jeffasam: bets $6
ABATAPP: raises $6 to $12
jeffasam: raises $6 to $18
ABATAPP: calls $6
*** RIVER *** [5d 2c As Qh] [Ks]
ABATAPP: checks
jeffasam: bets $6
ABATAPP: calls $6
*** SHOW DOWN ***
jeffasam: shows [Ah 5h] (two pair, Aces and Fives)
ABATAPP: mucks hand
jeffasam collected $65.50 from pot
*** SUMMARY ***
Total pot $66 | Rake $0.50
Board [5d 2c As Qh Ks]
Seat 2: ABATAPP (big blind) mucked
Seat 5: jeffasam (button) (small blind) showed [Ah 5h] and won ($65.50) with two pair, Aces and Fives


PokerStars Hand #156116613099:  Hold'em Limit ($3/$6 USD) - 2016/07/18 2:31:06 ET
Table 'Delia' 6-max Seat #5 is the button
Seat 2: ABATAPP ($107.34 in chips)
Seat 5: jeffasam ($234.94 in chips)
jeffasam: posts small blind $1
ABATAPP: posts big blind $3
*** HOLE CARDS ***
jeffasam: folds
Uncalled bet ($2) returned to ABATAPP
ABATAPP collected $2 from pot
ABATAPP: doesn't show hand
*** SUMMARY ***
Total pot $2 | Rake $0
Seat 2: ABATAPP (big blind) collected ($2)
Seat 5: jeffasam (button) (small blind) folded before Flop


PokerStars Hand #156116612037:  Hold'em Limit ($3/$6 USD) - 2016/07/18 2:31:01 ET
Table 'Delia' 6-max Seat #2 is the button
Seat 2: ABATAPP ($108.34 in chips)
Seat 5: jeffasam ($233.94 in chips)
ABATAPP: posts small blind $1
jeffasam: posts big blind $3
*** HOLE CARDS ***
ABATAPP: folds
Uncalled bet ($2) returned to jeffasam
jeffasam collected $2 from pot
*** SUMMARY ***
Total pot $2 | Rake $0
Seat 2: ABATAPP (button) (small blind) folded before Flop
Seat 5: jeffasam (big blind) collected ($2)


PokerStars Hand #156116607362:  Hold'em Limit ($3/$6 USD) - 2016/07/18 2:30:41 ET
Table 'Delia' 6-max Seat #5 is the button
Seat 2: ABATAPP ($99.70 in chips)
Seat 5: jeffasam ($242.94 in chips)
jeffasam: posts small blind $1
ABATAPP: posts big blind $3
*** HOLE CARDS ***
jeffasam: raises $3 to $6
ABATAPP: calls $3
*** FLOP *** [Ks 2d 3c]
ABATAPP: checks
jeffasam: bets $3
ABATAPP: calls $3
*** TURN *** [Ks 2d 3c] [9h]
ABATAPP: checks
jeffasam: checks
*** RIVER *** [Ks 2d 3c 9h] [4d]
ABATAPP: checks
jeffasam: checks
*** SHOW DOWN ***
ABATAPP: shows [Ad 6c] (high card Ace)
jeffasam: mucks hand
ABATAPP collected $17.64 from pot
*** SUMMARY ***
Total pot $18 | Rake $0.36
Board [Ks 2d 3c 9h 4d]
Seat 2: ABATAPP (big blind) showed [Ad 6c] and won ($17.64) with high card Ace
Seat 5: jeffasam (button) (small blind) mucked


PokerStars Hand #156116627953:  Hold'em Limit ($3/$6 USD) - 2016/07/18 2:32:11 ET
Table 'Delia' 6-max Seat #5 is the button
Seat 2: ABATAPP ($108.10 in chips)
Seat 5: jeffasam ($233.58 in chips)
jeffasam: posts small blind $1
ABATAPP: posts big blind $3
*** HOLE CARDS ***
jeffasam: raises $3 to $6
ABATAPP: raises $3 to $9
jeffasam: calls $3
*** FLOP *** [4d Ah 3h]
ABATAPP: bets $3
jeffasam: folds
Uncalled bet ($3) returned to ABATAPP
ABATAPP collected $17.64 from pot
ABATAPP: doesn't show hand
*** SUMMARY ***
Total pot $18 | Rake $0.36
Board [4d Ah 3h]
Seat 2: ABATAPP (big blind) collected ($17.64)
Seat 5: jeffasam (button) (small blind) folded on the Flop


PokerStars Hand #156116623952:  Hold'em Limit ($3/$6 USD) - 2016/07/18 2:31:53 ET
Table 'Delia' 6-max Seat #5 is the button
Seat 2: ABATAPP ($101.34 in chips)
Seat 5: jeffasam ($240.58 in chips)
jeffasam: posts small blind $1
ABATAPP: posts big blind $3
*** HOLE CARDS ***
jeffasam: folds
Uncalled bet ($2) returned to ABATAPP
ABATAPP collected $2 from pot
ABATAPP: doesn't show hand
*** SUMMARY ***
Total pot $2 | Rake $0
Seat 2: ABATAPP (big blind) collected ($2)
Seat 5: jeffasam (button) (small blind) folded before Flop


PokerStars Hand #156116622489:  Hold'em Limit ($3/$6 USD) - 2016/07/18 2:31:46 ET
Table 'Delia' 6-max Seat #2 is the button
Seat 2: ABATAPP ($98.34 in chips)
Seat 5: jeffasam ($243.58 in chips)
ABATAPP: posts small blind $1
jeffasam: posts big blind $3
*** HOLE CARDS ***
ABATAPP: raises $3 to $6
jeffasam: folds
Uncalled bet ($3) returned to ABATAPP
ABATAPP collected $6 from pot
ABATAPP: doesn't show hand
*** SUMMARY ***
Total pot $6 | Rake $0
Seat 2: ABATAPP (button) (small blind) collected ($6)
Seat 5: jeffasam (big blind) folded before Flop


PokerStars Hand #156116625008:  Hold'em Limit ($3/$6 USD) - 2016/07/18 2:31:58 ET
Table 'Delia' 6-max Seat #2 is the button
Seat 2: ABATAPP ($102.34 in chips)
Seat 5: jeffasam ($239.58 in chips)
ABATAPP: posts small blind $1
jeffasam: posts big blind $3
*** HOLE CARDS ***
ABATAPP: raises $3 to $6
jeffasam: calls $3
*** FLOP *** [2d 2c Ah]
jeffasam: checks
ABATAPP: bets $3
jeffasam: folds
Uncalled bet ($3) returned to ABATAPP
ABATAPP collected $11.76 from pot
ABATAPP: doesn't show hand
*** SUMMARY ***
Total pot $12 | Rake $0.24
Board [2d 2c Ah]
Seat 2: ABATAPP (button) (small blind) collected ($11.76)
Seat 5: jeffasam (big blind) folded on the Flop


PokerStars Hand #156116620915:  Hold'em Limit ($3/$6 USD) - 2016/07/18 2:31:40 ET
Table 'Delia' 6-max Seat #5 is the button
Seat 2: ABATAPP ($101.34 in chips)
Seat 5: jeffasam ($240.58 in chips)
jeffasam: posts small blind $1
ABATAPP: posts big blind $3
*** HOLE CARDS ***
jeffasam: raises $3 to $6
ABATAPP: folds
Uncalled bet ($3) returned to jeffasam
jeffasam collected $6 from pot
*** SUMMARY ***
Total pot $6 | Rake $0
Seat 2: ABATAPP (big blind) folded before Flop
Seat 5: jeffasam (button) (small blind) collected ($6)


PokerStars Hand #156116619371:  Hold'em Limit ($3/$6 USD) - 2016/07/18 2:31:33 ET
Table 'Delia' 6-max Seat #2 is the button
Seat 2: ABATAPP ($98.34 in chips)
Seat 5: jeffasam ($243.58 in chips)
ABATAPP: posts small blind $1
jeffasam: posts big blind $3
*** HOLE CARDS ***
ABATAPP: raises $3 to $6
jeffasam: folds
Uncalled bet ($3) returned to ABATAPP
ABATAPP collected $6 from pot
ABATAPP: doesn't show hand
*** SUMMARY ***
Total pot $6 | Rake $0
Seat 2: ABATAPP (button) (small blind) collected ($6)
Seat 5: jeffasam (big blind) folded before Flop


PokerStars Hand #156116638527:  Hold'em Limit ($3/$6 USD) - 2016/07/18 2:32:57 ET
Table 'Delia' 6-max Seat #2 is the button
Seat 2: ABATAPP ($142.76 in chips)
Seat 5: jeffasam ($197.58 in chips)
ABATAPP: posts small blind $1
jeffasam: posts big blind $3
*** HOLE CARDS ***
ABATAPP: raises $3 to $6
jeffasam: calls $3
*** FLOP *** [4s 6h 5c]
jeffasam: checks
ABATAPP: bets $3
jeffasam: folds
Uncalled bet ($3) returned to ABATAPP
ABATAPP collected $11.76 from pot
ABATAPP: doesn't show hand
*** SUMMARY ***
Total pot $12 | Rake $0.24
Board [4s 6h 5c]
Seat 2: ABATAPP (button) (small blind) collected ($11.76)
Seat 5: jeffasam (big blind) folded on the Flop


PokerStars Hand #156116630644:  Hold'em Limit ($3/$6 USD) - 2016/07/18 2:32:22 ET
Table 'Delia' 6-max Seat #2 is the button
Seat 2: ABATAPP ($116.74 in chips)
Seat 5: jeffasam ($224.58 in chips)
ABATAPP: posts small blind $1
jeffasam: posts big blind $3
*** HOLE CARDS ***
ABATAPP: raises $3 to $6
jeffasam: raises $3 to $9
ABATAPP: calls $3
*** FLOP *** [Qh 5s 3h]
jeffasam: bets $3
ABATAPP: raises $3 to $6
jeffasam: calls $3
*** TURN *** [Qh 5s 3h] [Js]
jeffasam: checks
ABATAPP: bets $6
jeffasam: folds
Uncalled bet ($6) returned to ABATAPP
ABATAPP collected $29.50 from pot
ABATAPP: doesn't show hand
*** SUMMARY ***
Total pot $30 | Rake $0.50
Board [Qh 5s 3h Js]
Seat 2: ABATAPP (button) (small blind) collected ($29.50)
Seat 5: jeffasam (big blind) folded on the Turn


PokerStars Hand #156116641982:  Hold'em Limit ($3/$6 USD) - 2016/07/18 2:33:12 ET
Table 'Delia' 6-max Seat #2 is the button
Seat 2: ABATAPP ($149.52 in chips)
Seat 5: jeffasam ($190.58 in chips)
ABATAPP: posts small blind $1
jeffasam: posts big blind $3
*** HOLE CARDS ***
ABATAPP: raises $3 to $6
jeffasam: folds
Uncalled bet ($3) returned to ABATAPP
ABATAPP collected $6 from pot
ABATAPP: doesn't show hand
*** SUMMARY ***
Total pot $6 | Rake $0
Seat 2: ABATAPP (button) (small blind) collected ($6)
Seat 5: jeffasam (big blind) folded before Flop


PokerStars Hand #156116640995:  Hold'em Limit ($3/$6 USD) - 2016/07/18 2:33:07 ET
Table 'Delia' 6-max Seat #5 is the button
Seat 2: ABATAPP ($148.52 in chips)
Seat 5: jeffasam ($191.58 in chips)
jeffasam: posts small blind $1
ABATAPP: posts big blind $3
*** HOLE CARDS ***
jeffasam: folds
Uncalled bet ($2) returned to ABATAPP
ABATAPP collected $2 from pot
ABATAPP: doesn't show hand
*** SUMMARY ***
Total pot $2 | Rake $0
Seat 2: ABATAPP (big blind) collected ($2)
Seat 5: jeffasam (button) (small blind) folded before Flop


PokerStars Hand #156116635060:  Hold'em Limit ($3/$6 USD) - 2016/07/18 2:32:41 ET
Table 'Delia' 6-max Seat #5 is the button
Seat 2: ABATAPP ($131.24 in chips)
Seat 5: jeffasam ($209.58 in chips)
jeffasam: posts small blind $1
ABATAPP: posts big blind $3
*** HOLE CARDS ***
jeffasam: raises $3 to $6
ABATAPP: calls $3
*** FLOP *** [4c 8c 7d]
ABATAPP: checks
jeffasam: bets $3
ABATAPP: raises $3 to $6
jeffasam: calls $3
*** TURN *** [4c 8c 7d] [2s]
ABATAPP: bets $6
jeffasam: folds
Uncalled bet ($6) returned to ABATAPP
ABATAPP collected $23.52 from pot
ABATAPP: doesn't show hand
*** SUMMARY ***
Total pot $24 | Rake $0.48
Board [4c 8c 7d 2s]
Seat 2: ABATAPP (big blind) collected ($23.52)
Seat 5: jeffasam (button) (small blind) folded on the Turn


PokerStars Hand #156116655180:  Hold'em Limit ($3/$6 USD) - 2016/07/18 2:34:09 ET
Table 'Delia' 6-max Seat #5 is the button
Seat 2: ABATAPP ($138.16 in chips)
Seat 5: jeffasam ($201.08 in chips)
jeffasam: posts small blind $1
ABATAPP: posts big blind $3
*** HOLE CARDS ***
jeffasam: folds
Uncalled bet ($2) returned to ABATAPP
ABATAPP collected $2 from pot
ABATAPP: doesn't show hand
*** SUMMARY ***
Total pot $2 | Rake $0
Seat 2: ABATAPP (big blind) collected ($2)
Seat 5: jeffasam (button) (small blind) folded before Flop


PokerStars Hand #156116651886:  Hold'em Limit ($3/$6 USD) - 2016/07/18 2:33:55 ET
Table 'Delia' 6-max Seat #2 is the button
Seat 2: ABATAPP ($139.16 in chips)
Seat 5: jeffasam ($200.08 in chips)
ABATAPP: posts small blind $1
jeffasam: posts big blind $3
*** HOLE CARDS ***
ABATAPP: folds
Uncalled bet ($2) returned to jeffasam
jeffasam collected $2 from pot
*** SUMMARY ***
Total pot $2 | Rake $0
Seat 2: ABATAPP (button) (small blind) folded before Flop
Seat 5: jeffasam (big blind) collected ($2)


PokerStars Hand #156116649323:  Hold'em Limit ($3/$6 USD) - 2016/07/18 2:33:44 ET
Table 'Delia' 6-max Seat #5 is the button
Seat 2: ABATAPP ($130.52 in chips)
Seat 5: jeffasam ($209.08 in chips)
jeffasam: posts small blind $1
ABATAPP: posts big blind $3
*** HOLE CARDS ***
jeffasam: raises $3 to $6
ABATAPP: calls $3
*** FLOP *** [7h 7c Ks]
ABATAPP: checks
jeffasam: bets $3
ABATAPP: raises $3 to $6
jeffasam: folds
Uncalled bet ($3) returned to ABATAPP
ABATAPP collected $17.64 from pot
ABATAPP: doesn't show hand
*** SUMMARY ***
Total pot $18 | Rake $0.36
Board [7h 7c Ks]
Seat 2: ABATAPP (big blind) collected ($17.64)
Seat 5: jeffasam (button) (small blind) folded on the Flop


PokerStars Hand #156116656352:  Hold'em Limit ($3/$6 USD) - 2016/07/18 2:34:14 ET
Table 'Delia' 6-max Seat #2 is the button
Seat 2: ABATAPP ($139.16 in chips)
Seat 5: jeffasam ($200.08 in chips)
ABATAPP: posts small blind $1
jeffasam: posts big blind $3
*** HOLE CARDS ***
ABATAPP: raises $3 to $6
jeffasam: calls $3
*** FLOP *** [Kc 3s Ah]
jeffasam: checks
ABATAPP: bets $3
jeffasam: folds
Uncalled bet ($3) returned to ABATAPP
ABATAPP collected $11.76 from pot
ABATAPP: doesn't show hand
*** SUMMARY ***
Total pot $12 | Rake $0.24
Board [Kc 3s Ah]
Seat 2: ABATAPP (button) (small blind) collected ($11.76)
Seat 5: jeffasam (big blind) folded on the Flop


PokerStars Hand #156116654141:  Hold'em Limit ($3/$6 USD) - 2016/07/18 2:34:05 ET
Table 'Delia' 6-max Seat #2 is the button
Seat 2: ABATAPP ($139.16 in chips)
Seat 5: jeffasam ($200.08 in chips)
ABATAPP: posts small blind $1
jeffasam: posts big blind $3
*** HOLE CARDS ***
ABATAPP: folds
Uncalled bet ($2) returned to jeffasam
jeffasam collected $2 from pot
*** SUMMARY ***
Total pot $2 | Rake $0
Seat 2: ABATAPP (button) (small blind) folded before Flop
Seat 5: jeffasam (big blind) collected ($2)


PokerStars Hand #156116653010:  Hold'em Limit ($3/$6 USD) - 2016/07/18 2:34:00 ET
Table 'Delia' 6-max Seat #5 is the button
Seat 2: ABATAPP ($138.16 in chips)
Seat 5: jeffasam ($201.08 in chips)
jeffasam: posts small blind $1
ABATAPP: posts big blind $3
*** HOLE CARDS ***
jeffasam: folds
Uncalled bet ($2) returned to ABATAPP
ABATAPP collected $2 from pot
ABATAPP: doesn't show hand
*** SUMMARY ***
Total pot $2 | Rake $0
Seat 2: ABATAPP (big blind) collected ($2)
Seat 5: jeffasam (button) (small blind) folded before Flop


PokerStars Hand #156116648242:  Hold'em Limit ($3/$6 USD) - 2016/07/18 2:33:39 ET
Table 'Delia' 6-max Seat #2 is the button
Seat 2: ABATAPP ($131.52 in chips)
Seat 5: jeffasam ($208.08 in chips)
ABATAPP: posts small blind $1
jeffasam: posts big blind $3
*** HOLE CARDS ***
ABATAPP: folds
Uncalled bet ($2) returned to jeffasam
jeffasam collected $2 from pot
*** SUMMARY ***
Total pot $2 | Rake $0
Seat 2: ABATAPP (button) (small blind) folded before Flop
Seat 5: jeffasam (big blind) collected ($2)


PokerStars Hand #156116643392:  Hold'em Limit ($3/$6 USD) - 2016/07/18 2:33:18 ET
Table 'Delia' 6-max Seat #5 is the button
Seat 2: ABATAPP ($152.52 in chips)
Seat 5: jeffasam ($187.58 in chips)
jeffasam: posts small blind $1
ABATAPP: posts big blind $3
*** HOLE CARDS ***
jeffasam: raises $3 to $6
ABATAPP: calls $3
*** FLOP *** [5c Tc 9d]
ABATAPP: checks
jeffasam: bets $3
ABATAPP: calls $3
*** TURN *** [5c Tc 9d] [3c]
ABATAPP: checks
jeffasam: bets $6
ABATAPP: calls $6
*** RIVER *** [5c Tc 9d 3c] [Th]
ABATAPP: checks
jeffasam: bets $6
ABATAPP: calls $6
*** SHOW DOWN ***
jeffasam: shows [Kd 9h] (two pair, Tens and Nines)
ABATAPP: mucks hand
jeffasam collected $41.50 from pot
*** SUMMARY ***
Total pot $42 | Rake $0.50
Board [5c Tc 9d 3c Th]
Seat 2: ABATAPP (big blind) mucked
Seat 5: jeffasam (button) (small blind) showed [Kd 9h] and won ($41.50) with two pair, Tens and Nines


PokerStars Hand #156116663389:  Hold'em Limit ($3/$6 USD) - 2016/07/18 2:34:45 ET
Table 'Delia' 6-max Seat #2 is the button
Seat 2: ABATAPP ($159.42 in chips)
Seat 5: jeffasam ($179.08 in chips)
ABATAPP: posts small blind $1
jeffasam: posts big blind $3
*** HOLE CARDS ***
ABATAPP: raises $3 to $6
jeffasam: calls $3
*** FLOP *** [9c 3h As]
jeffasam: checks
ABATAPP: bets $3
jeffasam: folds
Uncalled bet ($3) returned to ABATAPP
ABATAPP collected $11.76 from pot
ABATAPP: doesn't show hand
*** SUMMARY ***
Total pot $12 | Rake $0.24
Board [9c 3h As]
Seat 2: ABATAPP (button) (small blind) collected ($11.76)
Seat 5: jeffasam (big blind) folded on the Flop


PokerStars Hand #156116659139:  Hold'em Limit ($3/$6 USD) - 2016/07/18 2:34:27 ET
Table 'Delia' 6-max Seat #5 is the button
Seat 2: ABATAPP ($144.92 in chips)
Seat 5: jeffasam ($194.08 in chips)
jeffasam: posts small blind $1
ABATAPP: posts big blind $3
*** HOLE CARDS ***
jeffasam: raises $3 to $6
ABATAPP: calls $3
*** FLOP *** [8c 2c 8h]
ABATAPP: checks
jeffasam: bets $3
ABATAPP: calls $3
*** TURN *** [8c 2c 8h] [Qc]
ABATAPP: checks
jeffasam: bets $6
ABATAPP: raises $6 to $12
jeffasam: folds
Uncalled bet ($6) returned to ABATAPP
ABATAPP collected $29.50 from pot
ABATAPP: doesn't show hand
*** SUMMARY ***
Total pot $30 | Rake $0.50
Board [8c 2c 8h Qc]
Seat 2: ABATAPP (big blind) collected ($29.50)
Seat 5: jeffasam (button) (small blind) folded on the Turn


PokerStars Hand #156116666112:  Hold'em Limit ($3/$6 USD) - 2016/07/18 2:34:57 ET
Table 'Delia' 6-max Seat #5 is the button
Seat 2: ABATAPP ($165.18 in chips)
Seat 5: jeffasam ($173.08 in chips)
jeffasam: posts small blind $1
ABATAPP: posts big blind $3
*** HOLE CARDS ***
jeffasam: folds
Uncalled bet ($2) returned to ABATAPP
ABATAPP collected $2 from pot
ABATAPP: doesn't show hand
*** SUMMARY ***
Total pot $2 | Rake $0
Seat 2: ABATAPP (big blind) collected ($2)
Seat 5: jeffasam (button) (small blind) folded before Flop


PokerStars Hand #156116670548:  Hold'em Limit ($3/$6 USD) - 2016/07/18 2:35:16 ET
Table 'Delia' 6-max Seat #5 is the button
Seat 2: ABATAPP ($171.94 in chips)
Seat 5: jeffasam ($166.08 in chips)
jeffasam: posts small blind $1
ABATAPP: posts big blind $3
*** HOLE CARDS ***
jeffasam: folds
Uncalled bet ($2) returned to ABATAPP
ABATAPP collected $2 from pot
ABATAPP: doesn't show hand
*** SUMMARY ***
Total pot $2 | Rake $0
Seat 2: ABATAPP (big blind) collected ($2)
Seat 5: jeffasam (button) (small blind) folded before Flop


PokerStars Hand #156116667206:  Hold'em Limit ($3/$6 USD) - 2016/07/18 2:35:02 ET
Table 'Delia' 6-max Seat #2 is the button
Seat 2: ABATAPP ($166.18 in chips)
Seat 5: jeffasam ($172.08 in chips)
ABATAPP: posts small blind $1
jeffasam: posts big blind $3
*** HOLE CARDS ***
ABATAPP: raises $3 to $6
jeffasam: calls $3
*** FLOP *** [Td Jd Kd]
jeffasam: checks
ABATAPP: checks
*** TURN *** [Td Jd Kd] [8c]
jeffasam: checks
ABATAPP: bets $6
jeffasam: folds
Uncalled bet ($6) returned to ABATAPP
ABATAPP collected $11.76 from pot
ABATAPP: doesn't show hand
*** SUMMARY ***
Total pot $12 | Rake $0.24
Board [Td Jd Kd 8c]
Seat 2: ABATAPP (button) (small blind) collected ($11.76)
Seat 5: jeffasam (big blind) folded on the Turn


PokerStars Hand #156116681929:  Hold'em Limit ($3/$6 USD) - 2016/07/18 2:36:05 ET
Table 'Delia' 6-max Seat #2 is the button
Seat 2: ABATAPP ($193.44 in chips)
Seat 5: jeffasam ($144.08 in chips)
ABATAPP: posts small blind $1
jeffasam: posts big blind $3
*** HOLE CARDS ***
ABATAPP: raises $3 to $6
jeffasam: folds
Uncalled bet ($3) returned to ABATAPP
ABATAPP collected $6 from pot
ABATAPP: doesn't show hand
*** SUMMARY ***
Total pot $6 | Rake $0
Seat 2: ABATAPP (button) (small blind) collected ($6)
Seat 5: jeffasam (big blind) folded before Flop


PokerStars Hand #156116680742:  Hold'em Limit ($3/$6 USD) - 2016/07/18 2:36:00 ET
Table 'Delia' 6-max Seat #5 is the button
Seat 2: ABATAPP ($192.44 in chips)
Seat 5: jeffasam ($145.08 in chips)
jeffasam: posts small blind $1
ABATAPP: posts big blind $3
*** HOLE CARDS ***
jeffasam: folds
Uncalled bet ($2) returned to ABATAPP
ABATAPP collected $2 from pot
ABATAPP: doesn't show hand
*** SUMMARY ***
Total pot $2 | Rake $0
Seat 2: ABATAPP (big blind) collected ($2)
Seat 5: jeffasam (button) (small blind) folded before Flop


PokerStars Hand #156116679658:  Hold'em Limit ($3/$6 USD) - 2016/07/18 2:35:55 ET
Table 'Delia' 6-max Seat #2 is the button
Seat 2: ABATAPP ($193.44 in chips)
Seat 5: jeffasam ($144.08 in chips)
ABATAPP: posts small blind $1
jeffasam: posts big blind $3
*** HOLE CARDS ***
ABATAPP: folds
Uncalled bet ($2) returned to jeffasam
jeffasam collected $2 from pot
*** SUMMARY ***
Total pot $2 | Rake $0
Seat 2: ABATAPP (button) (small blind) folded before Flop
Seat 5: jeffasam (big blind) collected ($2)


PokerStars Hand #156116677940:  Hold'em Limit ($3/$6 USD) - 2016/07/18 2:35:48 ET
Table 'Delia' 6-max Seat #5 is the button
Seat 2: ABATAPP ($196.44 in chips)
Seat 5: jeffasam ($141.08 in chips)
jeffasam: posts small blind $1
ABATAPP: posts big blind $3
*** HOLE CARDS ***
jeffasam: raises $3 to $6
ABATAPP: folds
Uncalled bet ($3) returned to jeffasam
jeffasam collected $6 from pot
*** SUMMARY ***
Total pot $6 | Rake $0
Seat 2: ABATAPP (big blind) folded before Flop
Seat 5: jeffasam (button) (small blind) collected ($6)


PokerStars Hand #156116671659:  Hold'em Limit ($3/$6 USD) - 2016/07/18 2:35:21 ET
Table 'Delia' 6-max Seat #2 is the button
Seat 2: ABATAPP ($172.94 in chips)
Seat 5: jeffasam ($165.08 in chips)
ABATAPP: posts small blind $1
jeffasam: posts big blind $3
*** HOLE CARDS ***
ABATAPP: raises $3 to $6
jeffasam: raises $3 to $9
ABATAPP: calls $3
*** FLOP *** [Jc 7h 7d]
jeffasam: bets $3
ABATAPP: calls $3
*** TURN *** [Jc 7h 7d] [9d]
jeffasam: bets $6
ABATAPP: calls $6
*** RIVER *** [Jc 7h 7d 9d] [6h]
jeffasam: checks
ABATAPP: bets $6
jeffasam: calls $6
*** SHOW DOWN ***
ABATAPP: shows [Js Ad] (two pair, Jacks and Sevens)
jeffasam: mucks hand
ABATAPP collected $47.50 from pot
*** SUMMARY ***
Total pot $48 | Rake $0.50
Board [Jc 7h 7d 9d 6h]
Seat 2: ABATAPP (button) (small blind) showed [Js Ad] and won ($47.50) with two pair, Jacks and Sevens
Seat 5: jeffasam (big blind) mucked


PokerStars Hand #156116683307:  Hold'em Limit ($3/$6 USD) - 2016/07/18 2:36:10 ET
Table 'Delia' 6-max Seat #5 is the button
Seat 2: ABATAPP ($196.44 in chips)
Seat 5: jeffasam ($141.08 in chips)
jeffasam: posts small blind $1
ABATAPP: posts big blind $3
*** HOLE CARDS ***
jeffasam: raises $3 to $6
ABATAPP: folds
Uncalled bet ($3) returned to jeffasam
jeffasam collected $6 from pot
*** SUMMARY ***
Total pot $6 | Rake $0
Seat 2: ABATAPP (big blind) folded before Flop
Seat 5: jeffasam (button) (small blind) collected ($6)


PokerStars Hand #156116684792:  Hold'em Limit ($3/$6 USD) - 2016/07/18 2:36:17 ET
Table 'Delia' 6-max Seat #2 is the button
Seat 2: ABATAPP ($193.44 in chips)
Seat 5: jeffasam ($144.08 in chips)
ABATAPP: posts small blind $1
jeffasam: posts big blind $3
*** HOLE CARDS ***
ABATAPP: raises $3 to $6
jeffasam: raises $3 to $9
ABATAPP: calls $3
*** FLOP *** [Jc 5d Qs]
jeffasam: bets $3
ABATAPP: folds
Uncalled bet ($3) returned to jeffasam
jeffasam collected $17.64 from pot
*** SUMMARY ***
Total pot $18 | Rake $0.36
Board [Jc 5d Qs]
Seat 2: ABATAPP (button) (small blind) folded on the Flop
Seat 5: jeffasam (big blind) collected ($17.64)


PokerStars Hand #156116692333:  Hold'em Limit ($3/$6 USD) - 2016/07/18 2:36:50 ET
Table 'Delia' 6-max Seat #5 is the button
Seat 2: ABATAPP ($202.94 in chips)
Seat 5: jeffasam ($133.72 in chips)
jeffasam: posts small blind $1
ABATAPP: posts big blind $3
*** HOLE CARDS ***
jeffasam: raises $3 to $6
ABATAPP: calls $3
*** FLOP *** [Jc 8s 5s]
ABATAPP: checks
jeffasam: bets $3
ABATAPP: calls $3
*** TURN *** [Jc 8s 5s] [8c]
ABATAPP: checks
jeffasam: checks
*** RIVER *** [Jc 8s 5s 8c] [Kc]
ABATAPP: bets $6
jeffasam: calls $6
*** SHOW DOWN ***
ABATAPP: shows [8h Js] (a full house, Eights full of Jacks)
jeffasam: mucks hand
ABATAPP collected $29.50 from pot
*** SUMMARY ***
Total pot $30 | Rake $0.50
Board [Jc 8s 5s 8c Kc]
Seat 2: ABATAPP (big blind) showed [8h Js] and won ($29.50) with a full house, Eights full of Jacks
Seat 5: jeffasam (button) (small blind) mucked


PokerStars Hand #156116688544:  Hold'em Limit ($3/$6 USD) - 2016/07/18 2:36:33 ET
Table 'Delia' 6-max Seat #2 is the button
Seat 2: ABATAPP ($185.44 in chips)
Seat 5: jeffasam ($151.72 in chips)
ABATAPP: posts small blind $1
jeffasam: posts big blind $3
*** HOLE CARDS ***
ABATAPP: raises $3 to $6
jeffasam: raises $3 to $9
ABATAPP: calls $3
*** FLOP *** [Kh 4c Ts]
jeffasam: bets $3
ABATAPP: calls $3
*** TURN *** [Kh 4c Ts] [5c]
jeffasam: bets $6
ABATAPP: raises $6 to $12
jeffasam: folds
Uncalled bet ($6) returned to ABATAPP
ABATAPP collected $35.50 from pot
ABATAPP: doesn't show hand
*** SUMMARY ***
Total pot $36 | Rake $0.50
Board [Kh 4c Ts 5c]
Seat 2: ABATAPP (button) (small blind) collected ($35.50)
Seat 5: jeffasam (big blind) folded on the Turn


PokerStars Hand #156116687363:  Hold'em Limit ($3/$6 USD) - 2016/07/18 2:36:28 ET
Table 'Delia' 6-max Seat #5 is the button
Seat 2: ABATAPP ($184.44 in chips)
Seat 5: jeffasam ($152.72 in chips)
jeffasam: posts small blind $1
ABATAPP: posts big blind $3
*** HOLE CARDS ***
jeffasam: folds
Uncalled bet ($2) returned to ABATAPP
ABATAPP collected $2 from pot
ABATAPP: doesn't show hand
*** SUMMARY ***
Total pot $2 | Rake $0
Seat 2: ABATAPP (big blind) collected ($2)
Seat 5: jeffasam (button) (small blind) folded before Flop


PokerStars Hand #156116697821:  Hold'em Limit ($3/$6 USD) - 2016/07/18 2:37:14 ET
Table 'Delia' 6-max Seat #2 is the button
Seat 2: ABATAPP ($217.44 in chips)
Seat 5: jeffasam ($118.72 in chips)
ABATAPP: posts small blind $1
jeffasam: posts big blind $3
*** HOLE CARDS ***
ABATAPP: raises $3 to $6
jeffasam: raises $3 to $9
ABATAPP: calls $3
*** FLOP *** [4h 2s 8s]
jeffasam: bets $3
ABATAPP: calls $3
*** TURN *** [4h 2s 8s] [Js]
jeffasam: bets $6
ABATAPP: raises $6 to $12
jeffasam: calls $6
*** RIVER *** [4h 2s 8s Js] [Th]
jeffasam: checks
ABATAPP: checks
*** SHOW DOWN ***
jeffasam: shows [Ad 5s] (high card Ace)
ABATAPP: shows [Qc 4c] (a pair of Fours)
ABATAPP collected $47.50 from pot
*** SUMMARY ***
Total pot $48 | Rake $0.50
Board [4h 2s 8s Js Th]
Seat 2: ABATAPP (button) (small blind) showed [Qc 4c] and won ($47.50) with a pair of Fours
Seat 5: jeffasam (big blind) showed [Ad 5s] and lost with high card Ace


PokerStars Hand #156116708682:  Hold'em Limit ($3/$6 USD) - 2016/07/18 2:38:01 ET
Table 'Delia' 6-max Seat #2 is the button
Seat 2: ABATAPP ($249.58 in chips)
Seat 3: tkae89 ($44.04 in chips)
ABATAPP: posts small blind $1
tkae89: posts big blind $3
*** HOLE CARDS ***
ABATAPP: folds
Uncalled bet ($2) returned to tkae89
tkae89 collected $2 from pot
tkae89: doesn't show hand
*** SUMMARY ***
Total pot $2 | Rake $0
Seat 2: ABATAPP (button) (small blind) folded before Flop
Seat 3: tkae89 (big blind) collected ($2)


PokerStars Hand #156116710195:  Hold'em Limit ($3/$6 USD) - 2016/07/18 2:38:08 ET
Table 'Delia' 6-max Seat #3 is the button
Seat 2: ABATAPP ($248.58 in chips)
Seat 3: tkae89 ($45.04 in chips)
tkae89: posts small blind $1
ABATAPP: posts big blind $3
*** HOLE CARDS ***
tkae89: folds
Uncalled bet ($2) returned to ABATAPP
ABATAPP collected $2 from pot
ABATAPP: doesn't show hand
*** SUMMARY ***
Total pot $2 | Rake $0
Seat 2: ABATAPP (big blind) collected ($2)
Seat 3: tkae89 (button) (small blind) folded before Flop


PokerStars Hand #156116714739:  Hold'em Limit ($3/$6 USD) - 2016/07/18 2:38:27 ET
Table 'Delia' 6-max Seat #2 is the button
Seat 2: ABATAPP ($256.34 in chips)
Seat 3: tkae89 ($37.04 in chips)
ABATAPP: posts small blind $1
tkae89: posts big blind $3
*** HOLE CARDS ***
ABATAPP: raises $3 to $6
tkae89: raises $3 to $9
ABATAPP: calls $3
*** FLOP *** [6c 3d 8c]
tkae89: bets $3
ABATAPP: calls $3
*** TURN *** [6c 3d 8c] [6h]
tkae89: bets $6
ABATAPP: calls $6
*** RIVER *** [6c 3d 8c 6h] [3s]
tkae89: bets $6
ABATAPP: folds
Uncalled bet ($6) returned to tkae89
tkae89 collected $35.50 from pot
tkae89: doesn't show hand
*** SUMMARY ***
Total pot $36 | Rake $0.50
Board [6c 3d 8c 6h 3s]
Seat 2: ABATAPP (button) (small blind) folded on the River
Seat 3: tkae89 (big blind) collected ($35.50)


PokerStars Hand #156116719507:  Hold'em Limit ($3/$6 USD) - 2016/07/18 2:38:48 ET
Table 'Delia' 6-max Seat #3 is the button
Seat 2: ABATAPP ($238.34 in chips)
Seat 3: tkae89 ($54.54 in chips)
tkae89: posts small blind $1
ABATAPP: posts big blind $3
*** HOLE CARDS ***
tkae89: folds
Uncalled bet ($2) returned to ABATAPP
ABATAPP collected $2 from pot
ABATAPP: doesn't show hand
*** SUMMARY ***
Total pot $2 | Rake $0
Seat 2: ABATAPP (big blind) collected ($2)
Seat 3: tkae89 (button) (small blind) folded before Flop


PokerStars Hand #156116720495:  Hold'em Limit ($3/$6 USD) - 2016/07/18 2:38:53 ET
Table 'Delia' 6-max Seat #2 is the button
Seat 2: ABATAPP ($239.34 in chips)
Seat 3: tkae89 ($53.54 in chips)
ABATAPP: posts small blind $1
tkae89: posts big blind $3
*** HOLE CARDS ***
ABATAPP: raises $3 to $6
tkae89: calls $3
*** FLOP *** [Qc As 4h]
tkae89: checks
ABATAPP: bets $3
tkae89: calls $3
*** TURN *** [Qc As 4h] [2h]
tkae89: checks
ABATAPP: checks
*** RIVER *** [Qc As 4h 2h] [9c]
tkae89: bets $6
ABATAPP: folds
Uncalled bet ($6) returned to tkae89
tkae89 collected $17.64 from pot
tkae89: doesn't show hand
*** SUMMARY ***
Total pot $18 | Rake $0.36
Board [Qc As 4h 2h 9c]
Seat 2: ABATAPP (button) (small blind) folded on the River
Seat 3: tkae89 (big blind) collected ($17.64)


PokerStars Hand #156116713603:  Hold'em Limit ($3/$6 USD) - 2016/07/18 2:38:23 ET
Table 'Delia' 6-max Seat #3 is the button
Seat 2: ABATAPP ($255.34 in chips)
Seat 3: tkae89 ($38.04 in chips)
tkae89: posts small blind $1
ABATAPP: posts big blind $3
*** HOLE CARDS ***
tkae89: folds
Uncalled bet ($2) returned to ABATAPP
ABATAPP collected $2 from pot
ABATAPP: doesn't show hand
*** SUMMARY ***
Total pot $2 | Rake $0
Seat 2: ABATAPP (big blind) collected ($2)
Seat 3: tkae89 (button) (small blind) folded before Flop


PokerStars Hand #156116711383:  Hold'em Limit ($3/$6 USD) - 2016/07/18 2:38:13 ET
Table 'Delia' 6-max Seat #2 is the button
Seat 2: ABATAPP ($249.58 in chips)
Seat 3: tkae89 ($44.04 in chips)
ABATAPP: posts small blind $1
tkae89: posts big blind $3
*** HOLE CARDS ***
ABATAPP: raises $3 to $6
tkae89: calls $3
*** FLOP *** [4d 6d Qd]
tkae89: folds
ABATAPP collected $11.76 from pot
ABATAPP: doesn't show hand
*** SUMMARY ***
Total pot $12 | Rake $0.24
Board [4d 6d Qd]
Seat 2: ABATAPP (button) (small blind) collected ($11.76)
Seat 3: tkae89 (big blind) folded on the Flop


PokerStars Hand #156116724329:  Hold'em Limit ($3/$6 USD) - 2016/07/18 2:39:09 ET
Table 'Delia' 6-max Seat #3 is the button
Seat 2: ABATAPP ($230.34 in chips)
Seat 3: tkae89 ($62.18 in chips)
tkae89: posts small blind $1
ABATAPP: posts big blind $3
*** HOLE CARDS ***
tkae89: raises $3 to $6
ABATAPP: calls $3
*** FLOP *** [Ts Js 3d]
ABATAPP: checks
tkae89: bets $3
ABATAPP: calls $3
*** TURN *** [Ts Js 3d] [2d]
ABATAPP: checks
tkae89: checks
*** RIVER *** [Ts Js 3d 2d] [4h]
ABATAPP: bets $6
tkae89: calls $6
*** SHOW DOWN ***
ABATAPP: shows [Qc Tc] (a pair of Tens)
tkae89: mucks hand
ABATAPP collected $29.50 from pot
*** SUMMARY ***
Total pot $30 | Rake $0.50
Board [Ts Js 3d 2d 4h]
Seat 2: ABATAPP (big blind) showed [Qc Tc] and won ($29.50) with a pair of Tens
Seat 3: tkae89 (button) (small blind) mucked


PokerStars Hand #156116732830:  Hold'em Limit ($3/$6 USD) - 2016/07/18 2:39:46 ET
Table 'Delia' 6-max Seat #2 is the button
Seat 2: ABATAPP ($239.84 in chips)
Seat 3: tkae89 ($51.94 in chips)
ABATAPP: posts small blind $1
tkae89: posts big blind $3
*** HOLE CARDS ***
ABATAPP: raises $3 to $6
tkae89: calls $3
*** FLOP *** [8h Qc Kc]
tkae89: bets $3
ABATAPP: calls $3
*** TURN *** [8h Qc Kc] [4h]
tkae89: bets $6
ABATAPP: calls $6
*** RIVER *** [8h Qc Kc 4h] [6c]
tkae89: checks
ABATAPP: checks
*** SHOW DOWN ***
tkae89: shows [9h 2c] (high card King)
ABATAPP: shows [Qs Tc] (a pair of Queens)
ABATAPP collected $29.50 from pot
VolkovDmitri joins the table at seat #4
*** SUMMARY ***
Total pot $30 | Rake $0.50
Board [8h Qc Kc 4h 6c]
Seat 2: ABATAPP (button) (small blind) showed [Qs Tc] and won ($29.50) with a pair of Queens
Seat 3: tkae89 (big blind) showed [9h 2c] and lost with high card King


PokerStars Hand #156116728721:  Hold'em Limit ($3/$6 USD) - 2016/07/18 2:39:28 ET
Table 'Delia' 6-max Seat #2 is the button
Seat 2: ABATAPP ($244.84 in chips)
Seat 3: tkae89 ($47.18 in chips)
ABATAPP: posts small blind $1
tkae89: posts big blind $3
*** HOLE CARDS ***
ABATAPP: raises $3 to $6
tkae89: calls $3
*** FLOP *** [Th As 4h]
tkae89: checks
ABATAPP: checks
*** TURN *** [Th As 4h] [9s]
tkae89: bets $6
ABATAPP: folds
Uncalled bet ($6) returned to tkae89
tkae89 collected $11.76 from pot
tkae89: doesn't show hand
*** SUMMARY ***
Total pot $12 | Rake $0.24
Board [Th As 4h 9s]
Seat 2: ABATAPP (button) (small blind) folded on the Turn
Seat 3: tkae89 (big blind) collected ($11.76)


PokerStars Hand #156116731751:  Hold'em Limit ($3/$6 USD) - 2016/07/18 2:39:41 ET
Table 'Delia' 6-max Seat #3 is the button
Seat 2: ABATAPP ($238.84 in chips)
Seat 3: tkae89 ($52.94 in chips)
tkae89: posts small blind $1
ABATAPP: posts big blind $3
*** HOLE CARDS ***
tkae89: folds
Uncalled bet ($2) returned to ABATAPP
ABATAPP collected $2 from pot
ABATAPP: doesn't show hand
*** SUMMARY ***
Total pot $2 | Rake $0
Seat 2: ABATAPP (big blind) collected ($2)
Seat 3: tkae89 (button) (small blind) folded before Flop


