PokerStars Hand #172121236051:  Hold'em Limit ($3/$6 USD) - 2017/06/22 21:40:39 ET
Table 'Delphinus' 6-max Seat #4 is the button
Seat 4: Chessnok ($224.65 in chips)
Seat 5: scorpio04 ($294.08 in chips)
Chessnok: posts small blind $1
scorpio04: posts big blind $3
*** HOLE CARDS ***
Chessnok: raises $3 to $6
scorpio04: raises $3 to $9
love_mmm leaves the table
Chessnok: calls $3
*** FLOP *** [Jc 5h Jh]
scorpio04: bets $3
Chessnok: calls $3
*** TURN *** [Jc 5h Jh] [8s]
scorpio04: bets $6
Chessnok: calls $6
*** RIVER *** [Jc 5h Jh 8s] [Ac]
carlos3940 joins the table at seat #3
scorpio04: bets $6
Chessnok: calls $6
*** SHOW DOWN ***
scorpio04: shows [2h Ah] (two pair, Aces and Jacks)
Chessnok: mucks hand
scorpio04 collected $47.50 from pot
*** SUMMARY ***
Total pot $48 | Rake $0.50
Board [Jc 5h Jh 8s Ac]
Seat 4: Chessnok (button) (small blind) mucked
Seat 5: scorpio04 (big blind) showed [2h Ah] and won ($47.50) with two pair, Aces and Jacks


PokerStars Hand #172121281274:  Hold'em Limit ($3/$6 USD) - 2017/06/22 21:42:42 ET
Table 'Delphinus' 6-max Seat #4 is the button
Seat 4: Chessnok ($286.85 in chips)
Seat 5: scorpio04 ($257.58 in chips)
love_mmm will be allowed to play after the button
Chessnok: posts small blind $1
scorpio04: posts big blind $3
*** HOLE CARDS ***
Chessnok: raises $3 to $6
scorpio04: folds
Uncalled bet ($3) returned to Chessnok
Chessnok collected $6 from pot
Chessnok: doesn't show hand
*** SUMMARY ***
Total pot $6 | Rake $0
Seat 4: Chessnok (button) (small blind) collected ($6)
Seat 5: scorpio04 (big blind) folded before Flop


PokerStars Hand #172124190180:  Hold'em Limit ($3/$6 USD) - 2017/06/23 0:21:16 ET
Table 'Delphinus' 6-max Seat #1 is the button
Seat 1: dehuali ($312.65 in chips)
Seat 5: kiwi/mike ($184.87 in chips)
dehuali: posts small blind $1
ToDaFelt: is sitting out
kiwi/mike: posts big blind $3
*** HOLE CARDS ***
dehuali: raises $3 to $6
ToDaFelt leaves the table
kiwi/mike: calls $3
*** FLOP *** [Jh 7c 9c]
kiwi/mike: checks
dehuali: bets $3
kiwi/mike: folds
Uncalled bet ($3) returned to dehuali
dehuali collected $11.76 from pot
dehuali: doesn't show hand
*** SUMMARY ***
Total pot $12 | Rake $0.24
Board [Jh 7c 9c]
Seat 1: dehuali (button) (small blind) collected ($11.76)
Seat 5: kiwi/mike (big blind) folded on the Flop


