PokerStars Hand #162686621699:  Hold'em Limit ($3/$6 USD) - 2016/12/09 17:49:35 ET
Table 'Delportia' 6-max Seat #3 is the button
Seat 1: LifeisagameX ($84 in chips)
Seat 3: hairy1961 ($58.64 in chips)
hairy1961: posts small blind $1
LifeisagameX: posts big blind $3
*** HOLE CARDS ***
hairy1961: folds
Uncalled bet ($2) returned to LifeisagameX
LifeisagameX collected $2 from pot
LifeisagameX: doesn't show hand
*** SUMMARY ***
Total pot $2 | Rake $0
Seat 1: LifeisagameX (big blind) collected ($2)
Seat 3: hairy1961 (button) (small blind) folded before Flop


PokerStars Hand #162686582600:  Hold'em Limit ($3/$6 USD) - 2016/12/09 17:48:51 ET
Table 'Delportia' 6-max Seat #1 is the button
Seat 1: LifeisagameX ($84 in chips)
Seat 3: hairy1961 ($50 in chips)
LifeisagameX: posts small blind $1
hairy1961: posts big blind $3
*** HOLE CARDS ***
LifeisagameX: raises $3 to $6
hairy1961: calls $3
*** FLOP *** [Kd 6s Jh]
hairy1961: checks
LifeisagameX: bets $3
hairy1961: calls $3
*** TURN *** [Kd 6s Jh] [Qh]
hairy1961: checks
LifeisagameX: checks
*** RIVER *** [Kd 6s Jh Qh] [4s]
hairy1961: bets $6
LifeisagameX: folds
Uncalled bet ($6) returned to hairy1961
hairy1961 collected $17.64 from pot
*** SUMMARY ***
Total pot $18 | Rake $0.36
Board [Kd 6s Jh Qh 4s]
Seat 1: LifeisagameX (button) (small blind) folded on the River
Seat 3: hairy1961 (big blind) collected ($17.64)


PokerStars Hand #162686627162:  Hold'em Limit ($3/$6 USD) - 2016/12/09 17:49:41 ET
Table 'Delportia' 6-max Seat #1 is the button
Seat 1: LifeisagameX ($85 in chips)
Seat 3: hairy1961 ($57.64 in chips)
LifeisagameX: posts small blind $1
hairy1961: posts big blind $3
*** HOLE CARDS ***
LifeisagameX: raises $3 to $6
hairy1961: raises $3 to $9
LifeisagameX: calls $3
*** FLOP *** [5h Jh 3d]
hairy1961: bets $3
LifeisagameX: calls $3
*** TURN *** [5h Jh 3d] [Ks]
hairy1961: bets $6
LifeisagameX: calls $6
*** RIVER *** [5h Jh 3d Ks] [Jd]
hairy1961: bets $6
LifeisagameX: calls $6
*** SHOW DOWN ***
hairy1961: shows [9h Qh] (a pair of Jacks)
LifeisagameX: shows [4h 4c] (two pair, Jacks and Fours)
LifeisagameX collected $47.50 from pot
*** SUMMARY ***
Total pot $48 | Rake $0.50
Board [5h Jh 3d Ks Jd]
Seat 1: LifeisagameX (button) (small blind) showed [4h 4c] and won ($47.50) with two pair, Jacks and Fours
Seat 3: hairy1961 (big blind) showed [9h Qh] and lost with a pair of Jacks


PokerStars Hand #162686677952:  Hold'em Limit ($3/$6 USD) - 2016/12/09 17:50:40 ET
Table 'Delportia' 6-max Seat #3 is the button
Seat 1: LifeisagameX ($108.50 in chips)
Seat 3: hairy1961 ($33.64 in chips)
hairy1961: posts small blind $1
LifeisagameX: posts big blind $3
*** HOLE CARDS ***
hairy1961: raises $3 to $6
LifeisagameX: folds
Uncalled bet ($3) returned to hairy1961
hairy1961 collected $6 from pot
*** SUMMARY ***
Total pot $6 | Rake $0
Seat 1: LifeisagameX (big blind) folded before Flop
Seat 3: hairy1961 (button) (small blind) collected ($6)


PokerStars Hand #162686728659:  Hold'em Limit ($3/$6 USD) - 2016/12/09 17:51:38 ET
Table 'Delportia' 6-max Seat #3 is the button
Seat 1: LifeisagameX ($129 in chips)
Seat 3: hairy1961 ($12.64 in chips)
hairy1961: posts small blind $1
LifeisagameX: posts big blind $3
*** HOLE CARDS ***
hairy1961: folds
Uncalled bet ($2) returned to LifeisagameX
LifeisagameX collected $2 from pot
LifeisagameX: doesn't show hand
*** SUMMARY ***
Total pot $2 | Rake $0
Seat 1: LifeisagameX (big blind) collected ($2)
Seat 3: hairy1961 (button) (small blind) folded before Flop


PokerStars Hand #162686687456:  Hold'em Limit ($3/$6 USD) - 2016/12/09 17:50:51 ET
Table 'Delportia' 6-max Seat #1 is the button
Seat 1: LifeisagameX ($105.50 in chips)
Seat 3: hairy1961 ($36.64 in chips)
LifeisagameX: posts small blind $1
hairy1961: posts big blind $3
*** HOLE CARDS ***
LifeisagameX: raises $3 to $6
hairy1961: raises $3 to $9
LifeisagameX: calls $3
*** FLOP *** [2s 6h 6c]
hairy1961: bets $3
LifeisagameX: calls $3
*** TURN *** [2s 6h 6c] [Tc]
hairy1961: bets $6
LifeisagameX: calls $6
*** RIVER *** [2s 6h 6c Tc] [8s]
hairy1961: checks
LifeisagameX: bets $6
hairy1961: calls $6
*** SHOW DOWN ***
LifeisagameX: shows [4d 2h] (two pair, Sixes and Deuces)
hairy1961: mucks hand
LifeisagameX collected $47.50 from pot
*** SUMMARY ***
Total pot $48 | Rake $0.50
Board [2s 6h 6c Tc 8s]
Seat 1: LifeisagameX (button) (small blind) showed [4d 2h] and won ($47.50) with two pair, Sixes and Deuces
Seat 3: hairy1961 (big blind) mucked


PokerStars Hand #162686734530:  Hold'em Limit ($3/$6 USD) - 2016/12/09 17:51:45 ET
Table 'Delportia' 6-max Seat #1 is the button
Seat 1: LifeisagameX ($130 in chips)
Seat 3: hairy1961 ($11.64 in chips)
LifeisagameX: posts small blind $1
hairy1961: posts big blind $3
*** HOLE CARDS ***
LifeisagameX: raises $3 to $6
hairy1961: calls $3
*** FLOP *** [7h Ad 2h]
hairy1961: checks
LifeisagameX: checks
*** TURN *** [7h Ad 2h] [7s]
hairy1961: bets $5.64 and is all-in
LifeisagameX: calls $5.64
*** RIVER *** [7h Ad 2h 7s] [Kd]
*** SHOW DOWN ***
hairy1961: shows [5d 4s] (a pair of Sevens)
LifeisagameX: shows [3h Js] (a pair of Sevens - Ace+King+Jack kicker)
LifeisagameX collected $22.81 from pot
*** SUMMARY ***
Total pot $23.28 | Rake $0.47
Board [7h Ad 2h 7s Kd]
Seat 1: LifeisagameX (button) (small blind) showed [3h Js] and won ($22.81) with a pair of Sevens
Seat 3: hairy1961 (big blind) showed [5d 4s] and lost with a pair of Sevens


