PokerStars Hand #164978572825:  Hold'em Limit ($3/$6 USD) - 2017/01/22 6:47:58 ET
Table 'Delportia' 10-max Seat #1 is the button
Seat 1: avraam888 ($70.77 in chips)
Seat 7: VolkovDmitri ($120 in chips)
avraam888: posts small blind $1
VolkovDmitri: posts big blind $3
*** HOLE CARDS ***
avraam888: folds
Uncalled bet ($2) returned to VolkovDmitri
VolkovDmitri collected $2 from pot
VolkovDmitri: doesn't show hand
*** SUMMARY ***
Total pot $2 | Rake $0
Seat 1: avraam888 (button) (small blind) folded before Flop
Seat 7: VolkovDmitri (big blind) collected ($2)


PokerStars Hand #164978619031:  Hold'em Limit ($3/$6 USD) - 2017/01/22 6:49:21 ET
Table 'Delportia' 10-max Seat #1 is the button
Seat 1: avraam888 ($68.27 in chips)
Seat 7: VolkovDmitri ($150.14 in chips)
avraam888: posts small blind $1
VolkovDmitri: posts big blind $3
*** HOLE CARDS ***
avraam888: folds
Uncalled bet ($2) returned to VolkovDmitri
VolkovDmitri collected $2 from pot
VolkovDmitri: doesn't show hand
*** SUMMARY ***
Total pot $2 | Rake $0
Seat 1: avraam888 (button) (small blind) folded before Flop
Seat 7: VolkovDmitri (big blind) collected ($2)


PokerStars Hand #164978614700:  Hold'em Limit ($3/$6 USD) - 2017/01/22 6:49:14 ET
Table 'Delportia' 10-max Seat #7 is the button
Seat 1: avraam888 ($71.27 in chips)
Seat 7: VolkovDmitri ($147.14 in chips)
VolkovDmitri: posts small blind $1
avraam888: posts big blind $3
*** HOLE CARDS ***
VolkovDmitri: raises $3 to $6
avraam888: folds
Uncalled bet ($3) returned to VolkovDmitri
VolkovDmitri collected $6 from pot
VolkovDmitri: doesn't show hand
*** SUMMARY ***
Total pot $6 | Rake $0
Seat 1: avraam888 (big blind) folded before Flop
Seat 7: VolkovDmitri (button) (small blind) collected ($6)


PokerStars Hand #164978611686:  Hold'em Limit ($3/$6 USD) - 2017/01/22 6:49:08 ET
Table 'Delportia' 10-max Seat #1 is the button
Seat 1: avraam888 ($72.27 in chips)
Seat 7: VolkovDmitri ($146.14 in chips)
avraam888: posts small blind $1
VolkovDmitri: posts big blind $3
*** HOLE CARDS ***
avraam888: folds
Uncalled bet ($2) returned to VolkovDmitri
VolkovDmitri collected $2 from pot
VolkovDmitri: doesn't show hand
*** SUMMARY ***
Total pot $2 | Rake $0
Seat 1: avraam888 (button) (small blind) folded before Flop
Seat 7: VolkovDmitri (big blind) collected ($2)


PokerStars Hand #164978599994:  Hold'em Limit ($3/$6 USD) - 2017/01/22 6:48:47 ET
Table 'Delportia' 10-max Seat #7 is the button
Seat 1: avraam888 ($90.27 in chips)
Seat 7: VolkovDmitri ($128.64 in chips)
VolkovDmitri: posts small blind $1
avraam888: posts big blind $3
*** HOLE CARDS ***
VolkovDmitri: raises $3 to $6
avraam888: raises $3 to $9
VolkovDmitri: calls $3
*** FLOP *** [5h Ac 2d]
avraam888: bets $3
VolkovDmitri: calls $3
*** TURN *** [5h Ac 2d] [8s]
avraam888: bets $6
VolkovDmitri: raises $6 to $12
avraam888: folds
Uncalled bet ($6) returned to VolkovDmitri
VolkovDmitri collected $35.50 from pot
VolkovDmitri: doesn't show hand
*** SUMMARY ***
Total pot $36 | Rake $0.50
Board [5h Ac 2d 8s]
Seat 1: avraam888 (big blind) folded on the Turn
Seat 7: VolkovDmitri (button) (small blind) collected ($35.50)


PokerStars Hand #164978592829:  Hold'em Limit ($3/$6 USD) - 2017/01/22 6:48:34 ET
Table 'Delportia' 10-max Seat #1 is the button
Seat 1: avraam888 ($99.27 in chips)
Seat 7: VolkovDmitri ($120 in chips)
avraam888: posts small blind $1
VolkovDmitri: posts big blind $3
*** HOLE CARDS ***
avraam888: raises $3 to $6
VolkovDmitri: raises $3 to $9
avraam888: calls $3
*** FLOP *** [Ac 5s 2h]
VolkovDmitri: bets $3
avraam888: folds
Uncalled bet ($3) returned to VolkovDmitri
VolkovDmitri collected $17.64 from pot
VolkovDmitri: doesn't show hand
*** SUMMARY ***
Total pot $18 | Rake $0.36
Board [Ac 5s 2h]
Seat 1: avraam888 (button) (small blind) folded on the Flop
Seat 7: VolkovDmitri (big blind) collected ($17.64)


PokerStars Hand #164978578713:  Hold'em Limit ($3/$6 USD) - 2017/01/22 6:48:09 ET
Table 'Delportia' 10-max Seat #7 is the button
Seat 1: avraam888 ($69.77 in chips)
Seat 7: VolkovDmitri ($121 in chips)
VolkovDmitri: posts small blind $1
avraam888: posts big blind $3
*** HOLE CARDS ***
VolkovDmitri: raises $3 to $6
avraam888: calls $3
*** FLOP *** [9s 6c 6s]
avraam888: checks
VolkovDmitri: bets $3
avraam888: raises $3 to $6
VolkovDmitri: calls $3
*** TURN *** [9s 6c 6s] [Th]
avraam888: bets $6
VolkovDmitri: calls $6
*** RIVER *** [9s 6c 6s Th] [Jd]
avraam888: bets $6
VolkovDmitri: raises $6 to $12
avraam888: calls $6
*** SHOW DOWN ***
VolkovDmitri: shows [Qh Js] (two pair, Jacks and Sixes)
avraam888: shows [8c 7s] (a straight, Seven to Jack)
avraam888 collected $59.50 from pot
*** SUMMARY ***
Total pot $60 | Rake $0.50
Board [9s 6c 6s Th Jd]
Seat 1: avraam888 (big blind) showed [8c 7s] and won ($59.50) with a straight, Seven to Jack
Seat 7: VolkovDmitri (button) (small blind) showed [Qh Js] and lost with two pair, Jacks and Sixes


PokerStars Hand #164978642778:  Hold'em Limit ($3/$6 USD) - 2017/01/22 6:50:04 ET
Table 'Delportia' 10-max Seat #7 is the button
Seat 1: avraam888 ($68.91 in chips)
Seat 7: VolkovDmitri ($149.14 in chips)
VolkovDmitri: posts small blind $1
avraam888: posts big blind $3
*** HOLE CARDS ***
VolkovDmitri: raises $3 to $6
avraam888: raises $3 to $9
VolkovDmitri: calls $3
*** FLOP *** [7c 4s 5c]
avraam888: bets $3
VolkovDmitri: calls $3
*** TURN *** [7c 4s 5c] [3h]
avraam888: bets $6
VolkovDmitri: raises $6 to $12
avraam888: calls $6
*** RIVER *** [7c 4s 5c 3h] [Kc]
avraam888: checks
VolkovDmitri: checks
*** SHOW DOWN ***
avraam888: shows [Ah 4h] (a pair of Fours)
VolkovDmitri: mucks hand
avraam888 collected $47.50 from pot
*** SUMMARY ***
Total pot $48 | Rake $0.50
Board [7c 4s 5c 3h Kc]
Seat 1: avraam888 (big blind) showed [Ah 4h] and won ($47.50) with a pair of Fours
Seat 7: VolkovDmitri (button) (small blind) mucked


PokerStars Hand #164978632333:  Hold'em Limit ($3/$6 USD) - 2017/01/22 6:49:45 ET
Table 'Delportia' 10-max Seat #1 is the button
Seat 1: avraam888 ($60.27 in chips)
Seat 7: VolkovDmitri ($158.14 in chips)
avraam888: posts small blind $1
VolkovDmitri: posts big blind $3
*** HOLE CARDS ***
avraam888: raises $3 to $6
VolkovDmitri: calls $3
*** FLOP *** [8c 6s 3d]
VolkovDmitri: checks
avraam888: bets $3
VolkovDmitri: calls $3
*** TURN *** [8c 6s 3d] [2h]
VolkovDmitri: checks
avraam888: bets $6
VolkovDmitri: folds
Uncalled bet ($6) returned to avraam888
avraam888 collected $17.64 from pot
avraam888: doesn't show hand
*** SUMMARY ***
Total pot $18 | Rake $0.36
Board [8c 6s 3d 2h]
Seat 1: avraam888 (button) (small blind) collected ($17.64)
Seat 7: VolkovDmitri (big blind) folded on the Turn


PokerStars Hand #164978629010:  Hold'em Limit ($3/$6 USD) - 2017/01/22 6:49:39 ET
Table 'Delportia' 10-max Seat #7 is the button
Seat 1: avraam888 ($63.27 in chips)
Seat 7: VolkovDmitri ($155.14 in chips)
VolkovDmitri: posts small blind $1
avraam888: posts big blind $3
*** HOLE CARDS ***
VolkovDmitri: raises $3 to $6
avraam888: folds
Uncalled bet ($3) returned to VolkovDmitri
VolkovDmitri collected $6 from pot
VolkovDmitri: doesn't show hand
*** SUMMARY ***
Total pot $6 | Rake $0
Seat 1: avraam888 (big blind) folded before Flop
Seat 7: VolkovDmitri (button) (small blind) collected ($6)


PokerStars Hand #164978625916:  Hold'em Limit ($3/$6 USD) - 2017/01/22 6:49:34 ET
Table 'Delportia' 10-max Seat #1 is the button
Seat 1: avraam888 ($64.27 in chips)
Seat 7: VolkovDmitri ($154.14 in chips)
avraam888: posts small blind $1
VolkovDmitri: posts big blind $3
*** HOLE CARDS ***
avraam888: folds
Uncalled bet ($2) returned to VolkovDmitri
VolkovDmitri collected $2 from pot
VolkovDmitri: doesn't show hand
*** SUMMARY ***
Total pot $2 | Rake $0
Seat 1: avraam888 (button) (small blind) folded before Flop
Seat 7: VolkovDmitri (big blind) collected ($2)


PokerStars Hand #164978621918:  Hold'em Limit ($3/$6 USD) - 2017/01/22 6:49:27 ET
Table 'Delportia' 10-max Seat #7 is the button
Seat 1: avraam888 ($67.27 in chips)
Seat 7: VolkovDmitri ($151.14 in chips)
VolkovDmitri: posts small blind $1
avraam888: posts big blind $3
*** HOLE CARDS ***
VolkovDmitri: raises $3 to $6
avraam888: folds
Uncalled bet ($3) returned to VolkovDmitri
VolkovDmitri collected $6 from pot
VolkovDmitri: doesn't show hand
*** SUMMARY ***
Total pot $6 | Rake $0
Seat 1: avraam888 (big blind) folded before Flop
Seat 7: VolkovDmitri (button) (small blind) collected ($6)


PokerStars Hand #164978682306:  Hold'em Limit ($3/$6 USD) - 2017/01/22 6:51:15 ET
Table 'Delportia' 10-max Seat #1 is the button
Seat 1: avraam888 ($92.05 in chips)
Seat 7: VolkovDmitri ($128 in chips)
avraam888: posts small blind $1
VolkovDmitri: posts big blind $3
*** HOLE CARDS ***
avraam888: folds
Uncalled bet ($2) returned to VolkovDmitri
VolkovDmitri collected $2 from pot
VolkovDmitri: doesn't show hand
*** SUMMARY ***
Total pot $2 | Rake $0
Seat 1: avraam888 (button) (small blind) folded before Flop
Seat 7: VolkovDmitri (big blind) collected ($2)


PokerStars Hand #164978677819:  Hold'em Limit ($3/$6 USD) - 2017/01/22 6:51:07 ET
Table 'Delportia' 10-max Seat #7 is the button
Seat 1: avraam888 ($95.05 in chips)
Seat 7: VolkovDmitri ($125 in chips)
VolkovDmitri: posts small blind $1
avraam888: posts big blind $3
*** HOLE CARDS ***
VolkovDmitri: raises $3 to $6
avraam888: folds
Uncalled bet ($3) returned to VolkovDmitri
VolkovDmitri collected $6 from pot
VolkovDmitri: doesn't show hand
*** SUMMARY ***
Total pot $6 | Rake $0
Seat 1: avraam888 (big blind) folded before Flop
Seat 7: VolkovDmitri (button) (small blind) collected ($6)


PokerStars Hand #164978674679:  Hold'em Limit ($3/$6 USD) - 2017/01/22 6:51:01 ET
Table 'Delportia' 10-max Seat #1 is the button
Seat 1: avraam888 ($96.05 in chips)
Seat 7: VolkovDmitri ($124 in chips)
avraam888: posts small blind $1
VolkovDmitri: posts big blind $3
*** HOLE CARDS ***
avraam888: folds
Uncalled bet ($2) returned to VolkovDmitri
VolkovDmitri collected $2 from pot
VolkovDmitri: doesn't show hand
*** SUMMARY ***
Total pot $2 | Rake $0
Seat 1: avraam888 (button) (small blind) folded before Flop
Seat 7: VolkovDmitri (big blind) collected ($2)


PokerStars Hand #164978670623:  Hold'em Limit ($3/$6 USD) - 2017/01/22 6:50:54 ET
Table 'Delportia' 10-max Seat #7 is the button
Seat 1: avraam888 ($99.05 in chips)
Seat 7: VolkovDmitri ($121 in chips)
VolkovDmitri: posts small blind $1
avraam888: posts big blind $3
*** HOLE CARDS ***
VolkovDmitri: raises $3 to $6
avraam888: folds
Uncalled bet ($3) returned to VolkovDmitri
VolkovDmitri collected $6 from pot
VolkovDmitri: doesn't show hand
*** SUMMARY ***
Total pot $6 | Rake $0
Seat 1: avraam888 (big blind) folded before Flop
Seat 7: VolkovDmitri (button) (small blind) collected ($6)


PokerStars Hand #164978667595:  Hold'em Limit ($3/$6 USD) - 2017/01/22 6:50:49 ET
Table 'Delportia' 10-max Seat #1 is the button
Seat 1: avraam888 ($100.05 in chips)
Seat 7: VolkovDmitri ($120 in chips)
avraam888: posts small blind $1
VolkovDmitri: posts big blind $3
*** HOLE CARDS ***
avraam888: folds
Uncalled bet ($2) returned to VolkovDmitri
VolkovDmitri collected $2 from pot
VolkovDmitri: doesn't show hand
*** SUMMARY ***
Total pot $2 | Rake $0
Seat 1: avraam888 (button) (small blind) folded before Flop
Seat 7: VolkovDmitri (big blind) collected ($2)


PokerStars Hand #164978659866:  Hold'em Limit ($3/$6 USD) - 2017/01/22 6:50:35 ET
Table 'Delportia' 10-max Seat #7 is the button
Seat 1: avraam888 ($91.41 in chips)
Seat 7: VolkovDmitri ($126.14 in chips)
VolkovDmitri: posts small blind $1
avraam888: posts big blind $3
*** HOLE CARDS ***
VolkovDmitri: raises $3 to $6
avraam888: raises $3 to $9
VolkovDmitri: calls $3
*** FLOP *** [7c 6c Qh]
avraam888: bets $3
VolkovDmitri: folds
Uncalled bet ($3) returned to avraam888
avraam888 collected $17.64 from pot
avraam888: doesn't show hand
*** SUMMARY ***
Total pot $18 | Rake $0.36
Board [7c 6c Qh]
Seat 1: avraam888 (big blind) collected ($17.64)
Seat 7: VolkovDmitri (button) (small blind) folded on the Flop


PokerStars Hand #164978656742:  Hold'em Limit ($3/$6 USD) - 2017/01/22 6:50:29 ET
Table 'Delportia' 10-max Seat #1 is the button
Seat 1: avraam888 ($92.41 in chips)
Seat 7: VolkovDmitri ($125.14 in chips)
avraam888: posts small blind $1
VolkovDmitri: posts big blind $3
*** HOLE CARDS ***
avraam888: folds
Uncalled bet ($2) returned to VolkovDmitri
VolkovDmitri collected $2 from pot
VolkovDmitri: doesn't show hand
*** SUMMARY ***
Total pot $2 | Rake $0
Seat 1: avraam888 (button) (small blind) folded before Flop
Seat 7: VolkovDmitri (big blind) collected ($2)


PokerStars Hand #164978706305:  Hold'em Limit ($3/$6 USD) - 2017/01/22 6:51:58 ET
Table 'Delportia' 10-max Seat #7 is the button
Seat 1: avraam888 ($75.05 in chips)
Seat 7: VolkovDmitri ($144.50 in chips)
VolkovDmitri: posts small blind $1
avraam888: posts big blind $3
*** HOLE CARDS ***
VolkovDmitri: raises $3 to $6
avraam888: calls $3
*** FLOP *** [7s 6h Kd]
avraam888: checks
VolkovDmitri: bets $3
TinaTurner72 joins the table at seat #2
avraam888: raises $3 to $6
VolkovDmitri: folds
Uncalled bet ($3) returned to avraam888
avraam888 collected $17.64 from pot
avraam888: doesn't show hand
*** SUMMARY ***
Total pot $18 | Rake $0.36
Board [7s 6h Kd]
Seat 1: avraam888 (big blind) collected ($17.64)
Seat 7: VolkovDmitri (button) (small blind) folded on the Flop


PokerStars Hand #164978703018:  Hold'em Limit ($3/$6 USD) - 2017/01/22 6:51:52 ET
Table 'Delportia' 10-max Seat #1 is the button
Seat 1: avraam888 ($76.05 in chips)
Seat 7: VolkovDmitri ($143.50 in chips)
avraam888: posts small blind $1
VolkovDmitri: posts big blind $3
*** HOLE CARDS ***
avraam888: folds
Uncalled bet ($2) returned to VolkovDmitri
VolkovDmitri collected $2 from pot
VolkovDmitri: doesn't show hand
*** SUMMARY ***
Total pot $2 | Rake $0
Seat 1: avraam888 (button) (small blind) folded before Flop
Seat 7: VolkovDmitri (big blind) collected ($2)


PokerStars Hand #164978686397:  Hold'em Limit ($3/$6 USD) - 2017/01/22 6:51:22 ET
Table 'Delportia' 10-max Seat #7 is the button
Seat 1: avraam888 ($91.05 in chips)
Seat 7: VolkovDmitri ($129 in chips)
VolkovDmitri: posts small blind $1
avraam888: posts big blind $3
*** HOLE CARDS ***
VolkovDmitri: raises $3 to $6
avraam888: raises $3 to $9
VolkovDmitri: raises $3 to $12
Betting is capped
avraam888: calls $3
*** FLOP *** [Qs Ac 6s]
avraam888: checks
VolkovDmitri: bets $3
avraam888: calls $3
*** TURN *** [Qs Ac 6s] [2h]
avraam888: checks
VolkovDmitri: bets $6
avraam888: folds
Uncalled bet ($6) returned to VolkovDmitri
VolkovDmitri collected $29.50 from pot
VolkovDmitri: doesn't show hand
*** SUMMARY ***
Total pot $30 | Rake $0.50
Board [Qs Ac 6s 2h]
Seat 1: avraam888 (big blind) folded on the Turn
Seat 7: VolkovDmitri (button) (small blind) collected ($29.50)


PokerStars Hand #164978744391:  Hold'em Limit ($3/$6 USD) - 2017/01/22 6:53:07 ET
Table 'Delportia' 10-max Seat #1 is the button
Seat 1: avraam888 ($106.19 in chips)
Seat 2: TinaTurner72 ($97 in chips)
avraam888: posts small blind $1
TinaTurner72: posts big blind $3
*** HOLE CARDS ***
avraam888: folds
Uncalled bet ($2) returned to TinaTurner72
TinaTurner72 collected $2 from pot
TinaTurner72: doesn't show hand
*** SUMMARY ***
Total pot $2 | Rake $0
Seat 1: avraam888 (button) (small blind) folded before Flop
Seat 2: TinaTurner72 (big blind) collected ($2)


PokerStars Hand #164978726610:  Hold'em Limit ($3/$6 USD) - 2017/01/22 6:52:35 ET
Table 'Delportia' 10-max Seat #2 is the button
Seat 1: avraam888 ($82.69 in chips)
Seat 2: TinaTurner72 ($121 in chips)
TinaTurner72: posts small blind $1
avraam888: posts big blind $3
*** HOLE CARDS ***
TinaTurner72: raises $3 to $6
avraam888: calls $3
*** FLOP *** [Jc 2s Ts]
avraam888: checks
TinaTurner72: bets $3
avraam888: raises $3 to $6
TinaTurner72: calls $3
*** TURN *** [Jc 2s Ts] [2c]
avraam888: bets $6
TinaTurner72: calls $6
*** RIVER *** [Jc 2s Ts 2c] [Jh]
avraam888: bets $6
TinaTurner72: calls $6
*** SHOW DOWN ***
avraam888: shows [Jd 5c] (a full house, Jacks full of Deuces)
TinaTurner72: mucks hand
avraam888 collected $47.50 from pot
*** SUMMARY ***
Total pot $48 | Rake $0.50
Board [Jc 2s Ts 2c Jh]
Seat 1: avraam888 (big blind) showed [Jd 5c] and won ($47.50) with a full house, Jacks full of Deuces
Seat 2: TinaTurner72 (button) (small blind) mucked


PokerStars Hand #164978723336:  Hold'em Limit ($3/$6 USD) - 2017/01/22 6:52:29 ET
Table 'Delportia' 10-max Seat #1 is the button
Seat 1: avraam888 ($83.69 in chips)
Seat 2: TinaTurner72 ($120 in chips)
avraam888: posts small blind $1
TinaTurner72: posts big blind $3
*** HOLE CARDS ***
avraam888: folds
Uncalled bet ($2) returned to TinaTurner72
VolkovDmitri leaves the table
TinaTurner72 collected $2 from pot
TinaTurner72: doesn't show hand
*** SUMMARY ***
Total pot $2 | Rake $0
Seat 1: avraam888 (button) (small blind) folded before Flop
Seat 2: TinaTurner72 (big blind) collected ($2)


PokerStars Hand #164978773620:  Hold'em Limit ($3/$6 USD) - 2017/01/22 6:54:00 ET
Table 'Delportia' 10-max Seat #1 is the button
Seat 1: avraam888 ($101.83 in chips)
Seat 2: TinaTurner72 ($100.64 in chips)
avraam888: posts small blind $1
TinaTurner72: posts big blind $3
*** HOLE CARDS ***
avraam888: folds
Uncalled bet ($2) returned to TinaTurner72
TinaTurner72 collected $2 from pot
TinaTurner72: doesn't show hand
*** SUMMARY ***
Total pot $2 | Rake $0
Seat 1: avraam888 (button) (small blind) folded before Flop
Seat 2: TinaTurner72 (big blind) collected ($2)


PokerStars Hand #164978769018:  Hold'em Limit ($3/$6 USD) - 2017/01/22 6:53:52 ET
Table 'Delportia' 10-max Seat #2 is the button
Seat 1: avraam888 ($104.83 in chips)
Seat 2: TinaTurner72 ($97.64 in chips)
TinaTurner72: posts small blind $1
avraam888: posts big blind $3
*** HOLE CARDS ***
TinaTurner72: raises $3 to $6
avraam888: folds
Uncalled bet ($3) returned to TinaTurner72
TinaTurner72 collected $6 from pot
TinaTurner72: doesn't show hand
*** SUMMARY ***
Total pot $6 | Rake $0
Seat 1: avraam888 (big blind) folded before Flop
Seat 2: TinaTurner72 (button) (small blind) collected ($6)


PokerStars Hand #164978760284:  Hold'em Limit ($3/$6 USD) - 2017/01/22 6:53:36 ET
Table 'Delportia' 10-max Seat #1 is the button
Seat 1: avraam888 ($113.83 in chips)
Seat 2: TinaTurner72 ($89 in chips)
avraam888: posts small blind $1
TinaTurner72: posts big blind $3
*** HOLE CARDS ***
avraam888: raises $3 to $6
TinaTurner72: raises $3 to $9
avraam888: calls $3
*** FLOP *** [Kh 3c 7h]
TinaTurner72: bets $3
avraam888: folds
Uncalled bet ($3) returned to TinaTurner72
TinaTurner72 collected $17.64 from pot
TinaTurner72: doesn't show hand
*** SUMMARY ***
Total pot $18 | Rake $0.36
Board [Kh 3c 7h]
Seat 1: avraam888 (button) (small blind) folded on the Flop
Seat 2: TinaTurner72 (big blind) collected ($17.64)


PokerStars Hand #164978749589:  Hold'em Limit ($3/$6 USD) - 2017/01/22 6:53:17 ET
Table 'Delportia' 10-max Seat #2 is the button
Seat 1: avraam888 ($105.19 in chips)
Seat 2: TinaTurner72 ($98 in chips)
TinaTurner72: posts small blind $1
avraam888: posts big blind $3
*** HOLE CARDS ***
TinaTurner72: raises $3 to $6
avraam888: raises $3 to $9
TinaTurner72: calls $3
*** FLOP *** [Qc 6s As]
avraam888: bets $3
TinaTurner72: folds
Uncalled bet ($3) returned to avraam888
avraam888 collected $17.64 from pot
avraam888: doesn't show hand
*** SUMMARY ***
Total pot $18 | Rake $0.36
Board [Qc 6s As]
Seat 1: avraam888 (big blind) collected ($17.64)
Seat 2: TinaTurner72 (button) (small blind) folded on the Flop


PokerStars Hand #164978792937:  Hold'em Limit ($3/$6 USD) - 2017/01/22 6:54:35 ET
Table 'Delportia' 10-max Seat #1 is the button
Seat 1: avraam888 ($118.33 in chips)
Seat 2: TinaTurner72 ($83.64 in chips)
avraam888: posts small blind $1
TinaTurner72: posts big blind $3
*** HOLE CARDS ***
avraam888: raises $3 to $6
TinaTurner72: calls $3
*** FLOP *** [4s Tc 8c]
TinaTurner72: checks
avraam888: bets $3
TinaTurner72: folds
Uncalled bet ($3) returned to avraam888
avraam888 collected $11.76 from pot
avraam888: doesn't show hand
*** SUMMARY ***
Total pot $12 | Rake $0.24
Board [4s Tc 8c]
Seat 1: avraam888 (button) (small blind) collected ($11.76)
Seat 2: TinaTurner72 (big blind) folded on the Flop


PokerStars Hand #164978777369:  Hold'em Limit ($3/$6 USD) - 2017/01/22 6:54:08 ET
Table 'Delportia' 10-max Seat #2 is the button
Seat 1: avraam888 ($100.83 in chips)
Seat 2: TinaTurner72 ($101.64 in chips)
TinaTurner72: posts small blind $1
avraam888: posts big blind $3
*** HOLE CARDS ***
TinaTurner72: raises $3 to $6
avraam888: calls $3
*** FLOP *** [Ad 4d Qc]
avraam888: checks
TinaTurner72: bets $3
avraam888: raises $3 to $6
TinaTurner72: calls $3
*** TURN *** [Ad 4d Qc] [5s]
avraam888: bets $6
TinaTurner72: calls $6
*** RIVER *** [Ad 4d Qc 5s] [7d]
avraam888: bets $6
TinaTurner72: folds
Uncalled bet ($6) returned to avraam888
avraam888 collected $35.50 from pot
avraam888: doesn't show hand
*** SUMMARY ***
Total pot $36 | Rake $0.50
Board [Ad 4d Qc 5s 7d]
Seat 1: avraam888 (big blind) collected ($35.50)
Seat 2: TinaTurner72 (button) (small blind) folded on the River


