PokerStars Hand #156654121733:  Hold'em Limit ($3/$6 USD) - 2016/07/30 18:28:06 ET
Table 'Delphinus II' 10-max Seat #3 is the button
Seat 3: nopasu ($62.97 in chips)
Seat 6: mophaw ($60.70 in chips)
nopasu: posts small blind $1
mophaw: posts big blind $3
*** HOLE CARDS ***
nopasu: raises $3 to $6
mophaw: raises $3 to $9
nopasu: raises $3 to $12
Betting is capped
mophaw: calls $3
*** FLOP *** [4s Js Ah]
mophaw: bets $3
nopasu: raises $3 to $6
mophaw: raises $3 to $9
nopasu: raises $3 to $12
Betting is capped
mophaw: calls $3
*** TURN *** [4s Js Ah] [Jc]
mophaw: bets $6
nopasu: raises $6 to $12
mophaw: raises $6 to $18
nopasu: raises $6 to $24
Betting is capped
mophaw: folds
Uncalled bet ($6) returned to nopasu
nopasu collected $83.50 from pot
*** SUMMARY ***
Total pot $84 | Rake $0.50
Board [4s Js Ah Jc]
Seat 3: nopasu (button) (small blind) collected ($83.50)
Seat 6: mophaw (big blind) folded on the Turn


PokerStars Hand #156654137994:  Hold'em Limit ($3/$6 USD) - 2016/07/30 18:28:31 ET
Table 'Delphinus II' 10-max Seat #6 is the button
Seat 3: nopasu ($104.47 in chips)
Seat 6: mophaw ($18.70 in chips)
mophaw: posts small blind $1
nopasu: posts big blind $3
*** HOLE CARDS ***
mophaw: raises $3 to $6
nopasu: raises $3 to $9
mophaw: raises $3 to $12
Betting is capped
nopasu: calls $3
*** FLOP *** [3s 6c Qc]
nopasu: bets $3
mophaw: calls $3
*** TURN *** [3s 6c Qc] [6d]
nopasu: checks
mophaw: checks
*** RIVER *** [3s 6c Qc 6d] [Ts]
nopasu: bets $6
mophaw: calls $3.70 and is all-in
Uncalled bet ($2.30) returned to nopasu
*** SHOW DOWN ***
nopasu: shows [3c 7c] (two pair, Sixes and Threes)
mophaw: shows [9h Ah] (a pair of Sixes)
nopasu collected $36.90 from pot
*** SUMMARY ***
Total pot $37.40 | Rake $0.50
Board [3s 6c Qc 6d Ts]
Seat 3: nopasu (big blind) showed [3c 7c] and won ($36.90) with two pair, Sixes and Threes
Seat 6: mophaw (button) (small blind) showed [9h Ah] and lost with a pair of Sixes


PokerStars Hand #156654456168:  Hold'em Limit ($3/$6 USD) - 2016/07/30 18:36:41 ET
Table 'Delphinus II' 10-max Seat #6 is the button
Seat 4: nopasu ($104.17 in chips)
Seat 6: betrewa ($18.70 in chips)
betrewa: posts small blind $1
nopasu: posts big blind $3
*** HOLE CARDS ***
betrewa: raises $3 to $6
nopasu: raises $3 to $9
betrewa: raises $3 to $12
Betting is capped
nopasu: calls $3
*** FLOP *** [Tc 4d Jd]
nopasu: bets $3
betrewa: calls $3
*** TURN *** [Tc 4d Jd] [Ad]
nopasu: checks
betrewa: checks
*** RIVER *** [Tc 4d Jd Ad] [3h]
nopasu: bets $6
betrewa: calls $3.70 and is all-in
Uncalled bet ($2.30) returned to nopasu
*** SHOW DOWN ***
nopasu: shows [8d 7h] (high card Ace)
betrewa: shows [2h 6c] (high card Ace - lower kicker)
nopasu collected $36.90 from pot
*** SUMMARY ***
Total pot $37.40 | Rake $0.50
Board [Tc 4d Jd Ad 3h]
Seat 4: nopasu (big blind) showed [8d 7h] and won ($36.90) with high card Ace
Seat 6: betrewa (button) (small blind) showed [2h 6c] and lost with high card Ace


PokerStars Hand #156655989557:  Hold'em Limit ($3/$6 USD) - 2016/07/30 19:20:27 ET
Table 'Delphinus II' 10-max Seat #7 is the button
Seat 3: Jabo0001 ($116.24 in chips)
Seat 7: TinaTurner72 ($120 in chips)
TinaTurner72: posts small blind $1
Jabo0001: posts big blind $3
*** HOLE CARDS ***
TinaTurner72: raises $3 to $6
Jabo0001: folds
Uncalled bet ($3) returned to TinaTurner72
TinaTurner72 collected $6 from pot
TinaTurner72: doesn't show hand
*** SUMMARY ***
Total pot $6 | Rake $0
Seat 3: Jabo0001 (big blind) folded before Flop
Seat 7: TinaTurner72 (button) (small blind) collected ($6)


PokerStars Hand #156655994223:  Hold'em Limit ($3/$6 USD) - 2016/07/30 19:20:35 ET
Table 'Delphinus II' 10-max Seat #3 is the button
Seat 3: Jabo0001 ($113.24 in chips)
Seat 7: TinaTurner72 ($123 in chips)
Jabo0001: posts small blind $1
TinaTurner72: posts big blind $3
*** HOLE CARDS ***
Jabo0001: calls $2
TinaTurner72: raises $3 to $6
Jabo0001: calls $3
*** FLOP *** [Jc 5h 3s]
TinaTurner72: bets $3
Jabo0001: calls $3
*** TURN *** [Jc 5h 3s] [3d]
TinaTurner72: bets $6
Jabo0001: raises $6 to $12
TinaTurner72: calls $6
*** RIVER *** [Jc 5h 3s 3d] [9d]
TinaTurner72: checks
Jabo0001: bets $6
TinaTurner72: calls $6
*** SHOW DOWN ***
Jabo0001: shows [Js 6d] (two pair, Jacks and Threes)
TinaTurner72: mucks hand
Jabo0001 collected $53.50 from pot
*** SUMMARY ***
Total pot $54 | Rake $0.50
Board [Jc 5h 3s 3d 9d]
Seat 3: Jabo0001 (button) (small blind) showed [Js 6d] and won ($53.50) with two pair, Jacks and Threes
Seat 7: TinaTurner72 (big blind) mucked


