PokerStars Hand #169688064376:  Hold'em Limit ($3/$6 USD) - 2017/04/28 17:14:19 ET
Table 'Delvaux' 6-max Seat #6 is the button
Seat 4: zxkz ($120.28 in chips)
Seat 6: eVoLuTiOn.rM ($171.75 in chips)
deluxe will be allowed to play after the button
eVoLuTiOn.rM: posts small blind $1
zxkz: posts big blind $3
*** HOLE CARDS ***
ToDaFelt joins the table at seat #1
eVoLuTiOn.rM: calls $2
zxkz: checks
*** FLOP *** [Qd Kh 5c]
zxkz: bets $3
eVoLuTiOn.rM: calls $3
*** TURN *** [Qd Kh 5c] [2h]
zxkz: checks
eVoLuTiOn.rM: bets $6
zxkz: calls $6
*** RIVER *** [Qd Kh 5c 2h] [Js]
zxkz: checks
eVoLuTiOn.rM: bets $6
zxkz: folds
Uncalled bet ($6) returned to eVoLuTiOn.rM
eVoLuTiOn.rM collected $23.52 from pot
eVoLuTiOn.rM: doesn't show hand
*** SUMMARY ***
Total pot $24 | Rake $0.48
Board [Qd Kh 5c 2h Js]
Seat 4: zxkz (big blind) folded on the River
Seat 6: eVoLuTiOn.rM (button) (small blind) collected ($23.52)


PokerStars Hand #169688581777:  Hold'em Limit ($3/$6 USD) - 2017/04/28 17:24:41 ET
Table 'Delvaux' 6-max Seat #5 is the button
Seat 2: %Lijn5% ($110.72 in chips)
Seat 5: deluxe ($99.77 in chips)
Chessnok will be allowed to play after the button
deluxe: posts small blind $1
ToDaFelt: is sitting out
%Lijn5%: posts big blind $3
*** HOLE CARDS ***
deluxe: raises $3 to $6
%Lijn5%: calls $3
*** FLOP *** [Th 8h 2s]
%Lijn5%: checks
deluxe: bets $3
ToDaFelt leaves the table
vestimokrec leaves the table
%Lijn5%: folds
Uncalled bet ($3) returned to deluxe
deluxe collected $11.76 from pot
*** SUMMARY ***
Total pot $12 | Rake $0.24
Board [Th 8h 2s]
Seat 2: %Lijn5% (big blind) folded on the Flop
Seat 5: deluxe (button) (small blind) collected ($11.76)


