PokerStars Hand #159680011669:  Hold'em Limit ($3/$6 USD) - 2016/10/09 6:34:31 ET
Table 'Delvaux' 6-max Seat #1 is the button
Seat 1: VoldsomAbe ($134.50 in chips)
Seat 4: VolkovDmitri ($134.50 in chips)
VoldsomAbe: posts small blind $1
VolkovDmitri: posts big blind $3
*** HOLE CARDS ***
AllanW joins the table at seat #5
VoldsomAbe: raises $3 to $6
VolkovDmitri: folds
Uncalled bet ($3) returned to VoldsomAbe
VoldsomAbe collected $6 from pot
VoldsomAbe: doesn't show hand
*** SUMMARY ***
Total pot $6 | Rake $0
Seat 1: VoldsomAbe (button) (small blind) collected ($6)
Seat 4: VolkovDmitri (big blind) folded before Flop


PokerStars Hand #159679998945:  Hold'em Limit ($3/$6 USD) - 2016/10/09 6:34:03 ET
Table 'Delvaux' 6-max Seat #4 is the button
Seat 1: VoldsomAbe ($120 in chips)
Seat 4: VolkovDmitri ($149.50 in chips)
VolkovDmitri: posts small blind $1
VoldsomAbe: posts big blind $3
*** HOLE CARDS ***
VolkovDmitri: raises $3 to $6
VoldsomAbe: calls $3
*** FLOP *** [Jh 9h 6h]
VoldsomAbe: checks
VolkovDmitri: bets $3
VoldsomAbe: calls $3
*** TURN *** [Jh 9h 6h] [9c]
VoldsomAbe: checks
VolkovDmitri: checks
*** RIVER *** [Jh 9h 6h 9c] [8d]
VoldsomAbe: bets $6
VolkovDmitri: calls $6
*** SHOW DOWN ***
VoldsomAbe: shows [5h 3h] (a flush, Jack high)
VolkovDmitri: mucks hand
VoldsomAbe collected $29.50 from pot
*** SUMMARY ***
Total pot $30 | Rake $0.50
Board [Jh 9h 6h 9c 8d]
Seat 1: VoldsomAbe (big blind) showed [5h 3h] and won ($29.50) with a flush, Jack high
Seat 4: VolkovDmitri (button) (small blind) mucked


PokerStars Hand #159679980377:  Hold'em Limit ($3/$6 USD) - 2016/10/09 6:33:23 ET
Table 'Delvaux' 6-max Seat #1 is the button
Seat 1: VoldsomAbe ($150 in chips)
Seat 4: VolkovDmitri ($120 in chips)
VoldsomAbe: posts small blind $1
VolkovDmitri: posts big blind $3
*** HOLE CARDS ***
VoldsomAbe: raises $3 to $6
VolkovDmitri: raises $3 to $9
VoldsomAbe: raises $3 to $12
Betting is capped
VolkovDmitri: calls $3
*** FLOP *** [Kc 9d 8s]
VolkovDmitri: checks
VoldsomAbe: bets $3
VolkovDmitri: raises $3 to $6
VoldsomAbe: calls $3
*** TURN *** [Kc 9d 8s] [5c]
VolkovDmitri: bets $6
VoldsomAbe: calls $6
*** RIVER *** [Kc 9d 8s 5c] [Js]
VolkovDmitri: bets $6
VoldsomAbe: calls $6
*** SHOW DOWN ***
VolkovDmitri: shows [Kd Th] (a pair of Kings)
VoldsomAbe: mucks hand
VolkovDmitri collected $59.50 from pot
*** SUMMARY ***
Total pot $60 | Rake $0.50
Board [Kc 9d 8s 5c Js]
Seat 1: VoldsomAbe (button) (small blind) mucked
Seat 4: VolkovDmitri (big blind) showed [Kd Th] and won ($59.50) with a pair of Kings


PokerStars Hand #159680109942:  Hold'em Limit ($3/$6 USD) - 2016/10/09 6:38:03 ET
Table 'Delvaux' 6-max Seat #5 is the button
Seat 2: komornik ($136.89 in chips)
Seat 5: AllanW ($83.10 in chips)
AllanW: posts small blind $1
komornik: posts big blind $3
*** HOLE CARDS ***
AllanW: raises $3 to $6
komornik: folds
Uncalled bet ($3) returned to AllanW
AllanW collected $6 from pot
AllanW: doesn't show hand
*** SUMMARY ***
Total pot $6 | Rake $0
Seat 2: komornik (big blind) folded before Flop
Seat 5: AllanW (button) (small blind) collected ($6)


PokerStars Hand #159680114268:  Hold'em Limit ($3/$6 USD) - 2016/10/09 6:38:12 ET
Table 'Delvaux' 6-max Seat #2 is the button
Seat 2: komornik ($133.89 in chips)
Seat 5: AllanW ($86.10 in chips)
komornik: posts small blind $1
AllanW: posts big blind $3
*** HOLE CARDS ***
VolkovDmitri leaves the table
komornik: raises $3 to $6
AllanW: calls $3
*** FLOP *** [Ad 6d 2h]
AllanW: checks
komornik: bets $3
AllanW: calls $3
*** TURN *** [Ad 6d 2h] [5d]
AllanW: checks
VoldsomAbe was removed from the table for failing to post
komornik: checks
*** RIVER *** [Ad 6d 2h 5d] [Ac]
AllanW: checks
komornik: checks
*** SHOW DOWN ***
AllanW: shows [8c Kh] (a pair of Aces)
komornik: mucks hand
AllanW collected $17.64 from pot
*** SUMMARY ***
Total pot $18 | Rake $0.36
Board [Ad 6d 2h 5d Ac]
Seat 2: komornik (button) (small blind) mucked
Seat 5: AllanW (big blind) showed [8c Kh] and won ($17.64) with a pair of Aces


PokerStars Hand #159680125331:  Hold'em Limit ($3/$6 USD) - 2016/10/09 6:38:36 ET
Table 'Delvaux' 6-max Seat #5 is the button
Seat 2: komornik ($124.89 in chips)
Seat 5: AllanW ($94.74 in chips)
AllanW: posts small blind $1
komornik: posts big blind $3
*** HOLE CARDS ***
AllanW: raises $3 to $6
komornik: calls $3
*** FLOP *** [7c 4h 9d]
komornik: checks
AllanW: checks
*** TURN *** [7c 4h 9d] [5h]
komornik: checks
AllanW: bets $6
komornik: folds
Uncalled bet ($6) returned to AllanW
AllanW collected $11.76 from pot
AllanW: doesn't show hand
*** SUMMARY ***
Total pot $12 | Rake $0.24
Board [7c 4h 9d 5h]
Seat 2: komornik (big blind) folded on the Turn
Seat 5: AllanW (button) (small blind) collected ($11.76)


PokerStars Hand #159680144253:  Hold'em Limit ($3/$6 USD) - 2016/10/09 6:39:16 ET
Table 'Delvaux' 6-max Seat #5 is the button
Seat 2: komornik ($103.89 in chips)
Seat 5: AllanW ($115 in chips)
AllanW: posts small blind $1
komornik: posts big blind $3
*** HOLE CARDS ***
AllanW: raises $3 to $6
komornik: folds
Uncalled bet ($3) returned to AllanW
AllanW collected $6 from pot
AllanW: doesn't show hand
*** SUMMARY ***
Total pot $6 | Rake $0
Seat 2: komornik (big blind) folded before Flop
Seat 5: AllanW (button) (small blind) collected ($6)


PokerStars Hand #159680133956:  Hold'em Limit ($3/$6 USD) - 2016/10/09 6:38:54 ET
Table 'Delvaux' 6-max Seat #2 is the button
Seat 2: komornik ($118.89 in chips)
Seat 5: AllanW ($100.50 in chips)
komornik: posts small blind $1
AllanW: posts big blind $3
*** HOLE CARDS ***
komornik: raises $3 to $6
AllanW: calls $3
*** FLOP *** [9h 5h 7s]
AllanW: checks
komornik: bets $3
AllanW: calls $3
*** TURN *** [9h 5h 7s] [Jd]
AllanW: checks
komornik: checks
*** RIVER *** [9h 5h 7s Jd] [7d]
AllanW: bets $6
komornik: calls $6
*** SHOW DOWN ***
AllanW: shows [5s Kc] (two pair, Sevens and Fives)
komornik: mucks hand
AllanW collected $29.50 from pot
*** SUMMARY ***
Total pot $30 | Rake $0.50
Board [9h 5h 7s Jd 7d]
Seat 2: komornik (button) (small blind) mucked
Seat 5: AllanW (big blind) showed [5s Kc] and won ($29.50) with two pair, Sevens and Fives


