PokerStars Hand #168878490523:  Hold'em Limit ($3/$6 USD) - 2017/04/11 4:45:29 ET
Table 'Dembowska II' 6-max Seat #2 is the button
Seat 2: Donald ($120 in chips)
Seat 3: Whatze Phuck ($120 in chips)
Donald: posts small blind $1
Whatze Phuck: posts big blind $3
*** HOLE CARDS ***
Donald: raises $3 to $6
Whatze Phuck: calls $3
*** FLOP *** [3h Tc Kd]
Whatze Phuck: checks
Donald: bets $3
Whatze Phuck: raises $3 to $6
Donald: calls $3
*** TURN *** [3h Tc Kd] [7c]
Whatze Phuck: bets $6
MTails leaves the table
Donald: calls $6
*** RIVER *** [3h Tc Kd 7c] [Jc]
Whatze Phuck: bets $6
Donald: calls $6
*** SHOW DOWN ***
Whatze Phuck: shows [Ks 2d] (a pair of Kings)
Donald: mucks hand
Whatze Phuck collected $47.50 from pot
*** SUMMARY ***
Total pot $48 | Rake $0.50
Board [3h Tc Kd 7c Jc]
Seat 2: Donald (button) (small blind) mucked
Seat 3: Whatze Phuck (big blind) showed [Ks 2d] and won ($47.50) with a pair of Kings


PokerStars Hand #168878498802:  Hold'em Limit ($3/$6 USD) - 2017/04/11 4:45:53 ET
Table 'Dembowska II' 6-max Seat #3 is the button
Seat 2: Donald ($96 in chips)
Seat 3: Whatze Phuck ($143.50 in chips)
Whatze Phuck: posts small blind $1
Donald: posts big blind $3
*** HOLE CARDS ***
Whatze Phuck: raises $3 to $6
Donald: raises $3 to $9
Whatze Phuck: calls $3
*** FLOP *** [Qh 8h 5c]
Donald: checks
Whatze Phuck: bets $3
Donald: calls $3
*** TURN *** [Qh 8h 5c] [6s]
Donald: checks
Whatze Phuck: bets $6
Donald: calls $6
*** RIVER *** [Qh 8h 5c 6s] [As]
Donald: bets $6
Whatze Phuck: calls $6
*** SHOW DOWN ***
Donald: shows [Kc Ad] (a pair of Aces)
Whatze Phuck: mucks hand
Donald collected $47.50 from pot
*** SUMMARY ***
Total pot $48 | Rake $0.50
Board [Qh 8h 5c 6s As]
Seat 2: Donald (big blind) showed [Kc Ad] and won ($47.50) with a pair of Aces
Seat 3: Whatze Phuck (button) (small blind) mucked


PokerStars Hand #168878531851:  Hold'em Limit ($3/$6 USD) - 2017/04/11 4:47:27 ET
Table 'Dembowska II' 6-max Seat #3 is the button
Seat 2: Donald ($104 in chips)
Seat 3: Whatze Phuck ($155.02 in chips)
Whatze Phuck: posts small blind $1
Donald: posts big blind $3
*** HOLE CARDS ***
Whatze Phuck: folds
Uncalled bet ($2) returned to Donald
Donald collected $2 from pot
Donald: doesn't show hand
*** SUMMARY ***
Total pot $2 | Rake $0
Seat 2: Donald (big blind) collected ($2)
Seat 3: Whatze Phuck (button) (small blind) folded before Flop


PokerStars Hand #168878510638:  Hold'em Limit ($3/$6 USD) - 2017/04/11 4:46:26 ET
Table 'Dembowska II' 6-max Seat #2 is the button
Seat 2: Donald ($119.50 in chips)
Seat 3: Whatze Phuck ($120 in chips)
Donald: posts small blind $1
Whatze Phuck: posts big blind $3
*** HOLE CARDS ***
Donald: raises $3 to $6
Whatze Phuck: raises $3 to $9
Donald: calls $3
*** FLOP *** [8h 2c Ks]
Whatze Phuck: bets $3
Donald: raises $3 to $6
Whatze Phuck: calls $3
*** TURN *** [8h 2c Ks] [Jd]
Whatze Phuck: checks
Donald: checks
*** RIVER *** [8h 2c Ks Jd] [9d]
Whatze Phuck: checks
Donald: bets $6
Whatze Phuck: calls $6
*** SHOW DOWN ***
Donald: shows [Ah Jh] (a pair of Jacks)
Whatze Phuck: mucks hand
Donald collected $41.50 from pot
*** SUMMARY ***
Total pot $42 | Rake $0.50
Board [8h 2c Ks Jd 9d]
Seat 2: Donald (button) (small blind) showed [Ah Jh] and won ($41.50) with a pair of Jacks
Seat 3: Whatze Phuck (big blind) mucked


PokerStars Hand #168878519625:  Hold'em Limit ($3/$6 USD) - 2017/04/11 4:46:52 ET
Table 'Dembowska II' 6-max Seat #3 is the button
Seat 2: Donald ($140 in chips)
Seat 3: Whatze Phuck ($120 in chips)
Whatze Phuck: posts small blind $1
Donald: posts big blind $3
*** HOLE CARDS ***
Whatze Phuck: raises $3 to $6
Donald: raises $3 to $9
Whatze Phuck: raises $3 to $12
Betting is capped
Donald: calls $3
*** FLOP *** [Kh 3c 6s]
Donald: checks
Whatze Phuck: bets $3
Donald: folds
Uncalled bet ($3) returned to Whatze Phuck
Whatze Phuck collected $23.52 from pot
Whatze Phuck: doesn't show hand
*** SUMMARY ***
Total pot $24 | Rake $0.48
Board [Kh 3c 6s]
Seat 2: Donald (big blind) folded on the Flop
Seat 3: Whatze Phuck (button) (small blind) collected ($23.52)


PokerStars Hand #168878524707:  Hold'em Limit ($3/$6 USD) - 2017/04/11 4:47:06 ET
Table 'Dembowska II' 6-max Seat #2 is the button
Seat 2: Donald ($128 in chips)
Seat 3: Whatze Phuck ($131.52 in chips)
Donald: posts small blind $1
Whatze Phuck: posts big blind $3
*** HOLE CARDS ***
Donald: raises $3 to $6
Whatze Phuck: raises $3 to $9
Donald: calls $3
*** FLOP *** [Qh 4d 3s]
Whatze Phuck: bets $3
Donald: calls $3
*** TURN *** [Qh 4d 3s] [Kc]
Whatze Phuck: bets $6
Donald: raises $6 to $12
Whatze Phuck: calls $6
*** RIVER *** [Qh 4d 3s Kc] [9s]
Whatze Phuck: checks
Donald: checks
*** SHOW DOWN ***
Whatze Phuck: shows [9h Qs] (two pair, Queens and Nines)
Donald: mucks hand
Whatze Phuck collected $47.50 from pot
*** SUMMARY ***
Total pot $48 | Rake $0.50
Board [Qh 4d 3s Kc 9s]
Seat 2: Donald (button) (small blind) mucked
Seat 3: Whatze Phuck (big blind) showed [9h Qs] and won ($47.50) with two pair, Queens and Nines


PokerStars Hand #168878537811:  Hold'em Limit ($3/$6 USD) - 2017/04/11 4:47:44 ET
Table 'Dembowska II' 6-max Seat #3 is the button
Seat 2: Donald ($110.76 in chips)
Seat 3: Whatze Phuck ($148.02 in chips)
Whatze Phuck: posts small blind $1
Donald: posts big blind $3
*** HOLE CARDS ***
Whatze Phuck: raises $3 to $6
Donald: calls $3
*** FLOP *** [5d Kc As]
Donald: checks
Whatze Phuck: checks
*** TURN *** [5d Kc As] [6c]
Donald: bets $6
Whatze Phuck: calls $6
*** RIVER *** [5d Kc As 6c] [9c]
Donald: bets $6
Whatze Phuck: raises $6 to $12
Donald: calls $6
*** SHOW DOWN ***
Whatze Phuck: shows [7h Ad] (a pair of Aces)
Donald: shows [Kd 5s] (two pair, Kings and Fives)
Donald collected $47.50 from pot
*** SUMMARY ***
Total pot $48 | Rake $0.50
Board [5d Kc As 6c 9c]
Seat 2: Donald (big blind) showed [Kd 5s] and won ($47.50) with two pair, Kings and Fives
Seat 3: Whatze Phuck (button) (small blind) showed [7h Ad] and lost with a pair of Aces


PokerStars Hand #168878533756:  Hold'em Limit ($3/$6 USD) - 2017/04/11 4:47:32 ET
Table 'Dembowska II' 6-max Seat #2 is the button
Seat 2: Donald ($105 in chips)
Seat 3: Whatze Phuck ($154.02 in chips)
Donald: posts small blind $1
Whatze Phuck: posts big blind $3
*** HOLE CARDS ***
Donald: raises $3 to $6
Whatze Phuck: calls $3
*** FLOP *** [Qh Th 4s]
Whatze Phuck: checks
Donald: bets $3
Whatze Phuck: folds
Uncalled bet ($3) returned to Donald
Donald collected $11.76 from pot
Donald: doesn't show hand
*** SUMMARY ***
Total pot $12 | Rake $0.24
Board [Qh Th 4s]
Seat 2: Donald (button) (small blind) collected ($11.76)
Seat 3: Whatze Phuck (big blind) folded on the Flop


PokerStars Hand #168878547740:  Hold'em Limit ($3/$6 USD) - 2017/04/11 4:48:11 ET
Table 'Dembowska II' 6-max Seat #3 is the button
Seat 2: Donald ($133.26 in chips)
Seat 3: Whatze Phuck ($125.02 in chips)
Whatze Phuck: posts small blind $1
Donald: posts big blind $3
*** HOLE CARDS ***
Whatze Phuck: folds
Uncalled bet ($2) returned to Donald
Donald collected $2 from pot
Donald: doesn't show hand
*** SUMMARY ***
Total pot $2 | Rake $0
Seat 2: Donald (big blind) collected ($2)
Seat 3: Whatze Phuck (button) (small blind) folded before Flop


PokerStars Hand #168878545776:  Hold'em Limit ($3/$6 USD) - 2017/04/11 4:48:06 ET
Table 'Dembowska II' 6-max Seat #2 is the button
Seat 2: Donald ($134.26 in chips)
Seat 3: Whatze Phuck ($124.02 in chips)
Donald: posts small blind $1
Whatze Phuck: posts big blind $3
*** HOLE CARDS ***
Donald: folds
Uncalled bet ($2) returned to Whatze Phuck
Whatze Phuck collected $2 from pot
Whatze Phuck: doesn't show hand
*** SUMMARY ***
Total pot $2 | Rake $0
Seat 2: Donald (button) (small blind) folded before Flop
Seat 3: Whatze Phuck (big blind) collected ($2)


PokerStars Hand #168878558486:  Hold'em Limit ($3/$6 USD) - 2017/04/11 4:48:41 ET
Table 'Dembowska II' 6-max Seat #3 is the button
Seat 2: Donald ($169.76 in chips)
Seat 3: Whatze Phuck ($120 in chips)
Whatze Phuck: posts small blind $1
Donald: posts big blind $3
*** HOLE CARDS ***
Whatze Phuck: raises $3 to $6
Donald: folds
Uncalled bet ($3) returned to Whatze Phuck
Whatze Phuck collected $6 from pot
Whatze Phuck: doesn't show hand
*** SUMMARY ***
Total pot $6 | Rake $0
Seat 2: Donald (big blind) folded before Flop
Seat 3: Whatze Phuck (button) (small blind) collected ($6)


PokerStars Hand #168878549409:  Hold'em Limit ($3/$6 USD) - 2017/04/11 4:48:16 ET
Table 'Dembowska II' 6-max Seat #2 is the button
Seat 2: Donald ($134.26 in chips)
Seat 3: Whatze Phuck ($124.02 in chips)
Donald: posts small blind $1
Whatze Phuck: posts big blind $3
*** HOLE CARDS ***
Donald: raises $3 to $6
Whatze Phuck: raises $3 to $9
Donald: calls $3
*** FLOP *** [Qs 2s Qc]
Whatze Phuck: bets $3
Donald: raises $3 to $6
Whatze Phuck: raises $3 to $9
Donald: calls $3
*** TURN *** [Qs 2s Qc] [5c]
Whatze Phuck: bets $6
Donald: calls $6
*** RIVER *** [Qs 2s Qc 5c] [5d]
Whatze Phuck: bets $6
Donald: raises $6 to $12
Whatze Phuck: calls $6
*** SHOW DOWN ***
Donald: shows [Qd Tc] (a full house, Queens full of Fives)
Whatze Phuck: mucks hand
Donald collected $71.50 from pot
*** SUMMARY ***
Total pot $72 | Rake $0.50
Board [Qs 2s Qc 5c 5d]
Seat 2: Donald (button) (small blind) showed [Qd Tc] and won ($71.50) with a full house, Queens full of Fives
Seat 3: Whatze Phuck (big blind) mucked


PokerStars Hand #168878567770:  Hold'em Limit ($3/$6 USD) - 2017/04/11 4:49:07 ET
Table 'Dembowska II' 6-max Seat #2 is the button
Seat 2: Donald ($162.76 in chips)
Seat 3: Whatze Phuck ($127 in chips)
Donald: posts small blind $1
Whatze Phuck: posts big blind $3
*** HOLE CARDS ***
Donald: raises $3 to $6
Whatze Phuck: calls $3
*** FLOP *** [Ad 6s 6c]
Whatze Phuck: checks
Donald: bets $3
Whatze Phuck: raises $3 to $6
Donald: folds
Uncalled bet ($3) returned to Whatze Phuck
Whatze Phuck collected $17.64 from pot
Whatze Phuck: doesn't show hand
*** SUMMARY ***
Total pot $18 | Rake $0.36
Board [Ad 6s 6c]
Seat 2: Donald (button) (small blind) folded on the Flop
Seat 3: Whatze Phuck (big blind) collected ($17.64)


PokerStars Hand #168878563333:  Hold'em Limit ($3/$6 USD) - 2017/04/11 4:48:55 ET
Table 'Dembowska II' 6-max Seat #3 is the button
Seat 2: Donald ($165.76 in chips)
Seat 3: Whatze Phuck ($124 in chips)
Whatze Phuck: posts small blind $1
Donald: posts big blind $3
*** HOLE CARDS ***
Whatze Phuck: raises $3 to $6
Donald: folds
Uncalled bet ($3) returned to Whatze Phuck
Whatze Phuck collected $6 from pot
Whatze Phuck: doesn't show hand
*** SUMMARY ***
Total pot $6 | Rake $0
Seat 2: Donald (big blind) folded before Flop
Seat 3: Whatze Phuck (button) (small blind) collected ($6)


PokerStars Hand #168878561400:  Hold'em Limit ($3/$6 USD) - 2017/04/11 4:48:50 ET
Table 'Dembowska II' 6-max Seat #2 is the button
Seat 2: Donald ($166.76 in chips)
Seat 3: Whatze Phuck ($123 in chips)
Donald: posts small blind $1
Whatze Phuck: posts big blind $3
*** HOLE CARDS ***
Donald: folds
Uncalled bet ($2) returned to Whatze Phuck
Whatze Phuck collected $2 from pot
Whatze Phuck: doesn't show hand
*** SUMMARY ***
Total pot $2 | Rake $0
Seat 2: Donald (button) (small blind) folded before Flop
Seat 3: Whatze Phuck (big blind) collected ($2)


PokerStars Hand #168878572934:  Hold'em Limit ($3/$6 USD) - 2017/04/11 4:49:22 ET
Table 'Dembowska II' 6-max Seat #3 is the button
Seat 2: Donald ($153.76 in chips)
Seat 3: Whatze Phuck ($135.64 in chips)
Whatze Phuck: posts small blind $1
Donald: posts big blind $3
*** HOLE CARDS ***
Whatze Phuck: raises $3 to $6
Donald: calls $3
*** FLOP *** [Qh Qd 2d]
Donald: checks
Whatze Phuck: bets $3
Donald: folds
Uncalled bet ($3) returned to Whatze Phuck
Whatze Phuck collected $11.76 from pot
Whatze Phuck: doesn't show hand
*** SUMMARY ***
Total pot $12 | Rake $0.24
Board [Qh Qd 2d]
Seat 2: Donald (big blind) folded on the Flop
Seat 3: Whatze Phuck (button) (small blind) collected ($11.76)


PokerStars Hand #168878577506:  Hold'em Limit ($3/$6 USD) - 2017/04/11 4:49:35 ET
Table 'Dembowska II' 6-max Seat #2 is the button
Seat 2: Donald ($147.76 in chips)
Seat 3: Whatze Phuck ($141.40 in chips)
Donald: posts small blind $1
Whatze Phuck: posts big blind $3
*** HOLE CARDS ***
Donald: raises $3 to $6
Whatze Phuck: calls $3
*** FLOP *** [9c 8s Qc]
Whatze Phuck: checks
Donald: bets $3
Whatze Phuck: folds
Uncalled bet ($3) returned to Donald
Donald collected $11.76 from pot
Donald: doesn't show hand
*** SUMMARY ***
Total pot $12 | Rake $0.24
Board [9c 8s Qc]
Seat 2: Donald (button) (small blind) collected ($11.76)
Seat 3: Whatze Phuck (big blind) folded on the Flop


PokerStars Hand #168878581878:  Hold'em Limit ($3/$6 USD) - 2017/04/11 4:49:47 ET
Table 'Dembowska II' 6-max Seat #3 is the button
Seat 2: Donald ($153.52 in chips)
Seat 3: Whatze Phuck ($135.40 in chips)
Whatze Phuck: posts small blind $1
Donald: posts big blind $3
*** HOLE CARDS ***
Whatze Phuck: raises $3 to $6
Donald: raises $3 to $9
Whatze Phuck: calls $3
*** FLOP *** [9c Ad As]
Donald: bets $3
Whatze Phuck: calls $3
*** TURN *** [9c Ad As] [5d]
Donald: checks
Whatze Phuck: bets $6
Donald: calls $6
*** RIVER *** [9c Ad As 5d] [Td]
Donald: checks
Whatze Phuck: checks
*** SHOW DOWN ***
Donald: shows [Js Kd] (a pair of Aces)
Whatze Phuck: mucks hand
Donald collected $35.50 from pot
*** SUMMARY ***
Total pot $36 | Rake $0.50
Board [9c Ad As 5d Td]
Seat 2: Donald (big blind) showed [Js Kd] and won ($35.50) with a pair of Aces
Seat 3: Whatze Phuck (button) (small blind) mucked


PokerStars Hand #168878601145:  Hold'em Limit ($3/$6 USD) - 2017/04/11 4:50:42 ET
Table 'Dembowska II' 6-max Seat #3 is the button
Seat 2: Donald ($174.02 in chips)
Seat 3: Whatze Phuck ($120 in chips)
Whatze Phuck: posts small blind $1
Donald: posts big blind $3
*** HOLE CARDS ***
Whatze Phuck: raises $3 to $6
Donald: calls $3
*** FLOP *** [Th As 2d]
Donald: checks
Whatze Phuck: bets $3
Donald: folds
Uncalled bet ($3) returned to Whatze Phuck
Whatze Phuck collected $11.76 from pot
Whatze Phuck: doesn't show hand
*** SUMMARY ***
Total pot $12 | Rake $0.24
Board [Th As 2d]
Seat 2: Donald (big blind) folded on the Flop
Seat 3: Whatze Phuck (button) (small blind) collected ($11.76)


PokerStars Hand #168878591661:  Hold'em Limit ($3/$6 USD) - 2017/04/11 4:50:15 ET
Table 'Dembowska II' 6-max Seat #2 is the button
Seat 2: Donald ($171.02 in chips)
Seat 3: Whatze Phuck ($120 in chips)
Donald: posts small blind $1
Whatze Phuck: posts big blind $3
*** HOLE CARDS ***
Donald: raises $3 to $6
Whatze Phuck: folds
Uncalled bet ($3) returned to Donald
Donald collected $6 from pot
Donald: doesn't show hand
*** SUMMARY ***
Total pot $6 | Rake $0
Seat 2: Donald (button) (small blind) collected ($6)
Seat 3: Whatze Phuck (big blind) folded before Flop


PokerStars Hand #168878611638:  Hold'em Limit ($3/$6 USD) - 2017/04/11 4:51:11 ET
Table 'Dembowska II' 6-max Seat #3 is the button
Seat 2: Donald ($176.66 in chips)
Seat 3: Whatze Phuck ($120 in chips)
Whatze Phuck: posts small blind $1
Donald: posts big blind $3
*** HOLE CARDS ***
Whatze Phuck: folds
Uncalled bet ($2) returned to Donald
Donald collected $2 from pot
Donald: doesn't show hand
*** SUMMARY ***
Total pot $2 | Rake $0
Seat 2: Donald (big blind) collected ($2)
Seat 3: Whatze Phuck (button) (small blind) folded before Flop


PokerStars Hand #168878605208:  Hold'em Limit ($3/$6 USD) - 2017/04/11 4:50:53 ET
Table 'Dembowska II' 6-max Seat #2 is the button
Seat 2: Donald ($168.02 in chips)
Seat 3: Whatze Phuck ($125.76 in chips)
Donald: posts small blind $1
Whatze Phuck: posts big blind $3
*** HOLE CARDS ***
Donald: raises $3 to $6
Whatze Phuck: calls $3
*** FLOP *** [8d Kd Ad]
Whatze Phuck: checks
Donald: bets $3
Whatze Phuck: calls $3
*** TURN *** [8d Kd Ad] [3c]
Whatze Phuck: checks
Donald: bets $6
Whatze Phuck: folds
Uncalled bet ($6) returned to Donald
Donald collected $17.64 from pot
Donald: doesn't show hand
*** SUMMARY ***
Total pot $18 | Rake $0.36
Board [8d Kd Ad 3c]
Seat 2: Donald (button) (small blind) collected ($17.64)
Seat 3: Whatze Phuck (big blind) folded on the Turn


PokerStars Hand #168878624208:  Hold'em Limit ($3/$6 USD) - 2017/04/11 4:51:46 ET
Table 'Dembowska II' 6-max Seat #3 is the button
Seat 2: Donald ($153.66 in chips)
Seat 3: Whatze Phuck ($143.50 in chips)
Whatze Phuck: posts small blind $1
Donald: posts big blind $3
*** HOLE CARDS ***
Whatze Phuck: raises $3 to $6
Donald: folds
Uncalled bet ($3) returned to Whatze Phuck
Whatze Phuck collected $6 from pot
Whatze Phuck: doesn't show hand
*** SUMMARY ***
Total pot $6 | Rake $0
Seat 2: Donald (big blind) folded before Flop
Seat 3: Whatze Phuck (button) (small blind) collected ($6)


PokerStars Hand #168878630337:  Hold'em Limit ($3/$6 USD) - 2017/04/11 4:52:03 ET
Table 'Dembowska II' 6-max Seat #3 is the button
Seat 2: Donald ($153.66 in chips)
Seat 3: Whatze Phuck ($143.50 in chips)
Whatze Phuck: posts small blind $1
Donald: posts big blind $3
*** HOLE CARDS ***
Whatze Phuck: folds
Uncalled bet ($2) returned to Donald
Donald collected $2 from pot
Donald: doesn't show hand
*** SUMMARY ***
Total pot $2 | Rake $0
Seat 2: Donald (big blind) collected ($2)
Seat 3: Whatze Phuck (button) (small blind) folded before Flop


PokerStars Hand #168878626759:  Hold'em Limit ($3/$6 USD) - 2017/04/11 4:51:53 ET
Table 'Dembowska II' 6-max Seat #2 is the button
Seat 2: Donald ($150.66 in chips)
Seat 3: Whatze Phuck ($146.50 in chips)
Donald: posts small blind $1
Whatze Phuck: posts big blind $3
*** HOLE CARDS ***
Donald: raises $3 to $6
Whatze Phuck: folds
Uncalled bet ($3) returned to Donald
Donald collected $6 from pot
Donald: doesn't show hand
*** SUMMARY ***
Total pot $6 | Rake $0
Seat 2: Donald (button) (small blind) collected ($6)
Seat 3: Whatze Phuck (big blind) folded before Flop


PokerStars Hand #168878635220:  Hold'em Limit ($3/$6 USD) - 2017/04/11 4:52:16 ET
Table 'Dembowska II' 6-max Seat #3 is the button
Seat 2: Donald ($153.66 in chips)
Seat 3: Whatze Phuck ($143.50 in chips)
Whatze Phuck: posts small blind $1
Donald: posts big blind $3
*** HOLE CARDS ***
Whatze Phuck: raises $3 to $6
Donald: folds
Uncalled bet ($3) returned to Whatze Phuck
Whatze Phuck collected $6 from pot
Whatze Phuck: doesn't show hand
*** SUMMARY ***
Total pot $6 | Rake $0
Seat 2: Donald (big blind) folded before Flop
Seat 3: Whatze Phuck (button) (small blind) collected ($6)


PokerStars Hand #168878641225:  Hold'em Limit ($3/$6 USD) - 2017/04/11 4:52:33 ET
Table 'Dembowska II' 6-max Seat #3 is the button
Seat 2: Donald ($149.66 in chips)
Seat 3: Whatze Phuck ($147.50 in chips)
Whatze Phuck: posts small blind $1
Donald: posts big blind $3
*** HOLE CARDS ***
Whatze Phuck: folds
Uncalled bet ($2) returned to Donald
Donald collected $2 from pot
Donald: doesn't show hand
*** SUMMARY ***
Total pot $2 | Rake $0
Seat 2: Donald (big blind) collected ($2)
Seat 3: Whatze Phuck (button) (small blind) folded before Flop


PokerStars Hand #168878638940:  Hold'em Limit ($3/$6 USD) - 2017/04/11 4:52:27 ET
Table 'Dembowska II' 6-max Seat #2 is the button
Seat 2: Donald ($150.66 in chips)
Seat 3: Whatze Phuck ($146.50 in chips)
Donald: posts small blind $1
Whatze Phuck: posts big blind $3
*** HOLE CARDS ***
Donald: folds
Uncalled bet ($2) returned to Whatze Phuck
Whatze Phuck collected $2 from pot
Whatze Phuck: doesn't show hand
*** SUMMARY ***
Total pot $2 | Rake $0
Seat 2: Donald (button) (small blind) folded before Flop
Seat 3: Whatze Phuck (big blind) collected ($2)


PokerStars Hand #168878632234:  Hold'em Limit ($3/$6 USD) - 2017/04/11 4:52:08 ET
Table 'Dembowska II' 6-max Seat #2 is the button
Seat 2: Donald ($154.66 in chips)
Seat 3: Whatze Phuck ($142.50 in chips)
Donald: posts small blind $1
Whatze Phuck: posts big blind $3
*** HOLE CARDS ***
Donald: folds
Uncalled bet ($2) returned to Whatze Phuck
Whatze Phuck collected $2 from pot
Whatze Phuck: doesn't show hand
*** SUMMARY ***
Total pot $2 | Rake $0
Seat 2: Donald (button) (small blind) folded before Flop
Seat 3: Whatze Phuck (big blind) collected ($2)


PokerStars Hand #168878613391:  Hold'em Limit ($3/$6 USD) - 2017/04/11 4:51:16 ET
Table 'Dembowska II' 6-max Seat #2 is the button
Seat 2: Donald ($177.66 in chips)
Seat 3: Whatze Phuck ($120 in chips)
Donald: posts small blind $1
Whatze Phuck: posts big blind $3
*** HOLE CARDS ***
Donald: raises $3 to $6
Whatze Phuck: calls $3
*** FLOP *** [Jc 7s 4h]
Whatze Phuck: checks
Donald: bets $3
Whatze Phuck: raises $3 to $6
Donald: calls $3
*** TURN *** [Jc 7s 4h] [7c]
Whatze Phuck: bets $6
Donald: calls $6
*** RIVER *** [Jc 7s 4h 7c] [9c]
Whatze Phuck: bets $6
Donald: calls $6
*** SHOW DOWN ***
Whatze Phuck: shows [7d 8s] (three of a kind, Sevens)
Donald: mucks hand
Whatze Phuck collected $47.50 from pot
*** SUMMARY ***
Total pot $48 | Rake $0.50
Board [Jc 7s 4h 7c 9c]
Seat 2: Donald (button) (small blind) mucked
Seat 3: Whatze Phuck (big blind) showed [7d 8s] and won ($47.50) with three of a kind, Sevens


PokerStars Hand #168878643051:  Hold'em Limit ($3/$6 USD) - 2017/04/11 4:52:38 ET
Table 'Dembowska II' 6-max Seat #2 is the button
Seat 2: Donald ($150.66 in chips)
Seat 3: Whatze Phuck ($146.50 in chips)
Donald: posts small blind $1
Whatze Phuck: posts big blind $3
*** HOLE CARDS ***
Donald: raises $3 to $6
Whatze Phuck: raises $3 to $9
Donald: calls $3
*** FLOP *** [Kd 8s 9s]
Whatze Phuck: bets $3
Donald: calls $3
*** TURN *** [Kd 8s 9s] [Js]
Whatze Phuck: bets $6
Donald: calls $6
*** RIVER *** [Kd 8s 9s Js] [Tc]
Whatze Phuck: checks
Donald: bets $6
Whatze Phuck: calls $6
*** SHOW DOWN ***
Donald: shows [8h Qd] (a straight, Nine to King)
Whatze Phuck: mucks hand
Donald collected $47.50 from pot
*** SUMMARY ***
Total pot $48 | Rake $0.50
Board [Kd 8s 9s Js Tc]
Seat 2: Donald (button) (small blind) showed [8h Qd] and won ($47.50) with a straight, Nine to King
Seat 3: Whatze Phuck (big blind) mucked


PokerStars Hand #168878649869:  Hold'em Limit ($3/$6 USD) - 2017/04/11 4:52:57 ET
Table 'Dembowska II' 6-max Seat #3 is the button
Seat 2: Donald ($174.16 in chips)
Seat 3: Whatze Phuck ($122.50 in chips)
Whatze Phuck: posts small blind $1
Donald: posts big blind $3
*** HOLE CARDS ***
Whatze Phuck: folds
Uncalled bet ($2) returned to Donald
Donald collected $2 from pot
Donald: doesn't show hand
*** SUMMARY ***
Total pot $2 | Rake $0
Seat 2: Donald (big blind) collected ($2)
Seat 3: Whatze Phuck (button) (small blind) folded before Flop


PokerStars Hand #168878657111:  Hold'em Limit ($3/$6 USD) - 2017/04/11 4:53:18 ET
Table 'Dembowska II' 6-max Seat #3 is the button
Seat 2: Donald ($169.16 in chips)
Seat 3: Whatze Phuck ($127.26 in chips)
Whatze Phuck: posts small blind $1
Donald: posts big blind $3
*** HOLE CARDS ***
Whatze Phuck: raises $3 to $6
Donald: raises $3 to $9
Whatze Phuck: calls $3
*** FLOP *** [Ac 6h 3h]
Donald: bets $3
Whatze Phuck: folds
Uncalled bet ($3) returned to Donald
Donald collected $17.64 from pot
Donald: doesn't show hand
*** SUMMARY ***
Total pot $18 | Rake $0.36
Board [Ac 6h 3h]
Seat 2: Donald (big blind) collected ($17.64)
Seat 3: Whatze Phuck (button) (small blind) folded on the Flop


PokerStars Hand #168878651452:  Hold'em Limit ($3/$6 USD) - 2017/04/11 4:53:02 ET
Table 'Dembowska II' 6-max Seat #2 is the button
Seat 2: Donald ($175.16 in chips)
Seat 3: Whatze Phuck ($121.50 in chips)
Donald: posts small blind $1
Whatze Phuck: posts big blind $3
*** HOLE CARDS ***
Donald: raises $3 to $6
Whatze Phuck: calls $3
*** FLOP *** [7h Ts 8c]
Whatze Phuck: checks
Donald: checks
*** TURN *** [7h Ts 8c] [Jh]
Whatze Phuck: bets $6
Donald: folds
Uncalled bet ($6) returned to Whatze Phuck
Whatze Phuck collected $11.76 from pot
Whatze Phuck: doesn't show hand
*** SUMMARY ***
Total pot $12 | Rake $0.24
Board [7h Ts 8c Jh]
Seat 2: Donald (button) (small blind) folded on the Turn
Seat 3: Whatze Phuck (big blind) collected ($11.76)


PokerStars Hand #168878663910:  Hold'em Limit ($3/$6 USD) - 2017/04/11 4:53:37 ET
Table 'Dembowska II' 6-max Seat #2 is the button
Seat 2: Donald ($177.80 in chips)
Seat 3: Whatze Phuck ($120 in chips)
Donald: posts small blind $1
Whatze Phuck: posts big blind $3
*** HOLE CARDS ***
Donald: folds
Uncalled bet ($2) returned to Whatze Phuck
Whatze Phuck collected $2 from pot
Whatze Phuck: doesn't show hand
*** SUMMARY ***
Total pot $2 | Rake $0
Seat 2: Donald (button) (small blind) folded before Flop
Seat 3: Whatze Phuck (big blind) collected ($2)


PokerStars Hand #168878665571:  Hold'em Limit ($3/$6 USD) - 2017/04/11 4:53:41 ET
Table 'Dembowska II' 6-max Seat #3 is the button
Seat 2: Donald ($176.80 in chips)
Seat 3: Whatze Phuck ($121 in chips)
Whatze Phuck: posts small blind $1
Donald: posts big blind $3
*** HOLE CARDS ***
Whatze Phuck: raises $3 to $6
Donald: raises $3 to $9
ixstill joins the table at seat #5
Whatze Phuck: calls $3
*** FLOP *** [3s 7c 4d]
Donald: bets $3
Whatze Phuck: calls $3
*** TURN *** [3s 7c 4d] [Ac]
Donald: bets $6
Whatze Phuck: raises $6 to $12
Donald: folds
Uncalled bet ($6) returned to Whatze Phuck
Whatze Phuck collected $35.50 from pot
Whatze Phuck: doesn't show hand
*** SUMMARY ***
Total pot $36 | Rake $0.50
Board [3s 7c 4d Ac]
Seat 2: Donald (big blind) folded on the Turn
Seat 3: Whatze Phuck (button) (small blind) collected ($35.50)


PokerStars Hand #168878672435:  Hold'em Limit ($3/$6 USD) - 2017/04/11 4:54:00 ET
Table 'Dembowska II' 6-max Seat #2 is the button
Seat 2: Donald ($158.80 in chips)
Seat 3: Whatze Phuck ($138.50 in chips)
Donald: posts small blind $1
Whatze Phuck: posts big blind $3
*** HOLE CARDS ***
Donald: raises $3 to $6
Whatze Phuck: calls $3
*** FLOP *** [4h 6c Qh]
Whatze Phuck: checks
Donald: bets $3
Whatze Phuck: calls $3
*** TURN *** [4h 6c Qh] [9s]
Whatze Phuck: checks
Donald: bets $6
Whatze Phuck: folds
Uncalled bet ($6) returned to Donald
Donald collected $17.64 from pot
Donald: doesn't show hand
*** SUMMARY ***
Total pot $18 | Rake $0.36
Board [4h 6c Qh 9s]
Seat 2: Donald (button) (small blind) collected ($17.64)
Seat 3: Whatze Phuck (big blind) folded on the Turn


PokerStars Hand #168878713408:  Hold'em Limit ($3/$6 USD) - 2017/04/11 4:55:59 ET
Table 'Dembowska II' 6-max Seat #2 is the button
Seat 2: Donald ($192.61 in chips)
Seat 3: Whatze Phuck ($155.01 in chips)
Donald: posts small blind $1
Whatze Phuck: posts big blind $3
*** HOLE CARDS ***
Donald: raises $3 to $6
Whatze Phuck: folds
Uncalled bet ($3) returned to Donald
Donald collected $6 from pot
Donald: doesn't show hand
*** SUMMARY ***
Total pot $6 | Rake $0
Seat 2: Donald (button) (small blind) collected ($6)
Seat 3: Whatze Phuck (big blind) folded before Flop


PokerStars Hand #168878711332:  Hold'em Limit ($3/$6 USD) - 2017/04/11 4:55:53 ET
Table 'Dembowska II' 6-max Seat #3 is the button
Seat 2: Donald ($195.61 in chips)
Seat 3: Whatze Phuck ($152.01 in chips)
Whatze Phuck: posts small blind $1
Donald: posts big blind $3
*** HOLE CARDS ***
Whatze Phuck: raises $3 to $6
Donald: folds
Uncalled bet ($3) returned to Whatze Phuck
Whatze Phuck collected $6 from pot
Whatze Phuck: doesn't show hand
*** SUMMARY ***
Total pot $6 | Rake $0
Seat 2: Donald (big blind) folded before Flop
Seat 3: Whatze Phuck (button) (small blind) collected ($6)


PokerStars Hand #168878727689:  Hold'em Limit ($3/$6 USD) - 2017/04/11 4:56:43 ET
Table 'Dembowska II' 6-max Seat #2 is the button
Seat 2: Donald ($171.61 in chips)
Seat 3: Whatze Phuck ($175.51 in chips)
Donald: posts small blind $1
Whatze Phuck: posts big blind $3
*** HOLE CARDS ***
Donald: folds
Uncalled bet ($2) returned to Whatze Phuck
Whatze Phuck collected $2 from pot
Whatze Phuck: doesn't show hand
*** SUMMARY ***
Total pot $2 | Rake $0
Seat 2: Donald (button) (small blind) folded before Flop
Seat 3: Whatze Phuck (big blind) collected ($2)


PokerStars Hand #168878716179:  Hold'em Limit ($3/$6 USD) - 2017/04/11 4:56:08 ET
Table 'Dembowska II' 6-max Seat #3 is the button
Seat 2: Donald ($195.61 in chips)
Seat 3: Whatze Phuck ($152.01 in chips)
Whatze Phuck: posts small blind $1
Donald: posts big blind $3
*** HOLE CARDS ***
Whatze Phuck: raises $3 to $6
Donald: calls $3
*** FLOP *** [Qc 5s Jc]
Donald: checks
Whatze Phuck: bets $3
Donald: raises $3 to $6
Whatze Phuck: calls $3
*** TURN *** [Qc 5s Jc] [4d]
Donald: bets $6
Whatze Phuck: raises $6 to $12
Donald: calls $6
*** RIVER *** [Qc 5s Jc 4d] [Qs]
Donald: checks
Whatze Phuck: checks
*** SHOW DOWN ***
Donald: shows [3c Tc] (a pair of Queens)
Whatze Phuck: shows [Ks 3s] (a pair of Queens - King kicker)
Whatze Phuck collected $47.50 from pot
*** SUMMARY ***
Total pot $48 | Rake $0.50
Board [Qc 5s Jc 4d Qs]
Seat 2: Donald (big blind) showed [3c Tc] and lost with a pair of Queens
Seat 3: Whatze Phuck (button) (small blind) showed [Ks 3s] and won ($47.50) with a pair of Queens


PokerStars Hand #168879471280:  Hold'em Limit ($3/$6 USD) - 2017/04/11 5:29:30 ET
Table 'Dembowska II' 6-max Seat #2 is the button
Seat 2: Donald ($77.09 in chips)
Seat 3: Whatze Phuck ($272.97 in chips)
Donald: posts small blind $1
Whatze Phuck: posts big blind $3
*** HOLE CARDS ***
Donald: raises $3 to $6
Whatze Phuck: folds
Uncalled bet ($3) returned to Donald
Donald collected $6 from pot
Donald: doesn't show hand
*** SUMMARY ***
Total pot $6 | Rake $0
Seat 2: Donald (button) (small blind) collected ($6)
Seat 3: Whatze Phuck (big blind) folded before Flop


PokerStars Hand #168879467845:  Hold'em Limit ($3/$6 USD) - 2017/04/11 5:29:21 ET
Table 'Dembowska II' 6-max Seat #3 is the button
Seat 2: Donald ($80.09 in chips)
Seat 3: Whatze Phuck ($269.97 in chips)
Whatze Phuck: posts small blind $1
Donald: posts big blind $3
*** HOLE CARDS ***
Whatze Phuck: raises $3 to $6
Donald: folds
Uncalled bet ($3) returned to Whatze Phuck
Whatze Phuck collected $6 from pot
Whatze Phuck: doesn't show hand
*** SUMMARY ***
Total pot $6 | Rake $0
Seat 2: Donald (big blind) folded before Flop
Seat 3: Whatze Phuck (button) (small blind) collected ($6)


PokerStars Hand #168879465689:  Hold'em Limit ($3/$6 USD) - 2017/04/11 5:29:16 ET
Table 'Dembowska II' 6-max Seat #2 is the button
Seat 2: Donald ($81.09 in chips)
Seat 3: Whatze Phuck ($268.97 in chips)
Donald: posts small blind $1
Whatze Phuck: posts big blind $3
*** HOLE CARDS ***
Donald: folds
Uncalled bet ($2) returned to Whatze Phuck
Whatze Phuck collected $2 from pot
Whatze Phuck: doesn't show hand
*** SUMMARY ***
Total pot $2 | Rake $0
Seat 2: Donald (button) (small blind) folded before Flop
Seat 3: Whatze Phuck (big blind) collected ($2)


PokerStars Hand #168879458266:  Hold'em Limit ($3/$6 USD) - 2017/04/11 5:28:57 ET
Table 'Dembowska II' 6-max Seat #3 is the button
Seat 2: Donald ($69.57 in chips)
Seat 3: Whatze Phuck ($280.97 in chips)
Whatze Phuck: posts small blind $1
Donald: posts big blind $3
*** HOLE CARDS ***
Whatze Phuck: raises $3 to $6
Donald: raises $3 to $9
DePokeraap leaves the table
Whatze Phuck: calls $3
*** FLOP *** [7h 3d 5d]
Donald: bets $3
Whatze Phuck: calls $3
*** TURN *** [7h 3d 5d] [Qc]
Donald: bets $6
Whatze Phuck: folds
Uncalled bet ($6) returned to Donald
Donald collected $23.52 from pot
Donald: doesn't show hand
*** SUMMARY ***
Total pot $24 | Rake $0.48
Board [7h 3d 5d Qc]
Seat 2: Donald (big blind) collected ($23.52)
Seat 3: Whatze Phuck (button) (small blind) folded on the Turn


