PokerStars Hand #144851707876:  Hold'em Limit ($3/$6 USD) - 2015/12/05 6:41:52 ET
Table 'Demeter' 2-max Seat #1 is the button
Seat 1: jl45259071 ($195.42 in chips)
Seat 2: krossguard ($123.76 in chips)
jl45259071: posts small blind $1
krossguard: posts big blind $3
*** HOLE CARDS ***
jl45259071: raises $3 to $6
krossguard: calls $3
*** FLOP *** [2c 5c Kd]
krossguard: checks
jl45259071: bets $3
krossguard: calls $3
*** TURN *** [2c 5c Kd] [9c]
krossguard: checks
jl45259071: checks
*** RIVER *** [2c 5c Kd 9c] [5s]
krossguard: bets $6
jl45259071: calls $6
*** SHOW DOWN ***
krossguard: shows [Qc 5h] (three of a kind, Fives)
jl45259071: mucks hand
krossguard collected $29.50 from pot
*** SUMMARY ***
Total pot $30 | Rake $0.50
Board [2c 5c Kd 9c 5s]
Seat 1: jl45259071 (button) (small blind) mucked
Seat 2: krossguard (big blind) showed [Qc 5h] and won ($29.50) with three of a kind, Fives


PokerStars Hand #144851704587:  Hold'em Limit ($3/$6 USD) - 2015/12/05 6:41:46 ET
Table 'Demeter' 2-max Seat #2 is the button
Seat 1: jl45259071 ($194.42 in chips)
Seat 2: krossguard ($124.76 in chips)
krossguard: posts small blind $1
jl45259071: posts big blind $3
*** HOLE CARDS ***
krossguard: folds
Uncalled bet ($2) returned to jl45259071
jl45259071 collected $2 from pot
*** SUMMARY ***
Total pot $2 | Rake $0
Seat 1: jl45259071 (big blind) collected ($2)
Seat 2: krossguard (button) (small blind) folded before Flop


PokerStars Hand #144851743227:  Hold'em Limit ($3/$6 USD) - 2015/12/05 6:43:00 ET
Table 'Demeter' 2-max Seat #1 is the button
Seat 1: jl45259071 ($195.68 in chips)
Seat 2: krossguard ($121.66 in chips)
jl45259071: posts small blind $1
krossguard: posts big blind $3
*** HOLE CARDS ***
jl45259071: raises $3 to $6
krossguard: calls $3
*** FLOP *** [Tc 6c Jc]
krossguard: checks
jl45259071: bets $3
krossguard: raises $3 to $6
jl45259071: folds
Uncalled bet ($3) returned to krossguard
krossguard collected $17.64 from pot
krossguard: doesn't show hand
*** SUMMARY ***
Total pot $18 | Rake $0.36
Board [Tc 6c Jc]
Seat 1: jl45259071 (button) (small blind) folded on the Flop
Seat 2: krossguard (big blind) collected ($17.64)


PokerStars Hand #144851736185:  Hold'em Limit ($3/$6 USD) - 2015/12/05 6:42:46 ET
Table 'Demeter' 2-max Seat #2 is the button
Seat 1: jl45259071 ($172.18 in chips)
Seat 2: krossguard ($145.66 in chips)
krossguard: posts small blind $1
jl45259071: posts big blind $3
*** HOLE CARDS ***
krossguard: raises $3 to $6
jl45259071: calls $3
*** FLOP *** [6d 4s 9s]
jl45259071: checks
krossguard: bets $3
jl45259071: raises $3 to $6
krossguard: calls $3
*** TURN *** [6d 4s 9s] [7s]
jl45259071: bets $6
krossguard: calls $6
*** RIVER *** [6d 4s 9s 7s] [Qs]
jl45259071: bets $6
krossguard: calls $6
*** SHOW DOWN ***
jl45259071: shows [8s Th] (a flush, Queen high)
krossguard: mucks hand
jl45259071 collected $47.50 from pot
*** SUMMARY ***
Total pot $48 | Rake $0.50
Board [6d 4s 9s 7s Qs]
Seat 1: jl45259071 (big blind) showed [8s Th] and won ($47.50) with a flush, Queen high
Seat 2: krossguard (button) (small blind) mucked


PokerStars Hand #144851730424:  Hold'em Limit ($3/$6 USD) - 2015/12/05 6:42:35 ET
Table 'Demeter' 2-max Seat #1 is the button
Seat 1: jl45259071 ($166.42 in chips)
Seat 2: krossguard ($151.66 in chips)
jl45259071: posts small blind $1
krossguard: posts big blind $3
*** HOLE CARDS ***
jl45259071: calls $2
krossguard: checks
*** FLOP *** [3s Ks Ad]
krossguard: bets $3
jl45259071: raises $3 to $6
krossguard: folds
Uncalled bet ($3) returned to jl45259071
jl45259071 collected $11.76 from pot
jl45259071: doesn't show hand
*** SUMMARY ***
Total pot $12 | Rake $0.24
Board [3s Ks Ad]
Seat 1: jl45259071 (button) (small blind) collected ($11.76)
Seat 2: krossguard (big blind) folded on the Flop


PokerStars Hand #144851727720:  Hold'em Limit ($3/$6 USD) - 2015/12/05 6:42:30 ET
Table 'Demeter' 2-max Seat #2 is the button
Seat 1: jl45259071 ($165.42 in chips)
Seat 2: krossguard ($152.66 in chips)
krossguard: posts small blind $1
jl45259071: posts big blind $3
*** HOLE CARDS ***
krossguard: folds
Uncalled bet ($2) returned to jl45259071
jl45259071 collected $2 from pot
jl45259071: doesn't show hand
*** SUMMARY ***
Total pot $2 | Rake $0
Seat 1: jl45259071 (big blind) collected ($2)
Seat 2: krossguard (button) (small blind) folded before Flop


PokerStars Hand #144851720490:  Hold'em Limit ($3/$6 USD) - 2015/12/05 6:42:16 ET
Table 'Demeter' 2-max Seat #1 is the button
Seat 1: jl45259071 ($171.42 in chips)
Seat 2: krossguard ($146.90 in chips)
jl45259071: posts small blind $1
krossguard: posts big blind $3
*** HOLE CARDS ***
jl45259071: calls $2
krossguard: checks
*** FLOP *** [5d Qd 6s]
krossguard: checks
jl45259071: bets $3
krossguard: calls $3
*** TURN *** [5d Qd 6s] [8d]
krossguard: checks
jl45259071: checks
*** RIVER *** [5d Qd 6s 8d] [5h]
krossguard: bets $6
jl45259071: folds
Uncalled bet ($6) returned to krossguard
krossguard collected $11.76 from pot
krossguard: doesn't show hand
*** SUMMARY ***
Total pot $12 | Rake $0.24
Board [5d Qd 6s 8d 5h]
Seat 1: jl45259071 (button) (small blind) folded on the River
Seat 2: krossguard (big blind) collected ($11.76)


PokerStars Hand #144851714776:  Hold'em Limit ($3/$6 USD) - 2015/12/05 6:42:05 ET
Table 'Demeter' 2-max Seat #2 is the button
Seat 1: jl45259071 ($180.42 in chips)
Seat 2: krossguard ($138.26 in chips)
krossguard: posts small blind $1
jl45259071: posts big blind $3
*** HOLE CARDS ***
krossguard: raises $3 to $6
jl45259071: calls $3
*** FLOP *** [4s 2s 7s]
jl45259071: checks
krossguard: bets $3
jl45259071: calls $3
*** TURN *** [4s 2s 7s] [5s]
jl45259071: checks
krossguard: bets $6
jl45259071: folds
Uncalled bet ($6) returned to krossguard
krossguard collected $17.64 from pot
krossguard: doesn't show hand
*** SUMMARY ***
Total pot $18 | Rake $0.36
Board [4s 2s 7s 5s]
Seat 1: jl45259071 (big blind) folded on the Turn
Seat 2: krossguard (button) (small blind) collected ($17.64)


PokerStars Hand #144851772142:  Hold'em Limit ($3/$6 USD) - 2015/12/05 6:43:55 ET
Table 'Demeter' 2-max Seat #2 is the button
Seat 1: jl45259071 ($185.82 in chips)
Seat 2: krossguard ($129.80 in chips)
krossguard: posts small blind $1
jl45259071: posts big blind $3
*** HOLE CARDS ***
krossguard: raises $3 to $6
jl45259071: raises $3 to $9
krossguard: calls $3
*** FLOP *** [4h 3d Tc]
jl45259071: bets $3
krossguard: calls $3
*** TURN *** [4h 3d Tc] [2s]
jl45259071: bets $6
krossguard: calls $6
*** RIVER *** [4h 3d Tc 2s] [Qs]
jl45259071: bets $6
krossguard: raises $6 to $12
jl45259071: calls $6
*** SHOW DOWN ***
krossguard: shows [7d Qc] (a pair of Queens)
jl45259071: mucks hand
krossguard collected $59.50 from pot
*** SUMMARY ***
Total pot $60 | Rake $0.50
Board [4h 3d Tc 2s Qs]
Seat 1: jl45259071 (big blind) mucked
Seat 2: krossguard (button) (small blind) showed [7d Qc] and won ($59.50) with a pair of Queens


PokerStars Hand #144851767908:  Hold'em Limit ($3/$6 USD) - 2015/12/05 6:43:47 ET
Table 'Demeter' 2-max Seat #1 is the button
Seat 1: jl45259071 ($182.94 in chips)
Seat 2: krossguard ($132.80 in chips)
jl45259071: posts small blind $1
krossguard: posts big blind $3
*** HOLE CARDS ***
jl45259071: calls $2
krossguard: checks
*** FLOP *** [7h 9s 4h]
krossguard: checks
jl45259071: bets $3
krossguard: folds
Uncalled bet ($3) returned to jl45259071
jl45259071 collected $5.88 from pot
jl45259071: doesn't show hand
*** SUMMARY ***
Total pot $6 | Rake $0.12
Board [7h 9s 4h]
Seat 1: jl45259071 (button) (small blind) collected ($5.88)
Seat 2: krossguard (big blind) folded on the Flop


PokerStars Hand #144851760155:  Hold'em Limit ($3/$6 USD) - 2015/12/05 6:43:32 ET
Table 'Demeter' 2-max Seat #2 is the button
Seat 1: jl45259071 ($168.44 in chips)
Seat 2: krossguard ($147.80 in chips)
krossguard: posts small blind $1
jl45259071: posts big blind $3
*** HOLE CARDS ***
krossguard: raises $3 to $6
jl45259071: calls $3
*** FLOP *** [6h Jd Td]
jl45259071: checks
krossguard: bets $3
jl45259071: calls $3
*** TURN *** [6h Jd Td] [6s]
jl45259071: checks
krossguard: bets $6
jl45259071: calls $6
*** RIVER *** [6h Jd Td 6s] [3d]
jl45259071: checks
krossguard: checks
*** SHOW DOWN ***
jl45259071: shows [4c 6c] (three of a kind, Sixes)
krossguard: mucks hand
jl45259071 collected $29.50 from pot
*** SUMMARY ***
Total pot $30 | Rake $0.50
Board [6h Jd Td 6s 3d]
Seat 1: jl45259071 (big blind) showed [4c 6c] and won ($29.50) with three of a kind, Sixes
Seat 2: krossguard (button) (small blind) mucked


PokerStars Hand #144851755747:  Hold'em Limit ($3/$6 USD) - 2015/12/05 6:43:23 ET
Table 'Demeter' 2-max Seat #1 is the button
Seat 1: jl45259071 ($162.68 in chips)
Seat 2: krossguard ($153.80 in chips)
jl45259071: posts small blind $1
krossguard: posts big blind $3
*** HOLE CARDS ***
jl45259071: raises $3 to $6
krossguard: calls $3
*** FLOP *** [Ah 2c Ts]
krossguard: checks
jl45259071: bets $3
krossguard: folds
Uncalled bet ($3) returned to jl45259071
jl45259071 collected $11.76 from pot
jl45259071: doesn't show hand
*** SUMMARY ***
Total pot $12 | Rake $0.24
Board [Ah 2c Ts]
Seat 1: jl45259071 (button) (small blind) collected ($11.76)
Seat 2: krossguard (big blind) folded on the Flop


PokerStars Hand #144851748010:  Hold'em Limit ($3/$6 USD) - 2015/12/05 6:43:09 ET
Table 'Demeter' 2-max Seat #2 is the button
Seat 1: jl45259071 ($186.68 in chips)
Seat 2: krossguard ($130.30 in chips)
krossguard: posts small blind $1
jl45259071: posts big blind $3
*** HOLE CARDS ***
krossguard: raises $3 to $6
jl45259071: raises $3 to $9
krossguard: calls $3
*** FLOP *** [7s 9c 4c]
jl45259071: bets $3
krossguard: calls $3
*** TURN *** [7s 9c 4c] [5s]
jl45259071: bets $6
krossguard: calls $6
*** RIVER *** [7s 9c 4c 5s] [Jh]
jl45259071: bets $6
krossguard: calls $6
*** SHOW DOWN ***
jl45259071: shows [4d Ac] (a pair of Fours)
krossguard: shows [5d 3d] (a pair of Fives)
krossguard collected $47.50 from pot
*** SUMMARY ***
Total pot $48 | Rake $0.50
Board [7s 9c 4c 5s Jh]
Seat 1: jl45259071 (big blind) showed [4d Ac] and lost with a pair of Fours
Seat 2: krossguard (button) (small blind) showed [5d 3d] and won ($47.50) with a pair of Fives


PokerStars Hand #144851789859:  Hold'em Limit ($3/$6 USD) - 2015/12/05 6:44:28 ET
Table 'Demeter' 2-max Seat #2 is the button
Seat 1: jl45259071 ($200.32 in chips)
Seat 2: krossguard ($114.30 in chips)
krossguard: posts small blind $1
jl45259071: posts big blind $3
*** HOLE CARDS ***
krossguard: raises $3 to $6
jl45259071: calls $3
*** FLOP *** [5c 9s Ac]
jl45259071: checks
krossguard: bets $3
jl45259071: calls $3
*** TURN *** [5c 9s Ac] [Kd]
jl45259071: checks
krossguard: bets $6
jl45259071: calls $6
*** RIVER *** [5c 9s Ac Kd] [Qh]
jl45259071: checks
krossguard: bets $6
jl45259071: folds
Uncalled bet ($6) returned to krossguard
krossguard collected $29.50 from pot
krossguard: doesn't show hand
*** SUMMARY ***
Total pot $30 | Rake $0.50
Board [5c 9s Ac Kd Qh]
Seat 1: jl45259071 (big blind) folded on the River
Seat 2: krossguard (button) (small blind) collected ($29.50)


PokerStars Hand #144851809603:  Hold'em Limit ($3/$6 USD) - 2015/12/05 6:45:05 ET
Table 'Demeter' 2-max Seat #1 is the button
Seat 1: jl45259071 ($185.32 in chips)
Seat 2: krossguard ($128.80 in chips)
jl45259071: posts small blind $1
krossguard: posts big blind $3
*** HOLE CARDS ***
jl45259071: folds
Uncalled bet ($2) returned to krossguard
krossguard collected $2 from pot
krossguard: doesn't show hand
*** SUMMARY ***
Total pot $2 | Rake $0
Seat 1: jl45259071 (button) (small blind) folded before Flop
Seat 2: krossguard (big blind) collected ($2)


