PokerStars Hand #162659286599:  Hold'em Limit ($3/$6 USD) - 2016/12/09 8:44:06 ET
Table 'Demiddelaer II' 6-max Seat #3 is the button
Seat 3: jl45259071 ($44 in chips)
Seat 4: Ale4o ($125.76 in chips)
jl45259071: posts small blind $1
Ale4o: posts big blind $3
*** HOLE CARDS ***
jl45259071: calls $2
Ale4o: checks
*** FLOP *** [2d Kh 7c]
Ale4o: checks
jl45259071: bets $3
Ale4o: raises $3 to $6
jl45259071: calls $3
*** TURN *** [2d Kh 7c] [5h]
GoliafUa leaves the table
Ale4o: bets $6
jl45259071: calls $6
*** RIVER *** [2d Kh 7c 5h] [2c]
Ale4o: checks
jl45259071: bets $6
Ale4o: calls $6
*** SHOW DOWN ***
jl45259071: shows [Tc Td] (two pair, Tens and Deuces)
Ale4o: mucks hand
jl45259071 collected $41.50 from pot
*** SUMMARY ***
Total pot $42 | Rake $0.50
Board [2d Kh 7c 5h 2c]
Seat 3: jl45259071 (button) (small blind) showed [Tc Td] and won ($41.50) with two pair, Tens and Deuces
Seat 4: Ale4o (big blind) mucked


PokerStars Hand #162659276404:  Hold'em Limit ($3/$6 USD) - 2016/12/09 8:43:49 ET
Table 'Demiddelaer II' 6-max Seat #4 is the button
Seat 3: jl45259071 ($50 in chips)
Seat 4: Ale4o ($120 in chips)
RockKillerTY joins the table at seat #6
Ale4o: posts small blind $1
GoliafUa: is sitting out
jl45259071: posts big blind $3
*** HOLE CARDS ***
Ale4o: raises $3 to $6
jl45259071: calls $3
*** FLOP *** [Ad Ac Qc]
jl45259071: checks
Ale4o: bets $3
jl45259071: folds
Uncalled bet ($3) returned to Ale4o
Ale4o collected $11.76 from pot
Ale4o: doesn't show hand
*** SUMMARY ***
Total pot $12 | Rake $0.24
Board [Ad Ac Qc]
Seat 3: jl45259071 (big blind) folded on the Flop
Seat 4: Ale4o (button) (small blind) collected ($11.76)


PokerStars Hand #162659526364:  Hold'em Limit ($3/$6 USD) - 2016/12/09 8:50:43 ET
Table 'Demiddelaer II' 6-max Seat #2 is the button
Seat 2: Sunny1022 ($137.43 in chips)
Seat 5: Velbor107 ($278.76 in chips)
Sunny1022: posts small blind $1
Velbor107: posts big blind $3
*** HOLE CARDS ***
Sunny1022: folds
Uncalled bet ($2) returned to Velbor107
Velbor107 collected $2 from pot
*** SUMMARY ***
Total pot $2 | Rake $0
Seat 2: Sunny1022 (button) (small blind) folded before Flop
Seat 5: Velbor107 (big blind) collected ($2)


PokerStars Hand #162659521989:  Hold'em Limit ($3/$6 USD) - 2016/12/09 8:50:35 ET
Table 'Demiddelaer II' 6-max Seat #5 is the button
Seat 2: Sunny1022 ($140.43 in chips)
Seat 5: Velbor107 ($275.76 in chips)
Velbor107: posts small blind $1
Sunny1022: posts big blind $3
*** HOLE CARDS ***
Velbor107: raises $3 to $6
Sunny1022: folds
Uncalled bet ($3) returned to Velbor107
Velbor107 collected $6 from pot
*** SUMMARY ***
Total pot $6 | Rake $0
Seat 2: Sunny1022 (big blind) folded before Flop
Seat 5: Velbor107 (button) (small blind) collected ($6)


PokerStars Hand #162659518674:  Hold'em Limit ($3/$6 USD) - 2016/12/09 8:50:30 ET
Table 'Demiddelaer II' 6-max Seat #2 is the button
Seat 2: Sunny1022 ($141.43 in chips)
Seat 5: Velbor107 ($274.76 in chips)
Sunny1022: posts small blind $1
Velbor107: posts big blind $3
*** HOLE CARDS ***
Sunny1022: folds
Uncalled bet ($2) returned to Velbor107
Velbor107 collected $2 from pot
*** SUMMARY ***
Total pot $2 | Rake $0
Seat 2: Sunny1022 (button) (small blind) folded before Flop
Seat 5: Velbor107 (big blind) collected ($2)


PokerStars Hand #162659504778:  Hold'em Limit ($3/$6 USD) - 2016/12/09 8:50:07 ET
Table 'Demiddelaer II' 6-max Seat #5 is the button
Seat 2: Sunny1022 ($126.93 in chips)
Seat 5: Velbor107 ($289.76 in chips)
Velbor107: posts small blind $1
RockKillerTY: is sitting out
Sunny1022: posts big blind $3
*** HOLE CARDS ***
Velbor107: raises $3 to $6
Sunny1022: calls $3
*** FLOP *** [6c 6d 3c]
Sunny1022: checks
RockKillerTY leaves the table
Velbor107: bets $3
Sunny1022: calls $3
*** TURN *** [6c 6d 3c] [Qs]
Sunny1022: checks
Velbor107: bets $6
Sunny1022: raises $6 to $12
Velbor107: folds
Uncalled bet ($6) returned to Sunny1022
Ale4o leaves the table
Sunny1022 collected $29.50 from pot
Sunny1022: doesn't show hand
*** SUMMARY ***
Total pot $30 | Rake $0.50
Board [6c 6d 3c Qs]
Seat 2: Sunny1022 (big blind) collected ($29.50)
Seat 5: Velbor107 (button) (small blind) folded on the Turn


PokerStars Hand #162659560805:  Hold'em Limit ($3/$6 USD) - 2016/12/09 8:51:39 ET
Table 'Demiddelaer II' 6-max Seat #5 is the button
Seat 2: Sunny1022 ($135.93 in chips)
Seat 5: Velbor107 ($279.26 in chips)
Velbor107: posts small blind $1
Sunny1022: posts big blind $3
*** HOLE CARDS ***
Velbor107: folds
Uncalled bet ($2) returned to Sunny1022
Sunny1022 collected $2 from pot
Sunny1022: doesn't show hand
*** SUMMARY ***
Total pot $2 | Rake $0
Seat 2: Sunny1022 (big blind) collected ($2)
Seat 5: Velbor107 (button) (small blind) folded before Flop


PokerStars Hand #162659545073:  Hold'em Limit ($3/$6 USD) - 2016/12/09 8:51:13 ET
Table 'Demiddelaer II' 6-max Seat #2 is the button
Seat 2: Sunny1022 ($150.93 in chips)
Seat 5: Velbor107 ($264.76 in chips)
Sunny1022: posts small blind $1
Velbor107: posts big blind $3
*** HOLE CARDS ***
Sunny1022: raises $3 to $6
Velbor107: calls $3
*** FLOP *** [7h Ac 6s]
Velbor107: bets $3
Sunny1022: calls $3
*** TURN *** [7h Ac 6s] [Jd]
Velbor107: bets $6
Sunny1022: calls $6
*** RIVER *** [7h Ac 6s Jd] [2s]
Velbor107: bets $6
Sunny1022: folds
Uncalled bet ($6) returned to Velbor107
Velbor107 collected $29.50 from pot
*** SUMMARY ***
Total pot $30 | Rake $0.50
Board [7h Ac 6s Jd 2s]
Seat 2: Sunny1022 (button) (small blind) folded on the River
Seat 5: Velbor107 (big blind) collected ($29.50)


PokerStars Hand #162659529568:  Hold'em Limit ($3/$6 USD) - 2016/12/09 8:50:48 ET
Table 'Demiddelaer II' 6-max Seat #5 is the button
Seat 2: Sunny1022 ($136.43 in chips)
Seat 5: Velbor107 ($279.76 in chips)
Velbor107: posts small blind $1
Sunny1022: posts big blind $3
*** HOLE CARDS ***
Velbor107: raises $3 to $6
Sunny1022: calls $3
*** FLOP *** [6h 7h 5d]
Sunny1022: checks
Velbor107: bets $3
Sunny1022: calls $3
*** TURN *** [6h 7h 5d] [4s]
Sunny1022: checks
Velbor107: bets $6
Sunny1022: calls $6
*** RIVER *** [6h 7h 5d 4s] [7s]
Sunny1022: checks
Velbor107: checks
*** SHOW DOWN ***
Sunny1022: shows [6c 3c] (a straight, Three to Seven)
Velbor107: mucks hand
Sunny1022 collected $29.50 from pot
*** SUMMARY ***
Total pot $30 | Rake $0.50
Board [6h 7h 5d 4s 7s]
Seat 2: Sunny1022 (big blind) showed [6c 3c] and won ($29.50) with a straight, Three to Seven
Seat 5: Velbor107 (button) (small blind) mucked


PokerStars Hand #162659588950:  Hold'em Limit ($3/$6 USD) - 2016/12/09 8:52:25 ET
Table 'Demiddelaer II' 6-max Seat #5 is the button
Seat 2: Sunny1022 ($138.69 in chips)
Seat 5: Velbor107 ($276.26 in chips)
Velbor107: posts small blind $1
Sunny1022: posts big blind $3
*** HOLE CARDS ***
Velbor107: raises $3 to $6
Sunny1022: folds
Uncalled bet ($3) returned to Velbor107
Velbor107 collected $6 from pot
*** SUMMARY ***
Total pot $6 | Rake $0
Seat 2: Sunny1022 (big blind) folded before Flop
Seat 5: Velbor107 (button) (small blind) collected ($6)


PokerStars Hand #162659579578:  Hold'em Limit ($3/$6 USD) - 2016/12/09 8:52:09 ET
Table 'Demiddelaer II' 6-max Seat #2 is the button
Seat 2: Sunny1022 ($132.93 in chips)
Seat 5: Velbor107 ($282.26 in chips)
Sunny1022: posts small blind $1
Velbor107: posts big blind $3
*** HOLE CARDS ***
Sunny1022: raises $3 to $6
Velbor107: calls $3
*** FLOP *** [Qh Jc 6h]
Velbor107: checks
Sunny1022: bets $3
Velbor107: folds
Uncalled bet ($3) returned to Sunny1022
Sunny1022 collected $11.76 from pot
Sunny1022: doesn't show hand
*** SUMMARY ***
Total pot $12 | Rake $0.24
Board [Qh Jc 6h]
Seat 2: Sunny1022 (button) (small blind) collected ($11.76)
Seat 5: Velbor107 (big blind) folded on the Flop


PokerStars Hand #162659575426:  Hold'em Limit ($3/$6 USD) - 2016/12/09 8:52:03 ET
Table 'Demiddelaer II' 6-max Seat #5 is the button
Seat 2: Sunny1022 ($135.93 in chips)
Seat 5: Velbor107 ($279.26 in chips)
Velbor107: posts small blind $1
Sunny1022: posts big blind $3
*** HOLE CARDS ***
Velbor107: raises $3 to $6
Sunny1022: folds
Uncalled bet ($3) returned to Velbor107
Velbor107 collected $6 from pot
*** SUMMARY ***
Total pot $6 | Rake $0
Seat 2: Sunny1022 (big blind) folded before Flop
Seat 5: Velbor107 (button) (small blind) collected ($6)


PokerStars Hand #162659571881:  Hold'em Limit ($3/$6 USD) - 2016/12/09 8:51:57 ET
Table 'Demiddelaer II' 6-max Seat #2 is the button
Seat 2: Sunny1022 ($136.93 in chips)
Seat 5: Velbor107 ($278.26 in chips)
Sunny1022: posts small blind $1
Velbor107: posts big blind $3
*** HOLE CARDS ***
Sunny1022: folds
Uncalled bet ($2) returned to Velbor107
jl45259071 is disconnected
Velbor107 collected $2 from pot
*** SUMMARY ***
Total pot $2 | Rake $0
Seat 2: Sunny1022 (button) (small blind) folded before Flop
Seat 5: Velbor107 (big blind) collected ($2)


PokerStars Hand #162659568487:  Hold'em Limit ($3/$6 USD) - 2016/12/09 8:51:51 ET
Table 'Demiddelaer II' 6-max Seat #5 is the button
Seat 2: Sunny1022 ($135.93 in chips)
Seat 5: Velbor107 ($279.26 in chips)
Velbor107: posts small blind $1
Sunny1022: posts big blind $3
*** HOLE CARDS ***
Velbor107: folds
Uncalled bet ($2) returned to Sunny1022
Sunny1022 collected $2 from pot
Sunny1022: doesn't show hand
*** SUMMARY ***
Total pot $2 | Rake $0
Seat 2: Sunny1022 (big blind) collected ($2)
Seat 5: Velbor107 (button) (small blind) folded before Flop


PokerStars Hand #162659564052:  Hold'em Limit ($3/$6 USD) - 2016/12/09 8:51:44 ET
Table 'Demiddelaer II' 6-max Seat #2 is the button
Seat 2: Sunny1022 ($136.93 in chips)
Seat 5: Velbor107 ($278.26 in chips)
Sunny1022: posts small blind $1
Velbor107: posts big blind $3
*** HOLE CARDS ***
Sunny1022: folds
Uncalled bet ($2) returned to Velbor107
Velbor107 collected $2 from pot
*** SUMMARY ***
Total pot $2 | Rake $0
Seat 2: Sunny1022 (button) (small blind) folded before Flop
Seat 5: Velbor107 (big blind) collected ($2)


PokerStars Hand #162659625443:  Hold'em Limit ($3/$6 USD) - 2016/12/09 8:53:24 ET
Table 'Demiddelaer II' 6-max Seat #5 is the button
Seat 2: Sunny1022 ($153.97 in chips)
Seat 5: Velbor107 ($260.26 in chips)
Velbor107: posts small blind $1
Sunny1022: posts big blind $3
*** HOLE CARDS ***
Velbor107: raises $3 to $6
Sunny1022: calls $3
*** FLOP *** [Ac 5s Qs]
Sunny1022: checks
Velbor107: bets $3
Sunny1022: calls $3
*** TURN *** [Ac 5s Qs] [4h]
Sunny1022: checks
Velbor107: checks
*** RIVER *** [Ac 5s Qs 4h] [4s]
Sunny1022: bets $6
VolkovDmitri joins the table at seat #4
Velbor107: folds
Uncalled bet ($6) returned to Sunny1022
Sunny1022 collected $17.64 from pot
Sunny1022: doesn't show hand
*** SUMMARY ***
Total pot $18 | Rake $0.36
Board [Ac 5s Qs 4h 4s]
Seat 2: Sunny1022 (big blind) collected ($17.64)
Seat 5: Velbor107 (button) (small blind) folded on the River


PokerStars Hand #162659618036:  Hold'em Limit ($3/$6 USD) - 2016/12/09 8:53:12 ET
Table 'Demiddelaer II' 6-max Seat #2 is the button
Seat 2: Sunny1022 ($148.21 in chips)
Seat 5: Velbor107 ($266.26 in chips)
Sunny1022: posts small blind $1
Velbor107: posts big blind $3
*** HOLE CARDS ***
Sunny1022: raises $3 to $6
Velbor107: calls $3
*** FLOP *** [Jc 3d Qc]
Velbor107: checks
Sunny1022: bets $3
Velbor107: folds
Uncalled bet ($3) returned to Sunny1022
Sunny1022 collected $11.76 from pot
Sunny1022: doesn't show hand
*** SUMMARY ***
Total pot $12 | Rake $0.24
Board [Jc 3d Qc]
Seat 2: Sunny1022 (button) (small blind) collected ($11.76)
Seat 5: Velbor107 (big blind) folded on the Flop


PokerStars Hand #162659613243:  Hold'em Limit ($3/$6 USD) - 2016/12/09 8:53:04 ET
Table 'Demiddelaer II' 6-max Seat #5 is the button
Seat 2: Sunny1022 ($151.21 in chips)
Seat 5: Velbor107 ($263.26 in chips)
Velbor107: posts small blind $1
Sunny1022: posts big blind $3
*** HOLE CARDS ***
Velbor107: raises $3 to $6
Sunny1022: folds
Uncalled bet ($3) returned to Velbor107
Velbor107 collected $6 from pot
*** SUMMARY ***
Total pot $6 | Rake $0
Seat 2: Sunny1022 (big blind) folded before Flop
Seat 5: Velbor107 (button) (small blind) collected ($6)


PokerStars Hand #162659609535:  Hold'em Limit ($3/$6 USD) - 2016/12/09 8:52:58 ET
Table 'Demiddelaer II' 6-max Seat #2 is the button
Seat 2: Sunny1022 ($148.21 in chips)
Seat 5: Velbor107 ($266.26 in chips)
Sunny1022: posts small blind $1
Velbor107: posts big blind $3
*** HOLE CARDS ***
Sunny1022: raises $3 to $6
Velbor107: folds
Uncalled bet ($3) returned to Sunny1022
Sunny1022 collected $6 from pot
Sunny1022: doesn't show hand
*** SUMMARY ***
Total pot $6 | Rake $0
Seat 2: Sunny1022 (button) (small blind) collected ($6)
Seat 5: Velbor107 (big blind) folded before Flop


PokerStars Hand #162659606638:  Hold'em Limit ($3/$6 USD) - 2016/12/09 8:52:54 ET
Table 'Demiddelaer II' 6-max Seat #5 is the button
Seat 2: Sunny1022 ($147.21 in chips)
Seat 5: Velbor107 ($267.26 in chips)
Velbor107: posts small blind $1
Sunny1022: posts big blind $3
*** HOLE CARDS ***
Velbor107: folds
Uncalled bet ($2) returned to Sunny1022
Sunny1022 collected $2 from pot
Sunny1022: doesn't show hand
*** SUMMARY ***
Total pot $2 | Rake $0
Seat 2: Sunny1022 (big blind) collected ($2)
Seat 5: Velbor107 (button) (small blind) folded before Flop


PokerStars Hand #162659594120:  Hold'em Limit ($3/$6 USD) - 2016/12/09 8:52:33 ET
Table 'Demiddelaer II' 6-max Seat #2 is the button
Seat 2: Sunny1022 ($135.69 in chips)
Seat 5: Velbor107 ($279.26 in chips)
Sunny1022: posts small blind $1
Velbor107: posts big blind $3
*** HOLE CARDS ***
Sunny1022: raises $3 to $6
Velbor107: calls $3
*** FLOP *** [6h 4d Ac]
Velbor107: checks
Sunny1022: checks
*** TURN *** [6h 4d Ac] [2c]
Velbor107: bets $6
Sunny1022: calls $6
*** RIVER *** [6h 4d Ac 2c] [7s]
Velbor107: checks
Sunny1022: bets $6
Velbor107: folds
Uncalled bet ($6) returned to Sunny1022
Sunny1022 collected $23.52 from pot
Sunny1022: doesn't show hand
*** SUMMARY ***
Total pot $24 | Rake $0.48
Board [6h 4d Ac 2c 7s]
Seat 2: Sunny1022 (button) (small blind) collected ($23.52)
Seat 5: Velbor107 (big blind) folded on the River


PokerStars Hand #162661452693:  Hold'em Limit ($3/$6 USD) - 2016/12/09 9:41:09 ET
Table 'Demiddelaer II' 6-max Seat #2 is the button
Seat 2: feilinho ($207.86 in chips)
Seat 5: hasky156 ($33.90 in chips)
feilinho: posts small blind $1
Velbor107: is sitting out
VolkovDmitri: is sitting out
hasky156: posts big blind $3
*** HOLE CARDS ***
Velbor107 leaves the table
feilinho: raises $3 to $6
hasky156: folds
Uncalled bet ($3) returned to feilinho
VolkovDmitri leaves the table
feilinho collected $6 from pot
*** SUMMARY ***
Total pot $6 | Rake $0
Seat 2: feilinho (button) (small blind) collected ($6)
Seat 5: hasky156 (big blind) folded before Flop


PokerStars Hand #162661457285:  Hold'em Limit ($3/$6 USD) - 2016/12/09 9:41:16 ET
Table 'Demiddelaer II' 6-max Seat #5 is the button
Seat 2: feilinho ($210.86 in chips)
Seat 5: hasky156 ($30.90 in chips)
hasky156: posts small blind $1
feilinho: posts big blind $3
*** HOLE CARDS ***
hasky156: folds
Uncalled bet ($2) returned to feilinho
feilinho collected $2 from pot
*** SUMMARY ***
Total pot $2 | Rake $0
Seat 2: feilinho (big blind) collected ($2)
Seat 5: hasky156 (button) (small blind) folded before Flop


PokerStars Hand #162661460399:  Hold'em Limit ($3/$6 USD) - 2016/12/09 9:41:21 ET
Table 'Demiddelaer II' 6-max Seat #2 is the button
Seat 2: feilinho ($211.86 in chips)
Seat 5: hasky156 ($29.90 in chips)
feilinho: posts small blind $1
hasky156: posts big blind $3
*** HOLE CARDS ***
feilinho: raises $3 to $6
hasky156: folds
Uncalled bet ($3) returned to feilinho
feilinho collected $6 from pot
*** SUMMARY ***
Total pot $6 | Rake $0
Seat 2: feilinho (button) (small blind) collected ($6)
Seat 5: hasky156 (big blind) folded before Flop


PokerStars Hand #162663418236:  Hold'em Limit ($3/$6 USD) - 2016/12/09 10:28:20 ET
Table 'Demiddelaer II' 6-max Seat #1 is the button
Seat 1: Velbor107 ($298.53 in chips)
Seat 2: jl45259071 ($210.45 in chips)
Velbor107: posts small blind $1
jl45259071: posts big blind $3
*** HOLE CARDS ***
Velbor107: raises $3 to $6
jl45259071: raises $3 to $9
Velbor107: calls $3
*** FLOP *** [8d 7h 9d]
jl45259071: bets $3
Velbor107: calls $3
*** TURN *** [8d 7h 9d] [8c]
jl45259071: bets $6
Velbor107: raises $6 to $12
jl45259071: calls $6
*** RIVER *** [8d 7h 9d 8c] [7d]
jl45259071: checks
Velbor107: bets $6
jl45259071: calls $6
*** SHOW DOWN ***
Velbor107: shows [Jd 8h] (a full house, Eights full of Sevens)
jl45259071: mucks hand
Velbor107 collected $59.50 from pot
*** SUMMARY ***
Total pot $60 | Rake $0.50
Board [8d 7h 9d 8c 7d]
Seat 1: Velbor107 (button) (small blind) showed [Jd 8h] and won ($59.50) with a full house, Eights full of Sevens
Seat 2: jl45259071 (big blind) mucked


PokerStars Hand #162663535580:  Hold'em Limit ($3/$6 USD) - 2016/12/09 10:31:03 ET
Table 'Demiddelaer II' 6-max Seat #4 is the button
Seat 1: Velbor107 ($328.03 in chips)
Seat 4: RockKillerTY ($141.14 in chips)
RockKillerTY: posts small blind $1
Velbor107: posts big blind $3
*** HOLE CARDS ***
RockKillerTY: raises $3 to $6
Velbor107: folds
Uncalled bet ($3) returned to RockKillerTY
RockKillerTY collected $6 from pot
RockKillerTY: doesn't show hand
*** SUMMARY ***
Total pot $6 | Rake $0
Seat 1: Velbor107 (big blind) folded before Flop
Seat 4: RockKillerTY (button) (small blind) collected ($6)


PokerStars Hand #162663509125:  Hold'em Limit ($3/$6 USD) - 2016/12/09 10:30:26 ET
Table 'Demiddelaer II' 6-max Seat #1 is the button
Seat 1: Velbor107 ($325.03 in chips)
Seat 4: RockKillerTY ($144.14 in chips)
Velbor107: posts small blind $1
jl45259071 has timed out while being disconnected
jl45259071: is sitting out
RockKillerTY: posts big blind $3
*** HOLE CARDS ***
Velbor107: raises $3 to $6
RockKillerTY: folds
Uncalled bet ($3) returned to Velbor107
Velbor107 collected $6 from pot
*** SUMMARY ***
Total pot $6 | Rake $0
Seat 1: Velbor107 (button) (small blind) collected ($6)
Seat 4: RockKillerTY (big blind) folded before Flop


PokerStars Hand #162663569398:  Hold'em Limit ($3/$6 USD) - 2016/12/09 10:31:50 ET
Table 'Demiddelaer II' 6-max Seat #4 is the button
Seat 1: Velbor107 ($324.03 in chips)
Seat 4: RockKillerTY ($148.14 in chips)
Ale4o will be allowed to play after the button
RockKillerTY: posts small blind $1
Velbor107: posts big blind $3
*** HOLE CARDS ***
jl45259071 is disconnected
Ale4o leaves the table
Ale4o joins the table at seat #3
RockKillerTY: folds
Uncalled bet ($2) returned to Velbor107
Velbor107 collected $2 from pot
*** SUMMARY ***
Total pot $2 | Rake $0
Seat 1: Velbor107 (big blind) collected ($2)
Seat 4: RockKillerTY (button) (small blind) folded before Flop


PokerStars Hand #162663624558:  Hold'em Limit ($3/$6 USD) - 2016/12/09 10:33:06 ET
Table 'Demiddelaer II' 6-max Seat #4 is the button
Seat 1: Velbor107 ($330.67 in chips)
Seat 4: RockKillerTY ($147.14 in chips)
Ale4o will be allowed to play after the button
RockKillerTY: posts small blind $1
jl45259071 is disconnected
Velbor107: posts big blind $3
*** HOLE CARDS ***
RockKillerTY: raises $3 to $6
Velbor107: raises $3 to $9
RockKillerTY: calls $3
*** FLOP *** [Kc 6h 4d]
Velbor107: bets $3
RockKillerTY: calls $3
*** TURN *** [Kc 6h 4d] [2s]
Velbor107: checks
RockKillerTY: checks
*** RIVER *** [Kc 6h 4d 2s] [Js]
Velbor107: checks
RockKillerTY: checks
*** SHOW DOWN ***
Velbor107: shows [8s Ah] (high card Ace)
RockKillerTY: mucks hand
Velbor107 collected $23.52 from pot
*** SUMMARY ***
Total pot $24 | Rake $0.48
Board [Kc 6h 4d 2s Js]
Seat 1: Velbor107 (big blind) showed [8s Ah] and won ($23.52) with high card Ace
Seat 4: RockKillerTY (button) (small blind) mucked


PokerStars Hand #162663788596:  Hold'em Limit ($3/$6 USD) - 2016/12/09 10:36:52 ET
Table 'Demiddelaer II' 6-max Seat #4 is the button
Seat 1: Velbor107 ($328.19 in chips)
Seat 4: RockKillerTY ($136.14 in chips)
RockKillerTY: posts small blind $1
Velbor107: posts big blind $3
*** HOLE CARDS ***
RockKillerTY: folds
Uncalled bet ($2) returned to Velbor107
Velbor107 collected $2 from pot
*** SUMMARY ***
Total pot $2 | Rake $0
Seat 1: Velbor107 (big blind) collected ($2)
Seat 4: RockKillerTY (button) (small blind) folded before Flop


PokerStars Hand #162663747413:  Hold'em Limit ($3/$6 USD) - 2016/12/09 10:35:55 ET
Table 'Demiddelaer II' 6-max Seat #1 is the button
Seat 1: Velbor107 ($329.19 in chips)
Seat 4: RockKillerTY ($135.14 in chips)
Velbor107: posts small blind $1
jl45259071 has timed out while being disconnected
jl45259071: is sitting out
jl45259071 is disconnected
Ale4o: is sitting out
RockKillerTY: posts big blind $3
*** HOLE CARDS ***
Velbor107: folds
Uncalled bet ($2) returned to RockKillerTY
RockKillerTY collected $2 from pot
RockKillerTY: doesn't show hand
*** SUMMARY ***
Total pot $2 | Rake $0
Seat 1: Velbor107 (button) (small blind) folded before Flop
Seat 4: RockKillerTY (big blind) collected ($2)


PokerStars Hand #162663893201:  Hold'em Limit ($3/$6 USD) - 2016/12/09 10:39:16 ET
Table 'Demiddelaer II' 6-max Seat #4 is the button
Seat 1: Velbor107 ($307.19 in chips)
Seat 4: RockKillerTY ($158.07 in chips)
RockKillerTY: posts small blind $1
Velbor107: posts big blind $3
*** HOLE CARDS ***
RockKillerTY: raises $3 to $6
Velbor107: folds
Uncalled bet ($3) returned to RockKillerTY
RockKillerTY collected $6 from pot
RockKillerTY: doesn't show hand
*** SUMMARY ***
Total pot $6 | Rake $0
Seat 1: Velbor107 (big blind) folded before Flop
Seat 4: RockKillerTY (button) (small blind) collected ($6)


PokerStars Hand #162663845923:  Hold'em Limit ($3/$6 USD) - 2016/12/09 10:38:11 ET
Table 'Demiddelaer II' 6-max Seat #1 is the button
Seat 1: Velbor107 ($325.19 in chips)
Seat 4: RockKillerTY ($140.57 in chips)
Velbor107: posts small blind $1
jl45259071 has timed out while being disconnected
jl45259071: is sitting out
RockKillerTY: posts big blind $3
*** HOLE CARDS ***
Velbor107: raises $3 to $6
jl45259071 is disconnected
RockKillerTY: calls $3
*** FLOP *** [6h 7s Jc]
RockKillerTY: checks
Velbor107: checks
*** TURN *** [6h 7s Jc] [4d]
RockKillerTY: bets $6
Velbor107: calls $6
*** RIVER *** [6h 7s Jc 4d] [Jd]
RockKillerTY: bets $6
Velbor107: calls $6
*** SHOW DOWN ***
RockKillerTY: shows [5s Js] (three of a kind, Jacks)
Velbor107: mucks hand
RockKillerTY collected $35.50 from pot
*** SUMMARY ***
Total pot $36 | Rake $0.50
Board [6h 7s Jc 4d Jd]
Seat 1: Velbor107 (button) (small blind) mucked
Seat 4: RockKillerTY (big blind) showed [5s Js] and won ($35.50) with three of a kind, Jacks


PokerStars Hand #162665738100:  Hold'em Limit ($3/$6 USD) - 2016/12/09 11:21:10 ET
Table 'Demiddelaer II' 6-max Seat #1 is the button
Seat 1: LolDnkaments ($177.75 in chips)
Seat 6: ravnen666 ($139.84 in chips)
LolDnkaments: posts small blind $1
Ale4o: is sitting out
RockKillerTY: is sitting out
ravnen666: posts big blind $3
*** HOLE CARDS ***
LolDnkaments: raises $3 to $6
Ale4o leaves the table
ravnen666: calls $3
*** FLOP *** [Td Ts 9c]
RockKillerTY leaves the table
ravnen666: checks
LolDnkaments: bets $3
ravnen666: folds
Uncalled bet ($3) returned to LolDnkaments
LolDnkaments collected $11.76 from pot
LolDnkaments: doesn't show hand
*** SUMMARY ***
Total pot $12 | Rake $0.24
Board [Td Ts 9c]
Seat 1: LolDnkaments (button) (small blind) collected ($11.76)
Seat 6: ravnen666 (big blind) folded on the Flop


