PokerStars Hand #162305244659:  Hold'em Limit ($3/$6 USD) - 2016/12/02 15:13:38 ET
Table 'Demiddelaer III' 6-max Seat #1 is the button
Seat 1: ABATAPP ($101 in chips)
Seat 3: lexishake ($221.21 in chips)
ABATAPP: posts small blind $1
lexishake: posts big blind $3
*** HOLE CARDS ***
ABATAPP: folds
Uncalled bet ($2) returned to lexishake
lexishake collected $2 from pot
lexishake: doesn't show hand
*** SUMMARY ***
Total pot $2 | Rake $0
Seat 1: ABATAPP (button) (small blind) folded before Flop
Seat 3: lexishake (big blind) collected ($2)


PokerStars Hand #162305250570:  Hold'em Limit ($3/$6 USD) - 2016/12/02 15:13:45 ET
Table 'Demiddelaer III' 6-max Seat #3 is the button
Seat 1: ABATAPP ($100 in chips)
Seat 3: lexishake ($222.21 in chips)
lexishake: posts small blind $1
ABATAPP: posts big blind $3
*** HOLE CARDS ***
lexishake: folds
Uncalled bet ($2) returned to ABATAPP
ABATAPP collected $2 from pot
ABATAPP: doesn't show hand
*** SUMMARY ***
Total pot $2 | Rake $0
Seat 1: ABATAPP (big blind) collected ($2)
Seat 3: lexishake (button) (small blind) folded before Flop


PokerStars Hand #162305216495:  Hold'em Limit ($3/$6 USD) - 2016/12/02 15:13:08 ET
Table 'Demiddelaer III' 6-max Seat #5 is the button
Seat 1: ABATAPP ($100 in chips)
Seat 5: Krazy90 ($189.86 in chips)
Krazy90: posts small blind $1
Apanage: is sitting out
ABATAPP: posts big blind $3
*** HOLE CARDS ***
Krazy90: folds
Uncalled bet ($2) returned to ABATAPP
Krazy90 leaves the table
ABATAPP collected $2 from pot
Apanage leaves the table
ABATAPP: doesn't show hand
*** SUMMARY ***
Total pot $2 | Rake $0
Seat 1: ABATAPP (big blind) collected ($2)
Seat 5: Krazy90 (button) (small blind) folded before Flop


PokerStars Hand #162305255576:  Hold'em Limit ($3/$6 USD) - 2016/12/02 15:13:50 ET
Table 'Demiddelaer III' 6-max Seat #1 is the button
Seat 1: ABATAPP ($101 in chips)
Seat 3: lexishake ($221.21 in chips)
ABATAPP: posts small blind $1
lexishake: posts big blind $3
*** HOLE CARDS ***
ABATAPP: raises $3 to $6
lexishake: calls $3
*** FLOP *** [5s 3d Tc]
lexishake: checks
ABATAPP: bets $3
lexishake: calls $3
*** TURN *** [5s 3d Tc] [Kc]
lexishake: checks
ABATAPP: bets $6
lexishake: calls $6
*** RIVER *** [5s 3d Tc Kc] [Ac]
lexishake: bets $6
ABATAPP: calls $6
*** SHOW DOWN ***
lexishake: shows [Js 9h] (high card Ace)
ABATAPP: shows [Jd Ah] (a pair of Aces)
ABATAPP collected $41.50 from pot
*** SUMMARY ***
Total pot $42 | Rake $0.50
Board [5s 3d Tc Kc Ac]
Seat 1: ABATAPP (button) (small blind) showed [Jd Ah] and won ($41.50) with a pair of Aces
Seat 3: lexishake (big blind) showed [Js 9h] and lost with high card Ace


PokerStars Hand #162305274033:  Hold'em Limit ($3/$6 USD) - 2016/12/02 15:14:09 ET
Table 'Demiddelaer III' 6-max Seat #3 is the button
Seat 1: ABATAPP ($121.50 in chips)
Seat 3: lexishake ($200.21 in chips)
lexishake: posts small blind $1
ABATAPP: posts big blind $3
*** HOLE CARDS ***
krossguard joins the table at seat #4
lexishake: calls $2
ABATAPP: checks
*** FLOP *** [Js 7c Kc]
ABATAPP: checks
lexishake: bets $3
ABATAPP: folds
Uncalled bet ($3) returned to lexishake
lexishake collected $5.88 from pot
lexishake: doesn't show hand
*** SUMMARY ***
Total pot $6 | Rake $0.12
Board [Js 7c Kc]
Seat 1: ABATAPP (big blind) folded on the Flop
Seat 3: lexishake (button) (small blind) collected ($5.88)


PokerStars Hand #162305287407:  Hold'em Limit ($3/$6 USD) - 2016/12/02 15:14:24 ET
Table 'Demiddelaer III' 6-max Seat #1 is the button
Seat 1: ABATAPP ($118.50 in chips)
Seat 3: lexishake ($203.09 in chips)
ABATAPP: posts small blind $1
lexishake: posts big blind $3
*** HOLE CARDS ***
ABATAPP: raises $3 to $6
lexishake: calls $3
*** FLOP *** [Qd Js 4h]
lexishake: checks
ABATAPP: bets $3
lexishake: calls $3
*** TURN *** [Qd Js 4h] [3h]
lexishake: checks
ABATAPP: bets $6
sokol-max-PS joins the table at seat #5
lexishake: calls $6
*** RIVER *** [Qd Js 4h 3h] [8h]
lexishake: bets $6
ABATAPP: calls $6
*** SHOW DOWN ***
lexishake: shows [Qs 7c] (a pair of Queens)
ABATAPP: mucks hand
lexishake collected $41.50 from pot
*** SUMMARY ***
Total pot $42 | Rake $0.50
Board [Qd Js 4h 3h 8h]
Seat 1: ABATAPP (button) (small blind) mucked
Seat 3: lexishake (big blind) showed [Qs 7c] and won ($41.50) with a pair of Queens


PokerStars Hand #162307259993:  Hold'em Limit ($3/$6 USD) - 2016/12/02 15:49:21 ET
Table 'Demiddelaer III' 6-max Seat #2 is the button
Seat 1: ABATAPP ($119.71 in chips)
Seat 2: Chessnok ($60 in chips)
Chessnok: posts small blind $1
mattyf57: is sitting out
ABATAPP: posts big blind $3
*** HOLE CARDS ***
Chessnok: folds
Uncalled bet ($2) returned to ABATAPP
ABATAPP collected $2 from pot
ABATAPP: doesn't show hand
*** SUMMARY ***
Total pot $2 | Rake $0
Seat 1: ABATAPP (big blind) collected ($2)
Seat 2: Chessnok (button) (small blind) folded before Flop


PokerStars Hand #162308022632:  Hold'em Limit ($3/$6 USD) - 2016/12/02 16:03:54 ET
Table 'Demiddelaer III' 6-max Seat #2 is the button
Seat 1: LifeisagameX ($84 in chips)
Seat 2: slavii0o0 ($76.64 in chips)
slavii0o0: posts small blind $1
LifeisagameX: posts big blind $3
*** HOLE CARDS ***
slavii0o0: raises $3 to $6
LifeisagameX: calls $3
*** FLOP *** [Qs 9c Ks]
LifeisagameX: checks
slavii0o0: bets $3
LifeisagameX: calls $3
*** TURN *** [Qs 9c Ks] [2h]
LifeisagameX: checks
slavii0o0: checks
*** RIVER *** [Qs 9c Ks 2h] [4s]
LifeisagameX: checks
slavii0o0: bets $6
LifeisagameX: calls $6
*** SHOW DOWN ***
slavii0o0: shows [As 9s] (a flush, Ace high)
LifeisagameX: mucks hand
slavii0o0 collected $29.50 from pot
*** SUMMARY ***
Total pot $30 | Rake $0.50
Board [Qs 9c Ks 2h 4s]
Seat 1: LifeisagameX (big blind) mucked
Seat 2: slavii0o0 (button) (small blind) showed [As 9s] and won ($29.50) with a flush, Ace high


PokerStars Hand #162308066714:  Hold'em Limit ($3/$6 USD) - 2016/12/02 16:04:41 ET
Table 'Demiddelaer III' 6-max Seat #1 is the button
Seat 1: LifeisagameX ($84 in chips)
Seat 2: slavii0o0 ($91.14 in chips)
LifeisagameX: posts small blind $1
slavii0o0: posts big blind $3
*** HOLE CARDS ***
LifeisagameX: raises $3 to $6
slavii0o0: calls $3
*** FLOP *** [Qs Kc 6h]
slavii0o0: checks
LifeisagameX: bets $3
slavii0o0: calls $3
*** TURN *** [Qs Kc 6h] [Tc]
slavii0o0: checks
LifeisagameX: bets $6
slavii0o0: calls $6
*** RIVER *** [Qs Kc 6h Tc] [3d]
slavii0o0: checks
LifeisagameX: checks
*** SHOW DOWN ***
slavii0o0: shows [Ah Ts] (a pair of Tens)
LifeisagameX: mucks hand
slavii0o0 collected $29.50 from pot
*** SUMMARY ***
Total pot $30 | Rake $0.50
Board [Qs Kc 6h Tc 3d]
Seat 1: LifeisagameX (button) (small blind) mucked
Seat 2: slavii0o0 (big blind) showed [Ah Ts] and won ($29.50) with a pair of Tens


PokerStars Hand #162308131824:  Hold'em Limit ($3/$6 USD) - 2016/12/02 16:05:49 ET
Table 'Demiddelaer III' 6-max Seat #2 is the button
Seat 1: LifeisagameX ($98.40 in chips)
Seat 2: slavii0o0 ($90.64 in chips)
slavii0o0: posts small blind $1
LifeisagameX: posts big blind $3
*** HOLE CARDS ***
slavii0o0: folds
Uncalled bet ($2) returned to LifeisagameX
LifeisagameX collected $2 from pot
LifeisagameX: doesn't show hand
*** SUMMARY ***
Total pot $2 | Rake $0
Seat 1: LifeisagameX (big blind) collected ($2)
Seat 2: slavii0o0 (button) (small blind) folded before Flop


PokerStars Hand #162308110694:  Hold'em Limit ($3/$6 USD) - 2016/12/02 16:05:27 ET
Table 'Demiddelaer III' 6-max Seat #1 is the button
Seat 1: LifeisagameX ($92.64 in chips)
Seat 2: slavii0o0 ($96.64 in chips)
LifeisagameX: posts small blind $1
slavii0o0: posts big blind $3
*** HOLE CARDS ***
LifeisagameX: raises $3 to $6
slavii0o0: calls $3
*** FLOP *** [Ks 4c 2s]
slavii0o0: checks
LifeisagameX: bets $3
slavii0o0: folds
Uncalled bet ($3) returned to LifeisagameX
LifeisagameX collected $11.76 from pot
LifeisagameX: doesn't show hand
*** SUMMARY ***
Total pot $12 | Rake $0.24
Board [Ks 4c 2s]
Seat 1: LifeisagameX (button) (small blind) collected ($11.76)
Seat 2: slavii0o0 (big blind) folded on the Flop


PokerStars Hand #162308089709:  Hold'em Limit ($3/$6 USD) - 2016/12/02 16:05:05 ET
Table 'Demiddelaer III' 6-max Seat #2 is the button
Seat 1: LifeisagameX ($84 in chips)
Seat 2: slavii0o0 ($105.64 in chips)
slavii0o0: posts small blind $1
LifeisagameX: posts big blind $3
*** HOLE CARDS ***
slavii0o0: raises $3 to $6
LifeisagameX: calls $3
*** FLOP *** [Th Qh Ks]
LifeisagameX: checks
slavii0o0: bets $3
LifeisagameX: raises $3 to $6
slavii0o0: folds
Uncalled bet ($3) returned to LifeisagameX
LifeisagameX collected $17.64 from pot
LifeisagameX: doesn't show hand
*** SUMMARY ***
Total pot $18 | Rake $0.36
Board [Th Qh Ks]
Seat 1: LifeisagameX (big blind) collected ($17.64)
Seat 2: slavii0o0 (button) (small blind) folded on the Flop


PokerStars Hand #162308136973:  Hold'em Limit ($3/$6 USD) - 2016/12/02 16:05:54 ET
Table 'Demiddelaer III' 6-max Seat #1 is the button
Seat 1: LifeisagameX ($99.40 in chips)
Seat 2: slavii0o0 ($89.64 in chips)
LifeisagameX: posts small blind $1
slavii0o0: posts big blind $3
*** HOLE CARDS ***
LifeisagameX: raises $3 to $6
slavii0o0: calls $3
*** FLOP *** [Ks 4d Th]
slavii0o0: checks
LifeisagameX: checks
*** TURN *** [Ks 4d Th] [Ac]
slavii0o0: checks
LifeisagameX: bets $6
slavii0o0: folds
Uncalled bet ($6) returned to LifeisagameX
LifeisagameX collected $11.76 from pot
LifeisagameX: doesn't show hand
*** SUMMARY ***
Total pot $12 | Rake $0.24
Board [Ks 4d Th Ac]
Seat 1: LifeisagameX (button) (small blind) collected ($11.76)
Seat 2: slavii0o0 (big blind) folded on the Turn


PokerStars Hand #162308164279:  Hold'em Limit ($3/$6 USD) - 2016/12/02 16:06:24 ET
Table 'Demiddelaer III' 6-max Seat #2 is the button
Seat 1: LifeisagameX ($105.16 in chips)
Seat 2: slavii0o0 ($83.64 in chips)
slavii0o0: posts small blind $1
LifeisagameX: posts big blind $3
*** HOLE CARDS ***
slavii0o0: raises $3 to $6
LifeisagameX: calls $3
*** FLOP *** [Ks 6s Tc]
LifeisagameX: checks
slavii0o0: bets $3
LifeisagameX: raises $3 to $6
AndersN joins the table at seat #6
slavii0o0: calls $3
*** TURN *** [Ks 6s Tc] [As]
LifeisagameX: checks
sylakicia joins the table at seat #5
slavii0o0: checks
*** RIVER *** [Ks 6s Tc As] [Jh]
LifeisagameX: bets $6
slavii0o0: calls $6
*** SHOW DOWN ***
LifeisagameX: shows [9h Qs] (a straight, Ten to Ace)
slavii0o0: mucks hand
LifeisagameX collected $35.50 from pot
*** SUMMARY ***
Total pot $36 | Rake $0.50
Board [Ks 6s Tc As Jh]
Seat 1: LifeisagameX (big blind) showed [9h Qs] and won ($35.50) with a straight, Ten to Ace
Seat 2: slavii0o0 (button) (small blind) mucked


PokerStars Hand #162308209690:  Hold'em Limit ($3/$6 USD) - 2016/12/02 16:07:12 ET
Table 'Demiddelaer III' 6-max Seat #6 is the button
Seat 5: sylakicia ($95.45 in chips)
Seat 6: AndersN ($40 in chips)
AndersN: posts small blind $1
LifeisagameX: is sitting out
sylakicia: posts big blind $3
*** HOLE CARDS ***
LifeisagameX leaves the table
AndersN: folds
Uncalled bet ($2) returned to sylakicia
sylakicia collected $2 from pot
*** SUMMARY ***
Total pot $2 | Rake $0
Seat 5: sylakicia (big blind) collected ($2)
Seat 6: AndersN (button) (small blind) folded before Flop


PokerStars Hand #162308233444:  Hold'em Limit ($3/$6 USD) - 2016/12/02 16:07:37 ET
Table 'Demiddelaer III' 6-max Seat #5 is the button
Seat 5: sylakicia ($96.45 in chips)
Seat 6: AndersN ($39 in chips)
sylakicia: posts small blind $1
AndersN: posts big blind $3
*** HOLE CARDS ***
sylakicia: folds
Uncalled bet ($2) returned to AndersN
AndersN collected $2 from pot
AndersN: doesn't show hand
*** SUMMARY ***
Total pot $2 | Rake $0
Seat 5: sylakicia (button) (small blind) folded before Flop
Seat 6: AndersN (big blind) collected ($2)


