PokerStars Hand #152221803075:  Hold'em Limit ($3/$6 USD) - 2016/04/21 2:25:36 ET
Table 'Demophon' 6-max Seat #2 is the button
Seat 2: davyyyyyyy ($120 in chips)
Seat 4: VolkovDmitri ($120 in chips)
davyyyyyyy: posts small blind $1
VolkovDmitri: posts big blind $3
*** HOLE CARDS ***
davyyyyyyy: raises $3 to $6
VolkovDmitri: raises $3 to $9
davyyyyyyy: raises $3 to $12
Betting is capped
VolkovDmitri: calls $3
*** FLOP *** [Qs Tc 9s]
VolkovDmitri: checks
davyyyyyyy: checks
*** TURN *** [Qs Tc 9s] [5s]
VolkovDmitri: bets $6
davyyyyyyy: raises $6 to $12
VolkovDmitri: calls $6
*** RIVER *** [Qs Tc 9s 5s] [Jc]
VolkovDmitri: bets $6
assitoni joins the table at seat #3
davyyyyyyy: calls $6
*** SHOW DOWN ***
VolkovDmitri: shows [Ts Kc] (a straight, Nine to King)
davyyyyyyy: mucks hand
VolkovDmitri collected $59.50 from pot
*** SUMMARY ***
Total pot $60 | Rake $0.50
Board [Qs Tc 9s 5s Jc]
Seat 2: davyyyyyyy (button) (small blind) mucked
Seat 4: VolkovDmitri (big blind) showed [Ts Kc] and won ($59.50) with a straight, Nine to King


PokerStars Hand #152221819598:  Hold'em Limit ($3/$6 USD) - 2016/04/21 2:26:37 ET
Table 'Demophon' 6-max Seat #2 is the button
Seat 2: davyyyyyyy ($90 in chips)
Seat 3: assitoni ($120 in chips)
davyyyyyyy: posts small blind $1
assitoni: posts big blind $3
*** HOLE CARDS ***
davyyyyyyy: raises $3 to $6
assitoni: folds
Uncalled bet ($3) returned to davyyyyyyy
davyyyyyyy collected $6 from pot
*** SUMMARY ***
Total pot $6 | Rake $0
Seat 2: davyyyyyyy (button) (small blind) collected ($6)
Seat 3: assitoni (big blind) folded before Flop


PokerStars Hand #152221821846:  Hold'em Limit ($3/$6 USD) - 2016/04/21 2:26:46 ET
Table 'Demophon' 6-max Seat #3 is the button
Seat 2: davyyyyyyy ($93 in chips)
Seat 3: assitoni ($117 in chips)
assitoni: posts small blind $1
davyyyyyyy: posts big blind $3
*** HOLE CARDS ***
assitoni: raises $3 to $6
davyyyyyyy: calls $3
*** FLOP *** [Qs Ad 6h]
davyyyyyyy: checks
assitoni: bets $3
davyyyyyyy: raises $3 to $6
assitoni: calls $3
*** TURN *** [Qs Ad 6h] [As]
davyyyyyyy: bets $6
vicka555 joins the table at seat #6
assitoni: calls $6
*** RIVER *** [Qs Ad 6h As] [Td]
davyyyyyyy: checks
assitoni: bets $6
davyyyyyyy: folds
Uncalled bet ($6) returned to assitoni
assitoni collected $35.50 from pot
assitoni: doesn't show hand
VolkovDmitri leaves the table
*** SUMMARY ***
Total pot $36 | Rake $0.50
Board [Qs Ad 6h As Td]
Seat 2: davyyyyyyy (big blind) folded on the River
Seat 3: assitoni (button) (small blind) collected ($35.50)


PokerStars Hand #152221832656:  Hold'em Limit ($3/$6 USD) - 2016/04/21 2:27:26 ET
Table 'Demophon' 6-max Seat #2 is the button
Seat 2: davyyyyyyy ($75 in chips)
Seat 3: assitoni ($134.50 in chips)
davyyyyyyy: posts small blind $1
assitoni: posts big blind $3
*** HOLE CARDS ***
davyyyyyyy: raises $3 to $6
assitoni: raises $3 to $9
VolkovDmitri joins the table at seat #1
davyyyyyyy: calls $3
*** FLOP *** [2s Tc 5c]
assitoni: bets $3
davyyyyyyy: calls $3
*** TURN *** [2s Tc 5c] [3d]
assitoni: bets $6
davyyyyyyy: raises $6 to $12
assitoni: calls $6
*** RIVER *** [2s Tc 5c 3d] [Qd]
assitoni: checks
davyyyyyyy: checks
*** SHOW DOWN ***
assitoni: shows [Ah 8c] (high card Ace)
davyyyyyyy: shows [4c 4s] (a pair of Fours)
davyyyyyyy collected $47.50 from pot
*** SUMMARY ***
Total pot $48 | Rake $0.50
Board [2s Tc 5c 3d Qd]
Seat 2: davyyyyyyy (button) (small blind) showed [4c 4s] and won ($47.50) with a pair of Fours
Seat 3: assitoni (big blind) showed [Ah 8c] and lost with high card Ace


PokerStars Hand #152225998496:  Hold'em Limit ($3/$6 USD) - 2016/04/21 5:57:04 ET
Table 'Demophon' 6-max Seat #1 is the button
Seat 1: kolaz03 ($195.50 in chips)
Seat 6: glottis88 ($87.40 in chips)
kolaz03: posts small blind $1
glottis88: posts big blind $3
*** HOLE CARDS ***
kolaz03: raises $3 to $6
glottis88: raises $3 to $9
kolaz03: calls $3
*** FLOP *** [3s Kd Qs]
glottis88: bets $3
kolaz03: folds
Uncalled bet ($3) returned to glottis88
glottis88 collected $17.64 from pot
glottis88: doesn't show hand
*** SUMMARY ***
Total pot $18 | Rake $0.36
Board [3s Kd Qs]
Seat 1: kolaz03 (button) (small blind) folded on the Flop
Seat 6: glottis88 (big blind) collected ($17.64)


PokerStars Hand #152225989317:  Hold'em Limit ($3/$6 USD) - 2016/04/21 5:56:38 ET
Table 'Demophon' 6-max Seat #6 is the button
Seat 1: kolaz03 ($186.86 in chips)
Seat 6: glottis88 ($96.40 in chips)
glottis88: posts small blind $1
kolaz03: posts big blind $3
*** HOLE CARDS ***
glottis88: calls $2
kolaz03: raises $3 to $6
glottis88: calls $3
*** FLOP *** [8d 4s Jh]
kolaz03: bets $3
glottis88: calls $3
*** TURN *** [8d 4s Jh] [7h]
kolaz03: checks
glottis88: checks
*** RIVER *** [8d 4s Jh 7h] [Ac]
kolaz03: checks
glottis88: checks
*** SHOW DOWN ***
kolaz03: shows [Ts Qd] (high card Ace)
glottis88: mucks hand
kolaz03 collected $17.64 from pot
*** SUMMARY ***
Total pot $18 | Rake $0.36
Board [8d 4s Jh 7h Ac]
Seat 1: kolaz03 (big blind) showed [Ts Qd] and won ($17.64) with high card Ace
Seat 6: glottis88 (button) (small blind) mucked


PokerStars Hand #152225971009:  Hold'em Limit ($3/$6 USD) - 2016/04/21 5:55:47 ET
Table 'Demophon' 6-max Seat #1 is the button
Seat 1: kolaz03 ($204.86 in chips)
Seat 6: glottis88 ($78.90 in chips)
kolaz03: posts small blind $1
bentinck113: is sitting out
glottis88: posts big blind $3
*** HOLE CARDS ***
kolaz03: raises $3 to $6
glottis88: raises $3 to $9
bentinck113 leaves the table
kolaz03: calls $3
*** FLOP *** [7s 9d 4d]
glottis88: bets $3
kolaz03: calls $3
*** TURN *** [7s 9d 4d] [4c]
glottis88: bets $6
kolaz03: calls $6
*** RIVER *** [7s 9d 4d 4c] [5h]
glottis88: bets $6
kolaz03: folds
Uncalled bet ($6) returned to glottis88
glottis88 collected $35.50 from pot
glottis88: doesn't show hand
*** SUMMARY ***
Total pot $36 | Rake $0.50
Board [7s 9d 4d 4c 5h]
Seat 1: kolaz03 (button) (small blind) folded on the River
Seat 6: glottis88 (big blind) collected ($35.50)


PokerStars Hand #152226011949:  Hold'em Limit ($3/$6 USD) - 2016/04/21 5:57:42 ET
Table 'Demophon' 6-max Seat #1 is the button
Seat 1: kolaz03 ($196.14 in chips)
Seat 6: glottis88 ($86.04 in chips)
kolaz03: posts small blind $1
glottis88: posts big blind $3
*** HOLE CARDS ***
kolaz03: raises $3 to $6
glottis88: calls $3
*** FLOP *** [5s 4c 7h]
glottis88: checks
kolaz03: bets $3
glottis88: raises $3 to $6
kolaz03: calls $3
*** TURN *** [5s 4c 7h] [8d]
glottis88: bets $6
kolaz03: folds
Uncalled bet ($6) returned to glottis88
glottis88 collected $23.52 from pot
glottis88: doesn't show hand
*** SUMMARY ***
Total pot $24 | Rake $0.48
Board [5s 4c 7h 8d]
Seat 1: kolaz03 (button) (small blind) folded on the Turn
Seat 6: glottis88 (big blind) collected ($23.52)


PokerStars Hand #152226010195:  Hold'em Limit ($3/$6 USD) - 2016/04/21 5:57:37 ET
Table 'Demophon' 6-max Seat #6 is the button
Seat 1: kolaz03 ($195.14 in chips)
Seat 6: glottis88 ($87.04 in chips)
glottis88: posts small blind $1
kolaz03: posts big blind $3
*** HOLE CARDS ***
glottis88: folds
Uncalled bet ($2) returned to kolaz03
kolaz03 collected $2 from pot
kolaz03: doesn't show hand
*** SUMMARY ***
Total pot $2 | Rake $0
Seat 1: kolaz03 (big blind) collected ($2)
Seat 6: glottis88 (button) (small blind) folded before Flop


PokerStars Hand #152226006886:  Hold'em Limit ($3/$6 USD) - 2016/04/21 5:57:28 ET
Table 'Demophon' 6-max Seat #1 is the button
Seat 1: kolaz03 ($189.38 in chips)
Seat 6: glottis88 ($93.04 in chips)
kolaz03: posts small blind $1
glottis88: posts big blind $3
*** HOLE CARDS ***
kolaz03: raises $3 to $6
glottis88: calls $3
*** FLOP *** [5h Kd 7s]
glottis88: checks
kolaz03: bets $3
glottis88: folds
Uncalled bet ($3) returned to kolaz03
kolaz03 collected $11.76 from pot
kolaz03: doesn't show hand
*** SUMMARY ***
Total pot $12 | Rake $0.24
Board [5h Kd 7s]
Seat 1: kolaz03 (button) (small blind) collected ($11.76)
Seat 6: glottis88 (big blind) folded on the Flop


PokerStars Hand #152226001893:  Hold'em Limit ($3/$6 USD) - 2016/04/21 5:57:14 ET
Table 'Demophon' 6-max Seat #6 is the button
Seat 1: kolaz03 ($186.50 in chips)
Seat 6: glottis88 ($96.04 in chips)
glottis88: posts small blind $1
kolaz03: posts big blind $3
*** HOLE CARDS ***
glottis88: calls $2
kolaz03: checks
*** FLOP *** [3s 5h 9h]
kolaz03: bets $3
glottis88: folds
Uncalled bet ($3) returned to kolaz03
kolaz03 collected $5.88 from pot
kolaz03: doesn't show hand
*** SUMMARY ***
Total pot $6 | Rake $0.12
Board [3s 5h 9h]
Seat 1: kolaz03 (big blind) collected ($5.88)
Seat 6: glottis88 (button) (small blind) folded on the Flop


PokerStars Hand #152226026825:  Hold'em Limit ($3/$6 USD) - 2016/04/21 5:58:24 ET
Table 'Demophon' 6-max Seat #1 is the button
Seat 1: kolaz03 ($204.64 in chips)
Seat 6: glottis88 ($76.56 in chips)
kolaz03: posts small blind $1
glottis88: posts big blind $3
*** HOLE CARDS ***
kolaz03: folds
Uncalled bet ($2) returned to glottis88
glottis88 collected $2 from pot
glottis88: doesn't show hand
*** SUMMARY ***
Total pot $2 | Rake $0
Seat 1: kolaz03 (button) (small blind) folded before Flop
Seat 6: glottis88 (big blind) collected ($2)


PokerStars Hand #152226038385:  Hold'em Limit ($3/$6 USD) - 2016/04/21 5:58:57 ET
Table 'Demophon' 6-max Seat #1 is the button
Seat 1: kolaz03 ($218.14 in chips)
Seat 6: glottis88 ($62.56 in chips)
kolaz03: posts small blind $1
glottis88: posts big blind $3
*** HOLE CARDS ***
kolaz03: folds
Uncalled bet ($2) returned to glottis88
glottis88 collected $2 from pot
glottis88: doesn't show hand
*** SUMMARY ***
Total pot $2 | Rake $0
Seat 1: kolaz03 (button) (small blind) folded before Flop
Seat 6: glottis88 (big blind) collected ($2)


PokerStars Hand #152226030879:  Hold'em Limit ($3/$6 USD) - 2016/04/21 5:58:36 ET
Table 'Demophon' 6-max Seat #6 is the button
Seat 1: kolaz03 ($203.64 in chips)
Seat 6: glottis88 ($77.56 in chips)
glottis88: posts small blind $1
kolaz03: posts big blind $3
*** HOLE CARDS ***
glottis88: raises $3 to $6
kolaz03: calls $3
*** FLOP *** [8h Ah 6c]
kolaz03: checks
glottis88: bets $3
kolaz03: calls $3
*** TURN *** [8h Ah 6c] [Th]
kolaz03: checks
glottis88: bets $6
kolaz03: calls $6
*** RIVER *** [8h Ah 6c Th] [Kc]
kolaz03: checks
glottis88: checks
*** SHOW DOWN ***
kolaz03: shows [Qd 6h] (a pair of Sixes)
glottis88: mucks hand
kolaz03 collected $29.50 from pot
*** SUMMARY ***
Total pot $30 | Rake $0.50
Board [8h Ah 6c Th Kc]
Seat 1: kolaz03 (big blind) showed [Qd 6h] and won ($29.50) with a pair of Sixes
Seat 6: glottis88 (button) (small blind) mucked


PokerStars Hand #152226020192:  Hold'em Limit ($3/$6 USD) - 2016/04/21 5:58:06 ET
Table 'Demophon' 6-max Seat #6 is the button
Seat 1: kolaz03 ($184.14 in chips)
Seat 6: glottis88 ($97.56 in chips)
glottis88: posts small blind $1
kolaz03: posts big blind $3
*** HOLE CARDS ***
glottis88: calls $2
kolaz03: raises $3 to $6
glottis88: calls $3
*** FLOP *** [Jh 8h 4s]
kolaz03: bets $3
glottis88: calls $3
*** TURN *** [Jh 8h 4s] [Ac]
kolaz03: bets $6
glottis88: calls $6
*** RIVER *** [Jh 8h 4s Ac] [Js]
kolaz03: bets $6
glottis88: calls $6
*** SHOW DOWN ***
kolaz03: shows [Jd 7s] (three of a kind, Jacks)
glottis88: mucks hand
kolaz03 collected $41.50 from pot
*** SUMMARY ***
Total pot $42 | Rake $0.50
Board [Jh 8h 4s Ac Js]
Seat 1: kolaz03 (big blind) showed [Jd 7s] and won ($41.50) with three of a kind, Jacks
Seat 6: glottis88 (button) (small blind) mucked


PokerStars Hand #152226040110:  Hold'em Limit ($3/$6 USD) - 2016/04/21 5:59:02 ET
Table 'Demophon' 6-max Seat #6 is the button
Seat 1: kolaz03 ($217.14 in chips)
Seat 6: glottis88 ($63.56 in chips)
glottis88: posts small blind $1
kolaz03: posts big blind $3
*** HOLE CARDS ***
glottis88: calls $2
kolaz03: raises $3 to $6
glottis88: raises $3 to $9
kolaz03: calls $3
*** FLOP *** [As 2d 5c]
kolaz03: checks
glottis88: bets $3
kolaz03: folds
Uncalled bet ($3) returned to glottis88
glottis88 collected $17.64 from pot
glottis88: doesn't show hand
*** SUMMARY ***
Total pot $18 | Rake $0.36
Board [As 2d 5c]
Seat 1: kolaz03 (big blind) folded on the Flop
Seat 6: glottis88 (button) (small blind) collected ($17.64)


