PokerStars Hand #152539338432:  Hold'em Limit ($3/$6 USD) - 2016/04/27 17:45:48 ET
Table 'Demodokus' 6-max Seat #3 is the button
Seat 3: sawel888 ($60 in chips)
Seat 4: LolDnkaments ($72 in chips)
sawel888: posts small blind $1
LolDnkaments: posts big blind $3
*** HOLE CARDS ***
sawel888: folds
Uncalled bet ($2) returned to LolDnkaments
LolDnkaments collected $2 from pot
LolDnkaments: doesn't show hand
*** SUMMARY ***
Total pot $2 | Rake $0
Seat 3: sawel888 (button) (small blind) folded before Flop
Seat 4: LolDnkaments (big blind) collected ($2)


PokerStars Hand #152539348361:  Hold'em Limit ($3/$6 USD) - 2016/04/27 17:46:00 ET
Table 'Demodokus' 6-max Seat #4 is the button
Seat 3: sawel888 ($59 in chips)
Seat 4: LolDnkaments ($73 in chips)
LolDnkaments: posts small blind $1
sawel888: posts big blind $3
*** HOLE CARDS ***
LolDnkaments: raises $3 to $6
sawel888: calls $3
*** FLOP *** [4d 2c Tc]
sawel888: checks
LolDnkaments: bets $3
sawel888: calls $3
*** TURN *** [4d 2c Tc] [4h]
sawel888: checks
LolDnkaments: bets $6
sawel888: raises $6 to $12
LolDnkaments: folds
Uncalled bet ($6) returned to sawel888
sawel888 collected $29.50 from pot
sawel888: doesn't show hand
*** SUMMARY ***
Total pot $30 | Rake $0.50
Board [4d 2c Tc 4h]
Seat 3: sawel888 (big blind) collected ($29.50)
Seat 4: LolDnkaments (button) (small blind) folded on the Turn


PokerStars Hand #152539369186:  Hold'em Limit ($3/$6 USD) - 2016/04/27 17:46:26 ET
Table 'Demodokus' 6-max Seat #4 is the button
Seat 3: sawel888 ($72.50 in chips)
Seat 4: LolDnkaments ($73 in chips)
LolDnkaments: posts small blind $1
sawel888: posts big blind $3
*** HOLE CARDS ***
LolDnkaments: raises $3 to $6
sawel888: calls $3
*** FLOP *** [Qd 7h 2c]
sawel888: checks
LolDnkaments: bets $3
sawel888: calls $3
*** TURN *** [Qd 7h 2c] [2h]
sawel888: checks
LolDnkaments: checks
*** RIVER *** [Qd 7h 2c 2h] [Ts]
sawel888: bets $6
LolDnkaments: folds
Uncalled bet ($6) returned to sawel888
sawel888 collected $17.64 from pot
sawel888: doesn't show hand
*** SUMMARY ***
Total pot $18 | Rake $0.36
Board [Qd 7h 2c 2h Ts]
Seat 3: sawel888 (big blind) collected ($17.64)
Seat 4: LolDnkaments (button) (small blind) folded on the River


PokerStars Hand #152539386060:  Hold'em Limit ($3/$6 USD) - 2016/04/27 17:46:47 ET
Table 'Demodokus' 6-max Seat #3 is the button
Seat 3: sawel888 ($81.14 in chips)
Seat 4: LolDnkaments ($72 in chips)
sawel888: posts small blind $1
LolDnkaments: posts big blind $3
*** HOLE CARDS ***
sawel888: raises $3 to $6
LolDnkaments: calls $3
*** FLOP *** [Qs 6s Qd]
LolDnkaments: checks
sawel888: bets $3
LolDnkaments: folds
Uncalled bet ($3) returned to sawel888
sawel888 collected $11.76 from pot
sawel888: doesn't show hand
*** SUMMARY ***
Total pot $12 | Rake $0.24
Board [Qs 6s Qd]
Seat 3: sawel888 (button) (small blind) collected ($11.76)
Seat 4: LolDnkaments (big blind) folded on the Flop


PokerStars Hand #152539364456:  Hold'em Limit ($3/$6 USD) - 2016/04/27 17:46:20 ET
Table 'Demodokus' 6-max Seat #3 is the button
Seat 3: sawel888 ($73.50 in chips)
Seat 4: LolDnkaments ($72 in chips)
sawel888: posts small blind $1
LolDnkaments: posts big blind $3
*** HOLE CARDS ***
sawel888: folds
Uncalled bet ($2) returned to LolDnkaments
LolDnkaments collected $2 from pot
LolDnkaments: doesn't show hand
*** SUMMARY ***
Total pot $2 | Rake $0
Seat 3: sawel888 (button) (small blind) folded before Flop
Seat 4: LolDnkaments (big blind) collected ($2)


PokerStars Hand #152539442625:  Hold'em Limit ($3/$6 USD) - 2016/04/27 17:47:57 ET
Table 'Demodokus' 6-max Seat #4 is the button
Seat 3: sawel888 ($80.40 in chips)
Seat 4: LolDnkaments ($95.50 in chips)
LolDnkaments: posts small blind $1
sawel888: posts big blind $3
*** HOLE CARDS ***
LolDnkaments: raises $3 to $6
sawel888: folds
Uncalled bet ($3) returned to LolDnkaments
LolDnkaments collected $6 from pot
LolDnkaments: doesn't show hand
*** SUMMARY ***
Total pot $6 | Rake $0
Seat 3: sawel888 (big blind) folded before Flop
Seat 4: LolDnkaments (button) (small blind) collected ($6)


PokerStars Hand #152539425108:  Hold'em Limit ($3/$6 USD) - 2016/04/27 17:47:35 ET
Table 'Demodokus' 6-max Seat #3 is the button
Seat 3: sawel888 ($104.40 in chips)
Seat 4: LolDnkaments ($72 in chips)
sawel888: posts small blind $1
LolDnkaments: posts big blind $3
*** HOLE CARDS ***
sawel888: raises $3 to $6
LolDnkaments: raises $3 to $9
sawel888: calls $3
*** FLOP *** [2s 6h Qd]
LolDnkaments: bets $3
sawel888: calls $3
*** TURN *** [2s 6h Qd] [3d]
LolDnkaments: bets $6
sawel888: calls $6
*** RIVER *** [2s 6h Qd 3d] [5d]
LolDnkaments: bets $6
sawel888: calls $6
*** SHOW DOWN ***
LolDnkaments: shows [Jd 8d] (a flush, Queen high)
sawel888: mucks hand
LolDnkaments collected $47.50 from pot
*** SUMMARY ***
Total pot $48 | Rake $0.50
Board [2s 6h Qd 3d 5d]
Seat 3: sawel888 (button) (small blind) mucked
Seat 4: LolDnkaments (big blind) showed [Jd 8d] and won ($47.50) with a flush, Queen high


PokerStars Hand #152539396189:  Hold'em Limit ($3/$6 USD) - 2016/04/27 17:46:59 ET
Table 'Demodokus' 6-max Seat #4 is the button
Seat 3: sawel888 ($86.90 in chips)
Seat 4: LolDnkaments ($72 in chips)
LolDnkaments: posts small blind $1
sawel888: posts big blind $3
*** HOLE CARDS ***
LolDnkaments: raises $3 to $6
sawel888: calls $3
*** FLOP *** [7s 3h Ac]
sawel888: bets $3
LolDnkaments: raises $3 to $6
sawel888: calls $3
*** TURN *** [7s 3h Ac] [Kc]
sawel888: checks
LolDnkaments: bets $6
sawel888: raises $6 to $12
LolDnkaments: folds
Uncalled bet ($6) returned to sawel888
sawel888 collected $35.50 from pot
sawel888: doesn't show hand
*** SUMMARY ***
Total pot $36 | Rake $0.50
Board [7s 3h Ac Kc]
Seat 3: sawel888 (big blind) collected ($35.50)
Seat 4: LolDnkaments (button) (small blind) folded on the Turn


PokerStars Hand #152539466620:  Hold'em Limit ($3/$6 USD) - 2016/04/27 17:48:27 ET
Table 'Demodokus' 6-max Seat #4 is the button
Seat 3: sawel888 ($50.40 in chips)
Seat 4: LolDnkaments ($125 in chips)
LolDnkaments: posts small blind $1
sawel888: posts big blind $3
*** HOLE CARDS ***
LolDnkaments: raises $3 to $6
sawel888: folds
Uncalled bet ($3) returned to LolDnkaments
LolDnkaments collected $6 from pot
LolDnkaments: doesn't show hand
*** SUMMARY ***
Total pot $6 | Rake $0
Seat 3: sawel888 (big blind) folded before Flop
Seat 4: LolDnkaments (button) (small blind) collected ($6)


PokerStars Hand #152539448824:  Hold'em Limit ($3/$6 USD) - 2016/04/27 17:48:05 ET
Table 'Demodokus' 6-max Seat #3 is the button
Seat 3: sawel888 ($77.40 in chips)
Seat 4: LolDnkaments ($98.50 in chips)
sawel888: posts small blind $1
LolDnkaments: posts big blind $3
*** HOLE CARDS ***
sawel888: raises $3 to $6
LolDnkaments: calls $3
*** FLOP *** [3s 2h 9c]
LolDnkaments: checks
sawel888: bets $3
LolDnkaments: raises $3 to $6
sawel888: raises $3 to $9
LolDnkaments: calls $3
*** TURN *** [3s 2h 9c] [Qs]
LolDnkaments: checks
sawel888: bets $6
LolDnkaments: calls $6
*** RIVER *** [3s 2h 9c Qs] [Ks]
LolDnkaments: checks
sawel888: bets $6
LolDnkaments: calls $6
*** SHOW DOWN ***
sawel888: shows [6c 3h] (a pair of Threes)
LolDnkaments: shows [8s 9h] (a pair of Nines)
LolDnkaments collected $53.50 from pot
*** SUMMARY ***
Total pot $54 | Rake $0.50
Board [3s 2h 9c Qs Ks]
Seat 3: sawel888 (button) (small blind) showed [6c 3h] and lost with a pair of Threes
Seat 4: LolDnkaments (big blind) showed [8s 9h] and won ($53.50) with a pair of Nines


PokerStars Hand #152539471877:  Hold'em Limit ($3/$6 USD) - 2016/04/27 17:48:34 ET
Table 'Demodokus' 6-max Seat #3 is the button
Seat 3: sawel888 ($47.40 in chips)
Seat 4: LolDnkaments ($128 in chips)
sawel888: posts small blind $1
LolDnkaments: posts big blind $3
*** HOLE CARDS ***
sawel888: raises $3 to $6
LolDnkaments: calls $3
*** FLOP *** [2h As Jd]
LolDnkaments: checks
sawel888: bets $3
LolDnkaments: folds
Uncalled bet ($3) returned to sawel888
Pelurile joins the table at seat #5
sawel888 collected $11.76 from pot
sawel888: doesn't show hand
*** SUMMARY ***
Total pot $12 | Rake $0.24
Board [2h As Jd]
Seat 3: sawel888 (button) (small blind) collected ($11.76)
Seat 4: LolDnkaments (big blind) folded on the Flop


PokerStars Hand #152539670117:  Hold'em Limit ($3/$6 USD) - 2016/04/27 17:52:42 ET
Table 'Demodokus' 6-max Seat #4 is the button
Seat 3: sawel888 ($209.45 in chips)
Seat 4: LolDnkaments ($72 in chips)
LolDnkaments: posts small blind $1
Pelurile: is sitting out
sawel888: posts big blind $3
*** HOLE CARDS ***
LolDnkaments: folds
Uncalled bet ($2) returned to sawel888
sawel888 collected $2 from pot
sawel888: doesn't show hand
*** SUMMARY ***
Total pot $2 | Rake $0
Seat 3: sawel888 (big blind) collected ($2)
Seat 4: LolDnkaments (button) (small blind) folded before Flop


PokerStars Hand #152539673996:  Hold'em Limit ($3/$6 USD) - 2016/04/27 17:52:47 ET
Table 'Demodokus' 6-max Seat #3 is the button
Seat 3: sawel888 ($210.45 in chips)
Seat 4: LolDnkaments ($72 in chips)
sawel888: posts small blind $1
LolDnkaments: posts big blind $3
*** HOLE CARDS ***
sawel888: folds
Uncalled bet ($2) returned to LolDnkaments
LolDnkaments collected $2 from pot
LolDnkaments: doesn't show hand
*** SUMMARY ***
Total pot $2 | Rake $0
Seat 3: sawel888 (button) (small blind) folded before Flop
Seat 4: LolDnkaments (big blind) collected ($2)


PokerStars Hand #152539677929:  Hold'em Limit ($3/$6 USD) - 2016/04/27 17:52:52 ET
Table 'Demodokus' 6-max Seat #4 is the button
Seat 3: sawel888 ($209.45 in chips)
Seat 4: LolDnkaments ($73 in chips)
LolDnkaments: posts small blind $1
sawel888: posts big blind $3
*** HOLE CARDS ***
LolDnkaments: raises $3 to $6
sawel888: calls $3
*** FLOP *** [2s 8s Qc]
sawel888: checks
LolDnkaments: bets $3
sawel888: calls $3
*** TURN *** [2s 8s Qc] [Ad]
sawel888: checks
LolDnkaments: bets $6
sawel888: calls $6
*** RIVER *** [2s 8s Qc Ad] [Kh]
sawel888: checks
LolDnkaments: checks
*** SHOW DOWN ***
sawel888: shows [Tc Ac] (a pair of Aces)
LolDnkaments: mucks hand
sawel888 collected $29.50 from pot
*** SUMMARY ***
Total pot $30 | Rake $0.50
Board [2s 8s Qc Ad Kh]
Seat 3: sawel888 (big blind) showed [Tc Ac] and won ($29.50) with a pair of Aces
Seat 4: LolDnkaments (button) (small blind) mucked


PokerStars Hand #152539707653:  Hold'em Limit ($3/$6 USD) - 2016/04/27 17:53:29 ET
Table 'Demodokus' 6-max Seat #3 is the button
Seat 3: sawel888 ($223.95 in chips)
Seat 4: LolDnkaments ($72 in chips)
sawel888: posts small blind $1
LolDnkaments: posts big blind $3
*** HOLE CARDS ***
sawel888: raises $3 to $6
LolDnkaments: calls $3
*** FLOP *** [Kc Kh 3s]
LolDnkaments: checks
sawel888: bets $3
LolDnkaments: folds
Uncalled bet ($3) returned to sawel888
sawel888 collected $11.76 from pot
sawel888: doesn't show hand
*** SUMMARY ***
Total pot $12 | Rake $0.24
Board [Kc Kh 3s]
Seat 3: sawel888 (button) (small blind) collected ($11.76)
Seat 4: LolDnkaments (big blind) folded on the Flop


PokerStars Hand #152539700699:  Hold'em Limit ($3/$6 USD) - 2016/04/27 17:53:21 ET
Table 'Demodokus' 6-max Seat #4 is the button
Seat 3: sawel888 ($222.95 in chips)
Seat 4: LolDnkaments ($73 in chips)
LolDnkaments: posts small blind $1
sawel888: posts big blind $3
*** HOLE CARDS ***
LolDnkaments: folds
Uncalled bet ($2) returned to sawel888
sawel888 collected $2 from pot
sawel888: doesn't show hand
*** SUMMARY ***
Total pot $2 | Rake $0
Seat 3: sawel888 (big blind) collected ($2)
Seat 4: LolDnkaments (button) (small blind) folded before Flop


PokerStars Hand #152539696274:  Hold'em Limit ($3/$6 USD) - 2016/04/27 17:53:15 ET
Table 'Demodokus' 6-max Seat #3 is the button
Seat 3: sawel888 ($223.95 in chips)
Seat 4: LolDnkaments ($72 in chips)
sawel888: posts small blind $1
LolDnkaments: posts big blind $3
*** HOLE CARDS ***
sawel888: folds
Uncalled bet ($2) returned to LolDnkaments
LolDnkaments collected $2 from pot
LolDnkaments: doesn't show hand
*** SUMMARY ***
Total pot $2 | Rake $0
Seat 3: sawel888 (button) (small blind) folded before Flop
Seat 4: LolDnkaments (big blind) collected ($2)


PokerStars Hand #152539752823:  Hold'em Limit ($3/$6 USD) - 2016/04/27 17:54:27 ET
Table 'Demodokus' 6-max Seat #4 is the button
Seat 3: sawel888 ($255.21 in chips)
Seat 4: LolDnkaments ($73 in chips)
LolDnkaments: posts small blind $1
sawel888: posts big blind $3
*** HOLE CARDS ***
LolDnkaments: raises $3 to $6
sawel888: calls $3
*** FLOP *** [3c 3h 9d]
sawel888: checks
LolDnkaments: bets $3
sawel888: calls $3
*** TURN *** [3c 3h 9d] [Jc]
sawel888: checks
LolDnkaments: bets $6
sawel888: calls $6
*** RIVER *** [3c 3h 9d Jc] [Kh]
sawel888: bets $6
LolDnkaments: folds
Uncalled bet ($6) returned to sawel888
sawel888 collected $29.50 from pot
sawel888: doesn't show hand
*** SUMMARY ***
Total pot $30 | Rake $0.50
Board [3c 3h 9d Jc Kh]
Seat 3: sawel888 (big blind) collected ($29.50)
Seat 4: LolDnkaments (button) (small blind) folded on the River


PokerStars Hand #152539779232:  Hold'em Limit ($3/$6 USD) - 2016/04/27 17:55:00 ET
Table 'Demodokus' 6-max Seat #4 is the button
Seat 3: sawel888 ($268.71 in chips)
Seat 4: LolDnkaments ($73 in chips)
LolDnkaments: posts small blind $1
sawel888: posts big blind $3
*** HOLE CARDS ***
LolDnkaments: raises $3 to $6
sawel888: folds
Uncalled bet ($3) returned to LolDnkaments
LolDnkaments collected $6 from pot
LolDnkaments: doesn't show hand
*** SUMMARY ***
Total pot $6 | Rake $0
Seat 3: sawel888 (big blind) folded before Flop
Seat 4: LolDnkaments (button) (small blind) collected ($6)


PokerStars Hand #152539774917:  Hold'em Limit ($3/$6 USD) - 2016/04/27 17:54:55 ET
Table 'Demodokus' 6-max Seat #3 is the button
Seat 3: sawel888 ($269.71 in chips)
Seat 4: LolDnkaments ($72 in chips)
sawel888: posts small blind $1
LolDnkaments: posts big blind $3
*** HOLE CARDS ***
sawel888: folds
Uncalled bet ($2) returned to LolDnkaments
LolDnkaments collected $2 from pot
LolDnkaments: doesn't show hand
*** SUMMARY ***
Total pot $2 | Rake $0
Seat 3: sawel888 (button) (small blind) folded before Flop
Seat 4: LolDnkaments (big blind) collected ($2)


PokerStars Hand #152539748714:  Hold'em Limit ($3/$6 USD) - 2016/04/27 17:54:21 ET
Table 'Demodokus' 6-max Seat #3 is the button
Seat 3: sawel888 ($256.21 in chips)
Seat 4: LolDnkaments ($72 in chips)
sawel888: posts small blind $1
LolDnkaments: posts big blind $3
*** HOLE CARDS ***
sawel888: folds
Uncalled bet ($2) returned to LolDnkaments
LolDnkaments collected $2 from pot
LolDnkaments: doesn't show hand
*** SUMMARY ***
Total pot $2 | Rake $0
Seat 3: sawel888 (button) (small blind) folded before Flop
Seat 4: LolDnkaments (big blind) collected ($2)


PokerStars Hand #152539716953:  Hold'em Limit ($3/$6 USD) - 2016/04/27 17:53:41 ET
Table 'Demodokus' 6-max Seat #4 is the button
Seat 3: sawel888 ($229.71 in chips)
Seat 4: LolDnkaments ($72 in chips)
LolDnkaments: posts small blind $1
sawel888: posts big blind $3
*** HOLE CARDS ***
LolDnkaments: raises $3 to $6
sawel888: calls $3
*** FLOP *** [6s Ah Qs]
sawel888: checks
LolDnkaments: bets $3
sawel888: calls $3
*** TURN *** [6s Ah Qs] [3d]
sawel888: checks
LolDnkaments: bets $6
sawel888: raises $6 to $12
LolDnkaments: calls $6
*** RIVER *** [6s Ah Qs 3d] [Qh]
sawel888: bets $6
LolDnkaments: calls $6
*** SHOW DOWN ***
sawel888: shows [7d As] (two pair, Aces and Queens)
LolDnkaments: mucks hand
sawel888 collected $53.50 from pot
*** SUMMARY ***
Total pot $54 | Rake $0.50
Board [6s Ah Qs 3d Qh]
Seat 3: sawel888 (big blind) showed [7d As] and won ($53.50) with two pair, Aces and Queens
Seat 4: LolDnkaments (button) (small blind) mucked


PokerStars Hand #152539785216:  Hold'em Limit ($3/$6 USD) - 2016/04/27 17:55:09 ET
Table 'Demodokus' 6-max Seat #3 is the button
Seat 3: sawel888 ($265.71 in chips)
Seat 4: LolDnkaments ($76 in chips)
sawel888: posts small blind $1
LolDnkaments: posts big blind $3
*** HOLE CARDS ***
sawel888: raises $3 to $6
LolDnkaments: calls $3
*** FLOP *** [3s 8d 2h]
LolDnkaments: checks
sawel888: bets $3
LolDnkaments: raises $3 to $6
sawel888: calls $3
*** TURN *** [3s 8d 2h] [5c]
LolDnkaments: bets $6
sawel888: calls $6
*** RIVER *** [3s 8d 2h 5c] [3c]
LolDnkaments: bets $6
sawel888: raises $6 to $12
LolDnkaments: raises $6 to $18
sawel888: calls $6
*** SHOW DOWN ***
LolDnkaments: shows [3h 6d] (three of a kind, Threes)
sawel888: mucks hand
LolDnkaments collected $71.50 from pot
*** SUMMARY ***
Total pot $72 | Rake $0.50
Board [3s 8d 2h 5c 3c]
Seat 3: sawel888 (button) (small blind) mucked
Seat 4: LolDnkaments (big blind) showed [3h 6d] and won ($71.50) with three of a kind, Threes


PokerStars Hand #152539801638:  Hold'em Limit ($3/$6 USD) - 2016/04/27 17:55:34 ET
Table 'Demodokus' 6-max Seat #4 is the button
Seat 3: sawel888 ($229.71 in chips)
Seat 4: LolDnkaments ($111.50 in chips)
LolDnkaments: posts small blind $1
sawel888: posts big blind $3
*** HOLE CARDS ***
LolDnkaments: raises $3 to $6
sawel888: folds
Uncalled bet ($3) returned to LolDnkaments
LolDnkaments collected $6 from pot
LolDnkaments: doesn't show hand
*** SUMMARY ***
Total pot $6 | Rake $0
Seat 3: sawel888 (big blind) folded before Flop
Seat 4: LolDnkaments (button) (small blind) collected ($6)


PokerStars Hand #152539805820:  Hold'em Limit ($3/$6 USD) - 2016/04/27 17:55:41 ET
Table 'Demodokus' 6-max Seat #3 is the button
Seat 3: sawel888 ($226.71 in chips)
Seat 4: LolDnkaments ($114.50 in chips)
sawel888: posts small blind $1
LolDnkaments: posts big blind $3
*** HOLE CARDS ***
sawel888: raises $3 to $6
LolDnkaments: calls $3
*** FLOP *** [3s 5d Jh]
LolDnkaments: checks
sawel888: checks
*** TURN *** [3s 5d Jh] [2h]
LolDnkaments: bets $6
sawel888: calls $6
*** RIVER *** [3s 5d Jh 2h] [7c]
LolDnkaments: bets $6
sawel888: calls $6
*** SHOW DOWN ***
LolDnkaments: shows [7h 6s] (a pair of Sevens)
sawel888: mucks hand
LolDnkaments collected $35.50 from pot
*** SUMMARY ***
Total pot $36 | Rake $0.50
Board [3s 5d Jh 2h 7c]
Seat 3: sawel888 (button) (small blind) mucked
Seat 4: LolDnkaments (big blind) showed [7h 6s] and won ($35.50) with a pair of Sevens


PokerStars Hand #152539851017:  Hold'em Limit ($3/$6 USD) - 2016/04/27 17:56:52 ET
Table 'Demodokus' 6-max Seat #4 is the button
Seat 3: sawel888 ($211.21 in chips)
Seat 4: LolDnkaments ($128.50 in chips)
LolDnkaments: posts small blind $1
sawel888: posts big blind $3
*** HOLE CARDS ***
LolDnkaments: raises $3 to $6
sawel888: calls $3
*** FLOP *** [7c 7d 2c]
sawel888: checks
LolDnkaments: bets $3
sawel888: calls $3
*** TURN *** [7c 7d 2c] [2s]
sawel888: checks
LolDnkaments: checks
*** RIVER *** [7c 7d 2c 2s] [4c]
sawel888: bets $6
LolDnkaments: folds
Uncalled bet ($6) returned to sawel888
MARIBORO8 joins the table at seat #2
sawel888 collected $17.64 from pot
sawel888: doesn't show hand
*** SUMMARY ***
Total pot $18 | Rake $0.36
Board [7c 7d 2c 2s 4c]
Seat 3: sawel888 (big blind) collected ($17.64)
Seat 4: LolDnkaments (button) (small blind) folded on the River


PokerStars Hand #152539834663:  Hold'em Limit ($3/$6 USD) - 2016/04/27 17:56:27 ET
Table 'Demodokus' 6-max Seat #3 is the button
Seat 3: sawel888 ($232.21 in chips)
Seat 4: LolDnkaments ($108 in chips)
sawel888: posts small blind $1
LolDnkaments: posts big blind $3
*** HOLE CARDS ***
sawel888: raises $3 to $6
LolDnkaments: calls $3
*** FLOP *** [7h 6c Tc]
LolDnkaments: checks
sawel888: bets $3
LolDnkaments: calls $3
*** TURN *** [7h 6c Tc] [7d]
LolDnkaments: checks
sawel888: bets $6
LolDnkaments: calls $6
*** RIVER *** [7h 6c Tc 7d] [4s]
LolDnkaments: checks
sawel888: bets $6
LolDnkaments: calls $6
*** SHOW DOWN ***
sawel888: shows [4c 3h] (two pair, Sevens and Fours)
LolDnkaments: shows [8s 6d] (two pair, Sevens and Sixes)
LolDnkaments collected $41.50 from pot
*** SUMMARY ***
Total pot $42 | Rake $0.50
Board [7h 6c Tc 7d 4s]
Seat 3: sawel888 (button) (small blind) showed [4c 3h] and lost with two pair, Sevens and Fours
Seat 4: LolDnkaments (big blind) showed [8s 6d] and won ($41.50) with two pair, Sevens and Sixes


PokerStars Hand #152539821631:  Hold'em Limit ($3/$6 USD) - 2016/04/27 17:56:06 ET
Table 'Demodokus' 6-max Seat #4 is the button
Seat 3: sawel888 ($208.71 in chips)
Seat 4: LolDnkaments ($132 in chips)
LolDnkaments: posts small blind $1
sawel888: posts big blind $3
*** HOLE CARDS ***
LolDnkaments: raises $3 to $6
sawel888: raises $3 to $9
LolDnkaments: calls $3
*** FLOP *** [7s 8s 2h]
sawel888: bets $3
LolDnkaments: calls $3
*** TURN *** [7s 8s 2h] [4c]
sawel888: bets $6
LolDnkaments: calls $6
*** RIVER *** [7s 8s 2h 4c] [Qh]
sawel888: bets $6
LolDnkaments: calls $6
*** SHOW DOWN ***
sawel888: shows [3c Qc] (a pair of Queens)
LolDnkaments: mucks hand
sawel888 collected $47.50 from pot
*** SUMMARY ***
Total pot $48 | Rake $0.50
Board [7s 8s 2h 4c Qh]
Seat 3: sawel888 (big blind) showed [3c Qc] and won ($47.50) with a pair of Queens
Seat 4: LolDnkaments (button) (small blind) mucked


PokerStars Hand #152539865959:  Hold'em Limit ($3/$6 USD) - 2016/04/27 17:57:15 ET
Table 'Demodokus' 6-max Seat #3 is the button
Seat 3: sawel888 ($219.85 in chips)
Seat 4: LolDnkaments ($119.50 in chips)
sawel888: posts small blind $1
LolDnkaments: posts big blind $3
*** HOLE CARDS ***
sawel888: raises $3 to $6
LolDnkaments: raises $3 to $9
sawel888: raises $3 to $12
Betting is capped
LolDnkaments: calls $3
*** FLOP *** [7s Th 2c]
LolDnkaments: bets $3
Hi Im Alexey joins the table at seat #6
sawel888: calls $3
*** TURN *** [7s Th 2c] [Jh]
LolDnkaments: bets $6
sawel888: calls $6
*** RIVER *** [7s Th 2c Jh] [5d]
LolDnkaments: checks
sawel888: bets $6
LolDnkaments: calls $6
*** SHOW DOWN ***
sawel888: shows [Tc Js] (two pair, Jacks and Tens)
LolDnkaments: mucks hand
sawel888 collected $53.50 from pot
*** SUMMARY ***
Total pot $54 | Rake $0.50
Board [7s Th 2c Jh 5d]
Seat 3: sawel888 (button) (small blind) showed [Tc Js] and won ($53.50) with two pair, Jacks and Tens
Seat 4: LolDnkaments (big blind) mucked


