PokerStars Hand #147395410967:  Hold'em Limit ($3/$6 USD) - 2016/01/20 18:39:07 ET
Table 'Demoulina' 2-max Seat #2 is the button
Seat 1: tarik186 ($11.84 in chips)
Seat 2: elifnur2008 ($141.46 in chips)
elifnur2008: posts small blind $1
tarik186: posts big blind $3
*** HOLE CARDS ***
elifnur2008: raises $3 to $6
tarik186: calls $3
*** FLOP *** [Td Ks 2c]
tarik186: checks
elifnur2008: bets $3
tarik186: calls $3
*** TURN *** [Td Ks 2c] [Kd]
tarik186: bets $2.84 and is all-in
elifnur2008: calls $2.84
*** RIVER *** [Td Ks 2c Kd] [Ad]
*** SHOW DOWN ***
tarik186: shows [9c Kc] (three of a kind, Kings)
elifnur2008: shows [2s 3d] (two pair, Kings and Deuces)
tarik186 collected $23.21 from pot
*** SUMMARY ***
Total pot $23.68 | Rake $0.47
Board [Td Ks 2c Kd Ad]
Seat 1: tarik186 (big blind) showed [9c Kc] and won ($23.21) with three of a kind, Kings
Seat 2: elifnur2008 (button) (small blind) showed [2s 3d] and lost with two pair, Kings and Deuces


PokerStars Hand #147395398971:  Hold'em Limit ($3/$6 USD) - 2016/01/20 18:38:52 ET
Table 'Demoulina' 2-max Seat #1 is the button
Seat 1: tarik186 ($6.04 in chips)
Seat 2: elifnur2008 ($147.50 in chips)
tarik186: posts small blind $1
elifnur2008: posts big blind $3
*** HOLE CARDS ***
tarik186: raises $3 to $6
elifnur2008: raises $3 to $9
tarik186: calls $0.04 and is all-in
Uncalled bet ($2.96) returned to elifnur2008
*** FLOP *** [5c 2s Th]
*** TURN *** [5c 2s Th] [6c]
*** RIVER *** [5c 2s Th 6c] [Jc]
*** SHOW DOWN ***
elifnur2008: shows [3d Qc] (high card Queen)
tarik186: shows [Td Ah] (a pair of Tens)
tarik186 collected $11.84 from pot
*** SUMMARY ***
Total pot $12.08 | Rake $0.24
Board [5c 2s Th 6c Jc]
Seat 1: tarik186 (button) (small blind) showed [Td Ah] and won ($11.84) with a pair of Tens
Seat 2: elifnur2008 (big blind) showed [3d Qc] and lost with high card Queen


PokerStars Hand #147395394383:  Hold'em Limit ($3/$6 USD) - 2016/01/20 18:38:46 ET
Table 'Demoulina' 2-max Seat #2 is the button
Seat 1: tarik186 ($5.04 in chips)
Seat 2: elifnur2008 ($148.50 in chips)
elifnur2008: posts small blind $1
tarik186: posts big blind $3
*** HOLE CARDS ***
elifnur2008: folds
Uncalled bet ($2) returned to tarik186
tarik186 collected $2 from pot
tarik186: doesn't show hand
*** SUMMARY ***
Total pot $2 | Rake $0
Seat 1: tarik186 (big blind) collected ($2)
Seat 2: elifnur2008 (button) (small blind) folded before Flop


PokerStars Hand #147395367690:  Hold'em Limit ($3/$6 USD) - 2016/01/20 18:38:12 ET
Table 'Demoulina' 2-max Seat #1 is the button
Seat 1: tarik186 ($35.04 in chips)
Seat 2: elifnur2008 ($119 in chips)
tarik186: posts small blind $1
elifnur2008: posts big blind $3
*** HOLE CARDS ***
tarik186: raises $3 to $6
elifnur2008: raises $3 to $9
tarik186: calls $3
*** FLOP *** [5c 5d Kh]
elifnur2008: bets $3
tarik186: calls $3
*** TURN *** [5c 5d Kh] [2c]
elifnur2008: checks
tarik186: bets $6
elifnur2008: calls $6
*** RIVER *** [5c 5d Kh 2c] [3d]
elifnur2008: checks
tarik186: bets $6
elifnur2008: raises $6 to $12
tarik186: calls $6
*** SHOW DOWN ***
elifnur2008: shows [3c Kc] (two pair, Kings and Fives)
tarik186: mucks hand
elifnur2008 collected $59.50 from pot
*** SUMMARY ***
Total pot $60 | Rake $0.50
Board [5c 5d Kh 2c 3d]
Seat 1: tarik186 (button) (small blind) mucked
Seat 2: elifnur2008 (big blind) showed [3c Kc] and won ($59.50) with two pair, Kings and Fives


PokerStars Hand #147395426609:  Hold'em Limit ($3/$6 USD) - 2016/01/20 18:39:27 ET
Table 'Demoulina' 2-max Seat #1 is the button
Seat 1: tarik186 ($23.21 in chips)
Seat 2: elifnur2008 ($129.62 in chips)
tarik186: posts small blind $1
elifnur2008: posts big blind $3
*** HOLE CARDS ***
tarik186: raises $3 to $6
elifnur2008: raises $3 to $9
tarik186: calls $3
*** FLOP *** [8d 9s 9d]
elifnur2008: bets $3
tarik186: calls $3
*** TURN *** [8d 9s 9d] [Jh]
elifnur2008: bets $6
tarik186: raises $5.21 to $11.21 and is all-in
elifnur2008: calls $5.21
*** RIVER *** [8d 9s 9d Jh] [3c]
*** SHOW DOWN ***
elifnur2008: shows [Kd Js] (two pair, Jacks and Nines)
tarik186: shows [Th 4h] (a pair of Nines)
elifnur2008 collected $45.92 from pot
*** SUMMARY ***
Total pot $46.42 | Rake $0.50
Board [8d 9s 9d Jh 3c]
Seat 1: tarik186 (button) (small blind) showed [Th 4h] and lost with a pair of Nines
Seat 2: elifnur2008 (big blind) showed [Kd Js] and won ($45.92) with two pair, Jacks and Nines


