PokerStars Hand #154128930216:  Hold'em Limit ($3/$6 USD) - 2016/06/01 4:02:06 ET
Table 'Demoulina' 6-max Seat #4 is the button
Seat 4: VolkovDmitri ($120 in chips)
Seat 6: manisped ($80.64 in chips)
VolkovDmitri: posts small blind $1
manisped: posts big blind $3
*** HOLE CARDS ***
VolkovDmitri: raises $3 to $6
manisped: folds
Uncalled bet ($3) returned to VolkovDmitri
VolkovDmitri collected $6 from pot
VolkovDmitri: doesn't show hand
*** SUMMARY ***
Total pot $6 | Rake $0
Seat 4: VolkovDmitri (button) (small blind) collected ($6)
Seat 6: manisped (big blind) folded before Flop


PokerStars Hand #154129259712:  Hold'em Limit ($3/$6 USD) - 2016/06/01 4:20:03 ET
Table 'Demoulina' 6-max Seat #4 is the button
Seat 4: VolkovDmitri ($199.66 in chips)
Seat 6: manisped ($137.02 in chips)
tomte999 has timed out while being disconnected
tomte999: is sitting out
Ale4o will be allowed to play after the button
VolkovDmitri: posts small blind $1
manisped: posts big blind $3
*** HOLE CARDS ***
VolkovDmitri: raises $3 to $6
manisped: folds
Uncalled bet ($3) returned to VolkovDmitri
VolkovDmitri collected $6 from pot
VolkovDmitri: doesn't show hand
*** SUMMARY ***
Total pot $6 | Rake $0
Seat 4: VolkovDmitri (button) (small blind) collected ($6)
Seat 6: manisped (big blind) folded before Flop


PokerStars Hand #154130431321:  Hold'em Limit ($3/$6 USD) - 2016/06/01 5:19:02 ET
Table 'Demoulina' 6-max Seat #3 is the button
Seat 3: kolaz03 ($72 in chips)
Seat 6: jackRizzar ($267.50 in chips)
kolaz03: posts small blind $1
jackRizzar: posts big blind $3
*** HOLE CARDS ***
kolaz03: folds
Uncalled bet ($2) returned to jackRizzar
jackRizzar collected $2 from pot
*** SUMMARY ***
Total pot $2 | Rake $0
Seat 3: kolaz03 (button) (small blind) folded before Flop
Seat 6: jackRizzar (big blind) collected ($2)


