PokerStars Hand #144919437740:  Hold'em Limit ($3/$6 USD) - 2015/12/06 12:39:59 ET
Table 'Demoulina II' 10-max Seat #8 is the button
Seat 8: perten ($118.62 in chips)
Seat 10: MTails ($106 in chips)
perten: posts small blind $1
MTails: posts big blind $3
*** HOLE CARDS ***
perten: folds
Uncalled bet ($2) returned to MTails
MTails collected $2 from pot
*** SUMMARY ***
Total pot $2 | Rake $0
Seat 8: perten (button) (small blind) folded before Flop
Seat 10: MTails (big blind) collected ($2)


PokerStars Hand #144919429195:  Hold'em Limit ($3/$6 USD) - 2015/12/06 12:39:51 ET
Table 'Demoulina II' 10-max Seat #10 is the button
Seat 8: perten ($121.62 in chips)
Seat 10: MTails ($103 in chips)
MTails: posts small blind $1
perten: posts big blind $3
*** HOLE CARDS ***
MTails: raises $3 to $6
perten: folds
Uncalled bet ($3) returned to MTails
MTails collected $6 from pot
*** SUMMARY ***
Total pot $6 | Rake $0
Seat 8: perten (big blind) folded before Flop
Seat 10: MTails (button) (small blind) collected ($6)


PokerStars Hand #144919450143:  Hold'em Limit ($3/$6 USD) - 2015/12/06 12:40:12 ET
Table 'Demoulina II' 10-max Seat #8 is the button
Seat 8: perten ($114.62 in chips)
Seat 10: MTails ($110 in chips)
perten: posts small blind $1
MTails: posts big blind $3
*** HOLE CARDS ***
perten: raises $3 to $6
MTails: calls $3
*** FLOP *** [5c 3s 2c]
MTails: checks
perten: bets $3
MTails: calls $3
*** TURN *** [5c 3s 2c] [6s]
MTails: checks
perten: checks
*** RIVER *** [5c 3s 2c 6s] [Th]
MTails: checks
perten: bets $6
MTails: calls $6
*** SHOW DOWN ***
perten: shows [8s Td] (a pair of Tens)
MTails: mucks hand
perten collected $29.50 from pot
*** SUMMARY ***
Total pot $30 | Rake $0.50
Board [5c 3s 2c 6s Th]
Seat 8: perten (button) (small blind) showed [8s Td] and won ($29.50) with a pair of Tens
Seat 10: MTails (big blind) mucked


PokerStars Hand #144919442755:  Hold'em Limit ($3/$6 USD) - 2015/12/06 12:40:04 ET
Table 'Demoulina II' 10-max Seat #10 is the button
Seat 8: perten ($117.62 in chips)
Seat 10: MTails ($107 in chips)
MTails: posts small blind $1
perten: posts big blind $3
*** HOLE CARDS ***
MTails: raises $3 to $6
perten: folds
Uncalled bet ($3) returned to MTails
MTails collected $6 from pot
*** SUMMARY ***
Total pot $6 | Rake $0
Seat 8: perten (big blind) folded before Flop
Seat 10: MTails (button) (small blind) collected ($6)


PokerStars Hand #144920057448:  Hold'em Limit ($3/$6 USD) - 2015/12/06 12:50:28 ET
Table 'Demoulina II' 10-max Seat #10 is the button
Seat 9: Velbor107 ($282 in chips)
Seat 10: MTails ($91 in chips)
MTails: posts small blind $1
perten: is sitting out
Velbor107: posts big blind $3
*** HOLE CARDS ***
MTails: raises $3 to $6
Velbor107: calls $3
*** FLOP *** [9s Qd 3s]
Velbor107: checks
MTails: bets $3
Velbor107: raises $3 to $6
MTails: calls $3
*** TURN *** [9s Qd 3s] [6c]
Velbor107: bets $6
MTails: raises $6 to $12
Velbor107: raises $6 to $18
MTails: raises $6 to $24
Betting is capped
Velbor107: calls $6
*** RIVER *** [9s Qd 3s 6c] [7c]
Velbor107: checks
MTails: bets $6
Velbor107: calls $6
*** SHOW DOWN ***
MTails: shows [Qs 6s] (two pair, Queens and Sixes)
Velbor107: shows [Qh 9h] (two pair, Queens and Nines)
Velbor107 collected $83.50 from pot
*** SUMMARY ***
Total pot $84 | Rake $0.50
Board [9s Qd 3s 6c 7c]
Seat 9: Velbor107 (big blind) showed [Qh 9h] and won ($83.50) with two pair, Queens and Nines
Seat 10: MTails (button) (small blind) showed [Qs 6s] and lost with two pair, Queens and Sixes


PokerStars Hand #144938775889:  Hold'em Limit ($3/$6 USD) - 2015/12/06 17:57:39 ET
Table 'Demoulina II' 10-max Seat #4 is the button
Seat 4: ChrisTuff ($121 in chips)
Seat 9: oj_pimpson ($38 in chips)
ChrisTuff: posts small blind $1
SashaYuvelir: is sitting out
oj_pimpson: posts big blind $3
*** HOLE CARDS ***
SashaYuvelir leaves the table
ChrisTuff: folds
Uncalled bet ($2) returned to oj_pimpson
oj_pimpson collected $2 from pot
*** SUMMARY ***
Total pot $2 | Rake $0
Seat 4: ChrisTuff (button) (small blind) folded before Flop
Seat 9: oj_pimpson (big blind) collected ($2)


