PokerStars Hand #158531878851:  Hold'em Limit ($3/$6 USD) - 2016/09/12 21:11:35 ET
Table 'Demoulina' 6-max Seat #2 is the button
Seat 1: Velbor107 ($303 in chips)
Seat 2: hairy1961 ($57 in chips)
hairy1961: posts small blind $1
Velbor107: posts big blind $3
*** HOLE CARDS ***
hairy1961: raises $3 to $6
Velbor107: calls $3
*** FLOP *** [Kd Ah 9c]
Velbor107: checks
hairy1961: bets $3
Velbor107: folds
Uncalled bet ($3) returned to hairy1961
hairy1961 collected $11.76 from pot
hairy1961: doesn't show hand
*** SUMMARY ***
Total pot $12 | Rake $0.24
Board [Kd Ah 9c]
Seat 1: Velbor107 (big blind) folded on the Flop
Seat 2: hairy1961 (button) (small blind) collected ($11.76)


PokerStars Hand #158531874260:  Hold'em Limit ($3/$6 USD) - 2016/09/12 21:11:24 ET
Table 'Demoulina' 6-max Seat #1 is the button
Seat 1: Velbor107 ($300 in chips)
Seat 2: hairy1961 ($60 in chips)
Velbor107: posts small blind $1
hairy1961: posts big blind $3
*** HOLE CARDS ***
Velbor107: raises $3 to $6
hairy1961: folds
Uncalled bet ($3) returned to Velbor107
Velbor107 collected $6 from pot
*** SUMMARY ***
Total pot $6 | Rake $0
Seat 1: Velbor107 (button) (small blind) collected ($6)
Seat 2: hairy1961 (big blind) folded before Flop


PokerStars Hand #158531905517:  Hold'em Limit ($3/$6 USD) - 2016/09/12 21:12:38 ET
Table 'Demoulina' 6-max Seat #2 is the button
Seat 1: Velbor107 ($302.76 in chips)
Seat 2: hairy1961 ($56.76 in chips)
hairy1961: posts small blind $1
Velbor107: posts big blind $3
*** HOLE CARDS ***
hairy1961: raises $3 to $6
Velbor107: calls $3
*** FLOP *** [Td Ts 2d]
Velbor107: checks
hairy1961: checks
*** TURN *** [Td Ts 2d] [Jd]
Velbor107: bets $6
hairy1961: folds
Uncalled bet ($6) returned to Velbor107
Velbor107 collected $11.76 from pot
*** SUMMARY ***
Total pot $12 | Rake $0.24
Board [Td Ts 2d Jd]
Seat 1: Velbor107 (big blind) collected ($11.76)
Seat 2: hairy1961 (button) (small blind) folded on the Turn


PokerStars Hand #158531890103:  Hold'em Limit ($3/$6 USD) - 2016/09/12 21:12:02 ET
Table 'Demoulina' 6-max Seat #1 is the button
Seat 1: Velbor107 ($297 in chips)
Seat 2: hairy1961 ($62.76 in chips)
Velbor107: posts small blind $1
hairy1961: posts big blind $3
*** HOLE CARDS ***
Velbor107: raises $3 to $6
hairy1961: calls $3
*** FLOP *** [Qh Ks Qc]
hairy1961: checks
Velbor107: bets $3
hairy1961: folds
Uncalled bet ($3) returned to Velbor107
Velbor107 collected $11.76 from pot
*** SUMMARY ***
Total pot $12 | Rake $0.24
Board [Qh Ks Qc]
Seat 1: Velbor107 (button) (small blind) collected ($11.76)
Seat 2: hairy1961 (big blind) folded on the Flop


PokerStars Hand #158531927476:  Hold'em Limit ($3/$6 USD) - 2016/09/12 21:13:30 ET
Table 'Demoulina' 6-max Seat #2 is the button
Seat 1: Velbor107 ($284.52 in chips)
Seat 2: hairy1961 ($74.26 in chips)
hairy1961: posts small blind $1
Velbor107: posts big blind $3
*** HOLE CARDS ***
hairy1961: raises $3 to $6
Velbor107: calls $3
*** FLOP *** [4h 3s Kc]
Velbor107: checks
hairy1961: bets $3
Velbor107: raises $3 to $6
hairy1961: raises $3 to $9
Velbor107: calls $3
*** TURN *** [4h 3s Kc] [Qs]
Velbor107: checks
hairy1961: bets $6
Velbor107: calls $6
*** RIVER *** [4h 3s Kc Qs] [4c]
Velbor107: checks
hairy1961: checks
*** SHOW DOWN ***
Velbor107: shows [5h 4d] (three of a kind, Fours)
hairy1961: mucks hand
Velbor107 collected $41.50 from pot
*** SUMMARY ***
Total pot $42 | Rake $0.50
Board [4h 3s Kc Qs 4c]
Seat 1: Velbor107 (big blind) showed [5h 4d] and won ($41.50) with three of a kind, Fours
Seat 2: hairy1961 (button) (small blind) mucked


PokerStars Hand #158531913828:  Hold'em Limit ($3/$6 USD) - 2016/09/12 21:12:58 ET
Table 'Demoulina' 6-max Seat #1 is the button
Seat 1: Velbor107 ($308.52 in chips)
Seat 2: hairy1961 ($50.76 in chips)
Velbor107: posts small blind $1
hairy1961: posts big blind $3
*** HOLE CARDS ***
Velbor107: raises $3 to $6
hairy1961: calls $3
*** FLOP *** [Ks Qh 5h]
hairy1961: checks
Velbor107: bets $3
hairy1961: raises $3 to $6
Velbor107: calls $3
*** TURN *** [Ks Qh 5h] [8h]
hairy1961: bets $6
Velbor107: calls $6
*** RIVER *** [Ks Qh 5h 8h] [7s]
hairy1961: bets $6
Velbor107: calls $6
*** SHOW DOWN ***
hairy1961: shows [Kh Kd] (three of a kind, Kings)
Velbor107: mucks hand
hairy1961 collected $47.50 from pot
*** SUMMARY ***
Total pot $48 | Rake $0.50
Board [Ks Qh 5h 8h 7s]
Seat 1: Velbor107 (button) (small blind) mucked
Seat 2: hairy1961 (big blind) showed [Kh Kd] and won ($47.50) with three of a kind, Kings


PokerStars Hand #158531944321:  Hold'em Limit ($3/$6 USD) - 2016/09/12 21:14:11 ET
Table 'Demoulina' 6-max Seat #1 is the button
Seat 1: Velbor107 ($305.02 in chips)
Seat 2: hairy1961 ($53.26 in chips)
Velbor107: posts small blind $1
hairy1961: posts big blind $3
*** HOLE CARDS ***
Velbor107: raises $3 to $6
hairy1961: calls $3
*** FLOP *** [Th 3d Ks]
hairy1961: bets $3
Velbor107: raises $3 to $6
hairy1961: calls $3
*** TURN *** [Th 3d Ks] [6s]
hairy1961: checks
Velbor107: bets $6
hairy1961: calls $6
*** RIVER *** [Th 3d Ks 6s] [9c]
hairy1961: checks
Velbor107: bets $6
hairy1961: calls $6
*** SHOW DOWN ***
Velbor107: shows [Td Kc] (two pair, Kings and Tens)
hairy1961: mucks hand
Velbor107 collected $47.50 from pot
*** SUMMARY ***
Total pot $48 | Rake $0.50
Board [Th 3d Ks 6s 9c]
Seat 1: Velbor107 (button) (small blind) showed [Td Kc] and won ($47.50) with two pair, Kings and Tens
Seat 2: hairy1961 (big blind) mucked


PokerStars Hand #158531985486:  Hold'em Limit ($3/$6 USD) - 2016/09/12 21:15:43 ET
Table 'Demoulina' 6-max Seat #1 is the button
Seat 1: Velbor107 ($325.52 in chips)
Seat 2: hairy1961 ($32.26 in chips)
Velbor107: posts small blind $1
hairy1961: posts big blind $3
*** HOLE CARDS ***
Velbor107: folds
Uncalled bet ($2) returned to hairy1961
xieguang joins the table at seat #3
hairy1961 collected $2 from pot
hairy1961: doesn't show hand
*** SUMMARY ***
Total pot $2 | Rake $0
Seat 1: Velbor107 (button) (small blind) folded before Flop
Seat 2: hairy1961 (big blind) collected ($2)


PokerStars Hand #158531983134:  Hold'em Limit ($3/$6 USD) - 2016/09/12 21:15:37 ET
Table 'Demoulina' 6-max Seat #2 is the button
Seat 1: Velbor107 ($324.52 in chips)
Seat 2: hairy1961 ($33.26 in chips)
hairy1961: posts small blind $1
Velbor107: posts big blind $3
*** HOLE CARDS ***
hairy1961: folds
Uncalled bet ($2) returned to Velbor107
Velbor107 collected $2 from pot
*** SUMMARY ***
Total pot $2 | Rake $0
Seat 1: Velbor107 (big blind) collected ($2)
Seat 2: hairy1961 (button) (small blind) folded before Flop


PokerStars Hand #158531980752:  Hold'em Limit ($3/$6 USD) - 2016/09/12 21:15:32 ET
Table 'Demoulina' 6-max Seat #1 is the button
Seat 1: Velbor107 ($321.52 in chips)
Seat 2: hairy1961 ($36.26 in chips)
Velbor107: posts small blind $1
hairy1961: posts big blind $3
*** HOLE CARDS ***
Velbor107: raises $3 to $6
hairy1961: folds
Uncalled bet ($3) returned to Velbor107
Velbor107 collected $6 from pot
*** SUMMARY ***
Total pot $6 | Rake $0
Seat 1: Velbor107 (button) (small blind) collected ($6)
Seat 2: hairy1961 (big blind) folded before Flop


PokerStars Hand #158531977590:  Hold'em Limit ($3/$6 USD) - 2016/09/12 21:15:24 ET
Table 'Demoulina' 6-max Seat #2 is the button
Seat 1: Velbor107 ($324.52 in chips)
Seat 2: hairy1961 ($33.26 in chips)
hairy1961: posts small blind $1
Velbor107: posts big blind $3
*** HOLE CARDS ***
hairy1961: raises $3 to $6
Velbor107: folds
Uncalled bet ($3) returned to hairy1961
hairy1961 collected $6 from pot
hairy1961: doesn't show hand
*** SUMMARY ***
Total pot $6 | Rake $0
Seat 1: Velbor107 (big blind) folded before Flop
Seat 2: hairy1961 (button) (small blind) collected ($6)


PokerStars Hand #158531974647:  Hold'em Limit ($3/$6 USD) - 2016/09/12 21:15:17 ET
Table 'Demoulina' 6-max Seat #1 is the button
Seat 1: Velbor107 ($325.52 in chips)
Seat 2: hairy1961 ($32.26 in chips)
Velbor107: posts small blind $1
hairy1961: posts big blind $3
*** HOLE CARDS ***
Velbor107: folds
Uncalled bet ($2) returned to hairy1961
hairy1961 collected $2 from pot
hairy1961: doesn't show hand
*** SUMMARY ***
Total pot $2 | Rake $0
Seat 1: Velbor107 (button) (small blind) folded before Flop
Seat 2: hairy1961 (big blind) collected ($2)


PokerStars Hand #158531971877:  Hold'em Limit ($3/$6 USD) - 2016/09/12 21:15:10 ET
Table 'Demoulina' 6-max Seat #2 is the button
Seat 1: Velbor107 ($328.52 in chips)
Seat 2: hairy1961 ($29.26 in chips)
hairy1961: posts small blind $1
Velbor107: posts big blind $3
*** HOLE CARDS ***
hairy1961: raises $3 to $6
Velbor107: folds
Uncalled bet ($3) returned to hairy1961
hairy1961 collected $6 from pot
hairy1961: doesn't show hand
*** SUMMARY ***
Total pot $6 | Rake $0
Seat 1: Velbor107 (big blind) folded before Flop
Seat 2: hairy1961 (button) (small blind) collected ($6)


PokerStars Hand #158532129704:  Hold'em Limit ($3/$6 USD) - 2016/09/12 21:21:34 ET
Table 'Demoulina' 6-max Seat #1 is the button
Seat 1: Velbor107 ($319.18 in chips)
Seat 3: xieguang ($139.37 in chips)
Velbor107: posts small blind $1
xieguang: posts big blind $3
*** HOLE CARDS ***
Velbor107: raises $3 to $6
xieguang: raises $3 to $9
Velbor107: calls $3
*** FLOP *** [Jd 7c 6d]
xieguang: bets $3
Velbor107: calls $3
*** TURN *** [Jd 7c 6d] [9s]
xieguang: bets $6
Velbor107: calls $6
*** RIVER *** [Jd 7c 6d 9s] [Kd]
xieguang: bets $6
Velbor107: calls $6
*** SHOW DOWN ***
xieguang: shows [As Jc] (a pair of Jacks)
Velbor107: mucks hand
xieguang collected $47.50 from pot
*** SUMMARY ***
Total pot $48 | Rake $0.50
Board [Jd 7c 6d 9s Kd]
Seat 1: Velbor107 (button) (small blind) mucked
Seat 3: xieguang (big blind) showed [As Jc] and won ($47.50) with a pair of Jacks


PokerStars Hand #158532146203:  Hold'em Limit ($3/$6 USD) - 2016/09/12 21:22:14 ET
Table 'Demoulina' 6-max Seat #3 is the button
Seat 1: Velbor107 ($295.18 in chips)
Seat 3: xieguang ($162.87 in chips)
xieguang: posts small blind $1
Velbor107: posts big blind $3
*** HOLE CARDS ***
xieguang: raises $3 to $6
Velbor107: calls $3
*** FLOP *** [Kc 2h Tc]
Velbor107: checks
xieguang: bets $3
Velbor107: raises $3 to $6
xieguang: folds
Uncalled bet ($3) returned to Velbor107
Velbor107 collected $17.64 from pot
*** SUMMARY ***
Total pot $18 | Rake $0.36
Board [Kc 2h Tc]
Seat 1: Velbor107 (big blind) collected ($17.64)
Seat 3: xieguang (button) (small blind) folded on the Flop


PokerStars Hand #158532262439:  Hold'em Limit ($3/$6 USD) - 2016/09/12 21:26:46 ET
Table 'Demoulina' 6-max Seat #1 is the button
Seat 1: Velbor107 ($305.21 in chips)
Seat 3: xieguang ($158.59 in chips)
LWNS will be allowed to play after the button
Velbor107: posts small blind $1
xieguang: posts big blind $3
*** HOLE CARDS ***
Velbor107: raises $3 to $6
xieguang: raises $3 to $9
hairy1961 leaves the table
Velbor107: calls $3
*** FLOP *** [4d Qd Qs]
xieguang: checks
Velbor107: checks
*** TURN *** [4d Qd Qs] [Kh]
xieguang: bets $6
Velbor107: folds
Uncalled bet ($6) returned to xieguang
xieguang collected $17.64 from pot
xieguang: doesn't show hand
*** SUMMARY ***
Total pot $18 | Rake $0.36
Board [4d Qd Qs Kh]
Seat 1: Velbor107 (button) (small blind) folded on the Turn
Seat 3: xieguang (big blind) collected ($17.64)


PokerStars Hand #158532278684:  Hold'em Limit ($3/$6 USD) - 2016/09/12 21:27:26 ET
Table 'Demoulina' 6-max Seat #4 is the button
Seat 3: xieguang ($166.23 in chips)
Seat 4: LWNS ($77 in chips)
LWNS: posts small blind $1
Velbor107: is sitting out
xieguang: posts big blind $3
*** HOLE CARDS ***
LWNS: raises $3 to $6
xieguang: calls $3
*** FLOP *** [2h 8c 9h]
Velbor107 leaves the table
xieguang: checks
LWNS: bets $3
xieguang: calls $3
*** TURN *** [2h 8c 9h] [2s]
xieguang: checks
LWNS: checks
*** RIVER *** [2h 8c 9h 2s] [8d]
xieguang: bets $6
LWNS: folds
Uncalled bet ($6) returned to xieguang
xieguang collected $17.64 from pot
xieguang: doesn't show hand
*** SUMMARY ***
Total pot $18 | Rake $0.36
Board [2h 8c 9h 2s 8d]
Seat 3: xieguang (big blind) collected ($17.64)
Seat 4: LWNS (button) (small blind) folded on the River


PokerStars Hand #158532287124:  Hold'em Limit ($3/$6 USD) - 2016/09/12 21:27:47 ET
Table 'Demoulina' 6-max Seat #3 is the button
Seat 3: xieguang ($174.87 in chips)
Seat 4: LWNS ($68 in chips)
xieguang: posts small blind $1
LWNS: posts big blind $3
*** HOLE CARDS ***
xieguang: calls $2
LWNS: raises $3 to $6
xieguang: calls $3
*** FLOP *** [Tc Js 7s]
LWNS: bets $3
xieguang: folds
Uncalled bet ($3) returned to LWNS
LWNS collected $11.76 from pot
LWNS: doesn't show hand
*** SUMMARY ***
Total pot $12 | Rake $0.24
Board [Tc Js 7s]
Seat 3: xieguang (button) (small blind) folded on the Flop
Seat 4: LWNS (big blind) collected ($11.76)


PokerStars Hand #158532292000:  Hold'em Limit ($3/$6 USD) - 2016/09/12 21:27:59 ET
Table 'Demoulina' 6-max Seat #4 is the button
Seat 3: xieguang ($168.87 in chips)
Seat 4: LWNS ($73.76 in chips)
LWNS: posts small blind $1
xieguang: posts big blind $3
*** HOLE CARDS ***
LWNS: raises $3 to $6
xieguang: calls $3
*** FLOP *** [2d 9s Kc]
xieguang: checks
LWNS: checks
*** TURN *** [2d 9s Kc] [Jc]
xieguang: checks
LWNS: bets $6
xieguang: calls $6
*** RIVER *** [2d 9s Kc Jc] [9c]
xieguang: bets $6
LWNS: calls $6
*** SHOW DOWN ***
xieguang: shows [7c 8c] (a flush, King high)
LWNS: mucks hand
xieguang collected $35.50 from pot
*** SUMMARY ***
Total pot $36 | Rake $0.50
Board [2d 9s Kc Jc 9c]
Seat 3: xieguang (big blind) showed [7c 8c] and won ($35.50) with a flush, King high
Seat 4: LWNS (button) (small blind) mucked


PokerStars Hand #158532300425:  Hold'em Limit ($3/$6 USD) - 2016/09/12 21:28:20 ET
Table 'Demoulina' 6-max Seat #3 is the button
Seat 3: xieguang ($186.37 in chips)
Seat 4: LWNS ($55.76 in chips)
xieguang: posts small blind $1
LWNS: posts big blind $3
*** HOLE CARDS ***
xieguang: calls $2
LWNS: checks
*** FLOP *** [9s 6c 2h]
LWNS: checks
xieguang: bets $3
LWNS: folds
Uncalled bet ($3) returned to xieguang
xieguang collected $5.88 from pot
xieguang: doesn't show hand
*** SUMMARY ***
Total pot $6 | Rake $0.12
Board [9s 6c 2h]
Seat 3: xieguang (button) (small blind) collected ($5.88)
Seat 4: LWNS (big blind) folded on the Flop


PokerStars Hand #158532306518:  Hold'em Limit ($3/$6 USD) - 2016/09/12 21:28:35 ET
Table 'Demoulina' 6-max Seat #4 is the button
Seat 3: xieguang ($189.25 in chips)
Seat 4: LWNS ($52.76 in chips)
LWNS: posts small blind $1
xieguang: posts big blind $3
*** HOLE CARDS ***
LWNS: raises $3 to $6
xieguang: calls $3
*** FLOP *** [As 9d Ts]
xieguang: checks
LWNS: bets $3
xieguang: calls $3
*** TURN *** [As 9d Ts] [5d]
xieguang: checks
LWNS: bets $6
xieguang: calls $6
*** RIVER *** [As 9d Ts 5d] [Jd]
xieguang: bets $6
LWNS: calls $6
*** SHOW DOWN ***
xieguang: shows [Js 9c] (two pair, Jacks and Nines)
LWNS: shows [9s Ah] (two pair, Aces and Nines)
LWNS collected $41.50 from pot
*** SUMMARY ***
Total pot $42 | Rake $0.50
Board [As 9d Ts 5d Jd]
Seat 3: xieguang (big blind) showed [Js 9c] and lost with two pair, Jacks and Nines
Seat 4: LWNS (button) (small blind) showed [9s Ah] and won ($41.50) with two pair, Aces and Nines


