PokerStars Hand #148867363774:  Hold'em Limit ($3/$6 USD) - 2016/02/15 16:38:27 ET
Table 'Demodokus' 10-max Seat #1 is the button
Seat 1: VolkovDmitri ($121 in chips)
Seat 5: seurtje ($130.52 in chips)
VolkovDmitri: posts small blind $1
seurtje: posts big blind $3
*** HOLE CARDS ***
VolkovDmitri: raises $3 to $6
seurtje: calls $3
*** FLOP *** [Ks 5s Kh]
seurtje: checks
VolkovDmitri: bets $3
seurtje: calls $3
*** TURN *** [Ks 5s Kh] [Ad]
seurtje: bets $6
VolkovDmitri: folds
Uncalled bet ($6) returned to seurtje
seurtje collected $17.64 from pot
*** SUMMARY ***
Total pot $18 | Rake $0.36
Board [Ks 5s Kh Ad]
Seat 1: VolkovDmitri (button) (small blind) folded on the Turn
Seat 5: seurtje (big blind) collected ($17.64)


PokerStars Hand #148867358220:  Hold'em Limit ($3/$6 USD) - 2016/02/15 16:38:22 ET
Table 'Demodokus' 10-max Seat #5 is the button
Seat 1: VolkovDmitri ($120 in chips)
Seat 5: seurtje ($131.52 in chips)
seurtje: posts small blind $1
VolkovDmitri: posts big blind $3
*** HOLE CARDS ***
seurtje: folds
Uncalled bet ($2) returned to VolkovDmitri
VolkovDmitri collected $2 from pot
VolkovDmitri: doesn't show hand
*** SUMMARY ***
Total pot $2 | Rake $0
Seat 1: VolkovDmitri (big blind) collected ($2)
Seat 5: seurtje (button) (small blind) folded before Flop


PokerStars Hand #148867340200:  Hold'em Limit ($3/$6 USD) - 2016/02/15 16:38:05 ET
Table 'Demodokus' 10-max Seat #1 is the button
Seat 1: VolkovDmitri ($120 in chips)
Seat 5: seurtje ($120 in chips)
VolkovDmitri: posts small blind $1
seurtje: posts big blind $3
*** HOLE CARDS ***
VolkovDmitri: raises $3 to $6
seurtje: raises $3 to $9
VolkovDmitri: calls $3
*** FLOP *** [Js Qs Ah]
seurtje: bets $3
VolkovDmitri: calls $3
*** TURN *** [Js Qs Ah] [Jd]
seurtje: bets $6
VolkovDmitri: folds
Uncalled bet ($6) returned to seurtje
seurtje collected $23.52 from pot
*** SUMMARY ***
Total pot $24 | Rake $0.48
Board [Js Qs Ah Jd]
Seat 1: VolkovDmitri (button) (small blind) folded on the Turn
Seat 5: seurtje (big blind) collected ($23.52)


PokerStars Hand #148867330158:  Hold'em Limit ($3/$6 USD) - 2016/02/15 16:37:56 ET
Table 'Demodokus' 10-max Seat #5 is the button
Seat 1: VolkovDmitri ($123 in chips)
Seat 5: seurtje ($117 in chips)
seurtje: posts small blind $1
VolkovDmitri: posts big blind $3
*** HOLE CARDS ***
seurtje: raises $3 to $6
VolkovDmitri: folds
Uncalled bet ($3) returned to seurtje
seurtje collected $6 from pot
*** SUMMARY ***
Total pot $6 | Rake $0
Seat 1: VolkovDmitri (big blind) folded before Flop
Seat 5: seurtje (button) (small blind) collected ($6)


PokerStars Hand #148867428299:  Hold'em Limit ($3/$6 USD) - 2016/02/15 16:39:26 ET
Table 'Demodokus' 10-max Seat #1 is the button
Seat 1: VolkovDmitri ($120 in chips)
Seat 5: seurtje ($142.04 in chips)
VolkovDmitri: posts small blind $1
seurtje: posts big blind $3
*** HOLE CARDS ***
VolkovDmitri: raises $3 to $6
seurtje: calls $3
*** FLOP *** [7s Qh 5h]
seurtje: checks
VolkovDmitri: bets $3
seurtje: calls $3
*** TURN *** [7s Qh 5h] [3h]
seurtje: bets $6
VolkovDmitri: folds
Uncalled bet ($6) returned to seurtje
seurtje collected $17.64 from pot
*** SUMMARY ***
Total pot $18 | Rake $0.36
Board [7s Qh 5h 3h]
Seat 1: VolkovDmitri (button) (small blind) folded on the Turn
Seat 5: seurtje (big blind) collected ($17.64)


PokerStars Hand #148867392136:  Hold'em Limit ($3/$6 USD) - 2016/02/15 16:38:53 ET
Table 'Demodokus' 10-max Seat #5 is the button
Seat 1: VolkovDmitri ($120 in chips)
Seat 5: seurtje ($139.16 in chips)
seurtje: posts small blind $1
VolkovDmitri: posts big blind $3
*** HOLE CARDS ***
seurtje: calls $2
VolkovDmitri: checks
*** FLOP *** [Ts Qh Jd]
VolkovDmitri: checks
seurtje: checks
*** TURN *** [Ts Qh Jd] [Jc]
VolkovDmitri: checks
seurtje: bets $6
VolkovDmitri: folds
Uncalled bet ($6) returned to seurtje
seurtje collected $5.88 from pot
*** SUMMARY ***
Total pot $6 | Rake $0.12
Board [Ts Qh Jd Jc]
Seat 1: VolkovDmitri (big blind) folded on the Turn
Seat 5: seurtje (button) (small blind) collected ($5.88)


PokerStars Hand #148867445907:  Hold'em Limit ($3/$6 USD) - 2016/02/15 16:39:43 ET
Table 'Demodokus' 10-max Seat #5 is the button
Seat 1: VolkovDmitri ($120 in chips)
Seat 5: seurtje ($150.68 in chips)
seurtje: posts small blind $1
VolkovDmitri: posts big blind $3
*** HOLE CARDS ***
seurtje: calls $2
VolkovDmitri: raises $3 to $6
seurtje: calls $3
*** FLOP *** [4s 9d Qc]
VolkovDmitri: bets $3
seurtje: calls $3
*** TURN *** [4s 9d Qc] [5d]
VolkovDmitri: checks
seurtje: checks
*** RIVER *** [4s 9d Qc 5d] [7c]
VolkovDmitri: checks
seurtje: bets $6
VolkovDmitri: folds
Uncalled bet ($6) returned to seurtje
seurtje collected $17.64 from pot
*** SUMMARY ***
Total pot $18 | Rake $0.36
Board [4s 9d Qc 5d 7c]
Seat 1: VolkovDmitri (big blind) folded on the River
Seat 5: seurtje (button) (small blind) collected ($17.64)


PokerStars Hand #148871895241:  Hold'em Limit ($3/$6 USD) - 2016/02/15 17:48:45 ET
Table 'Demodokus' 10-max Seat #7 is the button
Seat 7: hockeynutz99 ($140.50 in chips)
Seat 8: B_loJkl ($129 in chips)
hockeynutz99: posts small blind $1
B_loJkl: posts big blind $3
*** HOLE CARDS ***
hockeynutz99: raises $3 to $6
B_loJkl: calls $3
*** FLOP *** [4d Td Ts]
B_loJkl: checks
hockeynutz99: bets $3
B_loJkl: folds
Uncalled bet ($3) returned to hockeynutz99
hockeynutz99 collected $11.76 from pot
hockeynutz99: doesn't show hand
*** SUMMARY ***
Total pot $12 | Rake $0.24
Board [4d Td Ts]
Seat 7: hockeynutz99 (button) (small blind) collected ($11.76)
Seat 8: B_loJkl (big blind) folded on the Flop


PokerStars Hand #148871852777:  Hold'em Limit ($3/$6 USD) - 2016/02/15 17:48:01 ET
Table 'Demodokus' 10-max Seat #8 is the button
Seat 7: hockeynutz99 ($120 in chips)
Seat 8: B_loJkl ($150 in chips)
B_loJkl: posts small blind $1
VolkovDmitri: is sitting out
hockeynutz99: posts big blind $3
*** HOLE CARDS ***
VolkovDmitri leaves the table
B_loJkl: raises $3 to $6
hockeynutz99: calls $3
*** FLOP *** [8h 8s 5d]
hockeynutz99: checks
GoliafUa joins the table at seat #9
B_loJkl: bets $3
hockeynutz99: calls $3
*** TURN *** [8h 8s 5d] [3s]
hockeynutz99: checks
B_loJkl: bets $6
hockeynutz99: raises $6 to $12
B_loJkl: calls $6
*** RIVER *** [8h 8s 5d 3s] [Kd]
hockeynutz99: bets $6
B_loJkl: folds
Uncalled bet ($6) returned to hockeynutz99
hockeynutz99 collected $41.50 from pot
hockeynutz99: doesn't show hand
*** SUMMARY ***
Total pot $42 | Rake $0.50
Board [8h 8s 5d 3s Kd]
Seat 7: hockeynutz99 (big blind) collected ($41.50)
Seat 8: B_loJkl (button) (small blind) folded on the River


PokerStars Hand #148871909396:  Hold'em Limit ($3/$6 USD) - 2016/02/15 17:49:00 ET
Table 'Demodokus' 10-max Seat #8 is the button
Seat 7: hockeynutz99 ($146.26 in chips)
Seat 8: B_loJkl ($123 in chips)
B_loJkl: posts small blind $1
hockeynutz99: posts big blind $3
*** HOLE CARDS ***
B_loJkl: raises $3 to $6
hockeynutz99: calls $3
*** FLOP *** [4c Kh Kd]
hockeynutz99: checks
B_loJkl: bets $3
hockeynutz99: folds
Uncalled bet ($3) returned to B_loJkl
B_loJkl collected $11.76 from pot
B_loJkl: doesn't show hand
*** SUMMARY ***
Total pot $12 | Rake $0.24
Board [4c Kh Kd]
Seat 7: hockeynutz99 (big blind) folded on the Flop
Seat 8: B_loJkl (button) (small blind) collected ($11.76)


