PokerStars Hand #170721168674:  Hold'em Limit ($3/$6 USD) - 2017/05/21 11:56:43 ET
Table 'Demoulina' 6-max Seat #4 is the button
Seat 1: LifeisagameX ($87 in chips)
Seat 4: RabbitNrAS ($33 in chips)
RabbitNrAS: posts small blind $1
LifeisagameX: posts big blind $3
*** HOLE CARDS ***
RabbitNrAS: raises $3 to $6
LifeisagameX: raises $3 to $9
RabbitNrAS: calls $3
*** FLOP *** [Kh 3c Ad]
vestimokrec joins the table at seat #5
LifeisagameX: bets $3
RabbitNrAS: folds
Uncalled bet ($3) returned to LifeisagameX
LifeisagameX collected $17.64 from pot
LifeisagameX: doesn't show hand
*** SUMMARY ***
Total pot $18 | Rake $0.36
Board [Kh 3c Ad]
Seat 1: LifeisagameX (big blind) collected ($17.64)
Seat 4: RabbitNrAS (button) (small blind) folded on the Flop


PokerStars Hand #170721153612:  Hold'em Limit ($3/$6 USD) - 2017/05/21 11:56:17 ET
Table 'Demoulina' 6-max Seat #1 is the button
Seat 1: LifeisagameX ($84 in chips)
Seat 4: RabbitNrAS ($36 in chips)
stinkjuice joins the table at seat #3
LifeisagameX: posts small blind $1
RabbitNrAS: posts big blind $3
*** HOLE CARDS ***
LifeisagameX: raises $3 to $6
RabbitNrAS: folds
Uncalled bet ($3) returned to LifeisagameX
LifeisagameX collected $6 from pot
LifeisagameX: doesn't show hand
*** SUMMARY ***
Total pot $6 | Rake $0
Seat 1: LifeisagameX (button) (small blind) collected ($6)
Seat 4: RabbitNrAS (big blind) folded before Flop


PokerStars Hand #170730114778:  Hold'em Limit ($3/$6 USD) - 2017/05/21 14:45:35 ET
Table 'Demoulina' 6-max Seat #3 is the button
Seat 3: Garuda Black ($182.23 in chips)
Seat 5: pdsnr ($112.68 in chips)
Garuda Black: posts small blind $1
pdsnr: posts big blind $3
*** HOLE CARDS ***
Garuda Black: folds
Uncalled bet ($2) returned to pdsnr
pdsnr collected $2 from pot
*** SUMMARY ***
Total pot $2 | Rake $0
Seat 3: Garuda Black (button) (small blind) folded before Flop
Seat 5: pdsnr (big blind) collected ($2)


PokerStars Hand #170730110336:  Hold'em Limit ($3/$6 USD) - 2017/05/21 14:45:30 ET
Table 'Demoulina' 6-max Seat #5 is the button
Seat 3: Garuda Black ($181.23 in chips)
Seat 5: pdsnr ($113.68 in chips)
pdsnr: posts small blind $1
Garuda Black: posts big blind $3
*** HOLE CARDS ***
pdsnr: folds
Uncalled bet ($2) returned to Garuda Black
Garuda Black collected $2 from pot
Garuda Black: doesn't show hand
*** SUMMARY ***
Total pot $2 | Rake $0
Seat 3: Garuda Black (big blind) collected ($2)
Seat 5: pdsnr (button) (small blind) folded before Flop


PokerStars Hand #170730120057:  Hold'em Limit ($3/$6 USD) - 2017/05/21 14:45:40 ET
Table 'Demoulina' 6-max Seat #5 is the button
Seat 3: Garuda Black ($181.23 in chips)
Seat 5: pdsnr ($113.68 in chips)
pdsnr: posts small blind $1
Garuda Black: posts big blind $3
*** HOLE CARDS ***
pdsnr: raises $3 to $6
Garuda Black: raises $3 to $9
pdsnr: calls $3
*** FLOP *** [5d 4h Kd]
Garuda Black: bets $3
pdsnr: calls $3
*** TURN *** [5d 4h Kd] [Qs]
Garuda Black: bets $6
pdsnr: calls $6
*** RIVER *** [5d 4h Kd Qs] [Kc]
Garuda Black: bets $6
pdsnr: calls $6
*** SHOW DOWN ***
Garuda Black: shows [Th Qd] (two pair, Kings and Queens)
pdsnr: mucks hand
Garuda Black collected $47.50 from pot
*** SUMMARY ***
Total pot $48 | Rake $0.50
Board [5d 4h Kd Qs Kc]
Seat 3: Garuda Black (big blind) showed [Th Qd] and won ($47.50) with two pair, Kings and Queens
Seat 5: pdsnr (button) (small blind) mucked


PokerStars Hand #170730149448:  Hold'em Limit ($3/$6 USD) - 2017/05/21 14:46:10 ET
Table 'Demoulina' 6-max Seat #3 is the button
Seat 3: Garuda Black ($204.73 in chips)
Seat 5: pdsnr ($89.68 in chips)
Garuda Black: posts small blind $1
pdsnr: posts big blind $3
*** HOLE CARDS ***
Garuda Black: raises $3 to $6
pdsnr: raises $3 to $9
Garuda Black: calls $3
*** FLOP *** [2c Kd 5c]
pdsnr: bets $3
Garuda Black: calls $3
*** TURN *** [2c Kd 5c] [Jd]
pdsnr: bets $6
Garuda Black: raises $6 to $12
pdsnr: calls $6
*** RIVER *** [2c Kd 5c Jd] [7c]
pdsnr: bets $6
charlys65 joins the table at seat #1
Garuda Black: raises $6 to $12
pdsnr: calls $6
*** SHOW DOWN ***
Garuda Black: shows [Kc 9c] (a flush, King high)
pdsnr: mucks hand
Garuda Black collected $71.50 from pot
*** SUMMARY ***
Total pot $72 | Rake $0.50
Board [2c Kd 5c Jd 7c]
Seat 3: Garuda Black (button) (small blind) showed [Kc 9c] and won ($71.50) with a flush, King high
Seat 5: pdsnr (big blind) mucked


PokerStars Hand #170730254319:  Hold'em Limit ($3/$6 USD) - 2017/05/21 14:47:59 ET
Table 'Demoulina' 6-max Seat #3 is the button
Seat 3: Garuda Black ($283.90 in chips)
Seat 5: pdsnr ($37.68 in chips)
Garuda Black: posts small blind $1
pdsnr: posts big blind $3
*** HOLE CARDS ***
Garuda Black: folds
Uncalled bet ($2) returned to pdsnr
pdsnr collected $2 from pot
*** SUMMARY ***
Total pot $2 | Rake $0
Seat 3: Garuda Black (button) (small blind) folded before Flop
Seat 5: pdsnr (big blind) collected ($2)


PokerStars Hand #170730223993:  Hold'em Limit ($3/$6 USD) - 2017/05/21 14:47:27 ET
Table 'Demoulina' 6-max Seat #5 is the button
Seat 3: Garuda Black ($269.40 in chips)
Seat 5: pdsnr ($52.68 in chips)
pdsnr: posts small blind $1
Garuda Black: posts big blind $3
*** HOLE CARDS ***
pdsnr: raises $3 to $6
Garuda Black: calls $3
*** FLOP *** [Kd 3c 9c]
Garuda Black: checks
pdsnr: bets $3
Garuda Black: calls $3
*** TURN *** [Kd 3c 9c] [Ks]
Garuda Black: checks
pdsnr: bets $6
Garuda Black: calls $6
*** RIVER *** [Kd 3c 9c Ks] [Jd]
Garuda Black: checks
pdsnr: checks
*** SHOW DOWN ***
Garuda Black: shows [Qh Td] (a straight, Nine to King)
pdsnr: mucks hand
Garuda Black collected $29.50 from pot
*** SUMMARY ***
Total pot $30 | Rake $0.50
Board [Kd 3c 9c Ks Jd]
Seat 3: Garuda Black (big blind) showed [Qh Td] and won ($29.50) with a straight, Nine to King
Seat 5: pdsnr (button) (small blind) mucked


PokerStars Hand #170730731402:  Hold'em Limit ($3/$6 USD) - 2017/05/21 14:56:35 ET
Table 'Demoulina' 6-max Seat #3 is the button
Seat 3: Garuda Black ($278.78 in chips)
Seat 5: pdsnr ($94.81 in chips)
Garuda Black: posts small blind $1
pdsnr: posts big blind $3
*** HOLE CARDS ***
Garuda Black: folds
Uncalled bet ($2) returned to pdsnr
pdsnr collected $2 from pot
*** SUMMARY ***
Total pot $2 | Rake $0
Seat 3: Garuda Black (button) (small blind) folded before Flop
Seat 5: pdsnr (big blind) collected ($2)


PokerStars Hand #170730724842:  Hold'em Limit ($3/$6 USD) - 2017/05/21 14:56:25 ET
Table 'Demoulina' 6-max Seat #5 is the button
Seat 3: Garuda Black ($281.78 in chips)
Seat 5: pdsnr ($91.81 in chips)
pdsnr: posts small blind $1
Krazy90: is sitting out
Garuda Black: posts big blind $3
*** HOLE CARDS ***
Krazy90 leaves the table
pdsnr: raises $3 to $6
Garuda Black: folds
Uncalled bet ($3) returned to pdsnr
pdsnr collected $6 from pot
*** SUMMARY ***
Total pot $6 | Rake $0
Seat 3: Garuda Black (big blind) folded before Flop
Seat 5: pdsnr (button) (small blind) collected ($6)


