PokerStars Hand #160033422818:  Hold'em Limit ($3/$6 USD) - 2016/10/16 17:52:43 ET
Table 'Denebola II' 6-max Seat #4 is the button
Seat 1: Rooman7 ($83.94 in chips)
Seat 4: FHstyles ($94.94 in chips)
FHstyles: posts small blind $1
Rooman7: posts big blind $3
*** HOLE CARDS ***
FHstyles: raises $3 to $6
Rooman7: calls $3
*** FLOP *** [Js Kd 6h]
Rooman7: checks
FHstyles: bets $3
Rooman7: folds
Uncalled bet ($3) returned to FHstyles
FHstyles collected $11.76 from pot
FHstyles: doesn't show hand
*** SUMMARY ***
Total pot $12 | Rake $0.24
Board [Js Kd 6h]
Seat 1: Rooman7 (big blind) folded on the Flop
Seat 4: FHstyles (button) (small blind) collected ($11.76)


PokerStars Hand #160033412513:  Hold'em Limit ($3/$6 USD) - 2016/10/16 17:52:31 ET
Table 'Denebola II' 6-max Seat #1 is the button
Seat 1: Rooman7 ($104.94 in chips)
Seat 4: FHstyles ($74.44 in chips)
Rooman7: posts small blind $1
FHstyles: posts big blind $3
*** HOLE CARDS ***
Rooman7: calls $2
FHstyles: raises $3 to $6
Rooman7: calls $3
*** FLOP *** [4c Kd 6c]
FHstyles: bets $3
Rooman7: calls $3
*** TURN *** [4c Kd 6c] [6s]
FHstyles: bets $6
Rooman7: calls $6
*** RIVER *** [4c Kd 6c 6s] [3s]
FHstyles: bets $6
Rooman7: calls $6
*** SHOW DOWN ***
FHstyles: shows [6h Ad] (three of a kind, Sixes)
Rooman7: mucks hand
FHstyles collected $41.50 from pot
*** SUMMARY ***
Total pot $42 | Rake $0.50
Board [4c Kd 6c 6s 3s]
Seat 1: Rooman7 (button) (small blind) mucked
Seat 4: FHstyles (big blind) showed [6h Ad] and won ($41.50) with three of a kind, Sixes


PokerStars Hand #160033400676:  Hold'em Limit ($3/$6 USD) - 2016/10/16 17:52:16 ET
Table 'Denebola II' 6-max Seat #4 is the button
Seat 1: Rooman7 ($119.94 in chips)
Seat 4: FHstyles ($59.94 in chips)
FHstyles: posts small blind $1
Rooman7: posts big blind $3
*** HOLE CARDS ***
FHstyles: raises $3 to $6
Rooman7: calls $3
*** FLOP *** [Tc 9h 5h]
Rooman7: checks
FHstyles: bets $3
Rooman7: calls $3
*** TURN *** [Tc 9h 5h] [Qd]
Rooman7: checks
FHstyles: checks
*** RIVER *** [Tc 9h 5h Qd] [Jd]
Rooman7: bets $6
FHstyles: calls $6
*** SHOW DOWN ***
Rooman7: shows [Td 7s] (a pair of Tens)
FHstyles: shows [Jh 5s] (two pair, Jacks and Fives)
FHstyles collected $29.50 from pot
*** SUMMARY ***
Total pot $30 | Rake $0.50
Board [Tc 9h 5h Qd Jd]
Seat 1: Rooman7 (big blind) showed [Td 7s] and lost with a pair of Tens
Seat 4: FHstyles (button) (small blind) showed [Jh 5s] and won ($29.50) with two pair, Jacks and Fives


PokerStars Hand #160033456227:  Hold'em Limit ($3/$6 USD) - 2016/10/16 17:53:25 ET
Table 'Denebola II' 6-max Seat #1 is the button
Seat 1: Rooman7 ($61.94 in chips)
Seat 4: FHstyles ($116.22 in chips)
Rooman7: posts small blind $1
FHstyles: posts big blind $3
*** HOLE CARDS ***
Rooman7: calls $2
FHstyles: checks
*** FLOP *** [2h Qc 5s]
FHstyles: bets $3
Rooman7: calls $3
*** TURN *** [2h Qc 5s] [3h]
FHstyles: bets $6
Rooman7: calls $6
*** RIVER *** [2h Qc 5s 3h] [9c]
FHstyles: checks
Rooman7: bets $6
FHstyles: calls $6
*** SHOW DOWN ***
Rooman7: shows [Qd Jh] (a pair of Queens)
FHstyles: mucks hand
Rooman7 collected $35.50 from pot
*** SUMMARY ***
Total pot $36 | Rake $0.50
Board [2h Qc 5s 3h 9c]
Seat 1: Rooman7 (button) (small blind) showed [Qd Jh] and won ($35.50) with a pair of Queens
Seat 4: FHstyles (big blind) mucked


PokerStars Hand #160033452084:  Hold'em Limit ($3/$6 USD) - 2016/10/16 17:53:20 ET
Table 'Denebola II' 6-max Seat #4 is the button
Seat 1: Rooman7 ($64.94 in chips)
Seat 4: FHstyles ($113.22 in chips)
FHstyles: posts small blind $1
Rooman7: posts big blind $3
*** HOLE CARDS ***
FHstyles: raises $3 to $6
Rooman7: folds
Uncalled bet ($3) returned to FHstyles
FHstyles collected $6 from pot
FHstyles: doesn't show hand
*** SUMMARY ***
Total pot $6 | Rake $0
Seat 1: Rooman7 (big blind) folded before Flop
Seat 4: FHstyles (button) (small blind) collected ($6)


PokerStars Hand #160033445079:  Hold'em Limit ($3/$6 USD) - 2016/10/16 17:53:11 ET
Table 'Denebola II' 6-max Seat #1 is the button
Seat 1: Rooman7 ($67.94 in chips)
Seat 4: FHstyles ($110.34 in chips)
Rooman7: posts small blind $1
FHstyles: posts big blind $3
*** HOLE CARDS ***
Rooman7: calls $2
FHstyles: checks
*** FLOP *** [2d As Tc]
FHstyles: bets $3
Rooman7: folds
Uncalled bet ($3) returned to FHstyles
FHstyles collected $5.88 from pot
FHstyles: doesn't show hand
*** SUMMARY ***
Total pot $6 | Rake $0.12
Board [2d As Tc]
Seat 1: Rooman7 (button) (small blind) folded on the Flop
Seat 4: FHstyles (big blind) collected ($5.88)


PokerStars Hand #160033434936:  Hold'em Limit ($3/$6 USD) - 2016/10/16 17:52:58 ET
Table 'Denebola II' 6-max Seat #4 is the button
Seat 1: Rooman7 ($76.94 in chips)
Seat 4: FHstyles ($101.70 in chips)
FHstyles: posts small blind $1
Rooman7: posts big blind $3
*** HOLE CARDS ***
FHstyles: raises $3 to $6
Rooman7: calls $3
*** FLOP *** [Qs Jh 5h]
Rooman7: checks
FHstyles: bets $3
Rooman7: calls $3
*** TURN *** [Qs Jh 5h] [Jc]
Rooman7: checks
FHstyles: bets $6
Rooman7: folds
Uncalled bet ($6) returned to FHstyles
FHstyles collected $17.64 from pot
FHstyles: doesn't show hand
*** SUMMARY ***
Total pot $18 | Rake $0.36
Board [Qs Jh 5h Jc]
Seat 1: Rooman7 (big blind) folded on the Turn
Seat 4: FHstyles (button) (small blind) collected ($17.64)


PokerStars Hand #160033430580:  Hold'em Limit ($3/$6 USD) - 2016/10/16 17:52:53 ET
Table 'Denebola II' 6-max Seat #1 is the button
Seat 1: Rooman7 ($77.94 in chips)
Seat 4: FHstyles ($100.70 in chips)
Rooman7: posts small blind $1
FHstyles: posts big blind $3
*** HOLE CARDS ***
Rooman7: folds
Uncalled bet ($2) returned to FHstyles
FHstyles collected $2 from pot
FHstyles: doesn't show hand
*** SUMMARY ***
Total pot $2 | Rake $0
Seat 1: Rooman7 (button) (small blind) folded before Flop
Seat 4: FHstyles (big blind) collected ($2)


PokerStars Hand #160033511284:  Hold'em Limit ($3/$6 USD) - 2016/10/16 17:54:33 ET
Table 'Denebola II' 6-max Seat #4 is the button
Seat 1: Rooman7 ($122.44 in chips)
Seat 4: FHstyles ($114.10 in chips)
FHstyles: posts small blind $1
Rooman7: posts big blind $3
*** HOLE CARDS ***
FHstyles: raises $3 to $6
Rooman7: calls $3
*** FLOP *** [Kd Kh Qc]
Rooman7: checks
FHstyles: bets $3
Rooman7: folds
Uncalled bet ($3) returned to FHstyles
FHstyles collected $11.76 from pot
FHstyles: doesn't show hand
*** SUMMARY ***
Total pot $12 | Rake $0.24
Board [Kd Kh Qc]
Seat 1: Rooman7 (big blind) folded on the Flop
Seat 4: FHstyles (button) (small blind) collected ($11.76)


PokerStars Hand #160033504380:  Hold'em Limit ($3/$6 USD) - 2016/10/16 17:54:25 ET
Table 'Denebola II' 6-max Seat #1 is the button
Seat 1: Rooman7 ($125.44 in chips)
Seat 4: FHstyles ($51.22 in chips)
Rooman7: posts small blind $1
FHstyles: posts big blind $3
*** HOLE CARDS ***
Rooman7: calls $2
FHstyles: checks
*** FLOP *** [Qh 9h 2h]
FHstyles: bets $3
Rooman7: folds
Uncalled bet ($3) returned to FHstyles
FHstyles collected $5.88 from pot
FHstyles: doesn't show hand
*** SUMMARY ***
Total pot $6 | Rake $0.12
Board [Qh 9h 2h]
Seat 1: Rooman7 (button) (small blind) folded on the Flop
Seat 4: FHstyles (big blind) collected ($5.88)


PokerStars Hand #160033488848:  Hold'em Limit ($3/$6 USD) - 2016/10/16 17:54:05 ET
Table 'Denebola II' 6-max Seat #4 is the button
Seat 1: Rooman7 ($104.94 in chips)
Seat 4: FHstyles ($72.22 in chips)
FHstyles: posts small blind $1
Rooman7: posts big blind $3
*** HOLE CARDS ***
FHstyles: raises $3 to $6
Rooman7: raises $3 to $9
FHstyles: calls $3
*** FLOP *** [7s 7h 3s]
Rooman7: bets $3
FHstyles: raises $3 to $6
Rooman7: calls $3
*** TURN *** [7s 7h 3s] [Td]
Rooman7: checks
FHstyles: bets $6
Rooman7: calls $6
*** RIVER *** [7s 7h 3s Td] [Qh]
Rooman7: checks
FHstyles: checks
*** SHOW DOWN ***
Rooman7: shows [9s 9c] (two pair, Nines and Sevens)
FHstyles: mucks hand
Rooman7 collected $41.50 from pot
*** SUMMARY ***
Total pot $42 | Rake $0.50
Board [7s 7h 3s Td Qh]
Seat 1: Rooman7 (big blind) showed [9s 9c] and won ($41.50) with two pair, Nines and Sevens
Seat 4: FHstyles (button) (small blind) mucked


PokerStars Hand #160033484806:  Hold'em Limit ($3/$6 USD) - 2016/10/16 17:54:00 ET
Table 'Denebola II' 6-max Seat #1 is the button
Seat 1: Rooman7 ($105.94 in chips)
Seat 4: FHstyles ($71.22 in chips)
Rooman7: posts small blind $1
FHstyles: posts big blind $3
*** HOLE CARDS ***
Rooman7: folds
Uncalled bet ($2) returned to FHstyles
FHstyles collected $2 from pot
FHstyles: doesn't show hand
*** SUMMARY ***
Total pot $2 | Rake $0
Seat 1: Rooman7 (button) (small blind) folded before Flop
Seat 4: FHstyles (big blind) collected ($2)


PokerStars Hand #160033470168:  Hold'em Limit ($3/$6 USD) - 2016/10/16 17:53:42 ET
Table 'Denebola II' 6-max Seat #4 is the button
Seat 1: Rooman7 ($79.44 in chips)
Seat 4: FHstyles ($98.22 in chips)
FHstyles: posts small blind $1
Rooman7: posts big blind $3
*** HOLE CARDS ***
FHstyles: raises $3 to $6
Rooman7: calls $3
*** FLOP *** [5c 3c 2d]
Rooman7: checks
FHstyles: bets $3
Rooman7: calls $3
*** TURN *** [5c 3c 2d] [8d]
Rooman7: checks
FHstyles: bets $6
Rooman7: raises $6 to $12
FHstyles: calls $6
*** RIVER *** [5c 3c 2d 8d] [Ac]
Rooman7: bets $6
FHstyles: calls $6
*** SHOW DOWN ***
Rooman7: shows [8c 6c] (a flush, Ace high)
FHstyles: mucks hand
Rooman7 collected $53.50 from pot
*** SUMMARY ***
Total pot $54 | Rake $0.50
Board [5c 3c 2d 8d Ac]
Seat 1: Rooman7 (big blind) showed [8c 6c] and won ($53.50) with a flush, Ace high
Seat 4: FHstyles (button) (small blind) mucked


PokerStars Hand #160033553261:  Hold'em Limit ($3/$6 USD) - 2016/10/16 17:55:29 ET
Table 'Denebola II' 6-max Seat #4 is the button
Seat 1: Rooman7 ($127.44 in chips)
Seat 4: FHstyles ($107.36 in chips)
FHstyles: posts small blind $1
Rooman7: posts big blind $3
*** HOLE CARDS ***
FHstyles: raises $3 to $6
Rooman7: calls $3
*** FLOP *** [Jh 7s Th]
Rooman7: checks
FHstyles: bets $3
Rooman7: calls $3
*** TURN *** [Jh 7s Th] [3s]
Rooman7: checks
FHstyles: bets $6
Rooman7: raises $6 to $12
FHstyles: calls $6
*** RIVER *** [Jh 7s Th 3s] [3d]
Rooman7: bets $6
FHstyles: calls $6
*** SHOW DOWN ***
Rooman7: shows [9c 8h] (a straight, Seven to Jack)
FHstyles: mucks hand
Rooman7 collected $53.50 from pot
*** SUMMARY ***
Total pot $54 | Rake $0.50
Board [Jh 7s Th 3s 3d]
Seat 1: Rooman7 (big blind) showed [9c 8h] and won ($53.50) with a straight, Seven to Jack
Seat 4: FHstyles (button) (small blind) mucked


PokerStars Hand #160033545167:  Hold'em Limit ($3/$6 USD) - 2016/10/16 17:55:16 ET
Table 'Denebola II' 6-max Seat #1 is the button
Seat 1: Rooman7 ($148.44 in chips)
Seat 4: FHstyles ($86.86 in chips)
Rooman7: posts small blind $1
FHstyles: posts big blind $3
*** HOLE CARDS ***
Rooman7: calls $2
FHstyles: raises $3 to $6
Rooman7: calls $3
*** FLOP *** [5c 7h Tc]
FHstyles: bets $3
Rooman7: calls $3
*** TURN *** [5c 7h Tc] [As]
FHstyles: bets $6
Rooman7: calls $6
*** RIVER *** [5c 7h Tc As] [Kc]
FHstyles: bets $6
Rooman7: calls $6
*** SHOW DOWN ***
FHstyles: shows [Qh Ks] (a pair of Kings)
Rooman7: mucks hand
FHstyles collected $41.50 from pot
*** SUMMARY ***
Total pot $42 | Rake $0.50
Board [5c 7h Tc As Kc]
Seat 1: Rooman7 (button) (small blind) mucked
Seat 4: FHstyles (big blind) showed [Qh Ks] and won ($41.50) with a pair of Kings


PokerStars Hand #160033532257:  Hold'em Limit ($3/$6 USD) - 2016/10/16 17:54:59 ET
Table 'Denebola II' 6-max Seat #4 is the button
Seat 1: Rooman7 ($133.94 in chips)
Seat 4: FHstyles ($101.86 in chips)
FHstyles: posts small blind $1
Rooman7: posts big blind $3
*** HOLE CARDS ***
FHstyles: raises $3 to $6
Rooman7: calls $3
*** FLOP *** [5c 3h 7d]
Rooman7: checks
FHstyles: bets $3
Rooman7: calls $3
*** TURN *** [5c 3h 7d] [2d]
Rooman7: checks
FHstyles: bets $6
Rooman7: calls $6
*** RIVER *** [5c 3h 7d 2d] [Kd]
Rooman7: checks
FHstyles: checks
*** SHOW DOWN ***
Rooman7: shows [Ac 8s] (high card Ace)
FHstyles: mucks hand
Rooman7 collected $29.50 from pot
*** SUMMARY ***
Total pot $30 | Rake $0.50
Board [5c 3h 7d 2d Kd]
Seat 1: Rooman7 (big blind) showed [Ac 8s] and won ($29.50) with high card Ace
Seat 4: FHstyles (button) (small blind) mucked


PokerStars Hand #160033517843:  Hold'em Limit ($3/$6 USD) - 2016/10/16 17:54:42 ET
Table 'Denebola II' 6-max Seat #1 is the button
Seat 1: Rooman7 ($116.44 in chips)
Seat 4: FHstyles ($119.86 in chips)
Rooman7: posts small blind $1
FHstyles: posts big blind $3
*** HOLE CARDS ***
Rooman7: calls $2
FHstyles: checks
*** FLOP *** [Ah 2h 5d]
FHstyles: bets $3
Rooman7: calls $3
*** TURN *** [Ah 2h 5d] [Qd]
FHstyles: bets $6
Rooman7: calls $6
*** RIVER *** [Ah 2h 5d Qd] [Ts]
FHstyles: checks
Rooman7: bets $6
FHstyles: calls $6
*** SHOW DOWN ***
Rooman7: shows [6h As] (a pair of Aces)
FHstyles: mucks hand
Rooman7 collected $35.50 from pot
*** SUMMARY ***
Total pot $36 | Rake $0.50
Board [Ah 2h 5d Qd Ts]
Seat 1: Rooman7 (button) (small blind) showed [6h As] and won ($35.50) with a pair of Aces
Seat 4: FHstyles (big blind) mucked


PokerStars Hand #160033595430:  Hold'em Limit ($3/$6 USD) - 2016/10/16 17:56:38 ET
Table 'Denebola II' 6-max Seat #4 is the button
Seat 1: Rooman7 ($134.58 in chips)
Seat 4: FHstyles ($98.50 in chips)
FHstyles: posts small blind $1
Rooman7: posts big blind $3
*** HOLE CARDS ***
FHstyles: raises $3 to $6
Rooman7: calls $3
*** FLOP *** [8s Tc 2h]
Rooman7: checks
FHstyles: bets $3
Rooman7: calls $3
*** TURN *** [8s Tc 2h] [Kd]
Rooman7: checks
FHstyles: checks
*** RIVER *** [8s Tc 2h Kd] [3s]
Rooman7: checks
FHstyles: checks
*** SHOW DOWN ***
Rooman7: shows [Qd 7h] (high card King)
FHstyles: shows [Ac 2c] (a pair of Deuces)
FHstyles collected $17.64 from pot
*** SUMMARY ***
Total pot $18 | Rake $0.36
Board [8s Tc 2h Kd 3s]
Seat 1: Rooman7 (big blind) showed [Qd 7h] and lost with high card King
Seat 4: FHstyles (button) (small blind) showed [Ac 2c] and won ($17.64) with a pair of Deuces


PokerStars Hand #160033592659:  Hold'em Limit ($3/$6 USD) - 2016/10/16 17:56:33 ET
Table 'Denebola II' 6-max Seat #1 is the button
Seat 1: Rooman7 ($135.58 in chips)
Seat 4: FHstyles ($97.50 in chips)
Rooman7: posts small blind $1
FHstyles: posts big blind $3
*** HOLE CARDS ***
Rooman7: folds
Uncalled bet ($2) returned to FHstyles
FHstyles collected $2 from pot
FHstyles: doesn't show hand
*** SUMMARY ***
Total pot $2 | Rake $0
Seat 1: Rooman7 (button) (small blind) folded before Flop
Seat 4: FHstyles (big blind) collected ($2)


PokerStars Hand #160033584670:  Hold'em Limit ($3/$6 USD) - 2016/10/16 17:56:20 ET
Table 'Denebola II' 6-max Seat #4 is the button
Seat 1: Rooman7 ($126.94 in chips)
Seat 4: FHstyles ($106.50 in chips)
FHstyles: posts small blind $1
Rooman7: posts big blind $3
*** HOLE CARDS ***
FHstyles: raises $3 to $6
Rooman7: calls $3
*** FLOP *** [Js 9s 3c]
Rooman7: checks
FHstyles: bets $3
Rooman7: calls $3
*** TURN *** [Js 9s 3c] [Ah]
Rooman7: checks
FHstyles: checks
*** RIVER *** [Js 9s 3c Ah] [5s]
Rooman7: bets $6
FHstyles: folds
Uncalled bet ($6) returned to Rooman7
Rooman7 collected $17.64 from pot
Rooman7: doesn't show hand
*** SUMMARY ***
Total pot $18 | Rake $0.36
Board [Js 9s 3c Ah 5s]
Seat 1: Rooman7 (big blind) collected ($17.64)
Seat 4: FHstyles (button) (small blind) folded on the River


PokerStars Hand #160033578525:  Hold'em Limit ($3/$6 USD) - 2016/10/16 17:56:10 ET
Table 'Denebola II' 6-max Seat #1 is the button
Seat 1: Rooman7 ($129.94 in chips)
Seat 4: FHstyles ($103.62 in chips)
Rooman7: posts small blind $1
FHstyles: posts big blind $3
*** HOLE CARDS ***
Rooman7: calls $2
FHstyles: checks
*** FLOP *** [Qc Ad 2h]
FHstyles: checks
Rooman7: checks
*** TURN *** [Qc Ad 2h] [2d]
FHstyles: bets $6
Rooman7: folds
Uncalled bet ($6) returned to FHstyles
FHstyles collected $5.88 from pot
FHstyles: doesn't show hand
*** SUMMARY ***
Total pot $6 | Rake $0.12
Board [Qc Ad 2h 2d]
Seat 1: Rooman7 (button) (small blind) folded on the Turn
Seat 4: FHstyles (big blind) collected ($5.88)


PokerStars Hand #160033573782:  Hold'em Limit ($3/$6 USD) - 2016/10/16 17:56:03 ET
Table 'Denebola II' 6-max Seat #4 is the button
Seat 1: Rooman7 ($135.94 in chips)
Seat 4: FHstyles ($97.86 in chips)
FHstyles: posts small blind $1
Rooman7: posts big blind $3
*** HOLE CARDS ***
FHstyles: raises $3 to $6
Rooman7: calls $3
*** FLOP *** [As 2h 7c]
Rooman7: checks
FHstyles: bets $3
Rooman7: folds
Uncalled bet ($3) returned to FHstyles
FHstyles collected $11.76 from pot
FHstyles: doesn't show hand
*** SUMMARY ***
Total pot $12 | Rake $0.24
Board [As 2h 7c]
Seat 1: Rooman7 (big blind) folded on the Flop
Seat 4: FHstyles (button) (small blind) collected ($11.76)


PokerStars Hand #160033565312:  Hold'em Limit ($3/$6 USD) - 2016/10/16 17:55:49 ET
Table 'Denebola II' 6-max Seat #1 is the button
Seat 1: Rooman7 ($153.94 in chips)
Seat 4: FHstyles ($80.36 in chips)
Rooman7: posts small blind $1
FHstyles: posts big blind $3
*** HOLE CARDS ***
Rooman7: calls $2
FHstyles: checks
*** FLOP *** [9d 4h Tc]
FHstyles: bets $3
Rooman7: calls $3
*** TURN *** [9d 4h Tc] [5c]
FHstyles: bets $6
Rooman7: calls $6
*** RIVER *** [9d 4h Tc 5c] [8h]
FHstyles: bets $6
Rooman7: calls $6
*** SHOW DOWN ***
FHstyles: shows [4s 8s] (two pair, Eights and Fours)
Rooman7: mucks hand
FHstyles collected $35.50 from pot
*** SUMMARY ***
Total pot $36 | Rake $0.50
Board [9d 4h Tc 5c 8h]
Seat 1: Rooman7 (button) (small blind) mucked
Seat 4: FHstyles (big blind) showed [4s 8s] and won ($35.50) with two pair, Eights and Fours


PokerStars Hand #160033628434:  Hold'em Limit ($3/$6 USD) - 2016/10/16 17:57:31 ET
Table 'Denebola II' 6-max Seat #1 is the button
Seat 1: Rooman7 ($141.74 in chips)
Seat 4: FHstyles ($90.14 in chips)
Rooman7: posts small blind $1
FHstyles: posts big blind $3
*** HOLE CARDS ***
Rooman7: calls $2
FHstyles: raises $3 to $6
Rooman7: calls $3
*** FLOP *** [Qh Kd As]
FHstyles: bets $3
Rooman7: calls $3
*** TURN *** [Qh Kd As] [2c]
FHstyles: bets $6
Rooman7: calls $6
*** RIVER *** [Qh Kd As 2c] [8h]
FHstyles: bets $6
Rooman7: raises $6 to $12
FHstyles: calls $6
*** SHOW DOWN ***
Rooman7: shows [Tc Js] (a straight, Ten to Ace)
FHstyles: mucks hand
Rooman7 collected $53.50 from pot
*** SUMMARY ***
Total pot $54 | Rake $0.50
Board [Qh Kd As 2c 8h]
Seat 1: Rooman7 (button) (small blind) showed [Tc Js] and won ($53.50) with a straight, Ten to Ace
Seat 4: FHstyles (big blind) mucked


PokerStars Hand #160033619244:  Hold'em Limit ($3/$6 USD) - 2016/10/16 17:57:16 ET
Table 'Denebola II' 6-max Seat #4 is the button
Seat 1: Rooman7 ($133.10 in chips)
Seat 4: FHstyles ($99.14 in chips)
FHstyles: posts small blind $1
Rooman7: posts big blind $3
*** HOLE CARDS ***
FHstyles: raises $3 to $6
Rooman7: calls $3
*** FLOP *** [5d 5h 9s]
Rooman7: checks
FHstyles: bets $3
Rooman7: calls $3
*** TURN *** [5d 5h 9s] [Jc]
Rooman7: checks
FHstyles: checks
*** RIVER *** [5d 5h 9s Jc] [7d]
Rooman7: checks
FHstyles: checks
*** SHOW DOWN ***
Rooman7: shows [Ks 4d] (a pair of Fives)
FHstyles: mucks hand
Rooman7 collected $17.64 from pot
*** SUMMARY ***
Total pot $18 | Rake $0.36
Board [5d 5h 9s Jc 7d]
Seat 1: Rooman7 (big blind) showed [Ks 4d] and won ($17.64) with a pair of Fives
Seat 4: FHstyles (button) (small blind) mucked


PokerStars Hand #160033616494:  Hold'em Limit ($3/$6 USD) - 2016/10/16 17:57:11 ET
Table 'Denebola II' 6-max Seat #1 is the button
Seat 1: Rooman7 ($134.10 in chips)
Seat 4: FHstyles ($98.14 in chips)
Rooman7: posts small blind $1
FHstyles: posts big blind $3
*** HOLE CARDS ***
Rooman7: folds
Uncalled bet ($2) returned to FHstyles
FHstyles collected $2 from pot
FHstyles: doesn't show hand
*** SUMMARY ***
Total pot $2 | Rake $0
Seat 1: Rooman7 (button) (small blind) folded before Flop
Seat 4: FHstyles (big blind) collected ($2)


PokerStars Hand #160033613125:  Hold'em Limit ($3/$6 USD) - 2016/10/16 17:57:06 ET
Table 'Denebola II' 6-max Seat #4 is the button
Seat 1: Rooman7 ($137.10 in chips)
Seat 4: FHstyles ($95.14 in chips)
FHstyles: posts small blind $1
Rooman7: posts big blind $3
*** HOLE CARDS ***
FHstyles: raises $3 to $6
Rooman7: folds
Uncalled bet ($3) returned to FHstyles
FHstyles collected $6 from pot
FHstyles: doesn't show hand
*** SUMMARY ***
Total pot $6 | Rake $0
Seat 1: Rooman7 (big blind) folded before Flop
Seat 4: FHstyles (button) (small blind) collected ($6)


PokerStars Hand #160033603965:  Hold'em Limit ($3/$6 USD) - 2016/10/16 17:56:51 ET
Table 'Denebola II' 6-max Seat #1 is the button
Seat 1: Rooman7 ($125.58 in chips)
Seat 4: FHstyles ($107.14 in chips)
Rooman7: posts small blind $1
FHstyles: posts big blind $3
*** HOLE CARDS ***
Rooman7: calls $2
FHstyles: checks
*** FLOP *** [Ts Jh Kc]
FHstyles: bets $3
Rooman7: calls $3
*** TURN *** [Ts Jh Kc] [7d]
FHstyles: checks
Rooman7: bets $6
FHstyles: calls $6
*** RIVER *** [Ts Jh Kc 7d] [3s]
FHstyles: checks
Rooman7: checks
*** SHOW DOWN ***
FHstyles: shows [9h 6d] (high card King)
Rooman7: shows [Ad 8d] (high card Ace)
Rooman7 collected $23.52 from pot
*** SUMMARY ***
Total pot $24 | Rake $0.48
Board [Ts Jh Kc 7d 3s]
Seat 1: Rooman7 (button) (small blind) showed [Ad 8d] and won ($23.52) with high card Ace
Seat 4: FHstyles (big blind) showed [9h 6d] and lost with high card King


PokerStars Hand #160033669028:  Hold'em Limit ($3/$6 USD) - 2016/10/16 17:58:37 ET
Table 'Denebola II' 6-max Seat #4 is the button
Seat 1: Rooman7 ($141.12 in chips)
Seat 4: FHstyles ($149.04 in chips)
FHstyles: posts small blind $1
Rooman7: posts big blind $3
*** HOLE CARDS ***
FHstyles: raises $3 to $6
Rooman7: raises $3 to $9
FHstyles: calls $3
*** FLOP *** [7d 8s 8c]
Rooman7: bets $3
FHstyles: calls $3
*** TURN *** [7d 8s 8c] [6c]
Rooman7: bets $6
FHstyles: calls $6
*** RIVER *** [7d 8s 8c 6c] [4d]
Rooman7: bets $6
FHstyles: calls $6
*** SHOW DOWN ***
Rooman7: shows [As Kc] (a pair of Eights)
FHstyles: shows [6h Jd] (two pair, Eights and Sixes)
FHstyles collected $47.50 from pot
*** SUMMARY ***
Total pot $48 | Rake $0.50
Board [7d 8s 8c 6c 4d]
Seat 1: Rooman7 (big blind) showed [As Kc] and lost with a pair of Eights
Seat 4: FHstyles (button) (small blind) showed [6h Jd] and won ($47.50) with two pair, Eights and Sixes


PokerStars Hand #160033661664:  Hold'em Limit ($3/$6 USD) - 2016/10/16 17:58:25 ET
Table 'Denebola II' 6-max Seat #1 is the button
Seat 1: Rooman7 ($150.12 in chips)
Seat 4: FHstyles ($140.40 in chips)
Rooman7: posts small blind $1
FHstyles: posts big blind $3
*** HOLE CARDS ***
Rooman7: calls $2
FHstyles: raises $3 to $6
Rooman7: calls $3
*** FLOP *** [9c 3d Jh]
FHstyles: bets $3
Rooman7: calls $3
*** TURN *** [9c 3d Jh] [Ks]
FHstyles: bets $6
Rooman7: folds
Uncalled bet ($6) returned to FHstyles
FHstyles collected $17.64 from pot
FHstyles: doesn't show hand
*** SUMMARY ***
Total pot $18 | Rake $0.36
Board [9c 3d Jh Ks]
Seat 1: Rooman7 (button) (small blind) folded on the Turn
Seat 4: FHstyles (big blind) collected ($17.64)


PokerStars Hand #160033656600:  Hold'em Limit ($3/$6 USD) - 2016/10/16 17:58:16 ET
Table 'Denebola II' 6-max Seat #4 is the button
Seat 1: Rooman7 ($156.12 in chips)
Seat 4: FHstyles ($134.64 in chips)
FHstyles: posts small blind $1
Rooman7: posts big blind $3
*** HOLE CARDS ***
FHstyles: raises $3 to $6
Rooman7: calls $3
*** FLOP *** [Jh Js 4d]
Rooman7: checks
FHstyles: bets $3
Rooman7: folds
Uncalled bet ($3) returned to FHstyles
FHstyles collected $11.76 from pot
FHstyles: doesn't show hand
*** SUMMARY ***
Total pot $12 | Rake $0.24
Board [Jh Js 4d]
Seat 1: Rooman7 (big blind) folded on the Flop
Seat 4: FHstyles (button) (small blind) collected ($11.76)


PokerStars Hand #160033647776:  Hold'em Limit ($3/$6 USD) - 2016/10/16 17:58:02 ET
Table 'Denebola II' 6-max Seat #1 is the button
Seat 1: Rooman7 ($153.24 in chips)
Seat 4: FHstyles ($137.64 in chips)
Rooman7: posts small blind $1
FHstyles: posts big blind $3
*** HOLE CARDS ***
Rooman7: calls $2
FHstyles: checks
*** FLOP *** [9s 3h 4c]
FHstyles: checks
Rooman7: checks
*** TURN *** [9s 3h 4c] [Qh]
FHstyles: checks
Rooman7: bets $6
FHstyles: folds
Uncalled bet ($6) returned to Rooman7
Rooman7 collected $5.88 from pot
Rooman7: doesn't show hand
*** SUMMARY ***
Total pot $6 | Rake $0.12
Board [9s 3h 4c Qh]
Seat 1: Rooman7 (button) (small blind) collected ($5.88)
Seat 4: FHstyles (big blind) folded on the Turn


PokerStars Hand #160033638813:  Hold'em Limit ($3/$6 USD) - 2016/10/16 17:57:48 ET
Table 'Denebola II' 6-max Seat #4 is the button
Seat 1: Rooman7 ($168.24 in chips)
Seat 4: FHstyles ($123.14 in chips)
FHstyles: posts small blind $1
Rooman7: posts big blind $3
*** HOLE CARDS ***
FHstyles: raises $3 to $6
Rooman7: calls $3
*** FLOP *** [3s 6s Js]
Rooman7: checks
FHstyles: bets $3
Rooman7: calls $3
*** TURN *** [3s 6s Js] [Ad]
Rooman7: checks
FHstyles: bets $6
Rooman7: calls $6
*** RIVER *** [3s 6s Js Ad] [Td]
Rooman7: checks
FHstyles: checks
*** SHOW DOWN ***
Rooman7: shows [9h 3h] (a pair of Threes)
FHstyles: shows [9c 6d] (a pair of Sixes)
FHstyles collected $29.50 from pot
*** SUMMARY ***
Total pot $30 | Rake $0.50
Board [3s 6s Js Ad Td]
Seat 1: Rooman7 (big blind) showed [9h 3h] and lost with a pair of Threes
Seat 4: FHstyles (button) (small blind) showed [9c 6d] and won ($29.50) with a pair of Sixes


PokerStars Hand #160033702735:  Hold'em Limit ($3/$6 USD) - 2016/10/16 17:59:32 ET
Table 'Denebola II' 6-max Seat #4 is the button
Seat 1: Rooman7 ($119.64 in chips)
Seat 4: FHstyles ($169.30 in chips)
FHstyles: posts small blind $1
Rooman7: posts big blind $3
*** HOLE CARDS ***
FHstyles: raises $3 to $6
Rooman7: calls $3
*** FLOP *** [9h 4c Ts]
Rooman7: checks
FHstyles: bets $3
Rooman7: calls $3
*** TURN *** [9h 4c Ts] [As]
Rooman7: checks
FHstyles: checks
*** RIVER *** [9h 4c Ts As] [8h]
Rooman7: bets $6
FHstyles: folds
Uncalled bet ($6) returned to Rooman7
Rooman7 collected $17.64 from pot
Rooman7: doesn't show hand
*** SUMMARY ***
Total pot $18 | Rake $0.36
Board [9h 4c Ts As 8h]
Seat 1: Rooman7 (big blind) collected ($17.64)
Seat 4: FHstyles (button) (small blind) folded on the River


PokerStars Hand #160033696991:  Hold'em Limit ($3/$6 USD) - 2016/10/16 17:59:22 ET
Table 'Denebola II' 6-max Seat #1 is the button
Seat 1: Rooman7 ($116.76 in chips)
Seat 4: FHstyles ($172.30 in chips)
Rooman7: posts small blind $1
FHstyles: posts big blind $3
*** HOLE CARDS ***
Rooman7: calls $2
FHstyles: checks
*** FLOP *** [7h Qc 6c]
FHstyles: checks
Rooman7: bets $3
FHstyles: folds
Uncalled bet ($3) returned to Rooman7
Rooman7 collected $5.88 from pot
Rooman7: doesn't show hand
*** SUMMARY ***
Total pot $6 | Rake $0.12
Board [7h Qc 6c]
Seat 1: Rooman7 (button) (small blind) collected ($5.88)
Seat 4: FHstyles (big blind) folded on the Flop


PokerStars Hand #160033692239:  Hold'em Limit ($3/$6 USD) - 2016/10/16 17:59:14 ET
Table 'Denebola II' 6-max Seat #4 is the button
Seat 1: Rooman7 ($122.76 in chips)
Seat 4: FHstyles ($166.54 in chips)
FHstyles: posts small blind $1
Rooman7: posts big blind $3
*** HOLE CARDS ***
FHstyles: raises $3 to $6
Rooman7: calls $3
*** FLOP *** [Jh Qd Kd]
Rooman7: checks
FHstyles: bets $3
Rooman7: folds
Uncalled bet ($3) returned to FHstyles
FHstyles collected $11.76 from pot
FHstyles: doesn't show hand
*** SUMMARY ***
Total pot $12 | Rake $0.24
Board [Jh Qd Kd]
Seat 1: Rooman7 (big blind) folded on the Flop
Seat 4: FHstyles (button) (small blind) collected ($11.76)


PokerStars Hand #160033686886:  Hold'em Limit ($3/$6 USD) - 2016/10/16 17:59:06 ET
Table 'Denebola II' 6-max Seat #1 is the button
Seat 1: Rooman7 ($119.88 in chips)
Seat 4: FHstyles ($169.54 in chips)
Rooman7: posts small blind $1
FHstyles: posts big blind $3
*** HOLE CARDS ***
Rooman7: calls $2
FHstyles: checks
*** FLOP *** [2h 7d Jd]
FHstyles: checks
Rooman7: bets $3
FHstyles: folds
Uncalled bet ($3) returned to Rooman7
Rooman7 collected $5.88 from pot
Rooman7: doesn't show hand
*** SUMMARY ***
Total pot $6 | Rake $0.12
Board [2h 7d Jd]
Seat 1: Rooman7 (button) (small blind) collected ($5.88)
Seat 4: FHstyles (big blind) folded on the Flop


PokerStars Hand #160033683489:  Hold'em Limit ($3/$6 USD) - 2016/10/16 17:59:00 ET
Table 'Denebola II' 6-max Seat #4 is the button
Seat 1: Rooman7 ($122.88 in chips)
Seat 4: FHstyles ($166.54 in chips)
FHstyles: posts small blind $1
Rooman7: posts big blind $3
*** HOLE CARDS ***
FHstyles: raises $3 to $6
Rooman7: folds
Uncalled bet ($3) returned to FHstyles
FHstyles collected $6 from pot
FHstyles: doesn't show hand
*** SUMMARY ***
Total pot $6 | Rake $0
Seat 1: Rooman7 (big blind) folded before Flop
Seat 4: FHstyles (button) (small blind) collected ($6)


PokerStars Hand #160033677722:  Hold'em Limit ($3/$6 USD) - 2016/10/16 17:58:51 ET
Table 'Denebola II' 6-max Seat #1 is the button
Seat 1: Rooman7 ($117.12 in chips)
Seat 4: FHstyles ($172.54 in chips)
Rooman7: posts small blind $1
FHstyles: posts big blind $3
*** HOLE CARDS ***
Rooman7: raises $3 to $6
FHstyles: calls $3
*** FLOP *** [9h 4d Jh]
FHstyles: checks
Rooman7: bets $3
FHstyles: folds
Uncalled bet ($3) returned to Rooman7
Rooman7 collected $11.76 from pot
Rooman7: doesn't show hand
*** SUMMARY ***
Total pot $12 | Rake $0.24
Board [9h 4d Jh]
Seat 1: Rooman7 (button) (small blind) collected ($11.76)
Seat 4: FHstyles (big blind) folded on the Flop


PokerStars Hand #160033745696:  Hold'em Limit ($3/$6 USD) - 2016/10/16 18:00:40 ET
Table 'Denebola II' 6-max Seat #4 is the button
Seat 1: Rooman7 ($106.92 in chips)
Seat 4: FHstyles ($180.44 in chips)
FHstyles: posts small blind $1
Rooman7: posts big blind $3
*** HOLE CARDS ***
FHstyles: raises $3 to $6
Rooman7: calls $3
*** FLOP *** [9s 5c 6h]
Rooman7: checks
FHstyles: bets $3
Rooman7: calls $3
*** TURN *** [9s 5c 6h] [Td]
Rooman7: checks
FHstyles: bets $6
Rooman7: folds
Uncalled bet ($6) returned to FHstyles
FHstyles collected $17.64 from pot
FHstyles: doesn't show hand
*** SUMMARY ***
Total pot $18 | Rake $0.36
Board [9s 5c 6h Td]
Seat 1: Rooman7 (big blind) folded on the Turn
Seat 4: FHstyles (button) (small blind) collected ($17.64)


PokerStars Hand #160033738835:  Hold'em Limit ($3/$6 USD) - 2016/10/16 18:00:29 ET
Table 'Denebola II' 6-max Seat #1 is the button
Seat 1: Rooman7 ($104.04 in chips)
Seat 4: FHstyles ($183.44 in chips)
Rooman7: posts small blind $1
FHstyles: posts big blind $3
*** HOLE CARDS ***
Rooman7: calls $2
FHstyles: checks
*** FLOP *** [Qd 6d Qs]
FHstyles: checks
Rooman7: checks
*** TURN *** [Qd 6d Qs] [Th]
FHstyles: checks
Rooman7: bets $6
FHstyles: folds
Uncalled bet ($6) returned to Rooman7
Rooman7 collected $5.88 from pot
Rooman7: doesn't show hand
*** SUMMARY ***
Total pot $6 | Rake $0.12
Board [Qd 6d Qs Th]
Seat 1: Rooman7 (button) (small blind) collected ($5.88)
Seat 4: FHstyles (big blind) folded on the Turn


PokerStars Hand #160033730131:  Hold'em Limit ($3/$6 USD) - 2016/10/16 18:00:15 ET
Table 'Denebola II' 6-max Seat #4 is the button
Seat 1: Rooman7 ($125.04 in chips)
Seat 4: FHstyles ($162.94 in chips)
FHstyles: posts small blind $1
Rooman7: posts big blind $3
*** HOLE CARDS ***
FHstyles: raises $3 to $6
Rooman7: calls $3
*** FLOP *** [Js 4c 9d]
Rooman7: checks
FHstyles: bets $3
Rooman7: calls $3
*** TURN *** [Js 4c 9d] [Kh]
Rooman7: checks
FHstyles: bets $6
Rooman7: calls $6
*** RIVER *** [Js 4c 9d Kh] [Ad]
Rooman7: checks
FHstyles: bets $6
Rooman7: calls $6
*** SHOW DOWN ***
FHstyles: shows [8c Kc] (a pair of Kings)
Rooman7: mucks hand
FHstyles collected $41.50 from pot
*** SUMMARY ***
Total pot $42 | Rake $0.50
Board [Js 4c 9d Kh Ad]
Seat 1: Rooman7 (big blind) mucked
Seat 4: FHstyles (button) (small blind) showed [8c Kc] and won ($41.50) with a pair of Kings


PokerStars Hand #160033723941:  Hold'em Limit ($3/$6 USD) - 2016/10/16 18:00:06 ET
Table 'Denebola II' 6-max Seat #1 is the button
Seat 1: Rooman7 ($122.16 in chips)
Seat 4: FHstyles ($165.94 in chips)
Rooman7: posts small blind $1
FHstyles: posts big blind $3
*** HOLE CARDS ***
Rooman7: calls $2
FHstyles: checks
*** FLOP *** [Kd Jh 6c]
FHstyles: checks
Rooman7: bets $3
FHstyles: folds
Uncalled bet ($3) returned to Rooman7
Rooman7 collected $5.88 from pot
Rooman7: doesn't show hand
*** SUMMARY ***
Total pot $6 | Rake $0.12
Board [Kd Jh 6c]
Seat 1: Rooman7 (button) (small blind) collected ($5.88)
Seat 4: FHstyles (big blind) folded on the Flop


PokerStars Hand #160033716582:  Hold'em Limit ($3/$6 USD) - 2016/10/16 17:59:54 ET
Table 'Denebola II' 6-max Seat #4 is the button
Seat 1: Rooman7 ($131.16 in chips)
Seat 4: FHstyles ($157.30 in chips)
FHstyles: posts small blind $1
Rooman7: posts big blind $3
*** HOLE CARDS ***
FHstyles: raises $3 to $6
Rooman7: calls $3
*** FLOP *** [9s Js 2d]
Rooman7: checks
FHstyles: bets $3
Rooman7: calls $3
*** TURN *** [9s Js 2d] [Th]
Rooman7: checks
FHstyles: bets $6
Rooman7: folds
Uncalled bet ($6) returned to FHstyles
FHstyles collected $17.64 from pot
FHstyles: doesn't show hand
*** SUMMARY ***
Total pot $18 | Rake $0.36
Board [9s Js 2d Th]
Seat 1: Rooman7 (big blind) folded on the Turn
Seat 4: FHstyles (button) (small blind) collected ($17.64)


PokerStars Hand #160033710786:  Hold'em Limit ($3/$6 USD) - 2016/10/16 17:59:45 ET
Table 'Denebola II' 6-max Seat #1 is the button
Seat 1: Rooman7 ($128.28 in chips)
Seat 4: FHstyles ($160.30 in chips)
Rooman7: posts small blind $1
FHstyles: posts big blind $3
*** HOLE CARDS ***
Rooman7: calls $2
FHstyles: checks
*** FLOP *** [Jc 9s 3c]
FHstyles: checks
Rooman7: bets $3
FHstyles: folds
Uncalled bet ($3) returned to Rooman7
Rooman7 collected $5.88 from pot
Rooman7: doesn't show hand
*** SUMMARY ***
Total pot $6 | Rake $0.12
Board [Jc 9s 3c]
Seat 1: Rooman7 (button) (small blind) collected ($5.88)
Seat 4: FHstyles (big blind) folded on the Flop


PokerStars Hand #160033756209:  Hold'em Limit ($3/$6 USD) - 2016/10/16 18:00:55 ET
Table 'Denebola II' 6-max Seat #4 is the button
Seat 1: Rooman7 ($96.92 in chips)
Seat 4: FHstyles ($190.08 in chips)
FHstyles: posts small blind $1
Rooman7: posts big blind $3
*** HOLE CARDS ***
FHstyles: raises $3 to $6
Rooman7: raises $3 to $9
FHstyles: calls $3
*** FLOP *** [Kc 6c 3s]
Rooman7: bets $3
FHstyles: calls $3
*** TURN *** [Kc 6c 3s] [Tc]
Rooman7: bets $6
FHstyles: folds
Uncalled bet ($6) returned to Rooman7
Rooman7 collected $23.52 from pot
Rooman7: doesn't show hand
*** SUMMARY ***
Total pot $24 | Rake $0.48
Board [Kc 6c 3s Tc]
Seat 1: Rooman7 (big blind) collected ($23.52)
Seat 4: FHstyles (button) (small blind) folded on the Turn


PokerStars Hand #160033770706:  Hold'em Limit ($3/$6 USD) - 2016/10/16 18:01:07 ET
Table 'Denebola II' 6-max Seat #1 is the button
Seat 1: Rooman7 ($108.44 in chips)
Seat 4: FHstyles ($178.08 in chips)
Rooman7: posts small blind $1
FHstyles: posts big blind $3
*** HOLE CARDS ***
Rooman7: calls $2
FHstyles: checks
*** FLOP *** [7c 4c 7d]
FHstyles: bets $3
Rooman7: calls $3
*** TURN *** [7c 4c 7d] [8h]
FHstyles: bets $6
Rooman7: folds
Uncalled bet ($6) returned to FHstyles
FHstyles collected $11.76 from pot
FHstyles: doesn't show hand
*** SUMMARY ***
Total pot $12 | Rake $0.24
Board [7c 4c 7d 8h]
Seat 1: Rooman7 (button) (small blind) folded on the Turn
Seat 4: FHstyles (big blind) collected ($11.76)


PokerStars Hand #160033782803:  Hold'em Limit ($3/$6 USD) - 2016/10/16 18:01:24 ET
Table 'Denebola II' 6-max Seat #4 is the button
Seat 1: Rooman7 ($102.44 in chips)
Seat 4: FHstyles ($183.84 in chips)
FHstyles: posts small blind $1
Rooman7: posts big blind $3
*** HOLE CARDS ***
FHstyles: raises $3 to $6
Rooman7: raises $3 to $9
FHstyles: calls $3
*** FLOP *** [Th 3d 7c]
Rooman7: bets $3
FHstyles: calls $3
*** TURN *** [Th 3d 7c] [Qd]
Rooman7: bets $6
FHstyles: calls $6
*** RIVER *** [Th 3d 7c Qd] [7s]
Rooman7: bets $6
FHstyles: calls $6
*** SHOW DOWN ***
Rooman7: shows [Kd Ks] (two pair, Kings and Sevens)
FHstyles: mucks hand
Rooman7 collected $47.50 from pot
*** SUMMARY ***
Total pot $48 | Rake $0.50
Board [Th 3d 7c Qd 7s]
Seat 1: Rooman7 (big blind) showed [Kd Ks] and won ($47.50) with two pair, Kings and Sevens
Seat 4: FHstyles (button) (small blind) mucked


PokerStars Hand #160033795515:  Hold'em Limit ($3/$6 USD) - 2016/10/16 18:01:41 ET
Table 'Denebola II' 6-max Seat #1 is the button
Seat 1: Rooman7 ($125.94 in chips)
Seat 4: FHstyles ($159.84 in chips)
Rooman7: posts small blind $1
FHstyles: posts big blind $3
*** HOLE CARDS ***
Rooman7: folds
Uncalled bet ($2) returned to FHstyles
FHstyles collected $2 from pot
FHstyles: doesn't show hand
*** SUMMARY ***
Total pot $2 | Rake $0
Seat 1: Rooman7 (button) (small blind) folded before Flop
Seat 4: FHstyles (big blind) collected ($2)


PokerStars Hand #160033753040:  Hold'em Limit ($3/$6 USD) - 2016/10/16 18:00:51 ET
Table 'Denebola II' 6-max Seat #1 is the button
Seat 1: Rooman7 ($97.92 in chips)
Seat 4: FHstyles ($189.08 in chips)
Rooman7: posts small blind $1
FHstyles: posts big blind $3
*** HOLE CARDS ***
Rooman7: folds
Uncalled bet ($2) returned to FHstyles
FHstyles collected $2 from pot
FHstyles: doesn't show hand
*** SUMMARY ***
Total pot $2 | Rake $0
Seat 1: Rooman7 (button) (small blind) folded before Flop
Seat 4: FHstyles (big blind) collected ($2)


PokerStars Hand #160033845728:  Hold'em Limit ($3/$6 USD) - 2016/10/16 18:02:46 ET
Table 'Denebola II' 6-max Seat #4 is the button
Seat 1: Rooman7 ($195.08 in chips)
Seat 4: FHstyles ($88.84 in chips)
FHstyles: posts small blind $1
Rooman7: posts big blind $3
*** HOLE CARDS ***
FHstyles: raises $3 to $6
Rooman7: folds
Uncalled bet ($3) returned to FHstyles
FHstyles collected $6 from pot
FHstyles: doesn't show hand
*** SUMMARY ***
Total pot $6 | Rake $0
Seat 1: Rooman7 (big blind) folded before Flop
Seat 4: FHstyles (button) (small blind) collected ($6)


PokerStars Hand #160033833650:  Hold'em Limit ($3/$6 USD) - 2016/10/16 18:02:30 ET
Table 'Denebola II' 6-max Seat #1 is the button
Seat 1: Rooman7 ($174.58 in chips)
Seat 4: FHstyles ($109.84 in chips)
Rooman7: posts small blind $1
FHstyles: posts big blind $3
*** HOLE CARDS ***
Rooman7: calls $2
FHstyles: raises $3 to $6
Rooman7: calls $3
*** FLOP *** [As 8d 5d]
FHstyles: bets $3
Rooman7: calls $3
*** TURN *** [As 8d 5d] [4d]
FHstyles: bets $6
Rooman7: calls $6
*** RIVER *** [As 8d 5d 4d] [4s]
FHstyles: checks
Necromadx joins the table at seat #2
Rooman7: bets $6
FHstyles: calls $6
*** SHOW DOWN ***
Rooman7: shows [Qc 5c] (two pair, Fives and Fours)
FHstyles: mucks hand
Rooman7 collected $41.50 from pot
*** SUMMARY ***
Total pot $42 | Rake $0.50
Board [As 8d 5d 4d 4s]
Seat 1: Rooman7 (button) (small blind) showed [Qc 5c] and won ($41.50) with two pair, Fives and Fours
Seat 4: FHstyles (big blind) mucked


PokerStars Hand #160033799449:  Hold'em Limit ($3/$6 USD) - 2016/10/16 18:01:46 ET
Table 'Denebola II' 6-max Seat #4 is the button
Seat 1: Rooman7 ($124.94 in chips)
Seat 4: FHstyles ($160.84 in chips)
FHstyles: posts small blind $1
Rooman7: posts big blind $3
*** HOLE CARDS ***
FHstyles: raises $3 to $6
Rooman7: raises $3 to $9
FHstyles: calls $3
*** FLOP *** [4h 4d 6s]
Rooman7: bets $3
FHstyles: calls $3
*** TURN *** [4h 4d 6s] [2d]
Rooman7: bets $6
FHstyles: calls $6
*** RIVER *** [4h 4d 6s 2d] [Jc]
Rooman7: bets $6
FHstyles: calls $6
*** SHOW DOWN ***
Rooman7: shows [As 7s] (a pair of Fours)
FHstyles: mucks hand
Rooman7 collected $47.50 from pot
*** SUMMARY ***
Total pot $48 | Rake $0.50
Board [4h 4d 6s 2d Jc]
Seat 1: Rooman7 (big blind) showed [As 7s] and won ($47.50) with a pair of Fours
Seat 4: FHstyles (button) (small blind) mucked


PokerStars Hand #160033811887:  Hold'em Limit ($3/$6 USD) - 2016/10/16 18:02:02 ET
Table 'Denebola II' 6-max Seat #1 is the button
Seat 1: Rooman7 ($148.44 in chips)
Seat 4: FHstyles ($136.84 in chips)
Rooman7: posts small blind $1
FHstyles: posts big blind $3
*** HOLE CARDS ***
Rooman7: calls $2
FHstyles: checks
*** FLOP *** [7c 6c 5s]
FHstyles: bets $3
Rooman7: calls $3
*** TURN *** [7c 6c 5s] [8h]
FHstyles: bets $6
Rooman7: calls $6
*** RIVER *** [7c 6c 5s 8h] [7s]
FHstyles: bets $6
Rooman7: calls $6
*** SHOW DOWN ***
FHstyles: shows [6h 5h] (two pair, Sevens and Sixes)
Rooman7: shows [Ad 6d] (two pair, Sevens and Sixes - Ace kicker)
Rooman7 collected $35.50 from pot
*** SUMMARY ***
Total pot $36 | Rake $0.50
Board [7c 6c 5s 8h 7s]
Seat 1: Rooman7 (button) (small blind) showed [Ad 6d] and won ($35.50) with two pair, Sevens and Sixes
Seat 4: FHstyles (big blind) showed [6h 5h] and lost with two pair, Sevens and Sixes


PokerStars Hand #160033822967:  Hold'em Limit ($3/$6 USD) - 2016/10/16 18:02:16 ET
Table 'Denebola II' 6-max Seat #4 is the button
Seat 1: Rooman7 ($165.94 in chips)
Seat 4: FHstyles ($118.84 in chips)
FHstyles: posts small blind $1
Rooman7: posts big blind $3
*** HOLE CARDS ***
FHstyles: raises $3 to $6
Rooman7: calls $3
*** FLOP *** [7c Qs 8h]
Rooman7: checks
FHstyles: bets $3
Rooman7: calls $3
*** TURN *** [7c Qs 8h] [3c]
Rooman7: checks
FHstyles: checks
*** RIVER *** [7c Qs 8h 3c] [Ac]
Rooman7: bets $6
FHstyles: folds
Uncalled bet ($6) returned to Rooman7
Rooman7 collected $17.64 from pot
Rooman7: doesn't show hand
*** SUMMARY ***
Total pot $18 | Rake $0.36
Board [7c Qs 8h 3c Ac]
Seat 1: Rooman7 (big blind) collected ($17.64)
Seat 4: FHstyles (button) (small blind) folded on the River


PokerStars Hand #160035905994:  Hold'em Limit ($3/$6 USD) - 2016/10/16 18:48:40 ET
Table 'Denebola II' 6-max Seat #6 is the button
Seat 3: Ingmar Ross ($135 in chips)
Seat 6: RaisemyNut$ ($177.39 in chips)
RaisemyNut$: posts small blind $1
Necromadx: is sitting out
Ingmar Ross: posts big blind $3
*** HOLE CARDS ***
Necromadx leaves the table
RaisemyNut$: raises $3 to $6
Ingmar Ross: raises $3 to $9
RaisemyNut$: calls $3
*** FLOP *** [6s 6c As]
Ingmar Ross: bets $3
RaisemyNut$: folds
Uncalled bet ($3) returned to Ingmar Ross
Ingmar Ross collected $17.64 from pot
Ingmar Ross: doesn't show hand
*** SUMMARY ***
Total pot $18 | Rake $0.36
Board [6s 6c As]
Seat 3: Ingmar Ross (big blind) collected ($17.64)
Seat 6: RaisemyNut$ (button) (small blind) folded on the Flop


