PokerStars Hand #168737503505:  Hold'em Limit ($3/$6 USD) - 2017/04/08 3:27:26 ET
Table 'Deneb II' 6-max Seat #3 is the button
Seat 3: sim5sim5 ($72 in chips)
Seat 4: kogaymg ($77.18 in chips)
sim5sim5: posts small blind $1
kogaymg: posts big blind $3
*** HOLE CARDS ***
sim5sim5: raises $3 to $6
kogaymg: calls $3
*** FLOP *** [5h 4d 6c]
kogaymg: checks
sim5sim5: bets $3
kogaymg: calls $3
*** TURN *** [5h 4d 6c] [4s]
Velbor107 joins the table at seat #5
kogaymg: checks
sim5sim5: bets $6
kogaymg: raises $6 to $12
sim5sim5: calls $6
*** RIVER *** [5h 4d 6c 4s] [Tc]
kogaymg: bets $6
sim5sim5: calls $6
*** SHOW DOWN ***
kogaymg: shows [3h Ks] (a pair of Fours)
sim5sim5: shows [8c 5s] (two pair, Fives and Fours)
sim5sim5 collected $53.50 from pot
*** SUMMARY ***
Total pot $54 | Rake $0.50
Board [5h 4d 6c 4s Tc]
Seat 3: sim5sim5 (button) (small blind) showed [8c 5s] and won ($53.50) with two pair, Fives and Fours
Seat 4: kogaymg (big blind) showed [3h Ks] and lost with a pair of Fours


PokerStars Hand #168737594449:  Hold'em Limit ($3/$6 USD) - 2017/04/08 3:32:10 ET
Table 'Deneb II' 6-max Seat #4 is the button
Seat 4: kogaymg ($91.41 in chips)
Seat 5: Velbor107 ($251.93 in chips)
kogaymg: posts small blind $1
Velbor107: posts big blind $3
*** HOLE CARDS ***
kogaymg: raises $3 to $6
Velbor107: folds
Uncalled bet ($3) returned to kogaymg
kogaymg collected $6 from pot
kogaymg: doesn't show hand
*** SUMMARY ***
Total pot $6 | Rake $0
Seat 4: kogaymg (button) (small blind) collected ($6)
Seat 5: Velbor107 (big blind) folded before Flop


PokerStars Hand #168737587572:  Hold'em Limit ($3/$6 USD) - 2017/04/08 3:31:49 ET
Table 'Deneb II' 6-max Seat #5 is the button
Seat 4: kogaymg ($79.89 in chips)
Seat 5: Velbor107 ($263.93 in chips)
Velbor107: posts small blind $1
kogaymg: posts big blind $3
*** HOLE CARDS ***
Velbor107: raises $3 to $6
kogaymg: raises $3 to $9
Velbor107: calls $3
*** FLOP *** [5d 4s As]
kogaymg: bets $3
Velbor107: calls $3
*** TURN *** [5d 4s As] [Qs]
kogaymg: bets $6
Velbor107: folds
Uncalled bet ($6) returned to kogaymg
kogaymg collected $23.52 from pot
kogaymg: doesn't show hand
*** SUMMARY ***
Total pot $24 | Rake $0.48
Board [5d 4s As Qs]
Seat 4: kogaymg (big blind) collected ($23.52)
Seat 5: Velbor107 (button) (small blind) folded on the Turn


PokerStars Hand #168737586017:  Hold'em Limit ($3/$6 USD) - 2017/04/08 3:31:44 ET
Table 'Deneb II' 6-max Seat #4 is the button
Seat 4: kogaymg ($80.89 in chips)
Seat 5: Velbor107 ($262.93 in chips)
kogaymg: posts small blind $1
Velbor107: posts big blind $3
*** HOLE CARDS ***
kogaymg: folds
Uncalled bet ($2) returned to Velbor107
Velbor107 collected $2 from pot
*** SUMMARY ***
Total pot $2 | Rake $0
Seat 4: kogaymg (button) (small blind) folded before Flop
Seat 5: Velbor107 (big blind) collected ($2)


PokerStars Hand #168737579939:  Hold'em Limit ($3/$6 USD) - 2017/04/08 3:31:25 ET
Table 'Deneb II' 6-max Seat #5 is the button
Seat 4: kogaymg ($57.39 in chips)
Seat 5: Velbor107 ($286.93 in chips)
Velbor107: posts small blind $1
sim5sim5: is sitting out
kogaymg: posts big blind $3
*** HOLE CARDS ***
Velbor107: raises $3 to $6
kogaymg: raises $3 to $9
sim5sim5 leaves the table
Velbor107: calls $3
*** FLOP *** [Tc 3d 2c]
kogaymg: bets $3
Velbor107: calls $3
*** TURN *** [Tc 3d 2c] [5c]
kogaymg: bets $6
Velbor107: calls $6
*** RIVER *** [Tc 3d 2c 5c] [8d]
kogaymg: bets $6
Velbor107: calls $6
*** SHOW DOWN ***
kogaymg: shows [6d 6s] (a pair of Sixes)
Velbor107: mucks hand
kogaymg collected $47.50 from pot
*** SUMMARY ***
Total pot $48 | Rake $0.50
Board [Tc 3d 2c 5c 8d]
Seat 4: kogaymg (big blind) showed [6d 6s] and won ($47.50) with a pair of Sixes
Seat 5: Velbor107 (button) (small blind) mucked


PokerStars Hand #168737601093:  Hold'em Limit ($3/$6 USD) - 2017/04/08 3:32:31 ET
Table 'Deneb II' 6-max Seat #5 is the button
Seat 4: kogaymg ($101.17 in chips)
Seat 5: Velbor107 ($241.93 in chips)
Velbor107: posts small blind $1
kogaymg: posts big blind $3
*** HOLE CARDS ***
Velbor107: raises $3 to $6
kogaymg: raises $3 to $9
Velbor107: raises $3 to $12
Betting is capped
kogaymg: calls $3
*** FLOP *** [2d 7c 4d]
kogaymg: checks
Velbor107: bets $3
kogaymg: calls $3
*** TURN *** [2d 7c 4d] [2c]
kogaymg: checks
Velbor107: bets $6
kogaymg: raises $6 to $12
Velbor107: raises $6 to $18
kogaymg: raises $6 to $24
Betting is capped
Velbor107: calls $6
*** RIVER *** [2d 7c 4d 2c] [7d]
kogaymg: bets $6
Velbor107: calls $6
*** SHOW DOWN ***
kogaymg: shows [Qd Qc] (two pair, Queens and Sevens)
Velbor107: mucks hand
kogaymg collected $89.50 from pot
*** SUMMARY ***
Total pot $90 | Rake $0.50
Board [2d 7c 4d 2c 7d]
Seat 4: kogaymg (big blind) showed [Qd Qc] and won ($89.50) with two pair, Queens and Sevens
Seat 5: Velbor107 (button) (small blind) mucked


PokerStars Hand #168737597782:  Hold'em Limit ($3/$6 USD) - 2017/04/08 3:32:21 ET
Table 'Deneb II' 6-max Seat #4 is the button
Seat 4: kogaymg ($95.41 in chips)
Seat 5: Velbor107 ($247.93 in chips)
kogaymg: posts small blind $1
Velbor107: posts big blind $3
*** HOLE CARDS ***
kogaymg: raises $3 to $6
Velbor107: calls $3
*** FLOP *** [7s Ad Qs]
Velbor107: checks
kogaymg: bets $3
Velbor107: folds
Uncalled bet ($3) returned to kogaymg
kogaymg collected $11.76 from pot
kogaymg: doesn't show hand
*** SUMMARY ***
Total pot $12 | Rake $0.24
Board [7s Ad Qs]
Seat 4: kogaymg (button) (small blind) collected ($11.76)
Seat 5: Velbor107 (big blind) folded on the Flop


PokerStars Hand #168737596045:  Hold'em Limit ($3/$6 USD) - 2017/04/08 3:32:15 ET
Table 'Deneb II' 6-max Seat #5 is the button
Seat 4: kogaymg ($94.41 in chips)
Seat 5: Velbor107 ($248.93 in chips)
Velbor107: posts small blind $1
kogaymg: posts big blind $3
*** HOLE CARDS ***
Velbor107: folds
Uncalled bet ($2) returned to kogaymg
kogaymg collected $2 from pot
kogaymg: doesn't show hand
*** SUMMARY ***
Total pot $2 | Rake $0
Seat 4: kogaymg (big blind) collected ($2)
Seat 5: Velbor107 (button) (small blind) folded before Flop


PokerStars Hand #168737624915:  Hold'em Limit ($3/$6 USD) - 2017/04/08 3:33:46 ET
Table 'Deneb II' 6-max Seat #5 is the button
Seat 4: kogaymg ($110.67 in chips)
Seat 5: Velbor107 ($230.93 in chips)
Velbor107: posts small blind $1
kogaymg: posts big blind $3
*** HOLE CARDS ***
Velbor107: raises $3 to $6
kogaymg: calls $3
*** FLOP *** [7d 4s 7s]
kogaymg: checks
Velbor107: bets $3
kogaymg: folds
Uncalled bet ($3) returned to Velbor107
Velbor107 collected $11.76 from pot
*** SUMMARY ***
Total pot $12 | Rake $0.24
Board [7d 4s 7s]
Seat 4: kogaymg (big blind) folded on the Flop
Seat 5: Velbor107 (button) (small blind) collected ($11.76)


PokerStars Hand #168737618894:  Hold'em Limit ($3/$6 USD) - 2017/04/08 3:33:27 ET
Table 'Deneb II' 6-max Seat #4 is the button
Seat 4: kogaymg ($125.67 in chips)
Seat 5: Velbor107 ($216.43 in chips)
kogaymg: posts small blind $1
Velbor107: posts big blind $3
*** HOLE CARDS ***
kogaymg: raises $3 to $6
Velbor107: calls $3
*** FLOP *** [Ts 8s 4s]
Velbor107: checks
kogaymg: bets $3
Velbor107: calls $3
*** TURN *** [Ts 8s 4s] [8d]
Velbor107: checks
kogaymg: checks
*** RIVER *** [Ts 8s 4s 8d] [6d]
Velbor107: bets $6
kogaymg: calls $6
*** SHOW DOWN ***
Velbor107: shows [Jd 8c] (three of a kind, Eights)
kogaymg: mucks hand
Velbor107 collected $29.50 from pot
*** SUMMARY ***
Total pot $30 | Rake $0.50
Board [Ts 8s 4s 8d 6d]
Seat 4: kogaymg (button) (small blind) mucked
Seat 5: Velbor107 (big blind) showed [Jd 8c] and won ($29.50) with three of a kind, Eights


PokerStars Hand #168737617087:  Hold'em Limit ($3/$6 USD) - 2017/04/08 3:33:21 ET
Table 'Deneb II' 6-max Seat #5 is the button
Seat 4: kogaymg ($124.67 in chips)
Seat 5: Velbor107 ($217.43 in chips)
Velbor107: posts small blind $1
kogaymg: posts big blind $3
*** HOLE CARDS ***
Velbor107: folds
Uncalled bet ($2) returned to kogaymg
kogaymg collected $2 from pot
kogaymg: doesn't show hand
*** SUMMARY ***
Total pot $2 | Rake $0
Seat 4: kogaymg (big blind) collected ($2)
Seat 5: Velbor107 (button) (small blind) folded before Flop


PokerStars Hand #168737610690:  Hold'em Limit ($3/$6 USD) - 2017/04/08 3:33:01 ET
Table 'Deneb II' 6-max Seat #4 is the button
Seat 4: kogaymg ($145.67 in chips)
Seat 5: Velbor107 ($196.93 in chips)
kogaymg: posts small blind $1
Velbor107: posts big blind $3
*** HOLE CARDS ***
kogaymg: raises $3 to $6
Velbor107: calls $3
*** FLOP *** [8c As 9s]
Velbor107: checks
kogaymg: bets $3
Velbor107: calls $3
*** TURN *** [8c As 9s] [5h]
Velbor107: checks
kogaymg: bets $6
Velbor107: raises $6 to $12
kogaymg: calls $6
*** RIVER *** [8c As 9s 5h] [7h]
Velbor107: bets $6
kogaymg: folds
Uncalled bet ($6) returned to Velbor107
Velbor107 collected $41.50 from pot
*** SUMMARY ***
Total pot $42 | Rake $0.50
Board [8c As 9s 5h 7h]
Seat 4: kogaymg (button) (small blind) folded on the River
Seat 5: Velbor107 (big blind) collected ($41.50)


PokerStars Hand #168737647236:  Hold'em Limit ($3/$6 USD) - 2017/04/08 3:34:56 ET
Table 'Deneb II' 6-max Seat #5 is the button
Seat 4: kogaymg ($135.67 in chips)
Seat 5: Velbor107 ($204.69 in chips)
Velbor107: posts small blind $1
kogaymg: posts big blind $3
*** HOLE CARDS ***
Velbor107: raises $3 to $6
kogaymg: raises $3 to $9
Velbor107: calls $3
*** FLOP *** [Kh 3s 7h]
kogaymg: bets $3
Velbor107: calls $3
*** TURN *** [Kh 3s 7h] [5c]
kogaymg: bets $6
Velbor107: calls $6
*** RIVER *** [Kh 3s 7h 5c] [9s]
kogaymg: bets $6
Velbor107: calls $6
*** SHOW DOWN ***
kogaymg: shows [Ts Ks] (a pair of Kings)
Velbor107: mucks hand
kogaymg collected $47.50 from pot
*** SUMMARY ***
Total pot $48 | Rake $0.50
Board [Kh 3s 7h 5c 9s]
Seat 4: kogaymg (big blind) showed [Ts Ks] and won ($47.50) with a pair of Kings
Seat 5: Velbor107 (button) (small blind) mucked


PokerStars Hand #168737645714:  Hold'em Limit ($3/$6 USD) - 2017/04/08 3:34:51 ET
Table 'Deneb II' 6-max Seat #4 is the button
Seat 4: kogaymg ($136.67 in chips)
Seat 5: Velbor107 ($203.69 in chips)
kogaymg: posts small blind $1
Velbor107: posts big blind $3
*** HOLE CARDS ***
kogaymg: folds
Uncalled bet ($2) returned to Velbor107
Velbor107 collected $2 from pot
*** SUMMARY ***
Total pot $2 | Rake $0
Seat 4: kogaymg (button) (small blind) folded before Flop
Seat 5: Velbor107 (big blind) collected ($2)


PokerStars Hand #168737640046:  Hold'em Limit ($3/$6 USD) - 2017/04/08 3:34:33 ET
Table 'Deneb II' 6-max Seat #5 is the button
Seat 4: kogaymg ($119.17 in chips)
Seat 5: Velbor107 ($221.69 in chips)
Velbor107: posts small blind $1
kogaymg: posts big blind $3
*** HOLE CARDS ***
Velbor107: raises $3 to $6
kogaymg: raises $3 to $9
Velbor107: calls $3
*** FLOP *** [Kc 5s 6h]
kogaymg: bets $3
Velbor107: calls $3
*** TURN *** [Kc 5s 6h] [9c]
kogaymg: bets $6
Velbor107: calls $6
*** RIVER *** [Kc 5s 6h 9c] [Qs]
kogaymg: bets $6
Velbor107: folds
Uncalled bet ($6) returned to kogaymg
kogaymg collected $35.50 from pot
kogaymg: doesn't show hand
*** SUMMARY ***
Total pot $36 | Rake $0.50
Board [Kc 5s 6h 9c Qs]
Seat 4: kogaymg (big blind) collected ($35.50)
Seat 5: Velbor107 (button) (small blind) folded on the River


PokerStars Hand #168737629174:  Hold'em Limit ($3/$6 USD) - 2017/04/08 3:34:00 ET
Table 'Deneb II' 6-max Seat #4 is the button
Seat 4: kogaymg ($104.67 in chips)
Seat 5: Velbor107 ($236.69 in chips)
kogaymg: posts small blind $1
Velbor107: posts big blind $3
*** HOLE CARDS ***
kogaymg: raises $3 to $6
Velbor107: calls $3
*** FLOP *** [2s Kd Qd]
Velbor107: checks
kogaymg: bets $3
Velbor107: calls $3
*** TURN *** [2s Kd Qd] [Ad]
Velbor107: checks
kogaymg: bets $6
Velbor107: calls $6
*** RIVER *** [2s Kd Qd Ad] [Td]
Velbor107: checks
kogaymg: bets $6
Velbor107: folds
Uncalled bet ($6) returned to kogaymg
kogaymg collected $29.50 from pot
kogaymg: doesn't show hand
*** SUMMARY ***
Total pot $30 | Rake $0.50
Board [2s Kd Qd Ad Td]
Seat 4: kogaymg (button) (small blind) collected ($29.50)
Seat 5: Velbor107 (big blind) folded on the River


PokerStars Hand #168737666795:  Hold'em Limit ($3/$6 USD) - 2017/04/08 3:35:57 ET
Table 'Deneb II' 6-max Seat #5 is the button
Seat 4: kogaymg ($158.67 in chips)
Seat 5: Velbor107 ($180.19 in chips)
Velbor107: posts small blind $1
kogaymg: posts big blind $3
*** HOLE CARDS ***
xcgxcg2005 joins the table at seat #3
Velbor107: raises $3 to $6
kogaymg: calls $3
*** FLOP *** [4h 3h Kh]
kogaymg: checks
Velbor107: bets $3
kogaymg: calls $3
*** TURN *** [4h 3h Kh] [Ac]
kogaymg: checks
Velbor107: bets $6
kogaymg: calls $6
*** RIVER *** [4h 3h Kh Ac] [5h]
kogaymg: checks
Velbor107: checks
*** SHOW DOWN ***
kogaymg: shows [3d 6h] (a flush, King high)
Velbor107: mucks hand
kogaymg collected $29.50 from pot
*** SUMMARY ***
Total pot $30 | Rake $0.50
Board [4h 3h Kh Ac 5h]
Seat 4: kogaymg (big blind) showed [3d 6h] and won ($29.50) with a flush, King high
Seat 5: Velbor107 (button) (small blind) mucked


PokerStars Hand #168737672842:  Hold'em Limit ($3/$6 USD) - 2017/04/08 3:36:15 ET
Table 'Deneb II' 6-max Seat #4 is the button
Seat 4: kogaymg ($173.17 in chips)
Seat 5: Velbor107 ($165.19 in chips)
kogaymg: posts small blind $1
Velbor107: posts big blind $3
*** HOLE CARDS ***
kogaymg: raises $3 to $6
Velbor107: calls $3
*** FLOP *** [3c Th 2h]
Velbor107: checks
kogaymg: bets $3
Velbor107: calls $3
*** TURN *** [3c Th 2h] [9s]
Velbor107: checks
kogaymg: bets $6
Velbor107: raises $6 to $12
kogaymg: calls $6
*** RIVER *** [3c Th 2h 9s] [Kd]
Velbor107: bets $6
kogaymg: calls $6
*** SHOW DOWN ***
Velbor107: shows [5h 4s] (high card King)
kogaymg: shows [9c 8d] (a pair of Nines)
kogaymg collected $53.50 from pot
*** SUMMARY ***
Total pot $54 | Rake $0.50
Board [3c Th 2h 9s Kd]
Seat 4: kogaymg (button) (small blind) showed [9c 8d] and won ($53.50) with a pair of Nines
Seat 5: Velbor107 (big blind) showed [5h 4s] and lost with high card King


PokerStars Hand #168737653402:  Hold'em Limit ($3/$6 USD) - 2017/04/08 3:35:15 ET
Table 'Deneb II' 6-max Seat #4 is the button
Seat 4: kogaymg ($159.17 in chips)
Seat 5: Velbor107 ($180.69 in chips)
kogaymg: posts small blind $1
Velbor107: posts big blind $3
*** HOLE CARDS ***
kogaymg: raises $3 to $6
Velbor107: calls $3
*** FLOP *** [7s 5s 6s]
Velbor107: checks
kogaymg: bets $3
Velbor107: calls $3
*** TURN *** [7s 5s 6s] [2d]
Velbor107: checks
kogaymg: bets $6
Velbor107: raises $6 to $12
kogaymg: calls $6
*** RIVER *** [7s 5s 6s 2d] [5d]
Velbor107: bets $6
kogaymg: calls $6
*** SHOW DOWN ***
Velbor107: shows [9c 7d] (two pair, Sevens and Fives)
kogaymg: shows [Js 7c] (two pair, Sevens and Fives - Jack kicker)
kogaymg collected $53.50 from pot
*** SUMMARY ***
Total pot $54 | Rake $0.50
Board [7s 5s 6s 2d 5d]
Seat 4: kogaymg (button) (small blind) showed [Js 7c] and won ($53.50) with two pair, Sevens and Fives
Seat 5: Velbor107 (big blind) showed [9c 7d] and lost with two pair, Sevens and Fives


PokerStars Hand #168737664744:  Hold'em Limit ($3/$6 USD) - 2017/04/08 3:35:50 ET
Table 'Deneb II' 6-max Seat #4 is the button
Seat 4: kogaymg ($155.67 in chips)
Seat 5: Velbor107 ($183.19 in chips)
kogaymg: posts small blind $1
Velbor107: posts big blind $3
*** HOLE CARDS ***
kogaymg: raises $3 to $6
Velbor107: folds
Uncalled bet ($3) returned to kogaymg
kogaymg collected $6 from pot
kogaymg: doesn't show hand
*** SUMMARY ***
Total pot $6 | Rake $0
Seat 4: kogaymg (button) (small blind) collected ($6)
Seat 5: Velbor107 (big blind) folded before Flop


PokerStars Hand #168737658850:  Hold'em Limit ($3/$6 USD) - 2017/04/08 3:35:32 ET
Table 'Deneb II' 6-max Seat #5 is the button
Seat 4: kogaymg ($185.67 in chips)
Seat 5: Velbor107 ($153.69 in chips)
Velbor107: posts small blind $1
kogaymg: posts big blind $3
*** HOLE CARDS ***
Velbor107: raises $3 to $6
kogaymg: raises $3 to $9
Velbor107: calls $3
*** FLOP *** [4h 5s Ah]
kogaymg: bets $3
Velbor107: calls $3
*** TURN *** [4h 5s Ah] [5h]
kogaymg: bets $6
Velbor107: raises $6 to $12
kogaymg: calls $6
*** RIVER *** [4h 5s Ah 5h] [9c]
kogaymg: checks
Velbor107: bets $6
kogaymg: calls $6
*** SHOW DOWN ***
Velbor107: shows [9s Ac] (two pair, Aces and Nines)
kogaymg: mucks hand
Velbor107 collected $59.50 from pot
*** SUMMARY ***
Total pot $60 | Rake $0.50
Board [4h 5s Ah 5h 9c]
Seat 4: kogaymg (big blind) mucked
Seat 5: Velbor107 (button) (small blind) showed [9s Ac] and won ($59.50) with two pair, Aces and Nines


PokerStars Hand #168740601850:  Hold'em Limit ($3/$6 USD) - 2017/04/08 5:49:33 ET
Table 'Deneb II' 6-max Seat #1 is the button
Seat 1: catoha ($237.74 in chips)
Seat 3: ardexx ($18.17 in chips)
catoha: posts small blind $1
ardexx: posts big blind $3
*** HOLE CARDS ***
catoha: calls $2
ardexx: checks
*** FLOP *** [2s 3c 7s]
ardexx: checks
catoha: checks
*** TURN *** [2s 3c 7s] [2d]
ardexx: bets $6
catoha: folds
Uncalled bet ($6) returned to ardexx
ardexx collected $5.88 from pot
ardexx: doesn't show hand
*** SUMMARY ***
Total pot $6 | Rake $0.12
Board [2s 3c 7s 2d]
Seat 1: catoha (button) (small blind) folded on the Turn
Seat 3: ardexx (big blind) collected ($5.88)


PokerStars Hand #168740595312:  Hold'em Limit ($3/$6 USD) - 2017/04/08 5:49:18 ET
Table 'Deneb II' 6-max Seat #3 is the button
Seat 1: catoha ($247.01 in chips)
Seat 3: ardexx ($9.27 in chips)
ardexx: posts small blind $1
Velbor107: is sitting out
Ale4o: is sitting out
catoha: posts big blind $3
*** HOLE CARDS ***
Velbor107 leaves the table
ardexx: raises $3 to $6
catoha: raises $3 to $9
ardexx: raises $0.27 to $9.27 and is all-in
Betting is capped
catoha: calls $0.27
Ale4o leaves the table
*** FLOP *** [Td 5d 4h]
*** TURN *** [Td 5d 4h] [6c]
*** RIVER *** [Td 5d 4h 6c] [5c]
*** SHOW DOWN ***
catoha: shows [Kd Jc] (a pair of Fives)
ardexx: shows [Qd Ac] (a pair of Fives - Ace kicker)
ardexx collected $18.17 from pot
*** SUMMARY ***
Total pot $18.54 | Rake $0.37
Board [Td 5d 4h 6c 5c]
Seat 1: catoha (big blind) showed [Kd Jc] and lost with a pair of Fives
Seat 3: ardexx (button) (small blind) showed [Qd Ac] and won ($18.17) with a pair of Fives


PokerStars Hand #168740607474:  Hold'em Limit ($3/$6 USD) - 2017/04/08 5:49:47 ET
Table 'Deneb II' 6-max Seat #3 is the button
Seat 1: catoha ($234.74 in chips)
Seat 3: ardexx ($21.05 in chips)
ardexx: posts small blind $1
catoha: posts big blind $3
*** HOLE CARDS ***
ardexx: raises $3 to $6
catoha: calls $3
*** FLOP *** [7h Ac 5s]
catoha: checks
ardexx: bets $3
catoha: folds
Uncalled bet ($3) returned to ardexx
ardexx collected $11.76 from pot
ardexx: doesn't show hand
*** SUMMARY ***
Total pot $12 | Rake $0.24
Board [7h Ac 5s]
Seat 1: catoha (big blind) folded on the Flop
Seat 3: ardexx (button) (small blind) collected ($11.76)


PokerStars Hand #168740612371:  Hold'em Limit ($3/$6 USD) - 2017/04/08 5:49:58 ET
Table 'Deneb II' 6-max Seat #1 is the button
Seat 1: catoha ($228.74 in chips)
Seat 3: ardexx ($26.81 in chips)
catoha: posts small blind $1
ardexx: posts big blind $3
*** HOLE CARDS ***
catoha: calls $2
ardexx: checks
*** FLOP *** [3s 7s Qs]
ardexx: checks
catoha: checks
*** TURN *** [3s 7s Qs] [Qd]
ardexx: checks
catoha: checks
*** RIVER *** [3s 7s Qs Qd] [As]
ardexx: checks
catoha: checks
*** SHOW DOWN ***
ardexx: shows [8d 4c] (a pair of Queens)
catoha: shows [Jh 5c] (a pair of Queens - Ace+Jack kicker)
catoha collected $5.88 from pot
*** SUMMARY ***
Total pot $6 | Rake $0.12
Board [3s 7s Qs Qd As]
Seat 1: catoha (button) (small blind) showed [Jh 5c] and won ($5.88) with a pair of Queens
Seat 3: ardexx (big blind) showed [8d 4c] and lost with a pair of Queens


