PokerStars Hand #144470944764:  Hold'em Limit ($3/$6 USD) - 2015/11/27 14:48:29 ET
Table 'Denebola III' 2-max Seat #1 is the button
Seat 1: ciutkonr ($116.71 in chips)
Seat 2: komtaxl ($25.21 in chips)
ciutkonr: posts small blind $1
komtaxl: posts big blind $3
*** HOLE CARDS ***
ciutkonr: raises $3 to $6
komtaxl: raises $3 to $9
ciutkonr: raises $3 to $12
Betting is capped
komtaxl: calls $3
*** FLOP *** [Kh Th 3c]
komtaxl: checks
ciutkonr: bets $3
komtaxl: calls $3
*** TURN *** [Kh Th 3c] [Jc]
komtaxl: checks
ciutkonr: checks
*** RIVER *** [Kh Th 3c Jc] [9h]
komtaxl: folds
ciutkonr collected $29.50 from pot
ciutkonr: doesn't show hand
*** SUMMARY ***
Total pot $30 | Rake $0.50
Board [Kh Th 3c Jc 9h]
Seat 1: ciutkonr (button) (small blind) collected ($29.50)
Seat 2: komtaxl (big blind) folded on the River


PokerStars Hand #144470975515:  Hold'em Limit ($3/$6 USD) - 2015/11/27 14:49:02 ET
Table 'Denebola III' 2-max Seat #1 is the button
Seat 1: ciutkonr ($128.21 in chips)
Seat 2: komtaxl ($13.09 in chips)
ciutkonr: posts small blind $1
komtaxl: posts big blind $3
*** HOLE CARDS ***
ciutkonr: calls $2
komtaxl: checks
*** FLOP *** [6c 9h 8s]
komtaxl: checks
ciutkonr: checks
*** TURN *** [6c 9h 8s] [3h]
komtaxl: checks
ciutkonr: bets $6
komtaxl: folds
Uncalled bet ($6) returned to ciutkonr
ciutkonr collected $5.88 from pot
ciutkonr: doesn't show hand
*** SUMMARY ***
Total pot $6 | Rake $0.12
Board [6c 9h 8s 3h]
Seat 1: ciutkonr (button) (small blind) collected ($5.88)
Seat 2: komtaxl (big blind) folded on the Turn


PokerStars Hand #144470989081:  Hold'em Limit ($3/$6 USD) - 2015/11/27 14:49:17 ET
Table 'Denebola III' 2-max Seat #2 is the button
Seat 1: ciutkonr ($131.09 in chips)
Seat 2: komtaxl ($10.09 in chips)
komtaxl: posts small blind $1
ciutkonr: posts big blind $3
*** HOLE CARDS ***
komtaxl: calls $2
ciutkonr: checks
*** FLOP *** [Kc 2s 6d]
ciutkonr: checks
komtaxl: checks
*** TURN *** [Kc 2s 6d] [4c]
ciutkonr: checks
komtaxl: checks
*** RIVER *** [Kc 2s 6d 4c] [Ad]
ciutkonr: bets $6
komtaxl: folds
Uncalled bet ($6) returned to ciutkonr
ciutkonr collected $5.88 from pot
ciutkonr: doesn't show hand
*** SUMMARY ***
Total pot $6 | Rake $0.12
Board [Kc 2s 6d 4c Ad]
Seat 1: ciutkonr (big blind) collected ($5.88)
Seat 2: komtaxl (button) (small blind) folded on the River


PokerStars Hand #144471003491:  Hold'em Limit ($3/$6 USD) - 2015/11/27 14:49:33 ET
Table 'Denebola III' 2-max Seat #1 is the button
Seat 1: ciutkonr ($133.97 in chips)
Seat 2: komtaxl ($7.09 in chips)
ciutkonr: posts small blind $1
komtaxl: posts big blind $3
*** HOLE CARDS ***
ciutkonr: calls $2
komtaxl: checks
*** FLOP *** [2s 4h 3d]
komtaxl: bets $3
ciutkonr: raises $3 to $6
komtaxl: calls $1.09 and is all-in
Uncalled bet ($1.91) returned to ciutkonr
*** TURN *** [2s 4h 3d] [Ts]
*** RIVER *** [2s 4h 3d Ts] [3s]
*** SHOW DOWN ***
komtaxl: shows [7c 2c] (two pair, Threes and Deuces)
ciutkonr: shows [8c Jc] (a pair of Threes)
komtaxl collected $13.90 from pot
*** SUMMARY ***
Total pot $14.18 | Rake $0.28
Board [2s 4h 3d Ts 3s]
Seat 1: ciutkonr (button) (small blind) showed [8c Jc] and lost with a pair of Threes
Seat 2: komtaxl (big blind) showed [7c 2c] and won ($13.90) with two pair, Threes and Deuces


PokerStars Hand #144470962143:  Hold'em Limit ($3/$6 USD) - 2015/11/27 14:48:47 ET
Table 'Denebola III' 2-max Seat #2 is the button
Seat 1: ciutkonr ($131.21 in chips)
Seat 2: komtaxl ($10.21 in chips)
komtaxl: posts small blind $1
ciutkonr: posts big blind $3
*** HOLE CARDS ***
komtaxl: calls $2
ciutkonr: checks
*** FLOP *** [Td 7s Kd]
ciutkonr: checks
komtaxl: checks
*** TURN *** [Td 7s Kd] [4s]
ciutkonr: checks
komtaxl: checks
*** RIVER *** [Td 7s Kd 4s] [9c]
ciutkonr: checks
komtaxl: checks
*** SHOW DOWN ***
ciutkonr: shows [5d 8c] (high card King)
komtaxl: shows [8s Ks] (a pair of Kings)
komtaxl collected $5.88 from pot
*** SUMMARY ***
Total pot $6 | Rake $0.12
Board [Td 7s Kd 4s 9c]
Seat 1: ciutkonr (big blind) showed [5d 8c] and lost with high card King
Seat 2: komtaxl (button) (small blind) showed [8s Ks] and won ($5.88) with a pair of Kings


PokerStars Hand #144471025669:  Hold'em Limit ($3/$6 USD) - 2015/11/27 14:49:58 ET
Table 'Denebola III' 2-max Seat #1 is the button
Seat 1: ciutkonr ($129.76 in chips)
Seat 2: komtaxl ($10.90 in chips)
ciutkonr: posts small blind $1
komtaxl: posts big blind $3
*** HOLE CARDS ***
ciutkonr: raises $3 to $6
komtaxl: raises $3 to $9
ciutkonr: raises $3 to $12
Betting is capped
komtaxl: calls $1.90 and is all-in
Uncalled bet ($1.10) returned to ciutkonr
*** FLOP *** [3d 7c Th]
*** TURN *** [3d 7c Th] [Td]
*** RIVER *** [3d 7c Th Td] [6h]
*** SHOW DOWN ***
komtaxl: shows [Jh 8d] (a pair of Tens)
ciutkonr: shows [7h Ah] (two pair, Tens and Sevens)
ciutkonr collected $21.36 from pot
*** SUMMARY ***
Total pot $21.80 | Rake $0.44
Board [3d 7c Th Td 6h]
Seat 1: ciutkonr (button) (small blind) showed [7h Ah] and won ($21.36) with two pair, Tens and Sevens
Seat 2: komtaxl (big blind) showed [Jh 8d] and lost with a pair of Tens


PokerStars Hand #144471016091:  Hold'em Limit ($3/$6 USD) - 2015/11/27 14:49:47 ET
Table 'Denebola III' 2-max Seat #2 is the button
Seat 1: ciutkonr ($126.88 in chips)
Seat 2: komtaxl ($13.90 in chips)
komtaxl: posts small blind $1
ciutkonr: posts big blind $3
*** HOLE CARDS ***
komtaxl: calls $2
ciutkonr: checks
*** FLOP *** [9h Qd Td]
ciutkonr: bets $3
komtaxl: folds
Uncalled bet ($3) returned to ciutkonr
ciutkonr collected $5.88 from pot
ciutkonr: doesn't show hand
*** SUMMARY ***
Total pot $6 | Rake $0.12
Board [9h Qd Td]
Seat 1: ciutkonr (big blind) collected ($5.88)
Seat 2: komtaxl (button) (small blind) folded on the Flop


