PokerStars Hand #155777400732:  Hold'em Limit ($3/$6 USD) - 2016/07/09 21:28:22 ET
Table 'Denebola' 6-max Seat #1 is the button
Seat 1: LifeisagameX ($86.76 in chips)
Seat 2: supersjakie ($117 in chips)
LifeisagameX: posts small blind $1
supersjakie: posts big blind $3
*** HOLE CARDS ***
LifeisagameX: raises $3 to $6
supersjakie: raises $3 to $9
LifeisagameX: calls $3
*** FLOP *** [Jh 3h Qh]
supersjakie: bets $3
LifeisagameX: folds
Uncalled bet ($3) returned to supersjakie
supersjakie collected $17.64 from pot
supersjakie: doesn't show hand
*** SUMMARY ***
Total pot $18 | Rake $0.36
Board [Jh 3h Qh]
Seat 1: LifeisagameX (button) (small blind) folded on the Flop
Seat 2: supersjakie (big blind) collected ($17.64)


PokerStars Hand #155777398305:  Hold'em Limit ($3/$6 USD) - 2016/07/09 21:28:16 ET
Table 'Denebola' 6-max Seat #2 is the button
Seat 1: LifeisagameX ($89.76 in chips)
Seat 2: supersjakie ($114 in chips)
supersjakie: posts small blind $1
LifeisagameX: posts big blind $3
*** HOLE CARDS ***
supersjakie: raises $3 to $6
LifeisagameX: folds
Uncalled bet ($3) returned to supersjakie
supersjakie collected $6 from pot
supersjakie: doesn't show hand
*** SUMMARY ***
Total pot $6 | Rake $0
Seat 1: LifeisagameX (big blind) folded before Flop
Seat 2: supersjakie (button) (small blind) collected ($6)


PokerStars Hand #155777391262:  Hold'em Limit ($3/$6 USD) - 2016/07/09 21:27:57 ET
Table 'Denebola' 6-max Seat #1 is the button
Seat 1: LifeisagameX ($84 in chips)
Seat 2: supersjakie ($120 in chips)
LifeisagameX: posts small blind $1
supersjakie: posts big blind $3
*** HOLE CARDS ***
LifeisagameX: raises $3 to $6
supersjakie: calls $3
*** FLOP *** [Ah Ks 5s]
supersjakie: checks
LifeisagameX: bets $3
supersjakie: folds
Uncalled bet ($3) returned to LifeisagameX
LifeisagameX collected $11.76 from pot
LifeisagameX: doesn't show hand
*** SUMMARY ***
Total pot $12 | Rake $0.24
Board [Ah Ks 5s]
Seat 1: LifeisagameX (button) (small blind) collected ($11.76)
Seat 2: supersjakie (big blind) folded on the Flop


PokerStars Hand #155777425518:  Hold'em Limit ($3/$6 USD) - 2016/07/09 21:29:30 ET
Table 'Denebola' 6-max Seat #2 is the button
Seat 1: LifeisagameX ($101.50 in chips)
Seat 2: supersjakie ($113.40 in chips)
supersjakie: posts small blind $1
LifeisagameX: posts big blind $3
*** HOLE CARDS ***
supersjakie: raises $3 to $6
LifeisagameX: raises $3 to $9
supersjakie: calls $3
*** FLOP *** [8d 4h Ah]
LifeisagameX: bets $3
supersjakie: calls $3
*** TURN *** [8d 4h Ah] [5d]
LifeisagameX: bets $6
supersjakie: calls $6
*** RIVER *** [8d 4h Ah 5d] [Kc]
LifeisagameX: bets $6
supersjakie: raises $6 to $12
LifeisagameX: folds
Uncalled bet ($6) returned to supersjakie
supersjakie collected $47.50 from pot
supersjakie: doesn't show hand
*** SUMMARY ***
Total pot $48 | Rake $0.50
Board [8d 4h Ah 5d Kc]
Seat 1: LifeisagameX (big blind) folded on the River
Seat 2: supersjakie (button) (small blind) collected ($47.50)


PokerStars Hand #155777409140:  Hold'em Limit ($3/$6 USD) - 2016/07/09 21:28:45 ET
Table 'Denebola' 6-max Seat #2 is the button
Seat 1: LifeisagameX ($84 in chips)
Seat 2: supersjakie ($125.64 in chips)
supersjakie: posts small blind $1
LifeisagameX: posts big blind $3
*** HOLE CARDS ***
supersjakie: raises $3 to $6
LifeisagameX: calls $3
*** FLOP *** [5d Tc 6h]
LifeisagameX: checks
supersjakie: bets $3
LifeisagameX: folds
Uncalled bet ($3) returned to supersjakie
supersjakie collected $11.76 from pot
supersjakie: doesn't show hand
*** SUMMARY ***
Total pot $12 | Rake $0.24
Board [5d Tc 6h]
Seat 1: LifeisagameX (big blind) folded on the Flop
Seat 2: supersjakie (button) (small blind) collected ($11.76)


PokerStars Hand #155777447886:  Hold'em Limit ($3/$6 USD) - 2016/07/09 21:30:30 ET
Table 'Denebola' 6-max Seat #2 is the button
Seat 1: LifeisagameX ($101.50 in chips)
Seat 2: supersjakie ($118.90 in chips)
supersjakie: posts small blind $1
LifeisagameX: posts big blind $3
*** HOLE CARDS ***
supersjakie: raises $3 to $6
LifeisagameX: calls $3
*** FLOP *** [Qd 3s Kh]
LifeisagameX: checks
supersjakie: bets $3
LifeisagameX: calls $3
*** TURN *** [Qd 3s Kh] [6h]
LifeisagameX: checks
supersjakie: bets $6
LifeisagameX: folds
Uncalled bet ($6) returned to supersjakie
supersjakie collected $17.64 from pot
supersjakie: doesn't show hand
*** SUMMARY ***
Total pot $18 | Rake $0.36
Board [Qd 3s Kh 6h]
Seat 1: LifeisagameX (big blind) folded on the Turn
Seat 2: supersjakie (button) (small blind) collected ($17.64)


PokerStars Hand #155777436221:  Hold'em Limit ($3/$6 USD) - 2016/07/09 21:29:58 ET
Table 'Denebola' 6-max Seat #1 is the button
Seat 1: LifeisagameX ($84 in chips)
Seat 2: supersjakie ($136.90 in chips)
LifeisagameX: posts small blind $1
supersjakie: posts big blind $3
*** HOLE CARDS ***
LifeisagameX: raises $3 to $6
supersjakie: calls $3
*** FLOP *** [4s 5d 7s]
supersjakie: checks
LifeisagameX: checks
*** TURN *** [4s 5d 7s] [9s]
supersjakie: bets $6
LifeisagameX: calls $6
*** RIVER *** [4s 5d 7s 9s] [9h]
supersjakie: bets $6
LifeisagameX: calls $6
*** SHOW DOWN ***
supersjakie: shows [Js 6c] (a pair of Nines)
LifeisagameX: shows [2c 2s] (two pair, Nines and Deuces)
LifeisagameX collected $35.50 from pot
*** SUMMARY ***
Total pot $36 | Rake $0.50
Board [4s 5d 7s 9s 9h]
Seat 1: LifeisagameX (button) (small blind) showed [2c 2s] and won ($35.50) with two pair, Nines and Deuces
Seat 2: supersjakie (big blind) showed [Js 6c] and lost with a pair of Nines


PokerStars Hand #155777476929:  Hold'em Limit ($3/$6 USD) - 2016/07/09 21:31:34 ET
Table 'Denebola' 6-max Seat #2 is the button
Seat 1: LifeisagameX ($107 in chips)
Seat 2: supersjakie ($112.54 in chips)
supersjakie: posts small blind $1
LifeisagameX: posts big blind $3
*** HOLE CARDS ***
supersjakie: raises $3 to $6
LifeisagameX: folds
Uncalled bet ($3) returned to supersjakie
supersjakie collected $6 from pot
supersjakie: doesn't show hand
*** SUMMARY ***
Total pot $6 | Rake $0
Seat 1: LifeisagameX (big blind) folded before Flop
Seat 2: supersjakie (button) (small blind) collected ($6)


PokerStars Hand #155777456119:  Hold'em Limit ($3/$6 USD) - 2016/07/09 21:30:52 ET
Table 'Denebola' 6-max Seat #1 is the button
Seat 1: LifeisagameX ($92.50 in chips)
Seat 2: supersjakie ($127.54 in chips)
LifeisagameX: posts small blind $1
supersjakie: posts big blind $3
*** HOLE CARDS ***
LifeisagameX: raises $3 to $6
supersjakie: calls $3
*** FLOP *** [7s Kh 5s]
supersjakie: checks
LifeisagameX: bets $3
supersjakie: calls $3
*** TURN *** [7s Kh 5s] [Js]
supersjakie: checks
LifeisagameX: bets $6
supersjakie: calls $6
*** RIVER *** [7s Kh 5s Js] [Kc]
supersjakie: checks
LifeisagameX: bets $6
supersjakie: folds
Uncalled bet ($6) returned to LifeisagameX
LifeisagameX collected $29.50 from pot
LifeisagameX: doesn't show hand
*** SUMMARY ***
Total pot $30 | Rake $0.50
Board [7s Kh 5s Js Kc]
Seat 1: LifeisagameX (button) (small blind) collected ($29.50)
Seat 2: supersjakie (big blind) folded on the River


PokerStars Hand #155777503862:  Hold'em Limit ($3/$6 USD) - 2016/07/09 21:32:47 ET
Table 'Denebola' 6-max Seat #1 is the button
Seat 1: LifeisagameX ($122.50 in chips)
Seat 2: supersjakie ($96.54 in chips)
LifeisagameX: posts small blind $1
supersjakie: posts big blind $3
*** HOLE CARDS ***
LifeisagameX: folds
Uncalled bet ($2) returned to supersjakie
supersjakie collected $2 from pot
supersjakie: doesn't show hand
*** SUMMARY ***
Total pot $2 | Rake $0
Seat 1: LifeisagameX (button) (small blind) folded before Flop
Seat 2: supersjakie (big blind) collected ($2)


PokerStars Hand #155777501882:  Hold'em Limit ($3/$6 USD) - 2016/07/09 21:32:42 ET
Table 'Denebola' 6-max Seat #2 is the button
Seat 1: LifeisagameX ($121.50 in chips)
Seat 2: supersjakie ($97.54 in chips)
supersjakie: posts small blind $1
LifeisagameX: posts big blind $3
*** HOLE CARDS ***
supersjakie: folds
Uncalled bet ($2) returned to LifeisagameX
LifeisagameX collected $2 from pot
LifeisagameX: doesn't show hand
*** SUMMARY ***
Total pot $2 | Rake $0
Seat 1: LifeisagameX (big blind) collected ($2)
Seat 2: supersjakie (button) (small blind) folded before Flop


PokerStars Hand #155777479833:  Hold'em Limit ($3/$6 USD) - 2016/07/09 21:31:42 ET
Table 'Denebola' 6-max Seat #1 is the button
Seat 1: LifeisagameX ($104 in chips)
Seat 2: supersjakie ($115.54 in chips)
LifeisagameX: posts small blind $1
supersjakie: posts big blind $3
*** HOLE CARDS ***
LifeisagameX: raises $3 to $6
supersjakie: raises $3 to $9
LifeisagameX: calls $3
*** FLOP *** [3h Js Qc]
supersjakie: bets $3
LifeisagameX: calls $3
*** TURN *** [3h Js Qc] [9d]
supersjakie: bets $6
LifeisagameX: calls $6
*** RIVER *** [3h Js Qc 9d] [Th]
supersjakie: checks
LifeisagameX: bets $6
supersjakie: folds
Uncalled bet ($6) returned to LifeisagameX
LifeisagameX collected $35.50 from pot
LifeisagameX: doesn't show hand
*** SUMMARY ***
Total pot $36 | Rake $0.50
Board [3h Js Qc 9d Th]
Seat 1: LifeisagameX (button) (small blind) collected ($35.50)
Seat 2: supersjakie (big blind) folded on the River


PokerStars Hand #155777507261:  Hold'em Limit ($3/$6 USD) - 2016/07/09 21:32:56 ET
Table 'Denebola' 6-max Seat #2 is the button
Seat 1: LifeisagameX ($121.50 in chips)
Seat 2: supersjakie ($97.54 in chips)
supersjakie: posts small blind $1
LifeisagameX: posts big blind $3
*** HOLE CARDS ***
supersjakie: raises $3 to $6
LifeisagameX: raises $3 to $9
supersjakie: calls $3
*** FLOP *** [7d Js 6h]
LifeisagameX: bets $3
supersjakie: calls $3
*** TURN *** [7d Js 6h] [4d]
LifeisagameX: bets $6
supersjakie: calls $6
*** RIVER *** [7d Js 6h 4d] [Tc]
Chessnok joins the table at seat #3
LifeisagameX: checks
supersjakie: bets $6
LifeisagameX: calls $6
*** SHOW DOWN ***
supersjakie: shows [Td 5s] (a pair of Tens)
LifeisagameX: mucks hand
supersjakie collected $47.50 from pot
*** SUMMARY ***
Total pot $48 | Rake $0.50
Board [7d Js 6h 4d Tc]
Seat 1: LifeisagameX (big blind) mucked
Seat 2: supersjakie (button) (small blind) showed [Td 5s] and won ($47.50) with a pair of Tens


PokerStars Hand #155777540451:  Hold'em Limit ($3/$6 USD) - 2016/07/09 21:34:26 ET
Table 'Denebola' 6-max Seat #3 is the button
Seat 2: supersjakie ($146.54 in chips)
Seat 3: Chessnok ($121 in chips)
Chessnok: posts small blind $1
supersjakie: posts big blind $3
*** HOLE CARDS ***
Chessnok: raises $3 to $6
supersjakie: calls $3
*** FLOP *** [Th 7c 5c]
supersjakie: checks
Chessnok: bets $3
supersjakie: raises $3 to $6
Chessnok: calls $3
*** TURN *** [Th 7c 5c] [6d]
supersjakie: bets $6
Chessnok: calls $6
*** RIVER *** [Th 7c 5c 6d] [4s]
supersjakie: checks
Chessnok: checks
*** SHOW DOWN ***
supersjakie: shows [Td 4c] (two pair, Tens and Fours)
Chessnok: mucks hand
supersjakie collected $35.50 from pot
*** SUMMARY ***
Total pot $36 | Rake $0.50
Board [Th 7c 5c 6d 4s]
Seat 2: supersjakie (big blind) showed [Td 4c] and won ($35.50) with two pair, Tens and Fours
Seat 3: Chessnok (button) (small blind) mucked


PokerStars Hand #155777522605:  Hold'em Limit ($3/$6 USD) - 2016/07/09 21:33:38 ET
Table 'Denebola' 6-max Seat #1 is the button
Seat 1: LifeisagameX ($97.50 in chips)
Seat 2: supersjakie ($121.04 in chips)
LifeisagameX: posts small blind $1
supersjakie: posts big blind $3
*** HOLE CARDS ***
LifeisagameX: raises $3 to $6
supersjakie: calls $3
*** FLOP *** [6h Ac 3s]
supersjakie: checks
LifeisagameX: bets $3
supersjakie: calls $3
*** TURN *** [6h Ac 3s] [Ad]
supersjakie: checks
LifeisagameX: bets $6
supersjakie: raises $6 to $12
LifeisagameX: calls $6
*** RIVER *** [6h Ac 3s Ad] [2c]
supersjakie: bets $6
LifeisagameX: calls $6
*** SHOW DOWN ***
supersjakie: shows [5h As] (three of a kind, Aces)
LifeisagameX: mucks hand
supersjakie collected $53.50 from pot
*** SUMMARY ***
Total pot $54 | Rake $0.50
Board [6h Ac 3s Ad 2c]
Seat 1: LifeisagameX (button) (small blind) mucked
Seat 2: supersjakie (big blind) showed [5h As] and won ($53.50) with three of a kind, Aces


PokerStars Hand #155777548505:  Hold'em Limit ($3/$6 USD) - 2016/07/09 21:34:48 ET
Table 'Denebola' 6-max Seat #2 is the button
Seat 2: supersjakie ($164.04 in chips)
Seat 3: Chessnok ($103 in chips)
supersjakie: posts small blind $1
Chessnok: posts big blind $3
*** HOLE CARDS ***
supersjakie: raises $3 to $6
Chessnok: calls $3
*** FLOP *** [Tc Ks Js]
Chessnok: checks
supersjakie: bets $3
Chessnok: calls $3
*** TURN *** [Tc Ks Js] [Th]
Chessnok: checks
supersjakie: bets $6
Chessnok: calls $6
*** RIVER *** [Tc Ks Js Th] [Ad]
Chessnok: bets $6
supersjakie: calls $6
*** SHOW DOWN ***
Chessnok: shows [Qc 7d] (a straight, Ten to Ace)
supersjakie: mucks hand
Chessnok collected $41.50 from pot
*** SUMMARY ***
Total pot $42 | Rake $0.50
Board [Tc Ks Js Th Ad]
Seat 2: supersjakie (button) (small blind) mucked
Seat 3: Chessnok (big blind) showed [Qc 7d] and won ($41.50) with a straight, Ten to Ace


