PokerStars Hand #174520479353:  Hold'em Limit ($3/$6 USD) - 2017/08/19 6:20:13 ET
Table 'Denebola' 6-max Seat #1 is the button
Seat 1: turtlespit ($51.40 in chips)
Seat 4: VolkovDmitri ($120 in chips)
turtlespit: posts small blind $1
VolkovDmitri: posts big blind $3
*** HOLE CARDS ***
turtlespit: folds
Uncalled bet ($2) returned to VolkovDmitri
VolkovDmitri collected $2 from pot
VolkovDmitri: doesn't show hand
*** SUMMARY ***
Total pot $2 | Rake $0
Seat 1: turtlespit (button) (small blind) folded before Flop
Seat 4: VolkovDmitri (big blind) collected ($2)


PokerStars Hand #174520502304:  Hold'em Limit ($3/$6 USD) - 2017/08/19 6:21:09 ET
Table 'Denebola' 6-max Seat #1 is the button
Seat 1: turtlespit ($41.40 in chips)
Seat 4: VolkovDmitri ($129.64 in chips)
turtlespit: posts small blind $1
VolkovDmitri: posts big blind $3
*** HOLE CARDS ***
turtlespit: folds
Uncalled bet ($2) returned to VolkovDmitri
VolkovDmitri collected $2 from pot
VolkovDmitri: doesn't show hand
*** SUMMARY ***
Total pot $2 | Rake $0
Seat 1: turtlespit (button) (small blind) folded before Flop
Seat 4: VolkovDmitri (big blind) collected ($2)


PokerStars Hand #174520520831:  Hold'em Limit ($3/$6 USD) - 2017/08/19 6:21:55 ET
Table 'Denebola' 6-max Seat #1 is the button
Seat 1: turtlespit ($49.04 in chips)
Seat 4: VolkovDmitri ($121.64 in chips)
turtlespit: posts small blind $1
VolkovDmitri: posts big blind $3
*** HOLE CARDS ***
turtlespit: folds
Uncalled bet ($2) returned to VolkovDmitri
VolkovDmitri collected $2 from pot
VolkovDmitri: doesn't show hand
*** SUMMARY ***
Total pot $2 | Rake $0
Seat 1: turtlespit (button) (small blind) folded before Flop
Seat 4: VolkovDmitri (big blind) collected ($2)


PokerStars Hand #174520504866:  Hold'em Limit ($3/$6 USD) - 2017/08/19 6:21:15 ET
Table 'Denebola' 6-max Seat #4 is the button
Seat 1: turtlespit ($40.40 in chips)
Seat 4: VolkovDmitri ($130.64 in chips)
VolkovDmitri: posts small blind $1
turtlespit: posts big blind $3
*** HOLE CARDS ***
VolkovDmitri: raises $3 to $6
turtlespit: calls $3
*** FLOP *** [4c 3d Kd]
turtlespit: checks
VolkovDmitri: bets $3
turtlespit: calls $3
*** TURN *** [4c 3d Kd] [2s]
turtlespit: checks
VolkovDmitri: checks
*** RIVER *** [4c 3d Kd 2s] [Th]
turtlespit: bets $6
VolkovDmitri: folds
Uncalled bet ($6) returned to turtlespit
turtlespit collected $17.64 from pot
turtlespit: doesn't show hand
*** SUMMARY ***
Total pot $18 | Rake $0.36
Board [4c 3d Kd 2s Th]
Seat 1: turtlespit (big blind) collected ($17.64)
Seat 4: VolkovDmitri (button) (small blind) folded on the River


PokerStars Hand #174520533291:  Hold'em Limit ($3/$6 USD) - 2017/08/19 6:22:27 ET
Table 'Denebola' 6-max Seat #1 is the button
Seat 1: turtlespit ($42.04 in chips)
Seat 4: VolkovDmitri ($128.40 in chips)
turtlespit: posts small blind $1
VolkovDmitri: posts big blind $3
*** HOLE CARDS ***
turtlespit: folds
Uncalled bet ($2) returned to VolkovDmitri
VolkovDmitri collected $2 from pot
VolkovDmitri: doesn't show hand
*** SUMMARY ***
Total pot $2 | Rake $0
Seat 1: turtlespit (button) (small blind) folded before Flop
Seat 4: VolkovDmitri (big blind) collected ($2)


PokerStars Hand #174520523156:  Hold'em Limit ($3/$6 USD) - 2017/08/19 6:22:01 ET
Table 'Denebola' 6-max Seat #4 is the button
Seat 1: turtlespit ($48.04 in chips)
Seat 4: VolkovDmitri ($122.64 in chips)
VolkovDmitri: posts small blind $1
turtlespit: posts big blind $3
*** HOLE CARDS ***
VolkovDmitri: raises $3 to $6
turtlespit: calls $3
*** FLOP *** [8c Jh Ts]
turtlespit: checks
VolkovDmitri: checks
*** TURN *** [8c Jh Ts] [8d]
turtlespit: checks
VolkovDmitri: checks
*** RIVER *** [8c Jh Ts 8d] [2s]
turtlespit: checks
VolkovDmitri: checks
*** SHOW DOWN ***
turtlespit: shows [6c 7d] (a pair of Eights)
VolkovDmitri: shows [Qh Ad] (a pair of Eights - Ace kicker)
VolkovDmitri collected $11.76 from pot
*** SUMMARY ***
Total pot $12 | Rake $0.24
Board [8c Jh Ts 8d 2s]
Seat 1: turtlespit (big blind) showed [6c 7d] and lost with a pair of Eights
Seat 4: VolkovDmitri (button) (small blind) showed [Qh Ad] and won ($11.76) with a pair of Eights


PokerStars Hand #174520535534:  Hold'em Limit ($3/$6 USD) - 2017/08/19 6:22:32 ET
Table 'Denebola' 6-max Seat #4 is the button
Seat 1: turtlespit ($41.04 in chips)
Seat 4: VolkovDmitri ($129.40 in chips)
VolkovDmitri: posts small blind $1
turtlespit: posts big blind $3
*** HOLE CARDS ***
VolkovDmitri: raises $3 to $6
turtlespit: calls $3
*** FLOP *** [Ad Qs 5c]
turtlespit: checks
VolkovDmitri: bets $3
turtlespit: calls $3
*** TURN *** [Ad Qs 5c] [6c]
turtlespit: checks
VolkovDmitri: checks
*** RIVER *** [Ad Qs 5c 6c] [6h]
turtlespit: bets $6
Mapz11 joins the table at seat #6
VolkovDmitri: folds
Uncalled bet ($6) returned to turtlespit
turtlespit collected $17.64 from pot
turtlespit: doesn't show hand
*** SUMMARY ***
Total pot $18 | Rake $0.36
Board [Ad Qs 5c 6c 6h]
Seat 1: turtlespit (big blind) collected ($17.64)
Seat 4: VolkovDmitri (button) (small blind) folded on the River


PokerStars Hand #174520546539:  Hold'em Limit ($3/$6 USD) - 2017/08/19 6:22:59 ET
Table 'Denebola' 6-max Seat #1 is the button
Seat 1: turtlespit ($49.68 in chips)
Seat 4: VolkovDmitri ($120.40 in chips)
turtlespit: posts small blind $1
VolkovDmitri: posts big blind $3
*** HOLE CARDS ***
turtlespit: raises $3 to $6
VolkovDmitri: calls $3
*** FLOP *** [Kc Jc Jd]
ChaseMeIfUC joins the table at seat #5
VolkovDmitri: checks
turtlespit: bets $3
VolkovDmitri: raises $3 to $6
turtlespit: calls $3
*** TURN *** [Kc Jc Jd] [6h]
VolkovDmitri: bets $6
turtlespit: calls $6
*** RIVER *** [Kc Jc Jd 6h] [Qs]
VolkovDmitri: bets $6
turtlespit: calls $6
*** SHOW DOWN ***
VolkovDmitri: shows [4d Kd] (two pair, Kings and Jacks)
turtlespit: shows [Td Jh] (three of a kind, Jacks)
turtlespit collected $47.50 from pot
*** SUMMARY ***
Total pot $48 | Rake $0.50
Board [Kc Jc Jd 6h Qs]
Seat 1: turtlespit (button) (small blind) showed [Td Jh] and won ($47.50) with three of a kind, Jacks
Seat 4: VolkovDmitri (big blind) showed [4d Kd] and lost with two pair, Kings and Jacks


PokerStars Hand #174520602389:  Hold'em Limit ($3/$6 USD) - 2017/08/19 6:25:18 ET
Table 'Denebola' 6-max Seat #5 is the button
Seat 1: turtlespit ($108.93 in chips)
Seat 5: ChaseMeIfUC ($51.61 in chips)
Geringste1 will be allowed to play after the button
ChaseMeIfUC: posts small blind $1
turtlespit: posts big blind $3
*** HOLE CARDS ***
ChaseMeIfUC: raises $3 to $6
turtlespit: calls $3
*** FLOP *** [8c 4c Ac]
turtlespit: checks
ChaseMeIfUC: bets $3
Geringste1 leaves the table
turtlespit: folds
Uncalled bet ($3) returned to ChaseMeIfUC
ChaseMeIfUC collected $11.76 from pot
*** SUMMARY ***
Total pot $12 | Rake $0.24
Board [8c 4c Ac]
Seat 1: turtlespit (big blind) folded on the Flop
Seat 5: ChaseMeIfUC (button) (small blind) collected ($11.76)


PokerStars Hand #174520608268:  Hold'em Limit ($3/$6 USD) - 2017/08/19 6:25:33 ET
Table 'Denebola' 6-max Seat #1 is the button
Seat 1: turtlespit ($102.93 in chips)
Seat 5: ChaseMeIfUC ($57.37 in chips)
turtlespit: posts small blind $1
ChaseMeIfUC: posts big blind $3
*** HOLE CARDS ***
turtlespit: folds
Uncalled bet ($2) returned to ChaseMeIfUC
ChaseMeIfUC collected $2 from pot
Geringste1 joins the table at seat #2
*** SUMMARY ***
Total pot $2 | Rake $0
Seat 1: turtlespit (button) (small blind) folded before Flop
Seat 5: ChaseMeIfUC (big blind) collected ($2)


PokerStars Hand #174521469451:  Hold'em Limit ($3/$6 USD) - 2017/08/19 7:01:05 ET
Table 'Denebola' 6-max Seat #2 is the button
Seat 2: Geringste1 ($130.80 in chips)
Seat 6: Bueffel ($215.91 in chips)
Geringste1: posts small blind $1
veterankwu: is sitting out
Bueffel: posts big blind $3
*** HOLE CARDS ***
Geringste1: raises $3 to $6
Bueffel: calls $3
*** FLOP *** [3h 5c Ad]
Bueffel: checks
Geringste1: bets $3
Bueffel: calls $3
*** TURN *** [3h 5c Ad] [6d]
Bueffel: checks
Geringste1: bets $6
Bueffel: folds
Uncalled bet ($6) returned to Geringste1
Geringste1 collected $17.64 from pot
Geringste1: doesn't show hand
*** SUMMARY ***
Total pot $18 | Rake $0.36
Board [3h 5c Ad 6d]
Seat 2: Geringste1 (button) (small blind) collected ($17.64)
Seat 6: Bueffel (big blind) folded on the Turn


