PokerStars Hand #150182738804:  Hold'em Limit ($3/$6 USD) - 2016/03/11 10:04:06 ET
Table 'Denebola III' 6-max Seat #4 is the button
Seat 4: Agrotait ($72 in chips)
Seat 5: matreco601 ($30 in chips)
nicmct joins the table at seat #6
Agrotait: posts small blind $1
matreco601: posts big blind $3
*** HOLE CARDS ***
Agrotait: raises $3 to $6
matreco601: calls $3
*** FLOP *** [4d 6d 6s]
matreco601: bets $3
viviangle joins the table at seat #1
Agrotait: raises $3 to $6
matreco601: calls $3
*** TURN *** [4d 6d 6s] [Jc]
matreco601: checks
Agrotait: bets $6
matreco601: calls $6
*** RIVER *** [4d 6d 6s Jc] [3d]
matreco601: checks
Agrotait: bets $6
matreco601: folds
Uncalled bet ($6) returned to Agrotait
Agrotait collected $35.50 from pot
Agrotait: doesn't show hand
*** SUMMARY ***
Total pot $36 | Rake $0.50
Board [4d 6d 6s Jc 3d]
Seat 4: Agrotait (button) (small blind) collected ($35.50)
Seat 5: matreco601 (big blind) folded on the River


PokerStars Hand #150185068861:  Hold'em Limit ($3/$6 USD) - 2016/03/11 10:59:10 ET
Table 'Denebola III' 6-max Seat #5 is the button
Seat 4: JayEm82 ($108.07 in chips)
Seat 5: Krazy90 ($207.02 in chips)
Krazy90: posts small blind $1
JayEm82: posts big blind $3
*** HOLE CARDS ***
Krazy90: raises $3 to $6
JayEm82: folds
Uncalled bet ($3) returned to Krazy90
Krazy90 collected $6 from pot
Krazy90: doesn't show hand
*** SUMMARY ***
Total pot $6 | Rake $0
Seat 4: JayEm82 (big blind) folded before Flop
Seat 5: Krazy90 (button) (small blind) collected ($6)


