PokerStars Hand #144421257101:  Hold'em Limit ($3/$6 USD) - 2015/11/26 14:12:20 ET
Table 'Denebola III' 6-max Seat #1 is the button
Seat 1: Velbor107 ($300 in chips)
Seat 2: morwenna ($31.02 in chips)
Velbor107: posts small blind $1
morwenna: posts big blind $3
*** HOLE CARDS ***
_fayzulllo_ joins the table at seat #4
SashaYuvelir joins the table at seat #5
Velbor107: raises $3 to $6
ValeryRon joins the table at seat #6
morwenna: folds
Uncalled bet ($3) returned to Velbor107
Velbor107 collected $6 from pot
*** SUMMARY ***
Total pot $6 | Rake $0
Seat 1: Velbor107 (button) (small blind) collected ($6)
Seat 2: morwenna (big blind) folded before Flop


PokerStars Hand #144427973417:  Hold'em Limit ($3/$6 USD) - 2015/11/26 16:12:49 ET
Table 'Denebola III' 6-max Seat #6 is the button
Seat 5: pompier40 ($200.91 in chips)
Seat 6: scorpio04 ($286.31 in chips)
scorpio04: posts small blind $1
pompier40: posts big blind $3
*** HOLE CARDS ***
vestimokrec leaves the table
scorpio04: raises $3 to $6
pompier40: calls $3
*** FLOP *** [6d 3h 6c]
pompier40: bets $3
scorpio04: calls $3
*** TURN *** [6d 3h 6c] [Qc]
pompier40: bets $6
scorpio04: calls $6
*** RIVER *** [6d 3h 6c Qc] [Kd]
pompier40: checks
scorpio04: bets $6
pompier40: calls $6
*** SHOW DOWN ***
scorpio04: shows [3c As] (two pair, Sixes and Threes)
pompier40: shows [Qd 3d] (two pair, Queens and Sixes)
pompier40 collected $41.50 from pot
*** SUMMARY ***
Total pot $42 | Rake $0.50
Board [6d 3h 6c Qc Kd]
Seat 5: pompier40 (big blind) showed [Qd 3d] and won ($41.50) with two pair, Queens and Sixes
Seat 6: scorpio04 (button) (small blind) showed [3c As] and lost with two pair, Sixes and Threes


PokerStars Hand #144428027749:  Hold'em Limit ($3/$6 USD) - 2015/11/26 16:13:47 ET
Table 'Denebola III' 6-max Seat #5 is the button
Seat 5: pompier40 ($221.41 in chips)
Seat 6: scorpio04 ($265.31 in chips)
pompier40: posts small blind $1
scorpio04: posts big blind $3
*** HOLE CARDS ***
pompier40: raises $3 to $6
scorpio04: calls $3
*** FLOP *** [Jd 6d 5c]
scorpio04: checks
pompier40: bets $3
AA_ILI joins the table at seat #1
happyshine88 joins the table at seat #2
scorpio04: raises $3 to $6
pompier40: calls $3
*** TURN *** [Jd 6d 5c] [2d]
scorpio04: bets $6
pompier40: folds
Uncalled bet ($6) returned to scorpio04
scorpio04 collected $23.52 from pot
scorpio04: doesn't show hand
*** SUMMARY ***
Total pot $24 | Rake $0.48
Board [Jd 6d 5c 2d]
Seat 5: pompier40 (button) (small blind) folded on the Turn
Seat 6: scorpio04 (big blind) collected ($23.52)


