PokerStars Hand #152595715275:  Hold'em Limit ($3/$6 USD) - 2016/04/29 1:29:23 ET
Table 'Denebola' 10-max Seat #1 is the button
Seat 1: LifeisagameX ($60 in chips)
Seat 6: duvanelking ($44.68 in chips)
LifeisagameX: posts small blind $1
duvanelking: posts big blind $3
*** HOLE CARDS ***
LifeisagameX: raises $3 to $6
duvanelking: calls $3
*** FLOP *** [3d 5c 8h]
duvanelking: checks
LifeisagameX: bets $3
duvanelking: calls $3
*** TURN *** [3d 5c 8h] [Qd]
duvanelking: checks
LifeisagameX: bets $6
duvanelking: raises $6 to $12
LifeisagameX: calls $6
*** RIVER *** [3d 5c 8h Qd] [6d]
duvanelking: bets $6
LifeisagameX: calls $6
*** SHOW DOWN ***
duvanelking: shows [Ah 2s] (high card Ace)
LifeisagameX: shows [8c Th] (a pair of Eights)
LifeisagameX collected $53.50 from pot
*** SUMMARY ***
Total pot $54 | Rake $0.50
Board [3d 5c 8h Qd 6d]
Seat 1: LifeisagameX (button) (small blind) showed [8c Th] and won ($53.50) with a pair of Eights
Seat 6: duvanelking (big blind) showed [Ah 2s] and lost with high card Ace


PokerStars Hand #152595734648:  Hold'em Limit ($3/$6 USD) - 2016/04/29 1:30:37 ET
Table 'Denebola' 10-max Seat #1 is the button
Seat 1: LifeisagameX ($86.25 in chips)
Seat 6: duvanelking ($17.43 in chips)
LifeisagameX: posts small blind $1
duvanelking: posts big blind $3
*** HOLE CARDS ***
LifeisagameX: raises $3 to $6
duvanelking: folds
Uncalled bet ($3) returned to LifeisagameX
LifeisagameX collected $6 from pot
LifeisagameX: doesn't show hand
*** SUMMARY ***
Total pot $6 | Rake $0
Seat 1: LifeisagameX (button) (small blind) collected ($6)
Seat 6: duvanelking (big blind) folded before Flop


PokerStars Hand #152595726942:  Hold'em Limit ($3/$6 USD) - 2016/04/29 1:30:08 ET
Table 'Denebola' 10-max Seat #6 is the button
Seat 1: LifeisagameX ($86.50 in chips)
Seat 6: duvanelking ($17.68 in chips)
duvanelking: posts small blind $1
LifeisagameX: posts big blind $3
*** HOLE CARDS ***
duvanelking: raises $3 to $6
LifeisagameX: raises $3 to $9
duvanelking: raises $3 to $12
Betting is capped
LifeisagameX: calls $3
*** FLOP *** [5h 6d 4c]
LifeisagameX: checks
duvanelking: bets $3
LifeisagameX: raises $3 to $6
duvanelking: calls $2.68 and is all-in
Uncalled bet ($0.32) returned to LifeisagameX
*** TURN *** [5h 6d 4c] [3h]
*** RIVER *** [5h 6d 4c 3h] [7s]
*** SHOW DOWN ***
LifeisagameX: shows [6s Ks] (a straight, Three to Seven)
duvanelking: shows [Kd As] (a straight, Three to Seven)
LifeisagameX collected $17.43 from pot
duvanelking collected $17.43 from pot
*** SUMMARY ***
Total pot $35.36 | Rake $0.50
Board [5h 6d 4c 3h 7s]
Seat 1: LifeisagameX (big blind) showed [6s Ks] and won ($17.43) with a straight, Three to Seven
Seat 6: duvanelking (button) (small blind) showed [Kd As] and won ($17.43) with a straight, Three to Seven


PokerStars Hand #152595737358:  Hold'em Limit ($3/$6 USD) - 2016/04/29 1:30:47 ET
Table 'Denebola' 10-max Seat #6 is the button
Seat 1: LifeisagameX ($89.25 in chips)
Seat 6: duvanelking ($14.43 in chips)
duvanelking: posts small blind $1
LifeisagameX: posts big blind $3
*** HOLE CARDS ***
duvanelking: raises $3 to $6
LifeisagameX: calls $3
*** FLOP *** [4s 4h 9c]
LifeisagameX: checks
duvanelking: bets $3
LifeisagameX: raises $3 to $6
duvanelking: raises $2.43 to $8.43 and is all-in
LifeisagameX: calls $2.43
*** TURN *** [4s 4h 9c] [9d]
*** RIVER *** [4s 4h 9c 9d] [3d]
*** SHOW DOWN ***
LifeisagameX: shows [4d Js] (a full house, Fours full of Nines)
duvanelking: shows [Qs 7d] (two pair, Nines and Fours)
LifeisagameX collected $28.36 from pot
*** SUMMARY ***
Total pot $28.86 | Rake $0.50
Board [4s 4h 9c 9d 3d]
Seat 1: LifeisagameX (big blind) showed [4d Js] and won ($28.36) with a full house, Fours full of Nines
Seat 6: duvanelking (button) (small blind) showed [Qs 7d] and lost with two pair, Nines and Fours


