PokerStars Hand #161189734628:  Hold'em Limit ($3/$6 USD) - 2016/11/10 10:41:44 ET
Table 'Deneb' 6-max Seat #4 is the button
Seat 3: Bassie830 ($119 in chips)
Seat 4: assitoni ($73 in chips)
assitoni: posts small blind $1
Bassie830: posts big blind $3
*** HOLE CARDS ***
assitoni: folds
Uncalled bet ($2) returned to Bassie830
Bassie830 collected $2 from pot
Bassie830: doesn't show hand
*** SUMMARY ***
Total pot $2 | Rake $0
Seat 3: Bassie830 (big blind) collected ($2)
Seat 4: assitoni (button) (small blind) folded before Flop


PokerStars Hand #161189828811:  Hold'em Limit ($3/$6 USD) - 2016/11/10 10:43:54 ET
Table 'Deneb' 6-max Seat #3 is the button
Seat 3: Bassie830 ($98.76 in chips)
Seat 5: B_loJkl ($150 in chips)
Bassie830: posts small blind $1
B_loJkl: posts big blind $3
*** HOLE CARDS ***
cheeestar198 joins the table at seat #2
Bassie830: raises $3 to $6
B_loJkl: calls $3
*** FLOP *** [Kh 6h 2d]
B_loJkl: checks
vestimokrec joins the table at seat #1
Bassie830: bets $3
GoliafUa joins the table at seat #6
B_loJkl: folds
Uncalled bet ($3) returned to Bassie830
Bassie830 collected $11.76 from pot
Bassie830: doesn't show hand
*** SUMMARY ***
Total pot $12 | Rake $0.24
Board [Kh 6h 2d]
Seat 3: Bassie830 (button) (small blind) collected ($11.76)
Seat 5: B_loJkl (big blind) folded on the Flop


PokerStars Hand #161189795628:  Hold'em Limit ($3/$6 USD) - 2016/11/10 10:43:14 ET
Table 'Deneb' 6-max Seat #4 is the button
Seat 3: Bassie830 ($125.76 in chips)
Seat 4: assitoni ($72 in chips)
assitoni: posts small blind $1
Bassie830: posts big blind $3
*** HOLE CARDS ***
B_loJkl joins the table at seat #5
assitoni: raises $3 to $6
Bassie830: calls $3
*** FLOP *** [8s Th Ts]
Bassie830: checks
assitoni: bets $3
Bassie830: calls $3
*** TURN *** [8s Th Ts] [6c]
Bassie830: checks
assitoni: bets $6
Bassie830: raises $6 to $12
assitoni: calls $6
*** RIVER *** [8s Th Ts 6c] [2d]
Bassie830: bets $6
assitoni: calls $6
*** SHOW DOWN ***
Bassie830: shows [8d 7h] (two pair, Tens and Eights)
assitoni: shows [Ac 8h] (two pair, Tens and Eights - Ace kicker)
assitoni collected $53.50 from pot
*** SUMMARY ***
Total pot $54 | Rake $0.50
Board [8s Th Ts 6c 2d]
Seat 3: Bassie830 (big blind) showed [8d 7h] and lost with two pair, Tens and Eights
Seat 4: assitoni (button) (small blind) showed [Ac 8h] and won ($53.50) with two pair, Tens and Eights


PokerStars Hand #161189744718:  Hold'em Limit ($3/$6 USD) - 2016/11/10 10:41:59 ET
Table 'Deneb' 6-max Seat #3 is the button
Seat 3: Bassie830 ($120 in chips)
Seat 4: assitoni ($72 in chips)
Bassie830: posts small blind $1
assitoni: posts big blind $3
*** HOLE CARDS ***
Bassie830: raises $3 to $6
assitoni: calls $3
*** FLOP *** [Kd 6s 8h]
assitoni: checks
Bassie830: bets $3
assitoni: folds
Uncalled bet ($3) returned to Bassie830
Bassie830 collected $11.76 from pot
Bassie830: doesn't show hand
*** SUMMARY ***
Total pot $12 | Rake $0.24
Board [Kd 6s 8h]
Seat 3: Bassie830 (button) (small blind) collected ($11.76)
Seat 4: assitoni (big blind) folded on the Flop


PokerStars Hand #161189774805:  Hold'em Limit ($3/$6 USD) - 2016/11/10 10:42:43 ET
Table 'Deneb' 6-max Seat #4 is the button
Seat 3: Bassie830 ($125.76 in chips)
Seat 4: assitoni ($72 in chips)
assitoni: posts small blind $1
Bassie830: posts big blind $3
*** HOLE CARDS ***
assitoni: raises $3 to $6
Bassie830: folds
Uncalled bet ($3) returned to assitoni
assitoni collected $6 from pot
assitoni: doesn't show hand
*** SUMMARY ***
Total pot $6 | Rake $0
Seat 3: Bassie830 (big blind) folded before Flop
Seat 4: assitoni (button) (small blind) collected ($6)


PokerStars Hand #161190376695:  Hold'em Limit ($3/$6 USD) - 2016/11/10 10:57:36 ET
Table 'Deneb' 6-max Seat #3 is the button
Seat 3: Bassie830 ($267.01 in chips)
Seat 5: B_loJkl ($116.71 in chips)
Bassie830: posts small blind $1
assitoni: is sitting out
B_loJkl: posts big blind $3
*** HOLE CARDS ***
Bassie830: folds
Uncalled bet ($2) returned to B_loJkl
B_loJkl collected $2 from pot
B_loJkl: doesn't show hand
*** SUMMARY ***
Total pot $2 | Rake $0
Seat 3: Bassie830 (button) (small blind) folded before Flop
Seat 5: B_loJkl (big blind) collected ($2)


PokerStars Hand #161190380109:  Hold'em Limit ($3/$6 USD) - 2016/11/10 10:57:42 ET
Table 'Deneb' 6-max Seat #5 is the button
Seat 3: Bassie830 ($266.01 in chips)
Seat 5: B_loJkl ($117.71 in chips)
B_loJkl: posts small blind $1
Bassie830: posts big blind $3
*** HOLE CARDS ***
B_loJkl: folds
Uncalled bet ($2) returned to Bassie830
Bassie830 collected $2 from pot
Bassie830: doesn't show hand
*** SUMMARY ***
Total pot $2 | Rake $0
Seat 3: Bassie830 (big blind) collected ($2)
Seat 5: B_loJkl (button) (small blind) folded before Flop


PokerStars Hand #161190383966:  Hold'em Limit ($3/$6 USD) - 2016/11/10 10:57:48 ET
Table 'Deneb' 6-max Seat #3 is the button
Seat 3: Bassie830 ($267.01 in chips)
Seat 5: B_loJkl ($116.71 in chips)
Bassie830: posts small blind $1
B_loJkl: posts big blind $3
*** HOLE CARDS ***
Bassie830: raises $3 to $6
B_loJkl: calls $3
*** FLOP *** [Qs Qd 7h]
krytalex joins the table at seat #6
B_loJkl: checks
Bassie830: bets $3
B_loJkl: raises $3 to $6
Bassie830: folds
Uncalled bet ($3) returned to B_loJkl
B_loJkl collected $17.64 from pot
B_loJkl: doesn't show hand
*** SUMMARY ***
Total pot $18 | Rake $0.36
Board [Qs Qd 7h]
Seat 3: Bassie830 (button) (small blind) folded on the Flop
Seat 5: B_loJkl (big blind) collected ($17.64)


PokerStars Hand #161192855606:  Hold'em Limit ($3/$6 USD) - 2016/11/10 11:55:12 ET
Table 'Deneb' 6-max Seat #2 is the button
Seat 2: HAL9QQQ ($131.71 in chips)
Seat 6: krytalex ($72 in chips)
HAL9QQQ: posts small blind $1
Bassie830: is sitting out
krytalex: posts big blind $3
*** HOLE CARDS ***
HAL9QQQ: folds
Uncalled bet ($2) returned to krytalex
Bassie830 leaves the table
krytalex collected $2 from pot
*** SUMMARY ***
Total pot $2 | Rake $0
Seat 2: HAL9QQQ (button) (small blind) folded before Flop
Seat 6: krytalex (big blind) collected ($2)


