PokerStars Hand #176805436275:  Hold'em Limit ($3/$6 USD) - 2017/10/12 1:26:01 ET
Table 'Deneb' 6-max Seat #2 is the button
Seat 1: LifeisagameX ($89.76 in chips)
Seat 2: mmmm144 ($94.12 in chips)
mmmm144: posts small blind $1
LifeisagameX: posts big blind $3
*** HOLE CARDS ***
SassyShads joins the table at seat #4
mmmm144: folds
Uncalled bet ($2) returned to LifeisagameX
LifeisagameX collected $2 from pot
LifeisagameX: doesn't show hand
*** SUMMARY ***
Total pot $2 | Rake $0
Seat 1: LifeisagameX (big blind) collected ($2)
Seat 2: mmmm144 (button) (small blind) folded before Flop


PokerStars Hand #176805425177:  Hold'em Limit ($3/$6 USD) - 2017/10/12 1:25:15 ET
Table 'Deneb' 6-max Seat #1 is the button
Seat 1: LifeisagameX ($84 in chips)
Seat 2: mmmm144 ($100.12 in chips)
LifeisagameX: posts small blind $1
mmmm144: posts big blind $3
*** HOLE CARDS ***
LifeisagameX: raises $3 to $6
mmmm144: calls $3
*** FLOP *** [9h 7s 8h]
mmmm144: checks
LifeisagameX: bets $3
mmmm144: folds
Uncalled bet ($3) returned to LifeisagameX
LifeisagameX collected $11.76 from pot
LifeisagameX: doesn't show hand
*** SUMMARY ***
Total pot $12 | Rake $0.24
Board [9h 7s 8h]
Seat 1: LifeisagameX (button) (small blind) collected ($11.76)
Seat 2: mmmm144 (big blind) folded on the Flop


PokerStars Hand #176805438093:  Hold'em Limit ($3/$6 USD) - 2017/10/12 1:26:08 ET
Table 'Deneb' 6-max Seat #1 is the button
Seat 1: LifeisagameX ($90.76 in chips)
Seat 2: mmmm144 ($93.12 in chips)
LifeisagameX: posts small blind $1
mmmm144: posts big blind $3
*** HOLE CARDS ***
LifeisagameX: raises $3 to $6
mmmm144: calls $3
*** FLOP *** [2s 6h 9d]
mmmm144: checks
LifeisagameX: bets $3
mmmm144: calls $3
*** TURN *** [2s 6h 9d] [Ad]
mmmm144: checks
LifeisagameX: bets $6
mmmm144: calls $6
*** RIVER *** [2s 6h 9d Ad] [Js]
mmmm144: checks
Velbor107 joins the table at seat #6
ice0034 joins the table at seat #5
LifeisagameX: bets $6
mmmm144: folds
Uncalled bet ($6) returned to LifeisagameX
LifeisagameX collected $29.50 from pot
LifeisagameX: doesn't show hand
*** SUMMARY ***
Total pot $30 | Rake $0.50
Board [2s 6h 9d Ad Js]
Seat 1: LifeisagameX (button) (small blind) collected ($29.50)
Seat 2: mmmm144 (big blind) folded on the River


