PokerStars Hand #146075735015:  Hold'em Limit ($3/$6 USD) - 2015/12/28 15:30:36 ET
Table 'Deneb II' 6-max Seat #6 is the button
Seat 5: shustler ($87 in chips)
Seat 6: SashaYuvelir ($104.50 in chips)
SashaYuvelir: posts small blind $1
shustler: posts big blind $3
*** HOLE CARDS ***
SashaYuvelir: raises $3 to $6
shustler: raises $3 to $9
SashaYuvelir: calls $3
*** FLOP *** [Qd As 8d]
shustler: bets $3
SashaYuvelir: folds
Uncalled bet ($3) returned to shustler
shustler collected $17.64 from pot
shustler: doesn't show hand
*** SUMMARY ***
Total pot $18 | Rake $0.36
Board [Qd As 8d]
Seat 5: shustler (big blind) collected ($17.64)
Seat 6: SashaYuvelir (button) (small blind) folded on the Flop


PokerStars Hand #146075796432:  Hold'em Limit ($3/$6 USD) - 2015/12/28 15:31:37 ET
Table 'Deneb II' 6-max Seat #6 is the button
Seat 5: shustler ($74.16 in chips)
Seat 6: SashaYuvelir ($115.64 in chips)
SashaYuvelir: posts small blind $1
shustler: posts big blind $3
*** HOLE CARDS ***
SashaYuvelir: raises $3 to $6
shustler: raises $3 to $9
SashaYuvelir: calls $3
*** FLOP *** [Ah 9h 8d]
shustler: bets $3
SashaYuvelir: folds
Uncalled bet ($3) returned to shustler
shustler collected $17.64 from pot
shustler: doesn't show hand
*** SUMMARY ***
Total pot $18 | Rake $0.36
Board [Ah 9h 8d]
Seat 5: shustler (big blind) collected ($17.64)
Seat 6: SashaYuvelir (button) (small blind) folded on the Flop


PokerStars Hand #146075775831:  Hold'em Limit ($3/$6 USD) - 2015/12/28 15:31:17 ET
Table 'Deneb II' 6-max Seat #5 is the button
Seat 5: shustler ($62.64 in chips)
Seat 6: SashaYuvelir ($127.64 in chips)
shustler: posts small blind $1
SashaYuvelir: posts big blind $3
*** HOLE CARDS ***
shustler: raises $3 to $6
SashaYuvelir: calls $3
*** FLOP *** [4h 8h Ac]
SashaYuvelir: checks
shustler: bets $3
SashaYuvelir: raises $3 to $6
shustler: calls $3
*** TURN *** [4h 8h Ac] [Kc]
SashaYuvelir: checks
shustler: bets $6
SashaYuvelir: folds
Uncalled bet ($6) returned to shustler
shustler collected $23.52 from pot
shustler: doesn't show hand
*** SUMMARY ***
Total pot $24 | Rake $0.48
Board [4h 8h Ac Kc]
Seat 5: shustler (button) (small blind) collected ($23.52)
Seat 6: SashaYuvelir (big blind) folded on the Turn


PokerStars Hand #146075758801:  Hold'em Limit ($3/$6 USD) - 2015/12/28 15:31:00 ET
Table 'Deneb II' 6-max Seat #6 is the button
Seat 5: shustler ($86.64 in chips)
Seat 6: SashaYuvelir ($104.14 in chips)
SashaYuvelir: posts small blind $1
shustler: posts big blind $3
*** HOLE CARDS ***
SashaYuvelir: raises $3 to $6
shustler: raises $3 to $9
SashaYuvelir: calls $3
*** FLOP *** [2h 7s Qc]
shustler: bets $3
SashaYuvelir: calls $3
*** TURN *** [2h 7s Qc] [5d]
shustler: checks
SashaYuvelir: bets $6
shustler: calls $6
*** RIVER *** [2h 7s Qc 5d] [9c]
shustler: checks
SashaYuvelir: bets $6
shustler: calls $6
*** SHOW DOWN ***
SashaYuvelir: shows [7d 6s] (a pair of Sevens)
shustler: mucks hand
SashaYuvelir collected $47.50 from pot
*** SUMMARY ***
Total pot $48 | Rake $0.50
Board [2h 7s Qc 5d 9c]
Seat 5: shustler (big blind) mucked
Seat 6: SashaYuvelir (button) (small blind) showed [7d 6s] and won ($47.50) with a pair of Sevens


PokerStars Hand #146075743911:  Hold'em Limit ($3/$6 USD) - 2015/12/28 15:30:45 ET
Table 'Deneb II' 6-max Seat #5 is the button
Seat 5: shustler ($95.64 in chips)
Seat 6: SashaYuvelir ($95.50 in chips)
shustler: posts small blind $1
SashaYuvelir: posts big blind $3
*** HOLE CARDS ***
shustler: raises $3 to $6
SashaYuvelir: calls $3
*** FLOP *** [Jh 4c Ts]
SashaYuvelir: checks
shustler: bets $3
SashaYuvelir: calls $3
*** TURN *** [Jh 4c Ts] [Qd]
SashaYuvelir: checks
shustler: checks
*** RIVER *** [Jh 4c Ts Qd] [Kd]
SashaYuvelir: bets $6
shustler: folds
Uncalled bet ($6) returned to SashaYuvelir
SashaYuvelir collected $17.64 from pot
SashaYuvelir: doesn't show hand
*** SUMMARY ***
Total pot $18 | Rake $0.36
Board [Jh 4c Ts Qd Kd]
Seat 5: shustler (button) (small blind) folded on the River
Seat 6: SashaYuvelir (big blind) collected ($17.64)


PokerStars Hand #146075841076:  Hold'em Limit ($3/$6 USD) - 2015/12/28 15:32:21 ET
Table 'Deneb II' 6-max Seat #6 is the button
Seat 5: shustler ($105.30 in chips)
Seat 6: SashaYuvelir ($83.40 in chips)
SashaYuvelir: posts small blind $1
shustler: posts big blind $3
*** HOLE CARDS ***
SashaYuvelir: raises $3 to $6
shustler: calls $3
*** FLOP *** [Jh 6s Ts]
shustler: checks
SashaYuvelir: bets $3
shustler: raises $3 to $6
SashaYuvelir: calls $3
*** TURN *** [Jh 6s Ts] [Ad]
shustler: bets $6
SashaYuvelir: raises $6 to $12
shustler: calls $6
*** RIVER *** [Jh 6s Ts Ad] [9c]
shustler: checks
SashaYuvelir: bets $6
shustler: calls $6
*** SHOW DOWN ***
SashaYuvelir: shows [Ks 8d] (high card Ace)
shustler: shows [Jd 5c] (a pair of Jacks)
shustler collected $59.50 from pot
*** SUMMARY ***
Total pot $60 | Rake $0.50
Board [Jh 6s Ts Ad 9c]
Seat 5: shustler (big blind) showed [Jd 5c] and won ($59.50) with a pair of Jacks
Seat 6: SashaYuvelir (button) (small blind) showed [Ks 8d] and lost with high card Ace


PokerStars Hand #146075823688:  Hold'em Limit ($3/$6 USD) - 2015/12/28 15:32:04 ET
Table 'Deneb II' 6-max Seat #5 is the button
Seat 5: shustler ($75.80 in chips)
Seat 6: SashaYuvelir ($113.40 in chips)
shustler: posts small blind $1
SashaYuvelir: posts big blind $3
*** HOLE CARDS ***
shustler: raises $3 to $6
SashaYuvelir: calls $3
*** FLOP *** [6c 8d 4h]
SashaYuvelir: checks
shustler: bets $3
SashaYuvelir: raises $3 to $6
shustler: calls $3
*** TURN *** [6c 8d 4h] [Kc]
SashaYuvelir: bets $6
shustler: raises $6 to $12
SashaYuvelir: calls $6
*** RIVER *** [6c 8d 4h Kc] [3s]
SashaYuvelir: checks
shustler: bets $6
SashaYuvelir: calls $6
*** SHOW DOWN ***
shustler: shows [8s Jc] (a pair of Eights)
SashaYuvelir: mucks hand
shustler collected $59.50 from pot
*** SUMMARY ***
Total pot $60 | Rake $0.50
Board [6c 8d 4h Kc 3s]
Seat 5: shustler (button) (small blind) showed [8s Jc] and won ($59.50) with a pair of Eights
Seat 6: SashaYuvelir (big blind) mucked


PokerStars Hand #146075808466:  Hold'em Limit ($3/$6 USD) - 2015/12/28 15:31:49 ET
Table 'Deneb II' 6-max Seat #5 is the button
Seat 5: shustler ($82.80 in chips)
Seat 6: SashaYuvelir ($106.64 in chips)
shustler: posts small blind $1
SashaYuvelir: posts big blind $3
*** HOLE CARDS ***
shustler: folds
Uncalled bet ($2) returned to SashaYuvelir
SashaYuvelir collected $2 from pot
SashaYuvelir: doesn't show hand
*** SUMMARY ***
Total pot $2 | Rake $0
Seat 5: shustler (button) (small blind) folded before Flop
Seat 6: SashaYuvelir (big blind) collected ($2)


PokerStars Hand #146075857864:  Hold'em Limit ($3/$6 USD) - 2015/12/28 15:32:37 ET
Table 'Deneb II' 6-max Seat #5 is the button
Seat 5: shustler ($134.80 in chips)
Seat 6: SashaYuvelir ($72 in chips)
shustler: posts small blind $1
SashaYuvelir: posts big blind $3
*** HOLE CARDS ***
shustler: raises $3 to $6
SashaYuvelir: calls $3
*** FLOP *** [4h 9h 6c]
pukuotukxx89 joins the table at seat #3
SashaYuvelir: checks
shustler: checks
*** TURN *** [4h 9h 6c] [8d]
SashaYuvelir: checks
shustler: bets $6
SashaYuvelir: calls $6
*** RIVER *** [4h 9h 6c 8d] [Jh]
SashaYuvelir: checks
shustler: bets $6
SashaYuvelir: folds
Uncalled bet ($6) returned to shustler
shustler collected $23.52 from pot
shustler: doesn't show hand
*** SUMMARY ***
Total pot $24 | Rake $0.48
Board [4h 9h 6c 8d Jh]
Seat 5: shustler (button) (small blind) collected ($23.52)
Seat 6: SashaYuvelir (big blind) folded on the River


PokerStars Hand #146078521043:  Hold'em Limit ($3/$6 USD) - 2015/12/28 16:17:35 ET
Table 'Deneb II' 6-max Seat #1 is the button
Seat 1: scorpio04 ($92.71 in chips)
Seat 3: Miele104 ($135.92 in chips)
scorpio04: posts small blind $1
Miele104: posts big blind $3
*** HOLE CARDS ***
scorpio04: raises $3 to $6
Miele104: folds
Uncalled bet ($3) returned to scorpio04
scorpio04 collected $6 from pot
scorpio04: doesn't show hand
*** SUMMARY ***
Total pot $6 | Rake $0
Seat 1: scorpio04 (button) (small blind) collected ($6)
Seat 3: Miele104 (big blind) folded before Flop


PokerStars Hand #146078528072:  Hold'em Limit ($3/$6 USD) - 2015/12/28 16:17:42 ET
Table 'Deneb II' 6-max Seat #3 is the button
Seat 1: scorpio04 ($95.71 in chips)
Seat 3: Miele104 ($132.92 in chips)
Miele104: posts small blind $1
scorpio04: posts big blind $3
*** HOLE CARDS ***
Miele104: raises $3 to $6
italianhero4 leaves the table
scorpio04: calls $3
*** FLOP *** [7d 2c Ah]
scorpio04: checks
Miele104: bets $3
scorpio04: folds
Uncalled bet ($3) returned to Miele104
Miele104 collected $11.76 from pot
*** SUMMARY ***
Total pot $12 | Rake $0.24
Board [7d 2c Ah]
Seat 1: scorpio04 (big blind) folded on the Flop
Seat 3: Miele104 (button) (small blind) collected ($11.76)


