PokerStars Hand #150943602790:  Hold'em Limit ($3/$6 USD) - 2016/03/26 3:15:14 ET
Table 'Denebola' 6-max Seat #3 is the button
Seat 3: iamhashman ($86.46 in chips)
Seat 4: Mudager ($120 in chips)
iamhashman: posts small blind $1
Mudager: posts big blind $3
*** HOLE CARDS ***
iamhashman: folds
Uncalled bet ($2) returned to Mudager
Mudager collected $2 from pot
Mudager: doesn't show hand
*** SUMMARY ***
Total pot $2 | Rake $0
Seat 3: iamhashman (button) (small blind) folded before Flop
Seat 4: Mudager (big blind) collected ($2)


PokerStars Hand #150943612228:  Hold'em Limit ($3/$6 USD) - 2016/03/26 3:15:46 ET
Table 'Denebola' 6-max Seat #4 is the button
Seat 3: iamhashman ($78.46 in chips)
Seat 4: Mudager ($127.76 in chips)
Mudager: posts small blind $1
iamhashman: posts big blind $3
*** HOLE CARDS ***
Mudager: raises $3 to $6
iamhashman: calls $3
*** FLOP *** [Ac Td Kc]
iamhashman: checks
Mudager: bets $3
iamhashman: folds
Uncalled bet ($3) returned to Mudager
Mudager collected $11.76 from pot
Mudager: doesn't show hand
*** SUMMARY ***
Total pot $12 | Rake $0.24
Board [Ac Td Kc]
Seat 3: iamhashman (big blind) folded on the Flop
Seat 4: Mudager (button) (small blind) collected ($11.76)


PokerStars Hand #150943605334:  Hold'em Limit ($3/$6 USD) - 2016/03/26 3:15:23 ET
Table 'Denebola' 6-max Seat #4 is the button
Seat 3: iamhashman ($85.46 in chips)
Seat 4: Mudager ($121 in chips)
Mudager: posts small blind $1
iamhashman: posts big blind $3
*** HOLE CARDS ***
Mudager: raises $3 to $6
iamhashman: calls $3
*** FLOP *** [9c 2c 4d]
iamhashman: checks
Mudager: bets $3
iamhashman: folds
Uncalled bet ($3) returned to Mudager
Mudager collected $11.76 from pot
Mudager: doesn't show hand
*** SUMMARY ***
Total pot $12 | Rake $0.24
Board [9c 2c 4d]
Seat 3: iamhashman (big blind) folded on the Flop
Seat 4: Mudager (button) (small blind) collected ($11.76)


PokerStars Hand #150943610798:  Hold'em Limit ($3/$6 USD) - 2016/03/26 3:15:41 ET
Table 'Denebola' 6-max Seat #3 is the button
Seat 3: iamhashman ($79.46 in chips)
Seat 4: Mudager ($126.76 in chips)
iamhashman: posts small blind $1
Mudager: posts big blind $3
*** HOLE CARDS ***
iamhashman: folds
Uncalled bet ($2) returned to Mudager
Mudager collected $2 from pot
Mudager: doesn't show hand
*** SUMMARY ***
Total pot $2 | Rake $0
Seat 3: iamhashman (button) (small blind) folded before Flop
Seat 4: Mudager (big blind) collected ($2)


PokerStars Hand #150943615861:  Hold'em Limit ($3/$6 USD) - 2016/03/26 3:15:57 ET
Table 'Denebola' 6-max Seat #3 is the button
Seat 3: iamhashman ($72.46 in chips)
Seat 4: Mudager ($133.52 in chips)
iamhashman: posts small blind $1
Mudager: posts big blind $3
*** HOLE CARDS ***
iamhashman: calls $2
Mudager: checks
*** FLOP *** [3s Th Ts]
Mudager: bets $3
iamhashman: folds
Uncalled bet ($3) returned to Mudager
Mudager collected $5.88 from pot
Mudager: doesn't show hand
*** SUMMARY ***
Total pot $6 | Rake $0.12
Board [3s Th Ts]
Seat 3: iamhashman (button) (small blind) folded on the Flop
Seat 4: Mudager (big blind) collected ($5.88)


PokerStars Hand #150943625391:  Hold'em Limit ($3/$6 USD) - 2016/03/26 3:16:28 ET
Table 'Denebola' 6-max Seat #4 is the button
Seat 3: iamhashman ($69.34 in chips)
Seat 4: Mudager ($136.40 in chips)
Mudager: posts small blind $1
iamhashman: posts big blind $3
*** HOLE CARDS ***
Mudager: folds
Uncalled bet ($2) returned to iamhashman
iamhashman collected $2 from pot
iamhashman: doesn't show hand
*** SUMMARY ***
Total pot $2 | Rake $0
Seat 3: iamhashman (big blind) collected ($2)
Seat 4: Mudager (button) (small blind) folded before Flop


PokerStars Hand #150943621708:  Hold'em Limit ($3/$6 USD) - 2016/03/26 3:16:16 ET
Table 'Denebola' 6-max Seat #3 is the button
Seat 3: iamhashman ($66.46 in chips)
Seat 4: Mudager ($139.40 in chips)
iamhashman: posts small blind $1
Mudager: posts big blind $3
*** HOLE CARDS ***
iamhashman: calls $2
Mudager: checks
*** FLOP *** [2s Th 9c]
Mudager: checks
iamhashman: bets $3
Mudager: folds
Uncalled bet ($3) returned to iamhashman
iamhashman collected $5.88 from pot
iamhashman: doesn't show hand
*** SUMMARY ***
Total pot $6 | Rake $0.12
Board [2s Th 9c]
Seat 3: iamhashman (button) (small blind) collected ($5.88)
Seat 4: Mudager (big blind) folded on the Flop


PokerStars Hand #150943619848:  Hold'em Limit ($3/$6 USD) - 2016/03/26 3:16:10 ET
Table 'Denebola' 6-max Seat #4 is the button
Seat 3: iamhashman ($69.46 in chips)
Seat 4: Mudager ($136.40 in chips)
Mudager: posts small blind $1
iamhashman: posts big blind $3
*** HOLE CARDS ***
Mudager: raises $3 to $6
iamhashman: folds
Uncalled bet ($3) returned to Mudager
Mudager collected $6 from pot
Mudager: doesn't show hand
*** SUMMARY ***
Total pot $6 | Rake $0
Seat 3: iamhashman (big blind) folded before Flop
Seat 4: Mudager (button) (small blind) collected ($6)


PokerStars Hand #150943635205:  Hold'em Limit ($3/$6 USD) - 2016/03/26 3:17:00 ET
Table 'Denebola' 6-max Seat #3 is the button
Seat 3: iamhashman ($73.10 in chips)
Seat 4: Mudager ($132.40 in chips)
iamhashman: posts small blind $1
Mudager: posts big blind $3
*** HOLE CARDS ***
iamhashman: folds
Uncalled bet ($2) returned to Mudager
Mudager collected $2 from pot
Mudager: doesn't show hand
*** SUMMARY ***
Total pot $2 | Rake $0
Seat 3: iamhashman (button) (small blind) folded before Flop
Seat 4: Mudager (big blind) collected ($2)


PokerStars Hand #150943628378:  Hold'em Limit ($3/$6 USD) - 2016/03/26 3:16:38 ET
Table 'Denebola' 6-max Seat #4 is the button
Seat 3: iamhashman ($69.34 in chips)
Seat 4: Mudager ($136.40 in chips)
Mudager: posts small blind $1
iamhashman: posts big blind $3
*** HOLE CARDS ***
Mudager: raises $3 to $6
iamhashman: folds
Uncalled bet ($3) returned to Mudager
Mudager collected $6 from pot
Mudager: doesn't show hand
*** SUMMARY ***
Total pot $6 | Rake $0
Seat 3: iamhashman (big blind) folded before Flop
Seat 4: Mudager (button) (small blind) collected ($6)


PokerStars Hand #150943626847:  Hold'em Limit ($3/$6 USD) - 2016/03/26 3:16:33 ET
Table 'Denebola' 6-max Seat #3 is the button
Seat 3: iamhashman ($70.34 in chips)
Seat 4: Mudager ($135.40 in chips)
iamhashman: posts small blind $1
Mudager: posts big blind $3
*** HOLE CARDS ***
iamhashman: folds
Uncalled bet ($2) returned to Mudager
Mudager collected $2 from pot
Mudager: doesn't show hand
*** SUMMARY ***
Total pot $2 | Rake $0
Seat 3: iamhashman (button) (small blind) folded before Flop
Seat 4: Mudager (big blind) collected ($2)


PokerStars Hand #150943633715:  Hold'em Limit ($3/$6 USD) - 2016/03/26 3:16:55 ET
Table 'Denebola' 6-max Seat #4 is the button
Seat 3: iamhashman ($72.10 in chips)
Seat 4: Mudager ($133.40 in chips)
Mudager: posts small blind $1
iamhashman: posts big blind $3
*** HOLE CARDS ***
Mudager: folds
Uncalled bet ($2) returned to iamhashman
iamhashman collected $2 from pot
iamhashman: doesn't show hand
*** SUMMARY ***
Total pot $2 | Rake $0
Seat 3: iamhashman (big blind) collected ($2)
Seat 4: Mudager (button) (small blind) folded before Flop


PokerStars Hand #150943630154:  Hold'em Limit ($3/$6 USD) - 2016/03/26 3:16:44 ET
Table 'Denebola' 6-max Seat #3 is the button
Seat 3: iamhashman ($66.34 in chips)
Seat 4: Mudager ($139.40 in chips)
iamhashman: posts small blind $1
Mudager: posts big blind $3
*** HOLE CARDS ***
iamhashman: raises $3 to $6
Mudager: calls $3
*** FLOP *** [Jh Kd 5d]
Mudager: checks
iamhashman: bets $3
Mudager: folds
Uncalled bet ($3) returned to iamhashman
iamhashman collected $11.76 from pot
iamhashman: doesn't show hand
*** SUMMARY ***
Total pot $12 | Rake $0.24
Board [Jh Kd 5d]
Seat 3: iamhashman (button) (small blind) collected ($11.76)
Seat 4: Mudager (big blind) folded on the Flop


PokerStars Hand #150943636702:  Hold'em Limit ($3/$6 USD) - 2016/03/26 3:17:05 ET
Table 'Denebola' 6-max Seat #4 is the button
Seat 3: iamhashman ($72.10 in chips)
Seat 4: Mudager ($133.40 in chips)
Mudager: posts small blind $1
iamhashman: posts big blind $3
*** HOLE CARDS ***
Mudager: raises $3 to $6
iamhashman: calls $3
*** FLOP *** [6h Kc 4s]
iamhashman: checks
Mudager: bets $3
iamhashman: calls $3
*** TURN *** [6h Kc 4s] [4d]
iamhashman: checks
Mudager: bets $6
iamhashman: calls $6
*** RIVER *** [6h Kc 4s 4d] [As]
iamhashman: bets $6
Mudager: raises $6 to $12
iamhashman: calls $6
*** SHOW DOWN ***
Mudager: shows [7s 4c] (three of a kind, Fours)
iamhashman: mucks hand
Mudager collected $53.50 from pot
*** SUMMARY ***
Total pot $54 | Rake $0.50
Board [6h Kc 4s 4d As]
Seat 3: iamhashman (big blind) mucked
Seat 4: Mudager (button) (small blind) showed [7s 4c] and won ($53.50) with three of a kind, Fours


PokerStars Hand #150943643818:  Hold'em Limit ($3/$6 USD) - 2016/03/26 3:17:29 ET
Table 'Denebola' 6-max Seat #3 is the button
Seat 3: iamhashman ($45.10 in chips)
Seat 4: Mudager ($159.90 in chips)
iamhashman: posts small blind $1
Mudager: posts big blind $3
*** HOLE CARDS ***
iamhashman: calls $2
Mudager: checks
*** FLOP *** [Ad Jh Qh]
Mudager: bets $3
iamhashman: calls $3
*** TURN *** [Ad Jh Qh] [3d]
Pete81 joins the table at seat #1
Mudager: bets $6
iamhashman: calls $6
*** RIVER *** [Ad Jh Qh 3d] [3c]
Mudager: checks
iamhashman: checks
*** SHOW DOWN ***
Mudager: shows [Ks 7h] (a pair of Threes)
iamhashman: shows [Kd 2d] (a pair of Threes)
Mudager collected $11.76 from pot
iamhashman collected $11.76 from pot
*** SUMMARY ***
Total pot $24 | Rake $0.48
Board [Ad Jh Qh 3d 3c]
Seat 3: iamhashman (button) (small blind) showed [Kd 2d] and won ($11.76) with a pair of Threes
Seat 4: Mudager (big blind) showed [Ks 7h] and won ($11.76) with a pair of Threes


