PokerStars Hand #174318958454:  Hold'em Limit ($3/$6 USD) - 2017/08/14 8:15:44 ET
Table 'Deneb II' 6-max Seat #3 is the button
Seat 3: KALOTKOOO ($102.75 in chips)
Seat 4: VolkovDmitri ($120 in chips)
KALOTKOOO: posts small blind $1
VolkovDmitri: posts big blind $3
*** HOLE CARDS ***
KALOTKOOO: raises $3 to $6
VolkovDmitri: calls $3
*** FLOP *** [6h Js 2c]
VolkovDmitri: checks
KALOTKOOO: checks
*** TURN *** [6h Js 2c] [5d]
VolkovDmitri: bets $6
KALOTKOOO: calls $6
*** RIVER *** [6h Js 2c 5d] [Th]
VolkovDmitri: bets $6
KALOTKOOO: calls $6
*** SHOW DOWN ***
VolkovDmitri: shows [Tc 5c] (two pair, Tens and Fives)
KALOTKOOO: mucks hand
VolkovDmitri collected $35.50 from pot
*** SUMMARY ***
Total pot $36 | Rake $0.50
Board [6h Js 2c 5d Th]
Seat 3: KALOTKOOO (button) (small blind) mucked
Seat 4: VolkovDmitri (big blind) showed [Tc 5c] and won ($35.50) with two pair, Tens and Fives


PokerStars Hand #174318968075:  Hold'em Limit ($3/$6 USD) - 2017/08/14 8:16:06 ET
Table 'Deneb II' 6-max Seat #4 is the button
Seat 3: KALOTKOOO ($84.75 in chips)
Seat 4: VolkovDmitri ($137.50 in chips)
VolkovDmitri: posts small blind $1
KALOTKOOO: posts big blind $3
*** HOLE CARDS ***
VolkovDmitri: raises $3 to $6
KALOTKOOO: raises $3 to $9
VolkovDmitri: calls $3
*** FLOP *** [Qh 9s 9h]
KALOTKOOO: bets $3
VolkovDmitri: folds
Uncalled bet ($3) returned to KALOTKOOO
KALOTKOOO collected $17.64 from pot
KALOTKOOO: doesn't show hand
*** SUMMARY ***
Total pot $18 | Rake $0.36
Board [Qh 9s 9h]
Seat 3: KALOTKOOO (big blind) collected ($17.64)
Seat 4: VolkovDmitri (button) (small blind) folded on the Flop


PokerStars Hand #174319008187:  Hold'em Limit ($3/$6 USD) - 2017/08/14 8:17:37 ET
Table 'Deneb II' 6-max Seat #3 is the button
Seat 3: KALOTKOOO ($104.91 in chips)
Seat 5: naspirkataa ($91 in chips)
patrikskjold will be allowed to play after the button
KALOTKOOO: posts small blind $1
naspirkataa: posts big blind $3
*** HOLE CARDS ***
VolkovDmitri leaves the table
KALOTKOOO: folds
Uncalled bet ($2) returned to naspirkataa
naspirkataa collected $2 from pot
*** SUMMARY ***
Total pot $2 | Rake $0
Seat 3: KALOTKOOO (button) (small blind) folded before Flop
Seat 5: naspirkataa (big blind) collected ($2)


PokerStars Hand #174318974540:  Hold'em Limit ($3/$6 USD) - 2017/08/14 8:16:20 ET
Table 'Deneb II' 6-max Seat #3 is the button
Seat 3: KALOTKOOO ($93.39 in chips)
Seat 4: VolkovDmitri ($128.50 in chips)
KALOTKOOO: posts small blind $1
VolkovDmitri: posts big blind $3
*** HOLE CARDS ***
KALOTKOOO: raises $3 to $6
VolkovDmitri: calls $3
*** FLOP *** [7c Qc Qd]
VolkovDmitri: bets $3
KALOTKOOO: raises $3 to $6
naspirkataa joins the table at seat #5
VolkovDmitri: calls $3
*** TURN *** [7c Qc Qd] [5d]
patrikskjold joins the table at seat #6
VolkovDmitri: checks
KALOTKOOO: bets $6
VolkovDmitri: folds
Uncalled bet ($6) returned to KALOTKOOO
KALOTKOOO collected $23.52 from pot
KALOTKOOO: doesn't show hand
*** SUMMARY ***
Total pot $24 | Rake $0.48
Board [7c Qc Qd 5d]
Seat 3: KALOTKOOO (button) (small blind) collected ($23.52)
Seat 4: VolkovDmitri (big blind) folded on the Turn


PokerStars Hand #174319063250:  Hold'em Limit ($3/$6 USD) - 2017/08/14 8:19:41 ET
Table 'Deneb II' 6-max Seat #5 is the button
Seat 5: naspirkataa ($74.50 in chips)
Seat 6: patrikskjold ($54.64 in chips)
naspirkataa: posts small blind $1
patrikskjold: posts big blind $3
*** HOLE CARDS ***
naspirkataa: raises $3 to $6
patrikskjold: calls $3
*** FLOP *** [6s 5d 2s]
patrikskjold: checks
naspirkataa: bets $3
patrikskjold: raises $3 to $6
KALOTKOOO joins the table at seat #3
naspirkataa: calls $3
*** TURN *** [6s 5d 2s] [9c]
patrikskjold: bets $6
naspirkataa: calls $6
*** RIVER *** [6s 5d 2s 9c] [Qs]
patrikskjold: bets $6
naspirkataa: calls $6
*** SHOW DOWN ***
patrikskjold: shows [8h 6d] (a pair of Sixes)
naspirkataa: shows [7s Qh] (a pair of Queens)
naspirkataa collected $47.50 from pot
*** SUMMARY ***
Total pot $48 | Rake $0.50
Board [6s 5d 2s 9c Qs]
Seat 5: naspirkataa (button) (small blind) showed [7s Qh] and won ($47.50) with a pair of Queens
Seat 6: patrikskjold (big blind) showed [8h 6d] and lost with a pair of Sixes


PokerStars Hand #174319048767:  Hold'em Limit ($3/$6 USD) - 2017/08/14 8:19:09 ET
Table 'Deneb II' 6-max Seat #6 is the button
Seat 5: naspirkataa ($55 in chips)
Seat 6: patrikskjold ($74.64 in chips)
patrikskjold: posts small blind $1
naspirkataa: posts big blind $3
*** HOLE CARDS ***
patrikskjold: raises $3 to $6
naspirkataa: raises $3 to $9
patrikskjold: calls $3
*** FLOP *** [2c 9h 3c]
naspirkataa: bets $3
patrikskjold: calls $3
*** TURN *** [2c 9h 3c] [Tc]
naspirkataa: bets $6
patrikskjold: calls $6
*** RIVER *** [2c 9h 3c Tc] [8c]
naspirkataa: bets $6
patrikskjold: calls $6
*** SHOW DOWN ***
naspirkataa: shows [Qd Qc] (a flush, Queen high)
patrikskjold: mucks hand
naspirkataa collected $47.50 from pot
*** SUMMARY ***
Total pot $48 | Rake $0.50
Board [2c 9h 3c Tc 8c]
Seat 5: naspirkataa (big blind) showed [Qd Qc] and won ($47.50) with a flush, Queen high
Seat 6: patrikskjold (button) (small blind) mucked


PokerStars Hand #174319057785:  Hold'em Limit ($3/$6 USD) - 2017/08/14 8:19:29 ET
Table 'Deneb II' 6-max Seat #5 is the button
Seat 5: naspirkataa ($78.50 in chips)
Seat 6: patrikskjold ($50.64 in chips)
naspirkataa: posts small blind $1
patrikskjold: posts big blind $3
*** HOLE CARDS ***
naspirkataa: folds
Uncalled bet ($2) returned to patrikskjold
patrikskjold collected $2 from pot
patrikskjold: doesn't show hand
*** SUMMARY ***
Total pot $2 | Rake $0
Seat 5: naspirkataa (button) (small blind) folded before Flop
Seat 6: patrikskjold (big blind) collected ($2)


PokerStars Hand #174319060006:  Hold'em Limit ($3/$6 USD) - 2017/08/14 8:19:34 ET
Table 'Deneb II' 6-max Seat #6 is the button
Seat 5: naspirkataa ($77.50 in chips)
Seat 6: patrikskjold ($51.64 in chips)
patrikskjold: posts small blind $1
naspirkataa: posts big blind $3
*** HOLE CARDS ***
patrikskjold: raises $3 to $6
naspirkataa: folds
Uncalled bet ($3) returned to patrikskjold
patrikskjold collected $6 from pot
patrikskjold: doesn't show hand
*** SUMMARY ***
Total pot $6 | Rake $0
Seat 5: naspirkataa (big blind) folded before Flop
Seat 6: patrikskjold (button) (small blind) collected ($6)


PokerStars Hand #174319041093:  Hold'em Limit ($3/$6 USD) - 2017/08/14 8:18:51 ET
Table 'Deneb II' 6-max Seat #5 is the button
Seat 5: naspirkataa ($64 in chips)
Seat 6: patrikskjold ($66 in chips)
naspirkataa: posts small blind $1
patrikskjold: posts big blind $3
*** HOLE CARDS ***
naspirkataa: raises $3 to $6
patrikskjold: calls $3
*** FLOP *** [Qh 2c Kh]
KALOTKOOO leaves the table
patrikskjold: checks
naspirkataa: bets $3
patrikskjold: raises $3 to $6
naspirkataa: folds
Uncalled bet ($3) returned to patrikskjold
patrikskjold collected $17.64 from pot
patrikskjold: doesn't show hand
*** SUMMARY ***
Total pot $18 | Rake $0.36
Board [Qh 2c Kh]
Seat 5: naspirkataa (button) (small blind) folded on the Flop
Seat 6: patrikskjold (big blind) collected ($17.64)


PokerStars Hand #174319201802:  Hold'em Limit ($3/$6 USD) - 2017/08/14 8:24:53 ET
Table 'Deneb II' 6-max Seat #5 is the button
Seat 5: naspirkataa ($55.35 in chips)
Seat 6: patrikskjold ($43.32 in chips)
naspirkataa: posts small blind $1
patrikskjold: posts big blind $3
*** HOLE CARDS ***
naspirkataa: folds
Uncalled bet ($2) returned to patrikskjold
patrikskjold collected $2 from pot
patrikskjold: doesn't show hand
*** SUMMARY ***
Total pot $2 | Rake $0
Seat 5: naspirkataa (button) (small blind) folded before Flop
Seat 6: patrikskjold (big blind) collected ($2)


PokerStars Hand #174319205280:  Hold'em Limit ($3/$6 USD) - 2017/08/14 8:25:01 ET
Table 'Deneb II' 6-max Seat #6 is the button
Seat 5: naspirkataa ($54.35 in chips)
Seat 6: patrikskjold ($44.32 in chips)
patrikskjold: posts small blind $1
naspirkataa: posts big blind $3
*** HOLE CARDS ***
patrikskjold: raises $3 to $6
naspirkataa: folds
Uncalled bet ($3) returned to patrikskjold
patrikskjold collected $6 from pot
patrikskjold: doesn't show hand
*** SUMMARY ***
Total pot $6 | Rake $0
Seat 5: naspirkataa (big blind) folded before Flop
Seat 6: patrikskjold (button) (small blind) collected ($6)


PokerStars Hand #174319216392:  Hold'em Limit ($3/$6 USD) - 2017/08/14 8:25:26 ET
Table 'Deneb II' 6-max Seat #6 is the button
Seat 5: naspirkataa ($39.35 in chips)
Seat 6: patrikskjold ($58.84 in chips)
patrikskjold: posts small blind $1
naspirkataa: posts big blind $3
*** HOLE CARDS ***
patrikskjold: raises $3 to $6
naspirkataa: folds
Uncalled bet ($3) returned to patrikskjold
patrikskjold collected $6 from pot
patrikskjold: doesn't show hand
*** SUMMARY ***
Total pot $6 | Rake $0
Seat 5: naspirkataa (big blind) folded before Flop
Seat 6: patrikskjold (button) (small blind) collected ($6)


PokerStars Hand #174319208681:  Hold'em Limit ($3/$6 USD) - 2017/08/14 8:25:09 ET
Table 'Deneb II' 6-max Seat #5 is the button
Seat 5: naspirkataa ($51.35 in chips)
Seat 6: patrikskjold ($47.32 in chips)
naspirkataa: posts small blind $1
patrikskjold: posts big blind $3
*** HOLE CARDS ***
naspirkataa: raises $3 to $6
patrikskjold: raises $3 to $9
naspirkataa: calls $3
*** FLOP *** [Qs Ac Tc]
patrikskjold: bets $3
naspirkataa: calls $3
*** TURN *** [Qs Ac Tc] [6h]
patrikskjold: checks
naspirkataa: checks
*** RIVER *** [Qs Ac Tc 6h] [8s]
patrikskjold: checks
naspirkataa: checks
*** SHOW DOWN ***
patrikskjold: shows [7s 6s] (a pair of Sixes)
naspirkataa: mucks hand
patrikskjold collected $23.52 from pot
*** SUMMARY ***
Total pot $24 | Rake $0.48
Board [Qs Ac Tc 6h 8s]
Seat 5: naspirkataa (button) (small blind) mucked
Seat 6: patrikskjold (big blind) showed [7s 6s] and won ($23.52) with a pair of Sixes


PokerStars Hand #174319226892:  Hold'em Limit ($3/$6 USD) - 2017/08/14 8:25:50 ET
Table 'Deneb II' 6-max Seat #6 is the button
Seat 5: naspirkataa ($104.99 in chips)
Seat 6: patrikskjold ($52.84 in chips)
patrikskjold: posts small blind $1
naspirkataa: posts big blind $3
*** HOLE CARDS ***
patrikskjold: raises $3 to $6
naspirkataa: folds
Uncalled bet ($3) returned to patrikskjold
patrikskjold collected $6 from pot
patrikskjold: doesn't show hand
*** SUMMARY ***
Total pot $6 | Rake $0
Seat 5: naspirkataa (big blind) folded before Flop
Seat 6: patrikskjold (button) (small blind) collected ($6)


PokerStars Hand #174319218999:  Hold'em Limit ($3/$6 USD) - 2017/08/14 8:25:32 ET
Table 'Deneb II' 6-max Seat #5 is the button
Seat 5: naspirkataa ($36.35 in chips)
Seat 6: patrikskjold ($61.84 in chips)
naspirkataa: posts small blind $1
patrikskjold: posts big blind $3
*** HOLE CARDS ***
naspirkataa: raises $3 to $6
patrikskjold: calls $3
*** FLOP *** [5d 6s 2c]
patrikskjold: checks
naspirkataa: bets $3
patrikskjold: calls $3
*** TURN *** [5d 6s 2c] [Tc]
patrikskjold: checks
naspirkataa: bets $6
patrikskjold: folds
Uncalled bet ($6) returned to naspirkataa
naspirkataa collected $17.64 from pot
*** SUMMARY ***
Total pot $18 | Rake $0.36
Board [5d 6s 2c Tc]
Seat 5: naspirkataa (button) (small blind) collected ($17.64)
Seat 6: patrikskjold (big blind) folded on the Turn


PokerStars Hand #174319229420:  Hold'em Limit ($3/$6 USD) - 2017/08/14 8:25:55 ET
Table 'Deneb II' 6-max Seat #5 is the button
Seat 5: naspirkataa ($101.99 in chips)
Seat 6: patrikskjold ($55.84 in chips)
naspirkataa: posts small blind $1
patrikskjold: posts big blind $3
*** HOLE CARDS ***
naspirkataa: raises $3 to $6
patrikskjold: calls $3
*** FLOP *** [9s Qh Ah]
patrikskjold: checks
naspirkataa: bets $3
patrikskjold: calls $3
*** TURN *** [9s Qh Ah] [Kd]
patrikskjold: checks
naspirkataa: bets $6
patrikskjold: raises $6 to $12
naspirkataa: folds
Uncalled bet ($6) returned to patrikskjold
patrikskjold collected $29.50 from pot
patrikskjold: doesn't show hand
*** SUMMARY ***
Total pot $30 | Rake $0.50
Board [9s Qh Ah Kd]
Seat 5: naspirkataa (button) (small blind) folded on the Turn
Seat 6: patrikskjold (big blind) collected ($29.50)


PokerStars Hand #174319244957:  Hold'em Limit ($3/$6 USD) - 2017/08/14 8:26:30 ET
Table 'Deneb II' 6-max Seat #5 is the button
Seat 5: naspirkataa ($80.99 in chips)
Seat 6: patrikskjold ($76.10 in chips)
naspirkataa: posts small blind $1
patrikskjold: posts big blind $3
*** HOLE CARDS ***
naspirkataa: raises $3 to $6
patrikskjold: calls $3
*** FLOP *** [3h Th 7h]
patrikskjold: checks
naspirkataa: checks
*** TURN *** [3h Th 7h] [9c]
patrikskjold: bets $6
naspirkataa: folds
Uncalled bet ($6) returned to patrikskjold
patrikskjold collected $11.76 from pot
patrikskjold: doesn't show hand
*** SUMMARY ***
Total pot $12 | Rake $0.24
Board [3h Th 7h 9c]
Seat 5: naspirkataa (button) (small blind) folded on the Turn
Seat 6: patrikskjold (big blind) collected ($11.76)


PokerStars Hand #174319237534:  Hold'em Limit ($3/$6 USD) - 2017/08/14 8:26:14 ET
Table 'Deneb II' 6-max Seat #6 is the button
Seat 5: naspirkataa ($86.99 in chips)
Seat 6: patrikskjold ($70.34 in chips)
patrikskjold: posts small blind $1
naspirkataa: posts big blind $3
*** HOLE CARDS ***
patrikskjold: raises $3 to $6
naspirkataa: calls $3
*** FLOP *** [4s Tc Kc]
naspirkataa: checks
patrikskjold: checks
*** TURN *** [4s Tc Kc] [6s]
naspirkataa: checks
patrikskjold: bets $6
naspirkataa: folds
Uncalled bet ($6) returned to patrikskjold
patrikskjold collected $11.76 from pot
patrikskjold: doesn't show hand
*** SUMMARY ***
Total pot $12 | Rake $0.24
Board [4s Tc Kc 6s]
Seat 5: naspirkataa (big blind) folded on the Turn
Seat 6: patrikskjold (button) (small blind) collected ($11.76)


PokerStars Hand #174319257608:  Hold'em Limit ($3/$6 USD) - 2017/08/14 8:26:58 ET
Table 'Deneb II' 6-max Seat #5 is the button
Seat 5: naspirkataa ($65.99 in chips)
Seat 6: patrikskjold ($90.50 in chips)
naspirkataa: posts small blind $1
patrikskjold: posts big blind $3
*** HOLE CARDS ***
naspirkataa: raises $3 to $6
patrikskjold: calls $3
*** FLOP *** [3s 9s 6h]
patrikskjold: checks
naspirkataa: bets $3
patrikskjold: raises $3 to $6
naspirkataa: calls $3
*** TURN *** [3s 9s 6h] [8s]
patrikskjold: bets $6
naspirkataa: calls $6
*** RIVER *** [3s 9s 6h 8s] [5d]
patrikskjold: bets $6
naspirkataa: raises $6 to $12
patrikskjold: folds
Uncalled bet ($6) returned to naspirkataa
naspirkataa collected $47.50 from pot
*** SUMMARY ***
Total pot $48 | Rake $0.50
Board [3s 9s 6h 8s 5d]
Seat 5: naspirkataa (button) (small blind) collected ($47.50)
Seat 6: patrikskjold (big blind) folded on the River


PokerStars Hand #174319274201:  Hold'em Limit ($3/$6 USD) - 2017/08/14 8:27:35 ET
Table 'Deneb II' 6-max Seat #5 is the button
Seat 5: naspirkataa ($80.49 in chips)
Seat 6: patrikskjold ($75.14 in chips)
naspirkataa: posts small blind $1
patrikskjold: posts big blind $3
*** HOLE CARDS ***
naspirkataa: raises $3 to $6
patrikskjold: calls $3
*** FLOP *** [Th Jc Td]
patrikskjold: checks
naspirkataa: bets $3
patrikskjold: calls $3
*** TURN *** [Th Jc Td] [2s]
patrikskjold: checks
naspirkataa: bets $6
patrikskjold: folds
Uncalled bet ($6) returned to naspirkataa
naspirkataa collected $17.64 from pot
*** SUMMARY ***
Total pot $18 | Rake $0.36
Board [Th Jc Td 2s]
Seat 5: naspirkataa (button) (small blind) collected ($17.64)
Seat 6: patrikskjold (big blind) folded on the Turn


PokerStars Hand #174319283283:  Hold'em Limit ($3/$6 USD) - 2017/08/14 8:27:55 ET
Table 'Deneb II' 6-max Seat #5 is the button
Seat 5: naspirkataa ($86.13 in chips)
Seat 6: patrikskjold ($69.14 in chips)
naspirkataa: posts small blind $1
patrikskjold: posts big blind $3
*** HOLE CARDS ***
naspirkataa: folds
Uncalled bet ($2) returned to patrikskjold
patrikskjold collected $2 from pot
patrikskjold: doesn't show hand
*** SUMMARY ***
Total pot $2 | Rake $0
Seat 5: naspirkataa (button) (small blind) folded before Flop
Seat 6: patrikskjold (big blind) collected ($2)


PokerStars Hand #174319280569:  Hold'em Limit ($3/$6 USD) - 2017/08/14 8:27:49 ET
Table 'Deneb II' 6-max Seat #6 is the button
Seat 5: naspirkataa ($89.13 in chips)
Seat 6: patrikskjold ($66.14 in chips)
patrikskjold: posts small blind $1
naspirkataa: posts big blind $3
*** HOLE CARDS ***
patrikskjold: raises $3 to $6
naspirkataa: folds
Uncalled bet ($3) returned to patrikskjold
patrikskjold collected $6 from pot
patrikskjold: doesn't show hand
*** SUMMARY ***
Total pot $6 | Rake $0
Seat 5: naspirkataa (big blind) folded before Flop
Seat 6: patrikskjold (button) (small blind) collected ($6)


PokerStars Hand #174319299270:  Hold'em Limit ($3/$6 USD) - 2017/08/14 8:28:30 ET
Table 'Deneb II' 6-max Seat #5 is the button
Seat 5: naspirkataa ($70.13 in chips)
Seat 6: patrikskjold ($84.78 in chips)
naspirkataa: posts small blind $1
patrikskjold: posts big blind $3
*** HOLE CARDS ***
naspirkataa: raises $3 to $6
patrikskjold: calls $3
*** FLOP *** [3d 2d Qd]
patrikskjold: checks
naspirkataa: bets $3
patrikskjold: calls $3
*** TURN *** [3d 2d Qd] [2s]
patrikskjold: checks
naspirkataa: bets $6
patrikskjold: folds
Uncalled bet ($6) returned to naspirkataa
naspirkataa collected $17.64 from pot
*** SUMMARY ***
Total pot $18 | Rake $0.36
Board [3d 2d Qd 2s]
Seat 5: naspirkataa (button) (small blind) collected ($17.64)
Seat 6: patrikskjold (big blind) folded on the Turn


PokerStars Hand #174319288653:  Hold'em Limit ($3/$6 USD) - 2017/08/14 8:28:06 ET
Table 'Deneb II' 6-max Seat #5 is the button
Seat 5: naspirkataa ($82.13 in chips)
Seat 6: patrikskjold ($73.14 in chips)
naspirkataa: posts small blind $1
patrikskjold: posts big blind $3
*** HOLE CARDS ***
naspirkataa: raises $3 to $6
patrikskjold: calls $3
*** FLOP *** [Kh 4h Kd]
patrikskjold: checks
naspirkataa: bets $3
patrikskjold: calls $3
*** TURN *** [Kh 4h Kd] [As]
patrikskjold: checks
naspirkataa: checks
*** RIVER *** [Kh 4h Kd As] [Td]
patrikskjold: checks
naspirkataa: checks
*** SHOW DOWN ***
patrikskjold: shows [Jc Th] (two pair, Kings and Tens)
naspirkataa: mucks hand
patrikskjold collected $17.64 from pot
*** SUMMARY ***
Total pot $18 | Rake $0.36
Board [Kh 4h Kd As Td]
Seat 5: naspirkataa (button) (small blind) mucked
Seat 6: patrikskjold (big blind) showed [Jc Th] and won ($17.64) with two pair, Kings and Tens


PokerStars Hand #174319295620:  Hold'em Limit ($3/$6 USD) - 2017/08/14 8:28:22 ET
Table 'Deneb II' 6-max Seat #6 is the button
Seat 5: naspirkataa ($73.13 in chips)
Seat 6: patrikskjold ($81.78 in chips)
patrikskjold: posts small blind $1
naspirkataa: posts big blind $3
*** HOLE CARDS ***
patrikskjold: raises $3 to $6
naspirkataa: folds
Uncalled bet ($3) returned to patrikskjold
patrikskjold collected $6 from pot
patrikskjold: doesn't show hand
*** SUMMARY ***
Total pot $6 | Rake $0
Seat 5: naspirkataa (big blind) folded before Flop
Seat 6: patrikskjold (button) (small blind) collected ($6)


PokerStars Hand #174319285845:  Hold'em Limit ($3/$6 USD) - 2017/08/14 8:28:00 ET
Table 'Deneb II' 6-max Seat #6 is the button
Seat 5: naspirkataa ($85.13 in chips)
Seat 6: patrikskjold ($70.14 in chips)
patrikskjold: posts small blind $1
naspirkataa: posts big blind $3
*** HOLE CARDS ***
patrikskjold: raises $3 to $6
naspirkataa: folds
Uncalled bet ($3) returned to patrikskjold
patrikskjold collected $6 from pot
patrikskjold: doesn't show hand
*** SUMMARY ***
Total pot $6 | Rake $0
Seat 5: naspirkataa (big blind) folded before Flop
Seat 6: patrikskjold (button) (small blind) collected ($6)


PokerStars Hand #174319304986:  Hold'em Limit ($3/$6 USD) - 2017/08/14 8:28:42 ET
Table 'Deneb II' 6-max Seat #6 is the button
Seat 5: naspirkataa ($78.77 in chips)
Seat 6: patrikskjold ($75.78 in chips)
patrikskjold: posts small blind $1
naspirkataa: posts big blind $3
*** HOLE CARDS ***
patrikskjold: folds
Uncalled bet ($2) returned to naspirkataa
naspirkataa collected $2 from pot
*** SUMMARY ***
Total pot $2 | Rake $0
Seat 5: naspirkataa (big blind) collected ($2)
Seat 6: patrikskjold (button) (small blind) folded before Flop


PokerStars Hand #174319310166:  Hold'em Limit ($3/$6 USD) - 2017/08/14 8:28:53 ET
Table 'Deneb II' 6-max Seat #6 is the button
Seat 5: naspirkataa ($78.77 in chips)
Seat 6: patrikskjold ($75.78 in chips)
patrikskjold: posts small blind $1
naspirkataa: posts big blind $3
*** HOLE CARDS ***
patrikskjold: raises $3 to $6
naspirkataa: folds
Uncalled bet ($3) returned to patrikskjold
patrikskjold collected $6 from pot
patrikskjold: doesn't show hand
*** SUMMARY ***
Total pot $6 | Rake $0
Seat 5: naspirkataa (big blind) folded before Flop
Seat 6: patrikskjold (button) (small blind) collected ($6)


PokerStars Hand #174319307043:  Hold'em Limit ($3/$6 USD) - 2017/08/14 8:28:47 ET
Table 'Deneb II' 6-max Seat #5 is the button
Seat 5: naspirkataa ($79.77 in chips)
Seat 6: patrikskjold ($74.78 in chips)
naspirkataa: posts small blind $1
patrikskjold: posts big blind $3
*** HOLE CARDS ***
naspirkataa: folds
Uncalled bet ($2) returned to patrikskjold
patrikskjold collected $2 from pot
patrikskjold: doesn't show hand
*** SUMMARY ***
Total pot $2 | Rake $0
Seat 5: naspirkataa (button) (small blind) folded before Flop
Seat 6: patrikskjold (big blind) collected ($2)


PokerStars Hand #174319313227:  Hold'em Limit ($3/$6 USD) - 2017/08/14 8:29:00 ET
Table 'Deneb II' 6-max Seat #5 is the button
Seat 5: naspirkataa ($75.77 in chips)
Seat 6: patrikskjold ($78.78 in chips)
naspirkataa: posts small blind $1
patrikskjold: posts big blind $3
*** HOLE CARDS ***
naspirkataa: raises $3 to $6
patrikskjold: folds
Uncalled bet ($3) returned to naspirkataa
naspirkataa collected $6 from pot
*** SUMMARY ***
Total pot $6 | Rake $0
Seat 5: naspirkataa (button) (small blind) collected ($6)
Seat 6: patrikskjold (big blind) folded before Flop


PokerStars Hand #174319324650:  Hold'em Limit ($3/$6 USD) - 2017/08/14 8:29:25 ET
Table 'Deneb II' 6-max Seat #5 is the button
Seat 5: naspirkataa ($102.27 in chips)
Seat 6: patrikskjold ($51.78 in chips)
naspirkataa: posts small blind $1
patrikskjold: posts big blind $3
*** HOLE CARDS ***
naspirkataa: folds
Uncalled bet ($2) returned to patrikskjold
patrikskjold collected $2 from pot
patrikskjold: doesn't show hand
*** SUMMARY ***
Total pot $2 | Rake $0
Seat 5: naspirkataa (button) (small blind) folded before Flop
Seat 6: patrikskjold (big blind) collected ($2)


PokerStars Hand #174319317023:  Hold'em Limit ($3/$6 USD) - 2017/08/14 8:29:09 ET
Table 'Deneb II' 6-max Seat #6 is the button
Seat 5: naspirkataa ($78.77 in chips)
Seat 6: patrikskjold ($75.78 in chips)
patrikskjold: posts small blind $1
naspirkataa: posts big blind $3
*** HOLE CARDS ***
patrikskjold: raises $3 to $6
naspirkataa: calls $3
*** FLOP *** [4h 3s Qh]
naspirkataa: checks
patrikskjold: bets $3
naspirkataa: raises $3 to $6
patrikskjold: calls $3
*** TURN *** [4h 3s Qh] [Kh]
naspirkataa: bets $6
patrikskjold: calls $6
*** RIVER *** [4h 3s Qh Kh] [7h]
naspirkataa: bets $6
patrikskjold: calls $6
*** SHOW DOWN ***
naspirkataa: shows [8h 9h] (a flush, King high)
patrikskjold: mucks hand
naspirkataa collected $47.50 from pot
*** SUMMARY ***
Total pot $48 | Rake $0.50
Board [4h 3s Qh Kh 7h]
Seat 5: naspirkataa (big blind) showed [8h 9h] and won ($47.50) with a flush, King high
Seat 6: patrikskjold (button) (small blind) mucked


