PokerStars Hand #172794135202:  Hold'em Limit ($3/$6 USD) - 2017/07/09 4:16:48 ET
Table 'Desagneauxa' 6-max Seat #1 is the button
Seat 1: HCOOG5 ($120 in chips)
Seat 4: VolkovDmitri ($120 in chips)
HCOOG5: posts small blind $1
VolkovDmitri: posts big blind $3
*** HOLE CARDS ***
HCOOG5: raises $3 to $6
VolkovDmitri: calls $3
*** FLOP *** [7c Th 3s]
VolkovDmitri: checks
HCOOG5: bets $3
VolkovDmitri: folds
Uncalled bet ($3) returned to HCOOG5
HCOOG5 collected $11.76 from pot
HCOOG5: doesn't show hand
*** SUMMARY ***
Total pot $12 | Rake $0.24
Board [7c Th 3s]
Seat 1: HCOOG5 (button) (small blind) collected ($11.76)
Seat 4: VolkovDmitri (big blind) folded on the Flop


PokerStars Hand #172794159842:  Hold'em Limit ($3/$6 USD) - 2017/07/09 4:18:00 ET
Table 'Desagneauxa' 6-max Seat #1 is the button
Seat 1: HCOOG5 ($116.76 in chips)
Seat 4: VolkovDmitri ($128.64 in chips)
HCOOG5: posts small blind $1
VolkovDmitri: posts big blind $3
*** HOLE CARDS ***
HCOOG5: folds
Uncalled bet ($2) returned to VolkovDmitri
VolkovDmitri collected $2 from pot
*** SUMMARY ***
Total pot $2 | Rake $0
Seat 1: HCOOG5 (button) (small blind) folded before Flop
Seat 4: VolkovDmitri (big blind) collected ($2)


PokerStars Hand #172794147351:  Hold'em Limit ($3/$6 USD) - 2017/07/09 4:17:24 ET
Table 'Desagneauxa' 6-max Seat #4 is the button
Seat 1: HCOOG5 ($125.76 in chips)
Seat 4: VolkovDmitri ($120 in chips)
VolkovDmitri: posts small blind $1
HCOOG5: posts big blind $3
*** HOLE CARDS ***
VolkovDmitri: raises $3 to $6
HCOOG5: calls $3
*** FLOP *** [Td 8c 4d]
HCOOG5: checks
VolkovDmitri: bets $3
HCOOG5: calls $3
*** TURN *** [Td 8c 4d] [Qc]
HCOOG5: checks
VolkovDmitri: bets $6
HCOOG5: folds
Uncalled bet ($6) returned to VolkovDmitri
VolkovDmitri collected $17.64 from pot
VolkovDmitri: doesn't show hand
*** SUMMARY ***
Total pot $18 | Rake $0.36
Board [Td 8c 4d Qc]
Seat 1: HCOOG5 (big blind) folded on the Turn
Seat 4: VolkovDmitri (button) (small blind) collected ($17.64)


PokerStars Hand #172794173723:  Hold'em Limit ($3/$6 USD) - 2017/07/09 4:18:42 ET
Table 'Desagneauxa' 6-max Seat #1 is the button
Seat 1: HCOOG5 ($124.40 in chips)
Seat 4: VolkovDmitri ($120.64 in chips)
HCOOG5: posts small blind $1
VolkovDmitri: posts big blind $3
*** HOLE CARDS ***
HCOOG5: folds
Uncalled bet ($2) returned to VolkovDmitri
VolkovDmitri collected $2 from pot
VolkovDmitri: doesn't show hand
*** SUMMARY ***
Total pot $2 | Rake $0
Seat 1: HCOOG5 (button) (small blind) folded before Flop
Seat 4: VolkovDmitri (big blind) collected ($2)


PokerStars Hand #172794161445:  Hold'em Limit ($3/$6 USD) - 2017/07/09 4:18:05 ET
Table 'Desagneauxa' 6-max Seat #4 is the button
Seat 1: HCOOG5 ($115.76 in chips)
Seat 4: VolkovDmitri ($129.64 in chips)
VolkovDmitri: posts small blind $1
HCOOG5: posts big blind $3
*** HOLE CARDS ***
VolkovDmitri: raises $3 to $6
HCOOG5: calls $3
*** FLOP *** [5s 3s Qh]
HCOOG5: checks
VolkovDmitri: bets $3
HCOOG5: calls $3
*** TURN *** [5s 3s Qh] [Jh]
HCOOG5: checks
VolkovDmitri: checks
*** RIVER *** [5s 3s Qh Jh] [5d]
HCOOG5: bets $6
VolkovDmitri: folds
Uncalled bet ($6) returned to HCOOG5
HCOOG5 collected $17.64 from pot
HCOOG5: doesn't show hand
*** SUMMARY ***
Total pot $18 | Rake $0.36
Board [5s 3s Qh Jh 5d]
Seat 1: HCOOG5 (big blind) collected ($17.64)
Seat 4: VolkovDmitri (button) (small blind) folded on the River


PokerStars Hand #172794176061:  Hold'em Limit ($3/$6 USD) - 2017/07/09 4:18:49 ET
Table 'Desagneauxa' 6-max Seat #4 is the button
Seat 1: HCOOG5 ($123.40 in chips)
Seat 4: VolkovDmitri ($121.64 in chips)
VolkovDmitri: posts small blind $1
HCOOG5: posts big blind $3
*** HOLE CARDS ***
VolkovDmitri: raises $3 to $6
HCOOG5: calls $3
*** FLOP *** [7c Th 4s]
HCOOG5: bets $3
VolkovDmitri: calls $3
*** TURN *** [7c Th 4s] [As]
HCOOG5: bets $6
VolkovDmitri: raises $6 to $12
HCOOG5: calls $6
*** RIVER *** [7c Th 4s As] [2s]
HCOOG5: checks
VolkovDmitri: bets $6
HCOOG5: calls $6
*** SHOW DOWN ***
VolkovDmitri: shows [Ac Qc] (a pair of Aces)
HCOOG5: mucks hand
VolkovDmitri collected $53.50 from pot
*** SUMMARY ***
Total pot $54 | Rake $0.50
Board [7c Th 4s As 2s]
Seat 1: HCOOG5 (big blind) mucked
Seat 4: VolkovDmitri (button) (small blind) showed [Ac Qc] and won ($53.50) with a pair of Aces


PokerStars Hand #172794196493:  Hold'em Limit ($3/$6 USD) - 2017/07/09 4:19:49 ET
Table 'Desagneauxa' 6-max Seat #4 is the button
Seat 1: HCOOG5 ($87.40 in chips)
Seat 4: VolkovDmitri ($156.78 in chips)
VolkovDmitri: posts small blind $1
HCOOG5: posts big blind $3
*** HOLE CARDS ***
VolkovDmitri: raises $3 to $6
HCOOG5: calls $3
*** FLOP *** [4d 6s Ah]
HCOOG5: checks
VolkovDmitri: bets $3
HCOOG5: calls $3
*** TURN *** [4d 6s Ah] [Kc]
HCOOG5: checks
VolkovDmitri: checks
*** RIVER *** [4d 6s Ah Kc] [8s]
HCOOG5: bets $6
VolkovDmitri: calls $6
*** SHOW DOWN ***
HCOOG5: shows [Ac 2s] (a pair of Aces)
VolkovDmitri: mucks hand
HCOOG5 collected $29.50 from pot
*** SUMMARY ***
Total pot $30 | Rake $0.50
Board [4d 6s Ah Kc 8s]
Seat 1: HCOOG5 (big blind) showed [Ac 2s] and won ($29.50) with a pair of Aces
Seat 4: VolkovDmitri (button) (small blind) mucked


PokerStars Hand #172794189752:  Hold'em Limit ($3/$6 USD) - 2017/07/09 4:19:29 ET
Table 'Desagneauxa' 6-max Seat #1 is the button
Seat 1: HCOOG5 ($96.40 in chips)
Seat 4: VolkovDmitri ($148.14 in chips)
HCOOG5: posts small blind $1
VolkovDmitri: posts big blind $3
*** HOLE CARDS ***
HCOOG5: raises $3 to $6
VolkovDmitri: raises $3 to $9
HCOOG5: calls $3
*** FLOP *** [Qh 3h 8s]
VolkovDmitri: bets $3
HCOOG5: folds
Uncalled bet ($3) returned to VolkovDmitri
VolkovDmitri collected $17.64 from pot
VolkovDmitri: doesn't show hand
*** SUMMARY ***
Total pot $18 | Rake $0.36
Board [Qh 3h 8s]
Seat 1: HCOOG5 (button) (small blind) folded on the Flop
Seat 4: VolkovDmitri (big blind) collected ($17.64)


PokerStars Hand #172794228087:  Hold'em Limit ($3/$6 USD) - 2017/07/09 4:21:23 ET
Table 'Desagneauxa' 6-max Seat #1 is the button
Seat 1: HCOOG5 ($101.66 in chips)
Seat 4: VolkovDmitri ($141.54 in chips)
HCOOG5: posts small blind $1
VolkovDmitri: posts big blind $3
*** HOLE CARDS ***
HCOOG5: folds
Uncalled bet ($2) returned to VolkovDmitri
VolkovDmitri collected $2 from pot
VolkovDmitri: doesn't show hand
*** SUMMARY ***
Total pot $2 | Rake $0
Seat 1: HCOOG5 (button) (small blind) folded before Flop
Seat 4: VolkovDmitri (big blind) collected ($2)


PokerStars Hand #172794219105:  Hold'em Limit ($3/$6 USD) - 2017/07/09 4:20:57 ET
Table 'Desagneauxa' 6-max Seat #4 is the button
Seat 1: HCOOG5 ($107.66 in chips)
Seat 4: VolkovDmitri ($135.78 in chips)
VolkovDmitri: posts small blind $1
HCOOG5: posts big blind $3
*** HOLE CARDS ***
VolkovDmitri: raises $3 to $6
HCOOG5: calls $3
*** FLOP *** [9h 6h 8d]
HCOOG5: checks
VolkovDmitri: checks
*** TURN *** [9h 6h 8d] [Tc]
HCOOG5: checks
VolkovDmitri: bets $6
HCOOG5: folds
Uncalled bet ($6) returned to VolkovDmitri
VolkovDmitri collected $11.76 from pot
VolkovDmitri: doesn't show hand
*** SUMMARY ***
Total pot $12 | Rake $0.24
Board [9h 6h 8d Tc]
Seat 1: HCOOG5 (big blind) folded on the Turn
Seat 4: VolkovDmitri (button) (small blind) collected ($11.76)


PokerStars Hand #172794211390:  Hold'em Limit ($3/$6 USD) - 2017/07/09 4:20:34 ET
Table 'Desagneauxa' 6-max Seat #1 is the button
Seat 1: HCOOG5 ($101.90 in chips)
Seat 4: VolkovDmitri ($141.78 in chips)
HCOOG5: posts small blind $1
VolkovDmitri: posts big blind $3
*** HOLE CARDS ***
HCOOG5: raises $3 to $6
VolkovDmitri: calls $3
*** FLOP *** [4s Kc 9h]
VolkovDmitri: checks
HCOOG5: bets $3
VolkovDmitri: folds
Uncalled bet ($3) returned to HCOOG5
HCOOG5 collected $11.76 from pot
HCOOG5: doesn't show hand
*** SUMMARY ***
Total pot $12 | Rake $0.24
Board [4s Kc 9h]
Seat 1: HCOOG5 (button) (small blind) collected ($11.76)
Seat 4: VolkovDmitri (big blind) folded on the Flop


PokerStars Hand #172794229520:  Hold'em Limit ($3/$6 USD) - 2017/07/09 4:21:27 ET
Table 'Desagneauxa' 6-max Seat #4 is the button
Seat 1: HCOOG5 ($100.66 in chips)
Seat 4: VolkovDmitri ($142.54 in chips)
VolkovDmitri: posts small blind $1
HCOOG5: posts big blind $3
*** HOLE CARDS ***
VolkovDmitri: raises $3 to $6
HCOOG5: calls $3
*** FLOP *** [Qs Jd 3d]
HCOOG5: bets $3
VolkovDmitri: calls $3
*** TURN *** [Qs Jd 3d] [2h]
HCOOG5: checks
VolkovDmitri: checks
*** RIVER *** [Qs Jd 3d 2h] [8c]
HCOOG5: bets $6
VolkovDmitri: calls $6
*** SHOW DOWN ***
HCOOG5: shows [8d As] (a pair of Eights)
VolkovDmitri: mucks hand
HCOOG5 collected $29.50 from pot
*** SUMMARY ***
Total pot $30 | Rake $0.50
Board [Qs Jd 3d 2h 8c]
Seat 1: HCOOG5 (big blind) showed [8d As] and won ($29.50) with a pair of Eights
Seat 4: VolkovDmitri (button) (small blind) mucked


PokerStars Hand #172794251732:  Hold'em Limit ($3/$6 USD) - 2017/07/09 4:22:33 ET
Table 'Desagneauxa' 6-max Seat #1 is the button
Seat 1: HCOOG5 ($115.16 in chips)
Seat 4: VolkovDmitri ($127.54 in chips)
HCOOG5: posts small blind $1
VolkovDmitri: posts big blind $3
*** HOLE CARDS ***
HCOOG5: raises $3 to $6
VolkovDmitri: raises $3 to $9
HCOOG5: calls $3
*** FLOP *** [Jc 4c 4s]
VolkovDmitri: bets $3
HCOOG5: raises $3 to $6
VolkovDmitri: folds
Uncalled bet ($3) returned to HCOOG5
HCOOG5 collected $23.52 from pot
HCOOG5: doesn't show hand
*** SUMMARY ***
Total pot $24 | Rake $0.48
Board [Jc 4c 4s]
Seat 1: HCOOG5 (button) (small blind) collected ($23.52)
Seat 4: VolkovDmitri (big blind) folded on the Flop


PokerStars Hand #172794275115:  Hold'em Limit ($3/$6 USD) - 2017/07/09 4:23:42 ET
Table 'Desagneauxa' 6-max Seat #1 is the button
Seat 1: HCOOG5 ($117.68 in chips)
Seat 4: VolkovDmitri ($128.64 in chips)
HCOOG5: posts small blind $1
VolkovDmitri: posts big blind $3
*** HOLE CARDS ***
HCOOG5: raises $3 to $6
VolkovDmitri: raises $3 to $9
HCOOG5: calls $3
*** FLOP *** [Ac Js Kh]
VolkovDmitri: bets $3
HCOOG5: calls $3
*** TURN *** [Ac Js Kh] [Tc]
VolkovDmitri: bets $6
HCOOG5: calls $6
*** RIVER *** [Ac Js Kh Tc] [Th]
VolkovDmitri: bets $6
HCOOG5: calls $6
*** SHOW DOWN ***
VolkovDmitri: shows [Qd Kd] (a straight, Ten to Ace)
HCOOG5: mucks hand
VolkovDmitri collected $47.50 from pot
*** SUMMARY ***
Total pot $48 | Rake $0.50
Board [Ac Js Kh Tc Th]
Seat 1: HCOOG5 (button) (small blind) mucked
Seat 4: VolkovDmitri (big blind) showed [Qd Kd] and won ($47.50) with a straight, Ten to Ace


PokerStars Hand #172794266144:  Hold'em Limit ($3/$6 USD) - 2017/07/09 4:23:15 ET
Table 'Desagneauxa' 6-max Seat #4 is the button
Seat 1: HCOOG5 ($126.68 in chips)
Seat 4: VolkovDmitri ($120 in chips)
VolkovDmitri: posts small blind $1
HCOOG5: posts big blind $3
*** HOLE CARDS ***
VolkovDmitri: raises $3 to $6
HCOOG5: calls $3
*** FLOP *** [Tc 9h Kd]
HCOOG5: checks
VolkovDmitri: bets $3
HCOOG5: calls $3
*** TURN *** [Tc 9h Kd] [Td]
HCOOG5: checks
VolkovDmitri: checks
*** RIVER *** [Tc 9h Kd Td] [Qd]
HCOOG5: checks
VolkovDmitri: checks
*** SHOW DOWN ***
HCOOG5: shows [7d Qh] (two pair, Queens and Tens)
VolkovDmitri: shows [7h Kc] (two pair, Kings and Tens)
VolkovDmitri collected $17.64 from pot
*** SUMMARY ***
Total pot $18 | Rake $0.36
Board [Tc 9h Kd Td Qd]
Seat 1: HCOOG5 (big blind) showed [7d Qh] and lost with two pair, Queens and Tens
Seat 4: VolkovDmitri (button) (small blind) showed [7h Kc] and won ($17.64) with two pair, Kings and Tens


PokerStars Hand #172794284796:  Hold'em Limit ($3/$6 USD) - 2017/07/09 4:24:10 ET
Table 'Desagneauxa' 6-max Seat #4 is the button
Seat 1: HCOOG5 ($93.68 in chips)
Seat 4: VolkovDmitri ($152.14 in chips)
VolkovDmitri: posts small blind $1
HCOOG5: posts big blind $3
*** HOLE CARDS ***
VolkovDmitri: raises $3 to $6
HCOOG5: calls $3
*** FLOP *** [Qd Ac 8h]
HCOOG5: checks
VolkovDmitri: bets $3
HCOOG5: folds
Uncalled bet ($3) returned to VolkovDmitri
VolkovDmitri collected $11.76 from pot
VolkovDmitri: doesn't show hand
*** SUMMARY ***
Total pot $12 | Rake $0.24
Board [Qd Ac 8h]
Seat 1: HCOOG5 (big blind) folded on the Flop
Seat 4: VolkovDmitri (button) (small blind) collected ($11.76)


PokerStars Hand #172794299047:  Hold'em Limit ($3/$6 USD) - 2017/07/09 4:24:52 ET
Table 'Desagneauxa' 6-max Seat #4 is the button
Seat 1: HCOOG5 ($93.44 in chips)
Seat 4: VolkovDmitri ($151.90 in chips)
VolkovDmitri: posts small blind $1
HCOOG5: posts big blind $3
*** HOLE CARDS ***
VolkovDmitri: folds
Uncalled bet ($2) returned to HCOOG5
HCOOG5 collected $2 from pot
HCOOG5: doesn't show hand
*** SUMMARY ***
Total pot $2 | Rake $0
Seat 1: HCOOG5 (big blind) collected ($2)
Seat 4: VolkovDmitri (button) (small blind) folded before Flop


PokerStars Hand #172794292494:  Hold'em Limit ($3/$6 USD) - 2017/07/09 4:24:33 ET
Table 'Desagneauxa' 6-max Seat #1 is the button
Seat 1: HCOOG5 ($87.68 in chips)
Seat 4: VolkovDmitri ($157.90 in chips)
HCOOG5: posts small blind $1
VolkovDmitri: posts big blind $3
*** HOLE CARDS ***
HCOOG5: raises $3 to $6
VolkovDmitri: calls $3
*** FLOP *** [3c 2c 2s]
VolkovDmitri: checks
HCOOG5: checks
*** TURN *** [3c 2c 2s] [5c]
VolkovDmitri: checks
HCOOG5: checks
*** RIVER *** [3c 2c 2s 5c] [Jc]
VolkovDmitri: checks
HCOOG5: checks
*** SHOW DOWN ***
VolkovDmitri: shows [8d 7h] (a pair of Deuces)
HCOOG5: shows [Jh Td] (two pair, Jacks and Deuces)
artecris joins the table at seat #3
HCOOG5 collected $11.76 from pot
*** SUMMARY ***
Total pot $12 | Rake $0.24
Board [3c 2c 2s 5c Jc]
Seat 1: HCOOG5 (button) (small blind) showed [Jh Td] and won ($11.76) with two pair, Jacks and Deuces
Seat 4: VolkovDmitri (big blind) showed [8d 7h] and lost with a pair of Deuces


PokerStars Hand #172794584404:  Hold'em Limit ($3/$6 USD) - 2017/07/09 4:38:36 ET
Table 'Desagneauxa' 6-max Seat #3 is the button
Seat 2: SLK500 ($140.39 in chips)
Seat 3: Whatze Phuck ($202.53 in chips)
Whatze Phuck: posts small blind $1
VolkovDmitri: is sitting out
SLK500: posts big blind $3
*** HOLE CARDS ***
Whatze Phuck: raises $3 to $6
VolkovDmitri leaves the table
SLK500: folds
Uncalled bet ($3) returned to Whatze Phuck
Whatze Phuck collected $6 from pot
Whatze Phuck: doesn't show hand
*** SUMMARY ***
Total pot $6 | Rake $0
Seat 2: SLK500 (big blind) folded before Flop
Seat 3: Whatze Phuck (button) (small blind) collected ($6)


PokerStars Hand #172794588783:  Hold'em Limit ($3/$6 USD) - 2017/07/09 4:38:48 ET
Table 'Desagneauxa' 6-max Seat #2 is the button
Seat 2: SLK500 ($137.39 in chips)
Seat 3: Whatze Phuck ($205.53 in chips)
SLK500: posts small blind $1
Whatze Phuck: posts big blind $3
*** HOLE CARDS ***
vlaprok joins the table at seat #4
SLK500: raises $3 to $6
Whatze Phuck: calls $3
*** FLOP *** [7s Ts Qc]
Whatze Phuck: checks
SLK500: bets $3
Whatze Phuck: raises $3 to $6
SLK500: raises $3 to $9
Whatze Phuck: calls $3
*** TURN *** [7s Ts Qc] [8c]
Whatze Phuck: checks
SLK500: bets $6
Whatze Phuck: calls $6
*** RIVER *** [7s Ts Qc 8c] [3c]
Whatze Phuck: checks
SLK500: bets $6
Whatze Phuck: folds
Uncalled bet ($6) returned to SLK500
SLK500 collected $41.50 from pot
SLK500: doesn't show hand
*** SUMMARY ***
Total pot $42 | Rake $0.50
Board [7s Ts Qc 8c 3c]
Seat 2: SLK500 (button) (small blind) collected ($41.50)
Seat 3: Whatze Phuck (big blind) folded on the River


PokerStars Hand #172794629949:  Hold'em Limit ($3/$6 USD) - 2017/07/09 4:40:46 ET
Table 'Desagneauxa' 6-max Seat #3 is the button
Seat 2: SLK500 ($150.89 in chips)
Seat 3: Whatze Phuck ($188.53 in chips)
Whatze Phuck: posts small blind $1
vlaprok: is sitting out
SLK500: posts big blind $3
*** HOLE CARDS ***
Whatze Phuck: raises $3 to $6
SLK500: calls $3
*** FLOP *** [Kd Ts 2s]
SLK500: checks
Whatze Phuck: bets $3
SLK500: folds
Uncalled bet ($3) returned to Whatze Phuck
Puzanchik 11 joins the table at seat #6
Whatze Phuck collected $11.76 from pot
Whatze Phuck: doesn't show hand
*** SUMMARY ***
Total pot $12 | Rake $0.24
Board [Kd Ts 2s]
Seat 2: SLK500 (big blind) folded on the Flop
Seat 3: Whatze Phuck (button) (small blind) collected ($11.76)


PokerStars Hand #172794634788:  Hold'em Limit ($3/$6 USD) - 2017/07/09 4:40:59 ET
Table 'Desagneauxa' 6-max Seat #2 is the button
Seat 2: SLK500 ($144.89 in chips)
Seat 3: Whatze Phuck ($194.29 in chips)
SLK500: posts small blind $1
Whatze Phuck: posts big blind $3
*** HOLE CARDS ***
SLK500: raises $3 to $6
Whatze Phuck: calls $3
*** FLOP *** [Qh 2c 4s]
Whatze Phuck: checks
SLK500: bets $3
Whatze Phuck: raises $3 to $6
SLK500: calls $3
*** TURN *** [Qh 2c 4s] [Kc]
Whatze Phuck: bets $6
SLK500: raises $6 to $12
Whatze Phuck: raises $6 to $18
SLK500: calls $6
*** RIVER *** [Qh 2c 4s Kc] [Ad]
Whatze Phuck: bets $6
SLK500: folds
Uncalled bet ($6) returned to Whatze Phuck
Whatze Phuck collected $59.50 from pot
Whatze Phuck: doesn't show hand
*** SUMMARY ***
Total pot $60 | Rake $0.50
Board [Qh 2c 4s Kc Ad]
Seat 2: SLK500 (button) (small blind) folded on the River
Seat 3: Whatze Phuck (big blind) collected ($59.50)


PokerStars Hand #172794753592:  Hold'em Limit ($3/$6 USD) - 2017/07/09 4:46:33 ET
Table 'Desagneauxa' 6-max Seat #6 is the button
Seat 1: vlaprok ($92 in chips)
Seat 6: Puzanchik 11 ($124.38 in chips)
Puzanchik 11: posts small blind $1
vlaprok: posts big blind $3
*** HOLE CARDS ***
Puzanchik 11: raises $3 to $6
vlaprok: calls $3
*** FLOP *** [6c 8h 4h]
vlaprok: checks
Puzanchik 11: checks
*** TURN *** [6c 8h 4h] [Th]
vlaprok: checks
Puzanchik 11: checks
*** RIVER *** [6c 8h 4h Th] [2s]
vlaprok: bets $6
Puzanchik 11: folds
Uncalled bet ($6) returned to vlaprok
vlaprok collected $11.76 from pot
vlaprok: doesn't show hand
*** SUMMARY ***
Total pot $12 | Rake $0.24
Board [6c 8h 4h Th 2s]
Seat 1: vlaprok (big blind) collected ($11.76)
Seat 6: Puzanchik 11 (button) (small blind) folded on the River


PokerStars Hand #172794751644:  Hold'em Limit ($3/$6 USD) - 2017/07/09 4:46:28 ET
Table 'Desagneauxa' 6-max Seat #1 is the button
Seat 1: vlaprok ($93 in chips)
Seat 6: Puzanchik 11 ($123.38 in chips)
vlaprok: posts small blind $1
SLK500: is sitting out
Whatze Phuck: is sitting out
Puzanchik 11: posts big blind $3
*** HOLE CARDS ***
vlaprok: folds
Uncalled bet ($2) returned to Puzanchik 11
Puzanchik 11 collected $2 from pot
*** SUMMARY ***
Total pot $2 | Rake $0
Seat 1: vlaprok (button) (small blind) folded before Flop
Seat 6: Puzanchik 11 (big blind) collected ($2)


PokerStars Hand #172794835163:  Hold'em Limit ($3/$6 USD) - 2017/07/09 4:50:21 ET
Table 'Desagneauxa' 6-max Seat #4 is the button
Seat 3: Whatze Phuck ($179.43 in chips)
Seat 4: iskambil ($75.43 in chips)
iskambil: posts small blind $1
vlaprok: is sitting out
Whatze Phuck: posts big blind $3
*** HOLE CARDS ***
iskambil: folds
Uncalled bet ($2) returned to Whatze Phuck
vlaprok leaves the table
Whatze Phuck collected $2 from pot
Whatze Phuck: doesn't show hand
*** SUMMARY ***
Total pot $2 | Rake $0
Seat 3: Whatze Phuck (big blind) collected ($2)
Seat 4: iskambil (button) (small blind) folded before Flop


