PokerStars Hand #175858231547:  Hold'em Limit ($3/$6 USD) - 2017/09/19 14:44:06 ET
Table 'Desagneauxa' 6-max Seat #2 is the button
Seat 1: ogdundar ($131.64 in chips)
Seat 2: vestimokrec ($108 in chips)
vestimokrec: posts small blind $1
ogdundar: posts big blind $3
*** HOLE CARDS ***
vestimokrec: raises $3 to $6
ogdundar: folds
Uncalled bet ($3) returned to vestimokrec
vestimokrec collected $6 from pot
vestimokrec: doesn't show hand
*** SUMMARY ***
Total pot $6 | Rake $0
Seat 1: ogdundar (big blind) folded before Flop
Seat 2: vestimokrec (button) (small blind) collected ($6)


PokerStars Hand #175858224088:  Hold'em Limit ($3/$6 USD) - 2017/09/19 14:43:57 ET
Table 'Desagneauxa' 6-max Seat #1 is the button
Seat 1: ogdundar ($128.64 in chips)
Seat 2: vestimokrec ($111 in chips)
ogdundar: posts small blind $1
vestimokrec: posts big blind $3
*** HOLE CARDS ***
ogdundar: raises $3 to $6
vestimokrec: folds
Uncalled bet ($3) returned to ogdundar
ogdundar collected $6 from pot
ogdundar: doesn't show hand
*** SUMMARY ***
Total pot $6 | Rake $0
Seat 1: ogdundar (button) (small blind) collected ($6)
Seat 2: vestimokrec (big blind) folded before Flop


PokerStars Hand #175858195839:  Hold'em Limit ($3/$6 USD) - 2017/09/19 14:43:22 ET
Table 'Desagneauxa' 6-max Seat #2 is the button
Seat 1: ogdundar ($120 in chips)
Seat 2: vestimokrec ($120 in chips)
vestimokrec: posts small blind $1
GoliafUa: is sitting out
ogdundar: posts big blind $3
*** HOLE CARDS ***
vestimokrec: raises $3 to $6
ogdundar: calls $3
*** FLOP *** [5c 7h 3h]
ogdundar: checks
vestimokrec: bets $3
ogdundar: calls $3
*** TURN *** [5c 7h 3h] [8h]
ogdundar: checks
vestimokrec: checks
*** RIVER *** [5c 7h 3h 8h] [7s]
ogdundar: checks
vestimokrec: checks
*** SHOW DOWN ***
ogdundar: shows [3s 6d] (two pair, Sevens and Threes)
vestimokrec: mucks hand
GoliafUa leaves the table
ogdundar collected $17.64 from pot
*** SUMMARY ***
Total pot $18 | Rake $0.36
Board [5c 7h 3h 8h 7s]
Seat 1: ogdundar (big blind) showed [3s 6d] and won ($17.64) with two pair, Sevens and Threes
Seat 2: vestimokrec (button) (small blind) mucked


PokerStars Hand #175858237015:  Hold'em Limit ($3/$6 USD) - 2017/09/19 14:44:13 ET
Table 'Desagneauxa' 6-max Seat #1 is the button
Seat 1: ogdundar ($128.64 in chips)
Seat 2: vestimokrec ($111 in chips)
ogdundar: posts small blind $1
vestimokrec: posts big blind $3
*** HOLE CARDS ***
ogdundar: raises $3 to $6
vestimokrec: raises $3 to $9
ogdundar: calls $3
*** FLOP *** [5c 5d Kd]
vestimokrec: bets $3
ogdundar: folds
Uncalled bet ($3) returned to vestimokrec
vestimokrec collected $17.64 from pot
vestimokrec: doesn't show hand
*** SUMMARY ***
Total pot $18 | Rake $0.36
Board [5c 5d Kd]
Seat 1: ogdundar (button) (small blind) folded on the Flop
Seat 2: vestimokrec (big blind) collected ($17.64)


PokerStars Hand #175858252522:  Hold'em Limit ($3/$6 USD) - 2017/09/19 14:44:32 ET
Table 'Desagneauxa' 6-max Seat #2 is the button
Seat 1: ogdundar ($119.64 in chips)
Seat 2: vestimokrec ($119.64 in chips)
vestimokrec: posts small blind $1
ogdundar: posts big blind $3
*** HOLE CARDS ***
vestimokrec: raises $3 to $6
ogdundar: folds
Uncalled bet ($3) returned to vestimokrec
vestimokrec collected $6 from pot
vestimokrec: doesn't show hand
*** SUMMARY ***
Total pot $6 | Rake $0
Seat 1: ogdundar (big blind) folded before Flop
Seat 2: vestimokrec (button) (small blind) collected ($6)


PokerStars Hand #175858261245:  Hold'em Limit ($3/$6 USD) - 2017/09/19 14:44:43 ET
Table 'Desagneauxa' 6-max Seat #1 is the button
Seat 1: ogdundar ($116.64 in chips)
Seat 2: vestimokrec ($122.64 in chips)
ogdundar: posts small blind $1
vestimokrec: posts big blind $3
*** HOLE CARDS ***
ogdundar: raises $3 to $6
vestimokrec: folds
Uncalled bet ($3) returned to ogdundar
ogdundar collected $6 from pot
ogdundar: doesn't show hand
*** SUMMARY ***
Total pot $6 | Rake $0
Seat 1: ogdundar (button) (small blind) collected ($6)
Seat 2: vestimokrec (big blind) folded before Flop


PokerStars Hand #175858311205:  Hold'em Limit ($3/$6 USD) - 2017/09/19 14:45:45 ET
Table 'Desagneauxa' 6-max Seat #1 is the button
Seat 1: ogdundar ($116.28 in chips)
Seat 2: vestimokrec ($122.28 in chips)
ogdundar: posts small blind $1
vestimokrec: posts big blind $3
*** HOLE CARDS ***
ogdundar: raises $3 to $6
vestimokrec: calls $3
*** FLOP *** [Jd 4d 8c]
vestimokrec: checks
ogdundar: bets $3
vestimokrec: raises $3 to $6
ogdundar: calls $3
*** TURN *** [Jd 4d 8c] [Kd]
vestimokrec: bets $6
ogdundar: calls $6
*** RIVER *** [Jd 4d 8c Kd] [Kc]
vestimokrec: bets $6
ogdundar: folds
Uncalled bet ($6) returned to vestimokrec
vestimokrec collected $35.50 from pot
vestimokrec: doesn't show hand
*** SUMMARY ***
Total pot $36 | Rake $0.50
Board [Jd 4d 8c Kd Kc]
Seat 1: ogdundar (button) (small blind) folded on the River
Seat 2: vestimokrec (big blind) collected ($35.50)


PokerStars Hand #175858306877:  Hold'em Limit ($3/$6 USD) - 2017/09/19 14:45:40 ET
Table 'Desagneauxa' 6-max Seat #2 is the button
Seat 1: ogdundar ($119.28 in chips)
Seat 2: vestimokrec ($119.28 in chips)
vestimokrec: posts small blind $1
ogdundar: posts big blind $3
*** HOLE CARDS ***
vestimokrec: raises $3 to $6
ogdundar: folds
Uncalled bet ($3) returned to vestimokrec
vestimokrec collected $6 from pot
vestimokrec: doesn't show hand
*** SUMMARY ***
Total pot $6 | Rake $0
Seat 1: ogdundar (big blind) folded before Flop
Seat 2: vestimokrec (button) (small blind) collected ($6)


PokerStars Hand #175858283174:  Hold'em Limit ($3/$6 USD) - 2017/09/19 14:45:10 ET
Table 'Desagneauxa' 6-max Seat #1 is the button
Seat 1: ogdundar ($128.28 in chips)
Seat 2: vestimokrec ($110.64 in chips)
ogdundar: posts small blind $1
vestimokrec: posts big blind $3
*** HOLE CARDS ***
ogdundar: raises $3 to $6
vestimokrec: calls $3
*** FLOP *** [Qs Ah As]
vestimokrec: checks
ogdundar: bets $3
vestimokrec: calls $3
*** TURN *** [Qs Ah As] [9c]
vestimokrec: checks
ogdundar: checks
*** RIVER *** [Qs Ah As 9c] [Jh]
vestimokrec: checks
ogdundar: checks
*** SHOW DOWN ***
vestimokrec: shows [Kh 9h] (two pair, Aces and Nines)
ogdundar: mucks hand
vestimokrec collected $17.64 from pot
*** SUMMARY ***
Total pot $18 | Rake $0.36
Board [Qs Ah As 9c Jh]
Seat 1: ogdundar (button) (small blind) mucked
Seat 2: vestimokrec (big blind) showed [Kh 9h] and won ($17.64) with two pair, Aces and Nines


PokerStars Hand #175858345264:  Hold'em Limit ($3/$6 USD) - 2017/09/19 14:46:27 ET
Table 'Desagneauxa' 6-max Seat #2 is the button
Seat 1: ogdundar ($98.28 in chips)
Seat 2: vestimokrec ($139.78 in chips)
vestimokrec: posts small blind $1
ogdundar: posts big blind $3
*** HOLE CARDS ***
vestimokrec: raises $3 to $6
ogdundar: folds
Uncalled bet ($3) returned to vestimokrec
vestimokrec collected $6 from pot
vestimokrec: doesn't show hand
*** SUMMARY ***
Total pot $6 | Rake $0
Seat 1: ogdundar (big blind) folded before Flop
Seat 2: vestimokrec (button) (small blind) collected ($6)


PokerStars Hand #175858350761:  Hold'em Limit ($3/$6 USD) - 2017/09/19 14:46:34 ET
Table 'Desagneauxa' 6-max Seat #1 is the button
Seat 1: ogdundar ($95.28 in chips)
Seat 2: vestimokrec ($142.78 in chips)
ogdundar: posts small blind $1
vestimokrec: posts big blind $3
*** HOLE CARDS ***
ogdundar: raises $3 to $6
vestimokrec: calls $3
*** FLOP *** [Qd 5s 7c]
vestimokrec: checks
ogdundar: bets $3
vestimokrec: raises $3 to $6
ogdundar: folds
Uncalled bet ($3) returned to vestimokrec
vestimokrec collected $17.64 from pot
vestimokrec: doesn't show hand
*** SUMMARY ***
Total pot $18 | Rake $0.36
Board [Qd 5s 7c]
Seat 1: ogdundar (button) (small blind) folded on the Flop
Seat 2: vestimokrec (big blind) collected ($17.64)


PokerStars Hand #175858368868:  Hold'em Limit ($3/$6 USD) - 2017/09/19 14:46:56 ET
Table 'Desagneauxa' 6-max Seat #2 is the button
Seat 1: ogdundar ($86.28 in chips)
Seat 2: vestimokrec ($151.42 in chips)
vestimokrec: posts small blind $1
ogdundar: posts big blind $3
*** HOLE CARDS ***
vestimokrec: raises $3 to $6
ogdundar: calls $3
*** FLOP *** [Jh 9c Qs]
ogdundar: checks
vestimokrec: bets $3
ogdundar: folds
Uncalled bet ($3) returned to vestimokrec
vestimokrec collected $11.76 from pot
vestimokrec: doesn't show hand
*** SUMMARY ***
Total pot $12 | Rake $0.24
Board [Jh 9c Qs]
Seat 1: ogdundar (big blind) folded on the Flop
Seat 2: vestimokrec (button) (small blind) collected ($11.76)


PokerStars Hand #175858384706:  Hold'em Limit ($3/$6 USD) - 2017/09/19 14:47:16 ET
Table 'Desagneauxa' 6-max Seat #1 is the button
Seat 1: ogdundar ($80.28 in chips)
Seat 2: vestimokrec ($157.18 in chips)
ogdundar: posts small blind $1
vestimokrec: posts big blind $3
*** HOLE CARDS ***
ogdundar: raises $3 to $6
vestimokrec: raises $3 to $9
ogdundar: calls $3
*** FLOP *** [2s 4s Ad]
vestimokrec: bets $3
ogdundar: calls $3
*** TURN *** [2s 4s Ad] [9h]
vestimokrec: bets $6
ogdundar: folds
Uncalled bet ($6) returned to vestimokrec
vestimokrec collected $23.52 from pot
vestimokrec: doesn't show hand
*** SUMMARY ***
Total pot $24 | Rake $0.48
Board [2s 4s Ad 9h]
Seat 1: ogdundar (button) (small blind) folded on the Turn
Seat 2: vestimokrec (big blind) collected ($23.52)


PokerStars Hand #175858405407:  Hold'em Limit ($3/$6 USD) - 2017/09/19 14:47:42 ET
Table 'Desagneauxa' 6-max Seat #2 is the button
Seat 1: ogdundar ($68.28 in chips)
Seat 2: vestimokrec ($168.70 in chips)
vestimokrec: posts small blind $1
ogdundar: posts big blind $3
*** HOLE CARDS ***
vestimokrec: raises $3 to $6
ogdundar: calls $3
*** FLOP *** [Qd Jd Qc]
ogdundar: checks
vestimokrec: bets $3
ogdundar: calls $3
*** TURN *** [Qd Jd Qc] [4s]
ogdundar: checks
vestimokrec: bets $6
ogdundar: calls $6
*** RIVER *** [Qd Jd Qc 4s] [9d]
ogdundar: checks
vestimokrec: bets $6
ogdundar: calls $6
*** SHOW DOWN ***
vestimokrec: shows [7s 6h] (a pair of Queens)
ogdundar: shows [4c Kd] (two pair, Queens and Fours)
ogdundar collected $41.50 from pot
*** SUMMARY ***
Total pot $42 | Rake $0.50
Board [Qd Jd Qc 4s 9d]
Seat 1: ogdundar (big blind) showed [4c Kd] and won ($41.50) with two pair, Queens and Fours
Seat 2: vestimokrec (button) (small blind) showed [7s 6h] and lost with a pair of Queens


PokerStars Hand #175858486834:  Hold'em Limit ($3/$6 USD) - 2017/09/19 14:49:23 ET
Table 'Desagneauxa' 6-max Seat #1 is the button
Seat 1: ogdundar ($97.28 in chips)
Seat 2: vestimokrec ($138.46 in chips)
ogdundar: posts small blind $1
vestimokrec: posts big blind $3
*** HOLE CARDS ***
ogdundar: folds
Uncalled bet ($2) returned to vestimokrec
vestimokrec collected $2 from pot
vestimokrec: doesn't show hand
*** SUMMARY ***
Total pot $2 | Rake $0
Seat 1: ogdundar (button) (small blind) folded before Flop
Seat 2: vestimokrec (big blind) collected ($2)


PokerStars Hand #175858468368:  Hold'em Limit ($3/$6 USD) - 2017/09/19 14:49:00 ET
Table 'Desagneauxa' 6-max Seat #2 is the button
Seat 1: ogdundar ($103.28 in chips)
Seat 2: vestimokrec ($132.70 in chips)
vestimokrec: posts small blind $1
ogdundar: posts big blind $3
*** HOLE CARDS ***
vestimokrec: raises $3 to $6
ogdundar: calls $3
*** FLOP *** [7s Ah 9h]
ogdundar: checks
vestimokrec: bets $3
ogdundar: folds
Uncalled bet ($3) returned to vestimokrec
vestimokrec collected $11.76 from pot
vestimokrec: doesn't show hand
*** SUMMARY ***
Total pot $12 | Rake $0.24
Board [7s Ah 9h]
Seat 1: ogdundar (big blind) folded on the Flop
Seat 2: vestimokrec (button) (small blind) collected ($11.76)


PokerStars Hand #175858435586:  Hold'em Limit ($3/$6 USD) - 2017/09/19 14:48:19 ET
Table 'Desagneauxa' 6-max Seat #1 is the button
Seat 1: ogdundar ($88.78 in chips)
Seat 2: vestimokrec ($147.70 in chips)
ogdundar: posts small blind $1
vestimokrec: posts big blind $3
*** HOLE CARDS ***
ogdundar: raises $3 to $6
vestimokrec: raises $3 to $9
ogdundar: calls $3
*** FLOP *** [5s 8h Ks]
vestimokrec: bets $3
ogdundar: raises $3 to $6
vestimokrec: calls $3
*** TURN *** [5s 8h Ks] [Th]
vestimokrec: checks
ogdundar: bets $6
vestimokrec: folds
Uncalled bet ($6) returned to ogdundar
ogdundar collected $29.50 from pot
ogdundar: doesn't show hand
*** SUMMARY ***
Total pot $30 | Rake $0.50
Board [5s 8h Ks Th]
Seat 1: ogdundar (button) (small blind) collected ($29.50)
Seat 2: vestimokrec (big blind) folded on the Turn


PokerStars Hand #175858506435:  Hold'em Limit ($3/$6 USD) - 2017/09/19 14:49:47 ET
Table 'Desagneauxa' 6-max Seat #1 is the button
Seat 1: ogdundar ($104.92 in chips)
Seat 2: vestimokrec ($130.46 in chips)
ogdundar: posts small blind $1
vestimokrec: posts big blind $3
*** HOLE CARDS ***
ogdundar: raises $3 to $6
vestimokrec: raises $3 to $9
ogdundar: raises $3 to $12
Betting is capped
vestimokrec: calls $3
*** FLOP *** [4h Qd Ks]
vestimokrec: checks
ogdundar: checks
*** TURN *** [4h Qd Ks] [Js]
vestimokrec: bets $6
ogdundar: calls $6
*** RIVER *** [4h Qd Ks Js] [6c]
vestimokrec: bets $6
ogdundar: raises $6 to $12
BJ72 joins the table at seat #4
vestimokrec: calls $6
*** SHOW DOWN ***
ogdundar: shows [6h 6s] (three of a kind, Sixes)
vestimokrec: mucks hand
ogdundar collected $59.50 from pot
*** SUMMARY ***
Total pot $60 | Rake $0.50
Board [4h Qd Ks Js 6c]
Seat 1: ogdundar (button) (small blind) showed [6h 6s] and won ($59.50) with three of a kind, Sixes
Seat 2: vestimokrec (big blind) mucked


PokerStars Hand #175858876364:  Hold'em Limit ($3/$6 USD) - 2017/09/19 14:58:04 ET
Table 'Desagneauxa' 6-max Seat #1 is the button
Seat 1: ogdundar ($101.42 in chips)
Seat 2: vestimokrec ($129.71 in chips)
ogdundar: posts small blind $1
vestimokrec: posts big blind $3
*** HOLE CARDS ***
ogdundar: folds
Uncalled bet ($2) returned to vestimokrec
vestimokrec collected $2 from pot
vestimokrec: doesn't show hand
*** SUMMARY ***
Total pot $2 | Rake $0
Seat 1: ogdundar (button) (small blind) folded before Flop
Seat 2: vestimokrec (big blind) collected ($2)


PokerStars Hand #175858846580:  Hold'em Limit ($3/$6 USD) - 2017/09/19 14:57:17 ET
Table 'Desagneauxa' 6-max Seat #2 is the button
Seat 1: ogdundar ($101.54 in chips)
Seat 2: vestimokrec ($129.83 in chips)
vestimokrec: posts small blind $1
ice0034: is sitting out
ogdundar: posts big blind $3
*** HOLE CARDS ***
vestimokrec: raises $3 to $6
ogdundar: calls $3
*** FLOP *** [Jd 7d Qd]
ogdundar: checks
vestimokrec: checks
*** TURN *** [Jd 7d Qd] [3d]
ogdundar: checks
vestimokrec: checks
*** RIVER *** [Jd 7d Qd 3d] [Ad]
ogdundar: checks
vestimokrec: checks
*** SHOW DOWN ***
ogdundar: shows [3h Ks] (a flush, Ace high)
vestimokrec: shows [7s 6h] (a flush, Ace high)
ogdundar collected $5.88 from pot
vestimokrec collected $5.88 from pot
*** SUMMARY ***
Total pot $12 | Rake $0.24
Board [Jd 7d Qd 3d Ad]
Seat 1: ogdundar (big blind) showed [3h Ks] and won ($5.88) with a flush, Ace high
Seat 2: vestimokrec (button) (small blind) showed [7s 6h] and won ($5.88) with a flush, Ace high


PokerStars Hand #175858879723:  Hold'em Limit ($3/$6 USD) - 2017/09/19 14:58:10 ET
Table 'Desagneauxa' 6-max Seat #2 is the button
Seat 1: ogdundar ($100.42 in chips)
Seat 2: vestimokrec ($130.71 in chips)
vestimokrec: posts small blind $1
ogdundar: posts big blind $3
*** HOLE CARDS ***
vestimokrec: raises $3 to $6
ogdundar: calls $3
*** FLOP *** [Kh 7s 2c]
ogdundar: checks
vestimokrec: checks
*** TURN *** [Kh 7s 2c] [3c]
ogdundar: bets $6
vestimokrec: calls $6
*** RIVER *** [Kh 7s 2c 3c] [7h]
ogdundar: bets $6
vestimokrec: calls $6
*** SHOW DOWN ***
ogdundar: shows [8c Kc] (two pair, Kings and Sevens)
vestimokrec: mucks hand
ogdundar collected $35.50 from pot
*** SUMMARY ***
Total pot $36 | Rake $0.50
Board [Kh 7s 2c 3c 7h]
Seat 1: ogdundar (big blind) showed [8c Kc] and won ($35.50) with two pair, Kings and Sevens
Seat 2: vestimokrec (button) (small blind) mucked


PokerStars Hand #175858911765:  Hold'em Limit ($3/$6 USD) - 2017/09/19 14:59:00 ET
Table 'Desagneauxa' 6-max Seat #2 is the button
Seat 1: ogdundar ($116.92 in chips)
Seat 2: vestimokrec ($113.71 in chips)
vestimokrec: posts small blind $1
ogdundar: posts big blind $3
*** HOLE CARDS ***
vestimokrec: raises $3 to $6
ogdundar: folds
Uncalled bet ($3) returned to vestimokrec
vestimokrec collected $6 from pot
vestimokrec: doesn't show hand
*** SUMMARY ***
Total pot $6 | Rake $0
Seat 1: ogdundar (big blind) folded before Flop
Seat 2: vestimokrec (button) (small blind) collected ($6)


PokerStars Hand #175858916367:  Hold'em Limit ($3/$6 USD) - 2017/09/19 14:59:08 ET
Table 'Desagneauxa' 6-max Seat #1 is the button
Seat 1: ogdundar ($113.92 in chips)
Seat 2: vestimokrec ($116.71 in chips)
ogdundar: posts small blind $1
vestimokrec: posts big blind $3
*** HOLE CARDS ***
ogdundar: raises $3 to $6
vestimokrec: calls $3
*** FLOP *** [4c 9s 6s]
vestimokrec: checks
ogdundar: bets $3
t9pkin joins the table at seat #3
vestimokrec: calls $3
*** TURN *** [4c 9s 6s] [Ah]
vestimokrec: checks
ogdundar: checks
*** RIVER *** [4c 9s 6s Ah] [Jc]
vestimokrec: checks
ogdundar: checks
*** SHOW DOWN ***
vestimokrec: shows [4d Qs] (a pair of Fours)
ogdundar: shows [6d 5h] (a pair of Sixes)
ogdundar collected $17.64 from pot
*** SUMMARY ***
Total pot $18 | Rake $0.36
Board [4c 9s 6s Ah Jc]
Seat 1: ogdundar (button) (small blind) showed [6d 5h] and won ($17.64) with a pair of Sixes
Seat 2: vestimokrec (big blind) showed [4d Qs] and lost with a pair of Fours


PokerStars Hand #175859140467:  Hold'em Limit ($3/$6 USD) - 2017/09/19 15:04:11 ET
Table 'Desagneauxa' 6-max Seat #3 is the button
Seat 2: vestimokrec ($109.70 in chips)
Seat 3: t9pkin ($102.38 in chips)
t9pkin: posts small blind $1
ogdundar: is sitting out
vestimokrec: posts big blind $3
*** HOLE CARDS ***
t9pkin: raises $3 to $6
vestimokrec: calls $3
*** FLOP *** [9s 3d Qc]
vestimokrec: checks
t9pkin: bets $3
vestimokrec: raises $3 to $6
t9pkin: calls $3
*** TURN *** [9s 3d Qc] [Jd]
vestimokrec: bets $6
t9pkin: folds
Uncalled bet ($6) returned to vestimokrec
vestimokrec collected $23.52 from pot
vestimokrec: doesn't show hand
*** SUMMARY ***
Total pot $24 | Rake $0.48
Board [9s 3d Qc Jd]
Seat 2: vestimokrec (big blind) collected ($23.52)
Seat 3: t9pkin (button) (small blind) folded on the Turn


PokerStars Hand #175859159105:  Hold'em Limit ($3/$6 USD) - 2017/09/19 15:04:34 ET
Table 'Desagneauxa' 6-max Seat #2 is the button
Seat 2: vestimokrec ($121.22 in chips)
Seat 3: t9pkin ($90.38 in chips)
vestimokrec: posts small blind $1
t9pkin: posts big blind $3
*** HOLE CARDS ***
vestimokrec: raises $3 to $6
t9pkin: raises $3 to $9
vestimokrec: calls $3
*** FLOP *** [4s 6d 6c]
t9pkin: bets $3
vestimokrec: calls $3
*** TURN *** [4s 6d 6c] [4c]
t9pkin: bets $6
vestimokrec: calls $6
*** RIVER *** [4s 6d 6c 4c] [Ts]
t9pkin: bets $6
vestimokrec: folds
Uncalled bet ($6) returned to t9pkin
t9pkin collected $35.50 from pot
t9pkin: doesn't show hand
*** SUMMARY ***
Total pot $36 | Rake $0.50
Board [4s 6d 6c 4c Ts]
Seat 2: vestimokrec (button) (small blind) folded on the River
Seat 3: t9pkin (big blind) collected ($35.50)


