PokerStars Hand #167010838509:  Hold'em Limit ($3/$6 USD) - 2017/03/02 14:14:13 ET
Table 'Desagneauxa II' 6-max Seat #1 is the button
Seat 1: Thelma666 ($121 in chips)
Seat 2: volkovsky ($149 in chips)
Thelma666: posts small blind $1
volkovsky: posts big blind $3
*** HOLE CARDS ***
Thelma666: calls $2
volkovsky: checks
*** FLOP *** [Qd Td Jd]
volkovsky: checks
Thelma666: bets $3
volkovsky: folds
Uncalled bet ($3) returned to Thelma666
Thelma666 collected $5.88 from pot
Thelma666: doesn't show hand
*** SUMMARY ***
Total pot $6 | Rake $0.12
Board [Qd Td Jd]
Seat 1: Thelma666 (button) (small blind) collected ($5.88)
Seat 2: volkovsky (big blind) folded on the Flop


PokerStars Hand #167010850379:  Hold'em Limit ($3/$6 USD) - 2017/03/02 14:14:27 ET
Table 'Desagneauxa II' 6-max Seat #2 is the button
Seat 1: Thelma666 ($123.88 in chips)
Seat 2: volkovsky ($146 in chips)
volkovsky: posts small blind $1
Thelma666: posts big blind $3
*** HOLE CARDS ***
volkovsky: raises $3 to $6
vestimokrec joins the table at seat #3
Thelma666: calls $3
*** FLOP *** [7h 8s Jh]
Thelma666: bets $3
MTails leaves the table
volkovsky: calls $3
*** TURN *** [7h 8s Jh] [Qc]
Thelma666: bets $6
volkovsky: folds
Uncalled bet ($6) returned to Thelma666
Thelma666 collected $17.64 from pot
Thelma666: doesn't show hand
*** SUMMARY ***
Total pot $18 | Rake $0.36
Board [7h 8s Jh Qc]
Seat 1: Thelma666 (big blind) collected ($17.64)
Seat 2: volkovsky (button) (small blind) folded on the Turn


PokerStars Hand #167010864770:  Hold'em Limit ($3/$6 USD) - 2017/03/02 14:14:43 ET
Table 'Desagneauxa II' 6-max Seat #1 is the button
Seat 1: Thelma666 ($132.52 in chips)
Seat 2: volkovsky ($137 in chips)
Thelma666: posts small blind $1
volkovsky: posts big blind $3
*** HOLE CARDS ***
Thelma666: calls $2
volkovsky: checks
*** FLOP *** [5h 4d 9d]
volkovsky: bets $3
Thelma666: raises $3 to $6
volkovsky: calls $3
*** TURN *** [5h 4d 9d] [Jh]
volkovsky: checks
Thelma666: checks
*** RIVER *** [5h 4d 9d Jh] [5d]
volkovsky: checks
Thelma666: bets $6
volkovsky: calls $6
*** SHOW DOWN ***
Thelma666: shows [2h As] (a pair of Fives)
volkovsky: shows [5c 8h] (three of a kind, Fives)
volkovsky collected $29.50 from pot
*** SUMMARY ***
Total pot $30 | Rake $0.50
Board [5h 4d 9d Jh 5d]
Seat 1: Thelma666 (button) (small blind) showed [2h As] and lost with a pair of Fives
Seat 2: volkovsky (big blind) showed [5c 8h] and won ($29.50) with three of a kind, Fives


PokerStars Hand #167015010051:  Hold'em Limit ($3/$6 USD) - 2017/03/02 15:30:52 ET
Table 'Desagneauxa II' 6-max Seat #2 is the button
Seat 2: ashtar 516 ($539.51 in chips)
Seat 5: Rednaxela05 ($147.86 in chips)
ashtar 516: posts small blind $1
Rednaxela05: posts big blind $3
*** HOLE CARDS ***
ashtar 516: raises $3 to $6
Rednaxela05: folds
Uncalled bet ($3) returned to ashtar 516
ashtar 516 collected $6 from pot
ashtar 516: doesn't show hand
*** SUMMARY ***
Total pot $6 | Rake $0
Seat 2: ashtar 516 (button) (small blind) collected ($6)
Seat 5: Rednaxela05 (big blind) folded before Flop


PokerStars Hand #167015018515:  Hold'em Limit ($3/$6 USD) - 2017/03/02 15:31:01 ET
Table 'Desagneauxa II' 6-max Seat #5 is the button
Seat 2: ashtar 516 ($542.51 in chips)
Seat 5: Rednaxela05 ($144.86 in chips)
Rednaxela05: posts small blind $1
ashtar 516: posts big blind $3
*** HOLE CARDS ***
Rednaxela05: raises $3 to $6
ashtar 516: calls $3
*** FLOP *** [9s 7d 3d]
ashtar 516: checks
Rednaxela05: checks
*** TURN *** [9s 7d 3d] [8d]
ashtar 516: bets $6
Rednaxela05: calls $6
*** RIVER *** [9s 7d 3d 8d] [Js]
ashtar 516: bets $6
Rednaxela05: calls $6
*** SHOW DOWN ***
ashtar 516: shows [5c Qd] (high card Queen)
Rednaxela05: shows [8c Kc] (a pair of Eights)
Rednaxela05 collected $35.50 from pot
*** SUMMARY ***
Total pot $36 | Rake $0.50
Board [9s 7d 3d 8d Js]
Seat 2: ashtar 516 (big blind) showed [5c Qd] and lost with high card Queen
Seat 5: Rednaxela05 (button) (small blind) showed [8c Kc] and won ($35.50) with a pair of Eights


PokerStars Hand #167015005313:  Hold'em Limit ($3/$6 USD) - 2017/03/02 15:30:47 ET
Table 'Desagneauxa II' 6-max Seat #5 is the button
Seat 2: ashtar 516 ($538.51 in chips)
Seat 5: Rednaxela05 ($148.86 in chips)
Rednaxela05: posts small blind $1
ashtar 516: posts big blind $3
*** HOLE CARDS ***
Rednaxela05: folds
Uncalled bet ($2) returned to ashtar 516
ashtar 516 collected $2 from pot
ashtar 516: doesn't show hand
*** SUMMARY ***
Total pot $2 | Rake $0
Seat 2: ashtar 516 (big blind) collected ($2)
Seat 5: Rednaxela05 (button) (small blind) folded before Flop


PokerStars Hand #167014988848:  Hold'em Limit ($3/$6 USD) - 2017/03/02 15:30:30 ET
Table 'Desagneauxa II' 6-max Seat #2 is the button
Seat 2: ashtar 516 ($532.75 in chips)
Seat 5: Rednaxela05 ($154.86 in chips)
ashtar 516: posts small blind $1
Homasapien: is sitting out
Rednaxela05: posts big blind $3
*** HOLE CARDS ***
ashtar 516: raises $3 to $6
Rednaxela05: calls $3
*** FLOP *** [Qd 6d Td]
Rednaxela05: checks
ashtar 516: bets $3
Rednaxela05: folds
Uncalled bet ($3) returned to ashtar 516
ashtar 516 collected $11.76 from pot
ashtar 516: doesn't show hand
*** SUMMARY ***
Total pot $12 | Rake $0.24
Board [Qd 6d Td]
Seat 2: ashtar 516 (button) (small blind) collected ($11.76)
Seat 5: Rednaxela05 (big blind) folded on the Flop


PokerStars Hand #167015056696:  Hold'em Limit ($3/$6 USD) - 2017/03/02 15:31:41 ET
Table 'Desagneauxa II' 6-max Seat #5 is the button
Seat 2: ashtar 516 ($530.27 in chips)
Seat 5: Rednaxela05 ($156.36 in chips)
Rednaxela05: posts small blind $1
ashtar 516: posts big blind $3
*** HOLE CARDS ***
Rednaxela05: raises $3 to $6
ashtar 516: calls $3
*** FLOP *** [9d 8h Ad]
ashtar 516: checks
Rednaxela05: bets $3
ashtar 516: calls $3
*** TURN *** [9d 8h Ad] [7d]
ashtar 516: checks
Rednaxela05: checks
*** RIVER *** [9d 8h Ad 7d] [Ac]
ashtar 516: bets $6
Rednaxela05: folds
Uncalled bet ($6) returned to ashtar 516
ashtar 516 collected $17.64 from pot
ashtar 516: doesn't show hand
*** SUMMARY ***
Total pot $18 | Rake $0.36
Board [9d 8h Ad 7d Ac]
Seat 2: ashtar 516 (big blind) collected ($17.64)
Seat 5: Rednaxela05 (button) (small blind) folded on the River


PokerStars Hand #167015042547:  Hold'em Limit ($3/$6 USD) - 2017/03/02 15:31:27 ET
Table 'Desagneauxa II' 6-max Seat #2 is the button
Seat 2: ashtar 516 ($524.51 in chips)
Seat 5: Rednaxela05 ($162.36 in chips)
ashtar 516: posts small blind $1
Rednaxela05: posts big blind $3
*** HOLE CARDS ***
ashtar 516: raises $3 to $6
Rednaxela05: calls $3
*** FLOP *** [Qd 7c 3c]
Rednaxela05: checks
ashtar 516: bets $3
Rednaxela05: folds
Uncalled bet ($3) returned to ashtar 516
ashtar 516 collected $11.76 from pot
ashtar 516: doesn't show hand
*** SUMMARY ***
Total pot $12 | Rake $0.24
Board [Qd 7c 3c]
Seat 2: ashtar 516 (button) (small blind) collected ($11.76)
Seat 5: Rednaxela05 (big blind) folded on the Flop


PokerStars Hand #167015094719:  Hold'em Limit ($3/$6 USD) - 2017/03/02 15:32:22 ET
Table 'Desagneauxa II' 6-max Seat #2 is the button
Seat 2: ashtar 516 ($538.91 in chips)
Seat 5: Rednaxela05 ($147.36 in chips)
ashtar 516: posts small blind $1
Rednaxela05: posts big blind $3
*** HOLE CARDS ***
ashtar 516: raises $3 to $6
Rednaxela05: calls $3
*** FLOP *** [7s 5d Qs]
Rednaxela05: checks
ashtar 516: bets $3
Rednaxela05: calls $3
*** TURN *** [7s 5d Qs] [Qh]
Rednaxela05: checks
ashtar 516: bets $6
Rednaxela05: calls $6
*** RIVER *** [7s 5d Qs Qh] [5c]
Rednaxela05: checks
ashtar 516: checks
*** SHOW DOWN ***
Rednaxela05: shows [7c Js] (two pair, Queens and Sevens)
ashtar 516: mucks hand
Rednaxela05 collected $29.50 from pot
*** SUMMARY ***
Total pot $30 | Rake $0.50
Board [7s 5d Qs Qh 5c]
Seat 2: ashtar 516 (button) (small blind) mucked
Seat 5: Rednaxela05 (big blind) showed [7c Js] and won ($29.50) with two pair, Queens and Sevens


PokerStars Hand #167015127067:  Hold'em Limit ($3/$6 USD) - 2017/03/02 15:32:56 ET
Table 'Desagneauxa II' 6-max Seat #2 is the button
Seat 2: ashtar 516 ($520.91 in chips)
Seat 5: Rednaxela05 ($164.86 in chips)
ashtar 516: posts small blind $1
Rednaxela05: posts big blind $3
*** HOLE CARDS ***
ashtar 516: raises $3 to $6
Rednaxela05: folds
Uncalled bet ($3) returned to ashtar 516
ashtar 516 collected $6 from pot
ashtar 516: doesn't show hand
*** SUMMARY ***
Total pot $6 | Rake $0
Seat 2: ashtar 516 (button) (small blind) collected ($6)
Seat 5: Rednaxela05 (big blind) folded before Flop


PokerStars Hand #167015119728:  Hold'em Limit ($3/$6 USD) - 2017/03/02 15:32:48 ET
Table 'Desagneauxa II' 6-max Seat #5 is the button
Seat 2: ashtar 516 ($523.91 in chips)
Seat 5: Rednaxela05 ($161.86 in chips)
Rednaxela05: posts small blind $1
ashtar 516: posts big blind $3
*** HOLE CARDS ***
Rednaxela05: raises $3 to $6
ashtar 516: folds
Uncalled bet ($3) returned to Rednaxela05
Rednaxela05 collected $6 from pot
*** SUMMARY ***
Total pot $6 | Rake $0
Seat 2: ashtar 516 (big blind) folded before Flop
Seat 5: Rednaxela05 (button) (small blind) collected ($6)


PokerStars Hand #167015133071:  Hold'em Limit ($3/$6 USD) - 2017/03/02 15:33:02 ET
Table 'Desagneauxa II' 6-max Seat #5 is the button
Seat 2: ashtar 516 ($523.91 in chips)
Seat 5: Rednaxela05 ($161.86 in chips)
Rednaxela05: posts small blind $1
ashtar 516: posts big blind $3
*** HOLE CARDS ***
Rednaxela05: raises $3 to $6
ashtar 516: raises $3 to $9
Rednaxela05: calls $3
*** FLOP *** [5d 3d 7h]
ashtar 516: bets $3
Rednaxela05: calls $3
*** TURN *** [5d 3d 7h] [Th]
ashtar 516: bets $6
nimzon joins the table at seat #3
Rednaxela05: folds
Uncalled bet ($6) returned to ashtar 516
ashtar 516 collected $23.52 from pot
nimzon leaves the table
ashtar 516: doesn't show hand
*** SUMMARY ***
Total pot $24 | Rake $0.48
Board [5d 3d 7h Th]
Seat 2: ashtar 516 (big blind) collected ($23.52)
Seat 5: Rednaxela05 (button) (small blind) folded on the Turn


PokerStars Hand #167015151473:  Hold'em Limit ($3/$6 USD) - 2017/03/02 15:33:22 ET
Table 'Desagneauxa II' 6-max Seat #2 is the button
Seat 2: ashtar 516 ($535.43 in chips)
Seat 5: Rednaxela05 ($149.86 in chips)
Cowgirlgea joins the table at seat #1
ashtar 516: posts small blind $1
Rednaxela05: posts big blind $3
*** HOLE CARDS ***
ashtar 516: raises $3 to $6
Rednaxela05: calls $3
*** FLOP *** [7c 6c Tc]
Rednaxela05: checks
Brando Jr joins the table at seat #6
Homasapien was removed from the table for failing to post
ashtar 516: bets $3
Luanto 14 joins the table at seat #3
Homasapien joins the table at seat #4
Rednaxela05: folds
Uncalled bet ($3) returned to ashtar 516
ashtar 516 collected $11.76 from pot
ashtar 516: doesn't show hand
*** SUMMARY ***
Total pot $12 | Rake $0.24
Board [7c 6c Tc]
Seat 2: ashtar 516 (button) (small blind) collected ($11.76)
Seat 5: Rednaxela05 (big blind) folded on the Flop


