PokerStars Hand #148889450745:  Hold'em Limit ($3/$6 USD) - 2016/02/16 4:46:47 ET
Table 'Descamisada' 6-max Seat #2 is the button
Seat 1: Mind90 ($221 in chips)
Seat 2: kolaz03 ($73 in chips)
kolaz03: posts small blind $1
Mind90: posts big blind $3
*** HOLE CARDS ***
kolaz03: folds
Uncalled bet ($2) returned to Mind90
Mind90 collected $2 from pot
Mind90: doesn't show hand
*** SUMMARY ***
Total pot $2 | Rake $0
Seat 1: Mind90 (big blind) collected ($2)
Seat 2: kolaz03 (button) (small blind) folded before Flop


PokerStars Hand #148889452866:  Hold'em Limit ($3/$6 USD) - 2016/02/16 4:46:52 ET
Table 'Descamisada' 6-max Seat #1 is the button
Seat 1: Mind90 ($222 in chips)
Seat 2: kolaz03 ($72 in chips)
Mind90: posts small blind $1
kolaz03: posts big blind $3
*** HOLE CARDS ***
Mind90: raises $3 to $6
kolaz03: calls $3
*** FLOP *** [Jc Js Kc]
kolaz03: checks
Mind90: bets $3
kolaz03: folds
Uncalled bet ($3) returned to Mind90
Mind90 collected $11.76 from pot
Mind90: doesn't show hand
*** SUMMARY ***
Total pot $12 | Rake $0.24
Board [Jc Js Kc]
Seat 1: Mind90 (button) (small blind) collected ($11.76)
Seat 2: kolaz03 (big blind) folded on the Flop


PokerStars Hand #148889456883:  Hold'em Limit ($3/$6 USD) - 2016/02/16 4:47:02 ET
Table 'Descamisada' 6-max Seat #2 is the button
Seat 1: Mind90 ($227.76 in chips)
Seat 2: kolaz03 ($72 in chips)
kolaz03: posts small blind $1
Mind90: posts big blind $3
*** HOLE CARDS ***
kolaz03: raises $3 to $6
Mind90: calls $3
*** FLOP *** [8c 5s Ad]
Mind90: bets $3
kolaz03: calls $3
*** TURN *** [8c 5s Ad] [Th]
Mind90: bets $6
kolaz03: calls $6
*** RIVER *** [8c 5s Ad Th] [3c]
Mind90: checks
kolaz03: bets $6
Mind90: calls $6
*** SHOW DOWN ***
kolaz03: shows [Tc Kc] (a pair of Tens)
Mind90: mucks hand
kolaz03 collected $41.50 from pot
*** SUMMARY ***
Total pot $42 | Rake $0.50
Board [8c 5s Ad Th 3c]
Seat 1: Mind90 (big blind) mucked
Seat 2: kolaz03 (button) (small blind) showed [Tc Kc] and won ($41.50) with a pair of Tens


PokerStars Hand #148889465454:  Hold'em Limit ($3/$6 USD) - 2016/02/16 4:47:22 ET
Table 'Descamisada' 6-max Seat #1 is the button
Seat 1: Mind90 ($206.76 in chips)
Seat 2: kolaz03 ($92.50 in chips)
Mind90: posts small blind $1
kolaz03: posts big blind $3
*** HOLE CARDS ***
Mind90: raises $3 to $6
kolaz03: calls $3
*** FLOP *** [6d Kc Qd]
kolaz03: checks
Mind90: bets $3
kolaz03: folds
Uncalled bet ($3) returned to Mind90
Mind90 collected $11.76 from pot
Mind90: doesn't show hand
*** SUMMARY ***
Total pot $12 | Rake $0.24
Board [6d Kc Qd]
Seat 1: Mind90 (button) (small blind) collected ($11.76)
Seat 2: kolaz03 (big blind) folded on the Flop


PokerStars Hand #148889472946:  Hold'em Limit ($3/$6 USD) - 2016/02/16 4:47:40 ET
Table 'Descamisada' 6-max Seat #2 is the button
Seat 1: Mind90 ($212.52 in chips)
Seat 2: kolaz03 ($86.50 in chips)
kolaz03: posts small blind $1
Mind90: posts big blind $3
*** HOLE CARDS ***
kolaz03: folds
Uncalled bet ($2) returned to Mind90
Mind90 collected $2 from pot
Mind90: doesn't show hand
*** SUMMARY ***
Total pot $2 | Rake $0
Seat 1: Mind90 (big blind) collected ($2)
Seat 2: kolaz03 (button) (small blind) folded before Flop


PokerStars Hand #148889478441:  Hold'em Limit ($3/$6 USD) - 2016/02/16 4:47:52 ET
Table 'Descamisada' 6-max Seat #1 is the button
Seat 1: Mind90 ($213.52 in chips)
Seat 2: kolaz03 ($85.50 in chips)
Mind90: posts small blind $1
kolaz03: posts big blind $3
*** HOLE CARDS ***
Mind90: raises $3 to $6
kolaz03: raises $3 to $9
Mind90: calls $3
*** FLOP *** [Ac 9s 8s]
kolaz03: bets $3
Mind90: calls $3
*** TURN *** [Ac 9s 8s] [Js]
kolaz03: bets $6
Mind90: calls $6
*** RIVER *** [Ac 9s 8s Js] [8d]
kolaz03: bets $6
Mind90: calls $6
*** SHOW DOWN ***
kolaz03: shows [5d 7d] (a pair of Eights)
Mind90: shows [Qc Jd] (two pair, Jacks and Eights)
Mind90 collected $47.50 from pot
*** SUMMARY ***
Total pot $48 | Rake $0.50
Board [Ac 9s 8s Js 8d]
Seat 1: Mind90 (button) (small blind) showed [Qc Jd] and won ($47.50) with two pair, Jacks and Eights
Seat 2: kolaz03 (big blind) showed [5d 7d] and lost with a pair of Eights


