PokerStars Hand #164909316101:  Hold'em Limit ($3/$6 USD) - 2017/01/20 19:53:37 ET
Table 'Desdemona II' 6-max Seat #3 is the button
Seat 3: jarellmaniac ($135.56 in chips)
Seat 4: AzureCaper ($77.76 in chips)
jarellmaniac: posts small blind $1
AzureCaper: posts big blind $3
*** HOLE CARDS ***
jarellmaniac: raises $3 to $6
AzureCaper: raises $3 to $9
jarellmaniac: calls $3
*** FLOP *** [6c Ac Qs]
AzureCaper: bets $3
jarellmaniac: calls $3
*** TURN *** [6c Ac Qs] [Th]
AzureCaper: bets $6
jarellmaniac: folds
Uncalled bet ($6) returned to AzureCaper
AzureCaper collected $23.52 from pot
AzureCaper: doesn't show hand
*** SUMMARY ***
Total pot $24 | Rake $0.48
Board [6c Ac Qs Th]
Seat 3: jarellmaniac (button) (small blind) folded on the Turn
Seat 4: AzureCaper (big blind) collected ($23.52)


PokerStars Hand #164909306507:  Hold'em Limit ($3/$6 USD) - 2017/01/20 19:53:21 ET
Table 'Desdemona II' 6-max Seat #4 is the button
Seat 3: jarellmaniac ($141.56 in chips)
Seat 4: AzureCaper ($72 in chips)
AzureCaper: posts small blind $1
jarellmaniac: posts big blind $3
*** HOLE CARDS ***
grabaz joins the table at seat #5
AzureCaper: raises $3 to $6
jarellmaniac: calls $3
*** FLOP *** [As 4h 3c]
jarellmaniac: checks
BelSv joins the table at seat #6
AzureCaper: bets $3
jarellmaniac: folds
Uncalled bet ($3) returned to AzureCaper
AzureCaper collected $11.76 from pot
AzureCaper: doesn't show hand
*** SUMMARY ***
Total pot $12 | Rake $0.24
Board [As 4h 3c]
Seat 3: jarellmaniac (big blind) folded on the Flop
Seat 4: AzureCaper (button) (small blind) collected ($11.76)


PokerStars Hand #164917825347:  Hold'em Limit ($3/$6 USD) - 2017/01/21 1:39:29 ET
Table 'Desdemona II' 6-max Seat #3 is the button
Seat 3: Motta16 ($199.13 in chips)
Seat 5: AzureCaper ($72 in chips)
Motta16: posts small blind $1
RaisemyNut$: is sitting out
AzureCaper: posts big blind $3
*** HOLE CARDS ***
Motta16: raises $3 to $6
AzureCaper: folds
Uncalled bet ($3) returned to Motta16
Motta16 collected $6 from pot
Motta16: doesn't show hand
*** SUMMARY ***
Total pot $6 | Rake $0
Seat 3: Motta16 (button) (small blind) collected ($6)
Seat 5: AzureCaper (big blind) folded before Flop


PokerStars Hand #164917835809:  Hold'em Limit ($3/$6 USD) - 2017/01/21 1:40:04 ET
Table 'Desdemona II' 6-max Seat #5 is the button
Seat 3: Motta16 ($180.13 in chips)
Seat 5: AzureCaper ($93.50 in chips)
AzureCaper: posts small blind $1
Motta16: posts big blind $3
*** HOLE CARDS ***
AzureCaper: folds
Uncalled bet ($2) returned to Motta16
Motta16 collected $2 from pot
Motta16: doesn't show hand
*** SUMMARY ***
Total pot $2 | Rake $0
Seat 3: Motta16 (big blind) collected ($2)
Seat 5: AzureCaper (button) (small blind) folded before Flop


PokerStars Hand #164917834001:  Hold'em Limit ($3/$6 USD) - 2017/01/21 1:39:58 ET
Table 'Desdemona II' 6-max Seat #3 is the button
Seat 3: Motta16 ($181.13 in chips)
Seat 5: AzureCaper ($92.50 in chips)
RaisemyNut$ leaves the table
Motta16: posts small blind $1
AzureCaper: posts big blind $3
*** HOLE CARDS ***
Motta16: folds
Uncalled bet ($2) returned to AzureCaper
AzureCaper collected $2 from pot
AzureCaper: doesn't show hand
*** SUMMARY ***
Total pot $2 | Rake $0
Seat 3: Motta16 (button) (small blind) folded before Flop
Seat 5: AzureCaper (big blind) collected ($2)


PokerStars Hand #164917827399:  Hold'em Limit ($3/$6 USD) - 2017/01/21 1:39:36 ET
Table 'Desdemona II' 6-max Seat #5 is the button
Seat 3: Motta16 ($202.13 in chips)
Seat 5: AzureCaper ($72 in chips)
AzureCaper: posts small blind $1
Motta16: posts big blind $3
*** HOLE CARDS ***
AzureCaper: raises $3 to $6
Motta16: calls $3
*** FLOP *** [Qd Kd 8c]
Motta16: checks
AzureCaper: bets $3
Motta16: calls $3
*** TURN *** [Qd Kd 8c] [Qs]
Motta16: checks
AzureCaper: bets $6
Motta16: calls $6
*** RIVER *** [Qd Kd 8c Qs] [8h]
Motta16: checks
AzureCaper: bets $6
Motta16: calls $6
*** SHOW DOWN ***
AzureCaper: shows [9s Kc] (two pair, Kings and Queens)
Motta16: mucks hand
AzureCaper collected $41.50 from pot
*** SUMMARY ***
Total pot $42 | Rake $0.50
Board [Qd Kd 8c Qs 8h]
Seat 3: Motta16 (big blind) mucked
Seat 5: AzureCaper (button) (small blind) showed [9s Kc] and won ($41.50) with two pair, Kings and Queens


PokerStars Hand #164917837583:  Hold'em Limit ($3/$6 USD) - 2017/01/21 1:40:10 ET
Table 'Desdemona II' 6-max Seat #3 is the button
Seat 3: Motta16 ($181.13 in chips)
Seat 5: AzureCaper ($92.50 in chips)
Motta16: posts small blind $1
AzureCaper: posts big blind $3
*** HOLE CARDS ***
Motta16: raises $3 to $6
AzureCaper: folds
Uncalled bet ($3) returned to Motta16
Motta16 collected $6 from pot
Motta16: doesn't show hand
*** SUMMARY ***
Total pot $6 | Rake $0
Seat 3: Motta16 (button) (small blind) collected ($6)
Seat 5: AzureCaper (big blind) folded before Flop


PokerStars Hand #164917858677:  Hold'em Limit ($3/$6 USD) - 2017/01/21 1:41:23 ET
Table 'Desdemona II' 6-max Seat #5 is the button
Seat 3: Motta16 ($142.13 in chips)
Seat 5: AzureCaper ($130.52 in chips)
AzureCaper: posts small blind $1
Motta16: posts big blind $3
*** HOLE CARDS ***
AzureCaper: folds
Uncalled bet ($2) returned to Motta16
Motta16 collected $2 from pot
Motta16: doesn't show hand
*** SUMMARY ***
Total pot $2 | Rake $0
Seat 3: Motta16 (big blind) collected ($2)
Seat 5: AzureCaper (button) (small blind) folded before Flop


PokerStars Hand #164917862051:  Hold'em Limit ($3/$6 USD) - 2017/01/21 1:41:34 ET
Table 'Desdemona II' 6-max Seat #5 is the button
Seat 3: Motta16 ($146.13 in chips)
Seat 5: AzureCaper ($126.52 in chips)
AzureCaper: posts small blind $1
Motta16: posts big blind $3
*** HOLE CARDS ***
AzureCaper: folds
Uncalled bet ($2) returned to Motta16
Motta16 collected $2 from pot
Motta16: doesn't show hand
*** SUMMARY ***
Total pot $2 | Rake $0
Seat 3: Motta16 (big blind) collected ($2)
Seat 5: AzureCaper (button) (small blind) folded before Flop


PokerStars Hand #164917860199:  Hold'em Limit ($3/$6 USD) - 2017/01/21 1:41:28 ET
Table 'Desdemona II' 6-max Seat #3 is the button
Seat 3: Motta16 ($143.13 in chips)
Seat 5: AzureCaper ($129.52 in chips)
Motta16: posts small blind $1
AzureCaper: posts big blind $3
*** HOLE CARDS ***
Motta16: raises $3 to $6
AzureCaper: folds
Uncalled bet ($3) returned to Motta16
Motta16 collected $6 from pot
Motta16: doesn't show hand
*** SUMMARY ***
Total pot $6 | Rake $0
Seat 3: Motta16 (button) (small blind) collected ($6)
Seat 5: AzureCaper (big blind) folded before Flop


PokerStars Hand #164917868539:  Hold'em Limit ($3/$6 USD) - 2017/01/21 1:41:57 ET
Table 'Desdemona II' 6-max Seat #5 is the button
Seat 3: Motta16 ($147.01 in chips)
Seat 5: AzureCaper ($125.40 in chips)
AzureCaper: posts small blind $1
Motta16: posts big blind $3
*** HOLE CARDS ***
AzureCaper: folds
Uncalled bet ($2) returned to Motta16
Motta16 collected $2 from pot
Motta16: doesn't show hand
*** SUMMARY ***
Total pot $2 | Rake $0
Seat 3: Motta16 (big blind) collected ($2)
Seat 5: AzureCaper (button) (small blind) folded before Flop


PokerStars Hand #164917863577:  Hold'em Limit ($3/$6 USD) - 2017/01/21 1:41:39 ET
Table 'Desdemona II' 6-max Seat #3 is the button
Seat 3: Motta16 ($147.13 in chips)
Seat 5: AzureCaper ($125.52 in chips)
Motta16: posts small blind $1
AzureCaper: posts big blind $3
*** HOLE CARDS ***
Motta16: raises $3 to $6
AzureCaper: calls $3
*** FLOP *** [7s Th 9d]
AzureCaper: checks
Motta16: checks
*** TURN *** [7s Th 9d] [Jd]
AzureCaper: checks
Motta16: checks
*** RIVER *** [7s Th 9d Jd] [Td]
AzureCaper: checks
Motta16: checks
*** SHOW DOWN ***
AzureCaper: shows [5d Kh] (a pair of Tens)
Motta16: shows [3c Kd] (a pair of Tens)
AzureCaper collected $5.88 from pot
Motta16 collected $5.88 from pot
*** SUMMARY ***
Total pot $12 | Rake $0.24
Board [7s Th 9d Jd Td]
Seat 3: Motta16 (button) (small blind) showed [3c Kd] and won ($5.88) with a pair of Tens
Seat 5: AzureCaper (big blind) showed [5d Kh] and won ($5.88) with a pair of Tens


PokerStars Hand #164917850200:  Hold'em Limit ($3/$6 USD) - 2017/01/21 1:40:54 ET
Table 'Desdemona II' 6-max Seat #3 is the button
Seat 3: Motta16 ($154.13 in chips)
Seat 5: AzureCaper ($119 in chips)
Motta16: posts small blind $1
AzureCaper: posts big blind $3
*** HOLE CARDS ***
Motta16: raises $3 to $6
AzureCaper: calls $3
*** FLOP *** [9c Th 2s]
AzureCaper: checks
Motta16: bets $3
AzureCaper: raises $3 to $6
Motta16: calls $3
*** TURN *** [9c Th 2s] [Td]
AzureCaper: bets $6
Motta16: folds
Uncalled bet ($6) returned to AzureCaper
AzureCaper collected $23.52 from pot
AzureCaper: doesn't show hand
*** SUMMARY ***
Total pot $24 | Rake $0.48
Board [9c Th 2s Td]
Seat 3: Motta16 (button) (small blind) folded on the Turn
Seat 5: AzureCaper (big blind) collected ($23.52)


PokerStars Hand #164917875768:  Hold'em Limit ($3/$6 USD) - 2017/01/21 1:42:21 ET
Table 'Desdemona II' 6-max Seat #5 is the button
Seat 3: Motta16 ($139.01 in chips)
Seat 5: AzureCaper ($133.04 in chips)
AzureCaper: posts small blind $1
Motta16: posts big blind $3
*** HOLE CARDS ***
AzureCaper: raises $3 to $6
Motta16: calls $3
*** FLOP *** [Qd Qc 3h]
Motta16: checks
AzureCaper: bets $3
Motta16: folds
Uncalled bet ($3) returned to AzureCaper
AzureCaper collected $11.76 from pot
AzureCaper: doesn't show hand
*** SUMMARY ***
Total pot $12 | Rake $0.24
Board [Qd Qc 3h]
Seat 3: Motta16 (big blind) folded on the Flop
Seat 5: AzureCaper (button) (small blind) collected ($11.76)


PokerStars Hand #164917879342:  Hold'em Limit ($3/$6 USD) - 2017/01/21 1:42:34 ET
Table 'Desdemona II' 6-max Seat #3 is the button
Seat 3: Motta16 ($133.01 in chips)
Seat 5: AzureCaper ($138.80 in chips)
Motta16: posts small blind $1
AzureCaper: posts big blind $3
*** HOLE CARDS ***
Motta16: raises $3 to $6
AzureCaper: calls $3
*** FLOP *** [3s 7d 5d]
AzureCaper: bets $3
Motta16: calls $3
*** TURN *** [3s 7d 5d] [8s]
AzureCaper: bets $6
Motta16: calls $6
*** RIVER *** [3s 7d 5d 8s] [Qs]
AzureCaper: bets $6
Motta16: raises $6 to $12
AzureCaper: folds
Uncalled bet ($6) returned to Motta16
Motta16 collected $41.50 from pot
Motta16: doesn't show hand
*** SUMMARY ***
Total pot $42 | Rake $0.50
Board [3s 7d 5d 8s Qs]
Seat 3: Motta16 (button) (small blind) collected ($41.50)
Seat 5: AzureCaper (big blind) folded on the River


PokerStars Hand #164917887108:  Hold'em Limit ($3/$6 USD) - 2017/01/21 1:43:00 ET
Table 'Desdemona II' 6-max Seat #5 is the button
Seat 3: Motta16 ($153.51 in chips)
Seat 5: AzureCaper ($117.80 in chips)
AzureCaper: posts small blind $1
Motta16: posts big blind $3
*** HOLE CARDS ***
AzureCaper: raises $3 to $6
Motta16: folds
Uncalled bet ($3) returned to AzureCaper
AzureCaper collected $6 from pot
AzureCaper: doesn't show hand
*** SUMMARY ***
Total pot $6 | Rake $0
Seat 3: Motta16 (big blind) folded before Flop
Seat 5: AzureCaper (button) (small blind) collected ($6)


PokerStars Hand #164917870110:  Hold'em Limit ($3/$6 USD) - 2017/01/21 1:42:02 ET
Table 'Desdemona II' 6-max Seat #3 is the button
Seat 3: Motta16 ($148.01 in chips)
Seat 5: AzureCaper ($124.40 in chips)
Motta16: posts small blind $1
AzureCaper: posts big blind $3
*** HOLE CARDS ***
Motta16: raises $3 to $6
AzureCaper: calls $3
*** FLOP *** [Ac Ts 7s]
AzureCaper: checks
Motta16: bets $3
AzureCaper: calls $3
*** TURN *** [Ac Ts 7s] [6d]
AzureCaper: checks
Motta16: checks
*** RIVER *** [Ac Ts 7s 6d] [8s]
AzureCaper: checks
Motta16: checks
*** SHOW DOWN ***
AzureCaper: shows [7h Kc] (a pair of Sevens)
Motta16: mucks hand
AzureCaper collected $17.64 from pot
*** SUMMARY ***
Total pot $18 | Rake $0.36
Board [Ac Ts 7s 6d 8s]
Seat 3: Motta16 (button) (small blind) mucked
Seat 5: AzureCaper (big blind) showed [7h Kc] and won ($17.64) with a pair of Sevens


PokerStars Hand #164917894848:  Hold'em Limit ($3/$6 USD) - 2017/01/21 1:43:27 ET
Table 'Desdemona II' 6-max Seat #5 is the button
Seat 3: Motta16 ($156.27 in chips)
Seat 5: AzureCaper ($114.80 in chips)
AzureCaper: posts small blind $1
Motta16: posts big blind $3
*** HOLE CARDS ***
AzureCaper: folds
Uncalled bet ($2) returned to Motta16
Motta16 collected $2 from pot
Motta16: doesn't show hand
*** SUMMARY ***
Total pot $2 | Rake $0
Seat 3: Motta16 (big blind) collected ($2)
Seat 5: AzureCaper (button) (small blind) folded before Flop


PokerStars Hand #164917889771:  Hold'em Limit ($3/$6 USD) - 2017/01/21 1:43:10 ET
Table 'Desdemona II' 6-max Seat #3 is the button
Seat 3: Motta16 ($150.51 in chips)
Seat 5: AzureCaper ($120.80 in chips)
Motta16: posts small blind $1
AzureCaper: posts big blind $3
*** HOLE CARDS ***
Motta16: raises $3 to $6
AzureCaper: calls $3
*** FLOP *** [7h 4d 2d]
AzureCaper: checks
Motta16: bets $3
AzureCaper: folds
Uncalled bet ($3) returned to Motta16
Motta16 collected $11.76 from pot
Motta16: doesn't show hand
*** SUMMARY ***
Total pot $12 | Rake $0.24
Board [7h 4d 2d]
Seat 3: Motta16 (button) (small blind) collected ($11.76)
Seat 5: AzureCaper (big blind) folded on the Flop


