PokerStars Hand #159277268628:  Hold'em Limit ($3/$6 USD) - 2016/09/30 5:04:34 ET
Table 'Desdemona' 6-max Seat #3 is the button
Seat 2: NAZIR796 ($88.91 in chips)
Seat 3: TbIP-TbIP 88 ($74.88 in chips)
TbIP-TbIP 88: posts small blind $1
NAZIR796: posts big blind $3
*** HOLE CARDS ***
TbIP-TbIP 88: folds
Uncalled bet ($2) returned to NAZIR796
NAZIR796 collected $2 from pot
NAZIR796: doesn't show hand
*** SUMMARY ***
Total pot $2 | Rake $0
Seat 2: NAZIR796 (big blind) collected ($2)
Seat 3: TbIP-TbIP 88 (button) (small blind) folded before Flop


PokerStars Hand #159277263775:  Hold'em Limit ($3/$6 USD) - 2016/09/30 5:04:20 ET
Table 'Desdemona' 6-max Seat #2 is the button
Seat 2: NAZIR796 ($91.91 in chips)
Seat 3: TbIP-TbIP 88 ($72 in chips)
NAZIR796: posts small blind $1
TbIP-TbIP 88: posts big blind $3
*** HOLE CARDS ***
NAZIR796: calls $2
TbIP-TbIP 88: checks
*** FLOP *** [7s Kd Kc]
TbIP-TbIP 88: bets $3
NAZIR796: folds
Uncalled bet ($3) returned to TbIP-TbIP 88
TbIP-TbIP 88 collected $5.88 from pot
TbIP-TbIP 88: doesn't show hand
*** SUMMARY ***
Total pot $6 | Rake $0.12
Board [7s Kd Kc]
Seat 2: NAZIR796 (button) (small blind) folded on the Flop
Seat 3: TbIP-TbIP 88 (big blind) collected ($5.88)


PokerStars Hand #159277274040:  Hold'em Limit ($3/$6 USD) - 2016/09/30 5:04:50 ET
Table 'Desdemona' 6-max Seat #2 is the button
Seat 2: NAZIR796 ($89.91 in chips)
Seat 3: TbIP-TbIP 88 ($73.88 in chips)
NAZIR796: posts small blind $1
TbIP-TbIP 88: posts big blind $3
*** HOLE CARDS ***
NAZIR796: calls $2
TbIP-TbIP 88: raises $3 to $6
NAZIR796: calls $3
*** FLOP *** [2s Qh 5h]
TbIP-TbIP 88: bets $3
NAZIR796: calls $3
*** TURN *** [2s Qh 5h] [5c]
TbIP-TbIP 88: checks
NAZIR796: bets $6
TbIP-TbIP 88: calls $6
*** RIVER *** [2s Qh 5h 5c] [Jh]
TbIP-TbIP 88: checks
NAZIR796: bets $6
TbIP-TbIP 88: calls $6
*** SHOW DOWN ***
NAZIR796: shows [5s Kc] (three of a kind, Fives)
TbIP-TbIP 88: mucks hand
NAZIR796 collected $41.50 from pot
*** SUMMARY ***
Total pot $42 | Rake $0.50
Board [2s Qh 5h 5c Jh]
Seat 2: NAZIR796 (button) (small blind) showed [5s Kc] and won ($41.50) with three of a kind, Fives
Seat 3: TbIP-TbIP 88 (big blind) mucked


PokerStars Hand #159277287364:  Hold'em Limit ($3/$6 USD) - 2016/09/30 5:05:28 ET
Table 'Desdemona' 6-max Seat #3 is the button
Seat 2: NAZIR796 ($110.41 in chips)
Seat 3: TbIP-TbIP 88 ($72 in chips)
TbIP-TbIP 88: posts small blind $1
NAZIR796: posts big blind $3
*** HOLE CARDS ***
TbIP-TbIP 88: raises $3 to $6
NAZIR796: calls $3
*** FLOP *** [9d 8d 8h]
NAZIR796: checks
TbIP-TbIP 88: bets $3
NAZIR796: calls $3
*** TURN *** [9d 8d 8h] [Th]
NAZIR796: checks
TbIP-TbIP 88: bets $6
NAZIR796: calls $6
*** RIVER *** [9d 8d 8h Th] [3s]
NAZIR796: checks
TbIP-TbIP 88: bets $6
NAZIR796: folds
Uncalled bet ($6) returned to TbIP-TbIP 88
TbIP-TbIP 88 collected $29.50 from pot
TbIP-TbIP 88: doesn't show hand
*** SUMMARY ***
Total pot $30 | Rake $0.50
Board [9d 8d 8h Th 3s]
Seat 2: NAZIR796 (big blind) folded on the River
Seat 3: TbIP-TbIP 88 (button) (small blind) collected ($29.50)


PokerStars Hand #159277297724:  Hold'em Limit ($3/$6 USD) - 2016/09/30 5:05:57 ET
Table 'Desdemona' 6-max Seat #2 is the button
Seat 2: NAZIR796 ($95.41 in chips)
Seat 3: TbIP-TbIP 88 ($86.50 in chips)
NAZIR796: posts small blind $1
TbIP-TbIP 88: posts big blind $3
*** HOLE CARDS ***
NAZIR796: calls $2
TbIP-TbIP 88: raises $3 to $6
NAZIR796: calls $3
*** FLOP *** [3c 6h 4d]
TbIP-TbIP 88: bets $3
NAZIR796: calls $3
*** TURN *** [3c 6h 4d] [4c]
TbIP-TbIP 88: checks
NAZIR796: bets $6
TbIP-TbIP 88: calls $6
*** RIVER *** [3c 6h 4d 4c] [2s]
TbIP-TbIP 88: checks
NAZIR796: bets $6
TbIP-TbIP 88: calls $6
*** SHOW DOWN ***
NAZIR796: shows [9s 6c] (two pair, Sixes and Fours)
TbIP-TbIP 88: mucks hand
NAZIR796 collected $41.50 from pot
*** SUMMARY ***
Total pot $42 | Rake $0.50
Board [3c 6h 4d 4c 2s]
Seat 2: NAZIR796 (button) (small blind) showed [9s 6c] and won ($41.50) with two pair, Sixes and Fours
Seat 3: TbIP-TbIP 88 (big blind) mucked


PokerStars Hand #159277315203:  Hold'em Limit ($3/$6 USD) - 2016/09/30 5:06:47 ET
Table 'Desdemona' 6-max Seat #2 is the button
Seat 2: NAZIR796 ($124.55 in chips)
Seat 3: TbIP-TbIP 88 ($72 in chips)
NAZIR796: posts small blind $1
TbIP-TbIP 88: posts big blind $3
*** HOLE CARDS ***
NAZIR796: calls $2
TbIP-TbIP 88: checks
*** FLOP *** [6s 9s 9d]
TbIP-TbIP 88: checks
NAZIR796: checks
*** TURN *** [6s 9s 9d] [8s]
TbIP-TbIP 88: checks
NAZIR796: checks
*** RIVER *** [6s 9s 9d 8s] [5c]
TbIP-TbIP 88: checks
NAZIR796: checks
*** SHOW DOWN ***
TbIP-TbIP 88: shows [Th 5h] (two pair, Nines and Fives)
NAZIR796: mucks hand
TbIP-TbIP 88 collected $5.88 from pot
*** SUMMARY ***
Total pot $6 | Rake $0.12
Board [6s 9s 9d 8s 5c]
Seat 2: NAZIR796 (button) (small blind) mucked
Seat 3: TbIP-TbIP 88 (big blind) showed [Th 5h] and won ($5.88) with two pair, Nines and Fives


PokerStars Hand #159277307969:  Hold'em Limit ($3/$6 USD) - 2016/09/30 5:06:27 ET
Table 'Desdemona' 6-max Seat #3 is the button
Seat 2: NAZIR796 ($115.91 in chips)
Seat 3: TbIP-TbIP 88 ($72 in chips)
TbIP-TbIP 88: posts small blind $1
NAZIR796: posts big blind $3
*** HOLE CARDS ***
TbIP-TbIP 88: raises $3 to $6
NAZIR796: calls $3
*** FLOP *** [Js Ad 4d]
NAZIR796: checks
TbIP-TbIP 88: bets $3
NAZIR796: calls $3
*** TURN *** [Js Ad 4d] [4c]
NAZIR796: checks
TbIP-TbIP 88: checks
*** RIVER *** [Js Ad 4d 4c] [Ks]
NAZIR796: bets $6
TbIP-TbIP 88: folds
Uncalled bet ($6) returned to NAZIR796
NAZIR796 collected $17.64 from pot
NAZIR796: doesn't show hand
*** SUMMARY ***
Total pot $18 | Rake $0.36
Board [Js Ad 4d 4c Ks]
Seat 2: NAZIR796 (big blind) collected ($17.64)
Seat 3: TbIP-TbIP 88 (button) (small blind) folded on the River


PokerStars Hand #159277321662:  Hold'em Limit ($3/$6 USD) - 2016/09/30 5:07:06 ET
Table 'Desdemona' 6-max Seat #3 is the button
Seat 2: NAZIR796 ($121.55 in chips)
Seat 3: TbIP-TbIP 88 ($74.88 in chips)
TbIP-TbIP 88: posts small blind $1
NAZIR796: posts big blind $3
*** HOLE CARDS ***
TbIP-TbIP 88: raises $3 to $6
NAZIR796: calls $3
*** FLOP *** [Ks 5d 6h]
NAZIR796: checks
TbIP-TbIP 88: bets $3
NAZIR796: calls $3
*** TURN *** [Ks 5d 6h] [3s]
NAZIR796: checks
TbIP-TbIP 88: bets $6
NAZIR796: calls $6
*** RIVER *** [Ks 5d 6h 3s] [8s]
NAZIR796: bets $6
TbIP-TbIP 88: folds
Uncalled bet ($6) returned to NAZIR796
NAZIR796 collected $29.50 from pot
NAZIR796: doesn't show hand
*** SUMMARY ***
Total pot $30 | Rake $0.50
Board [Ks 5d 6h 3s 8s]
Seat 2: NAZIR796 (big blind) collected ($29.50)
Seat 3: TbIP-TbIP 88 (button) (small blind) folded on the River


PokerStars Hand #159277336844:  Hold'em Limit ($3/$6 USD) - 2016/09/30 5:07:48 ET
Table 'Desdemona' 6-max Seat #2 is the button
Seat 2: NAZIR796 ($136.05 in chips)
Seat 3: TbIP-TbIP 88 ($72 in chips)
NAZIR796: posts small blind $1
TbIP-TbIP 88: posts big blind $3
*** HOLE CARDS ***
NAZIR796: folds
Uncalled bet ($2) returned to TbIP-TbIP 88
TbIP-TbIP 88 collected $2 from pot
TbIP-TbIP 88: doesn't show hand
*** SUMMARY ***
Total pot $2 | Rake $0
Seat 2: NAZIR796 (button) (small blind) folded before Flop
Seat 3: TbIP-TbIP 88 (big blind) collected ($2)


PokerStars Hand #159277339105:  Hold'em Limit ($3/$6 USD) - 2016/09/30 5:07:54 ET
Table 'Desdemona' 6-max Seat #3 is the button
Seat 2: NAZIR796 ($135.05 in chips)
Seat 3: TbIP-TbIP 88 ($73 in chips)
TbIP-TbIP 88: posts small blind $1
NAZIR796: posts big blind $3
*** HOLE CARDS ***
TbIP-TbIP 88: raises $3 to $6
NAZIR796: calls $3
*** FLOP *** [2h 6d 5c]
NAZIR796: checks
TbIP-TbIP 88: bets $3
NAZIR796: calls $3
*** TURN *** [2h 6d 5c] [Ks]
Fabulous108 joins the table at seat #4
NAZIR796: checks
TbIP-TbIP 88: checks
*** RIVER *** [2h 6d 5c Ks] [5h]
NAZIR796: checks
TbIP-TbIP 88: bets $6
NAZIR796: calls $6
*** SHOW DOWN ***
TbIP-TbIP 88: shows [Ad Qs] (a pair of Fives)
NAZIR796: shows [Ah Qh] (a pair of Fives)
NAZIR796 collected $14.75 from pot
TbIP-TbIP 88 collected $14.75 from pot
*** SUMMARY ***
Total pot $30 | Rake $0.50
Board [2h 6d 5c Ks 5h]
Seat 2: NAZIR796 (big blind) showed [Ah Qh] and won ($14.75) with a pair of Fives
Seat 3: TbIP-TbIP 88 (button) (small blind) showed [Ad Qs] and won ($14.75) with a pair of Fives


PokerStars Hand #159277345888:  Hold'em Limit ($3/$6 USD) - 2016/09/30 5:08:13 ET
Table 'Desdemona' 6-max Seat #2 is the button
Seat 2: NAZIR796 ($134.80 in chips)
Seat 3: TbIP-TbIP 88 ($72.75 in chips)
NAZIR796: posts small blind $1
TbIP-TbIP 88: posts big blind $3
*** HOLE CARDS ***
NAZIR796: calls $2
TbIP-TbIP 88: checks
*** FLOP *** [5c 5h Jd]
TbIP-TbIP 88: checks
NAZIR796: bets $3
TbIP-TbIP 88: folds
Uncalled bet ($3) returned to NAZIR796
NAZIR796 collected $5.88 from pot
NAZIR796: doesn't show hand
*** SUMMARY ***
Total pot $6 | Rake $0.12
Board [5c 5h Jd]
Seat 2: NAZIR796 (button) (small blind) collected ($5.88)
Seat 3: TbIP-TbIP 88 (big blind) folded on the Flop


PokerStars Hand #159280270772:  Hold'em Limit ($3/$6 USD) - 2016/09/30 7:13:08 ET
Table 'Desdemona' 6-max Seat #1 is the button
Seat 1: RaisemyNut$ ($75.19 in chips)
Seat 6: pogi74 ($102.28 in chips)
RaisemyNut$: posts small blind $1
TbIP-TbIP 88: is sitting out
pogi74: posts big blind $3
*** HOLE CARDS ***
RaisemyNut$: raises $3 to $6
pogi74: calls $3
*** FLOP *** [6c 9s 7c]
pogi74: checks
TbIP-TbIP 88 leaves the table
RaisemyNut$: bets $3
pogi74: raises $3 to $6
RaisemyNut$: calls $3
*** TURN *** [6c 9s 7c] [9h]
pogi74: bets $6
RaisemyNut$: raises $6 to $12
pogi74: folds
Uncalled bet ($6) returned to RaisemyNut$
RaisemyNut$ collected $35.50 from pot
RaisemyNut$: doesn't show hand
*** SUMMARY ***
Total pot $36 | Rake $0.50
Board [6c 9s 7c 9h]
Seat 1: RaisemyNut$ (button) (small blind) collected ($35.50)
Seat 6: pogi74 (big blind) folded on the Turn


PokerStars Hand #159280282624:  Hold'em Limit ($3/$6 USD) - 2016/09/30 7:13:35 ET
Table 'Desdemona' 6-max Seat #6 is the button
Seat 1: RaisemyNut$ ($92.69 in chips)
Seat 6: pogi74 ($84.28 in chips)
pogi74: posts small blind $1
RaisemyNut$: posts big blind $3
*** HOLE CARDS ***
pogi74: raises $3 to $6
RaisemyNut$: calls $3
*** FLOP *** [Qc 3d 8s]
Abokart joins the table at seat #3
RaisemyNut$: checks
pogi74: bets $3
RaisemyNut$: folds
Uncalled bet ($3) returned to pogi74
pogi74 collected $11.76 from pot
pogi74: doesn't show hand
*** SUMMARY ***
Total pot $12 | Rake $0.24
Board [Qc 3d 8s]
Seat 1: RaisemyNut$ (big blind) folded on the Flop
Seat 6: pogi74 (button) (small blind) collected ($11.76)


PokerStars Hand #159281647898:  Hold'em Limit ($3/$6 USD) - 2016/09/30 8:05:04 ET
Table 'Desdemona' 6-max Seat #2 is the button
Seat 2: CrotchSnifer ($147.36 in chips)
Seat 3: fire852181 ($63.47 in chips)
YseRussia will be allowed to play after the button
CrotchSnifer: posts small blind $1
fire852181: posts big blind $3
*** HOLE CARDS ***
Rmk1500 leaves the table
CrotchSnifer: folds
Uncalled bet ($2) returned to fire852181
swics1202 leaves the table
fire852181 collected $2 from pot
fire852181: doesn't show hand
*** SUMMARY ***
Total pot $2 | Rake $0
Seat 2: CrotchSnifer (button) (small blind) folded before Flop
Seat 3: fire852181 (big blind) collected ($2)


PokerStars Hand #159281687604:  Hold'em Limit ($3/$6 USD) - 2016/09/30 8:06:30 ET
Table 'Desdemona' 6-max Seat #2 is the button
Seat 2: CrotchSnifer ($150.36 in chips)
Seat 3: fire852181 ($63.47 in chips)
NAZIR796 will be allowed to play after the button
CrotchSnifer: posts small blind $1
fire852181: posts big blind $3
*** HOLE CARDS ***
CrotchSnifer: folds
Uncalled bet ($2) returned to fire852181
fire852181 collected $2 from pot
fire852181: doesn't show hand
*** SUMMARY ***
Total pot $2 | Rake $0
Seat 2: CrotchSnifer (button) (small blind) folded before Flop
Seat 3: fire852181 (big blind) collected ($2)


PokerStars Hand #159288130619:  Hold'em Limit ($3/$6 USD) - 2016/09/30 11:24:33 ET
Table 'Desdemona' 6-max Seat #1 is the button
Seat 1: Rmk1500 ($276.73 in chips)
Seat 3: fire852181 ($75.46 in chips)
Rmk1500: posts small blind $1
fire852181: posts big blind $3
*** HOLE CARDS ***
Rmk1500: raises $3 to $6
fire852181: calls $3
*** FLOP *** [2h Qs Jd]
fire852181: checks
Rmk1500: bets $3
fire852181: raises $3 to $6
Rmk1500: folds
Uncalled bet ($3) returned to fire852181
fire852181 collected $17.64 from pot
fire852181: doesn't show hand
*** SUMMARY ***
Total pot $18 | Rake $0.36
Board [2h Qs Jd]
Seat 1: Rmk1500 (button) (small blind) folded on the Flop
Seat 3: fire852181 (big blind) collected ($17.64)


PokerStars Hand #159288126193:  Hold'em Limit ($3/$6 USD) - 2016/09/30 11:24:26 ET
Table 'Desdemona' 6-max Seat #3 is the button
Seat 1: Rmk1500 ($279.73 in chips)
Seat 3: fire852181 ($72.46 in chips)
fire852181: posts small blind $1
Rmk1500: posts big blind $3
*** HOLE CARDS ***
fire852181: raises $3 to $6
Rmk1500: folds
Uncalled bet ($3) returned to fire852181
fire852181 collected $6 from pot
fire852181: doesn't show hand
*** SUMMARY ***
Total pot $6 | Rake $0
Seat 1: Rmk1500 (big blind) folded before Flop
Seat 3: fire852181 (button) (small blind) collected ($6)


PokerStars Hand #159288115587:  Hold'em Limit ($3/$6 USD) - 2016/09/30 11:24:09 ET
Table 'Desdemona' 6-max Seat #1 is the button
Seat 1: Rmk1500 ($291.73 in chips)
Seat 3: fire852181 ($60.94 in chips)
Rmk1500: posts small blind $1
fire852181: posts big blind $3
*** HOLE CARDS ***
Rmk1500: raises $3 to $6
fire852181: raises $3 to $9
Rmk1500: calls $3
*** FLOP *** [7h Jh 8c]
fire852181: bets $3
Rmk1500: calls $3
*** TURN *** [7h Jh 8c] [4c]
fire852181: bets $6
Rmk1500: folds
Uncalled bet ($6) returned to fire852181
fire852181 collected $23.52 from pot
fire852181: doesn't show hand
*** SUMMARY ***
Total pot $24 | Rake $0.48
Board [7h Jh 8c 4c]
Seat 1: Rmk1500 (button) (small blind) folded on the Turn
Seat 3: fire852181 (big blind) collected ($23.52)


