PokerStars Hand #152806337397:  Hold'em Limit ($3/$6 USD) - 2016/05/03 14:25:18 ET
Table 'Desdemona II' 10-max Seat #8 is the button
Seat 7: Pandakey ($133 in chips)
Seat 8: JayEm82 ($135.80 in chips)
JayEm82: posts small blind $1
Pandakey: posts big blind $3
*** HOLE CARDS ***
JayEm82: raises $3 to $6
Pandakey: calls $3
*** FLOP *** [5c Tc 2s]
Pandakey: checks
JayEm82: bets $3
Pandakey: calls $3
*** TURN *** [5c Tc 2s] [2c]
Pandakey: checks
JayEm82: checks
*** RIVER *** [5c Tc 2s 2c] [2d]
Pandakey: checks
JayEm82: checks
*** SHOW DOWN ***
Pandakey: shows [6c Kd] (three of a kind, Deuces)
JayEm82: mucks hand
Pandakey collected $17.64 from pot
*** SUMMARY ***
Total pot $18 | Rake $0.36
Board [5c Tc 2s 2c 2d]
Seat 7: Pandakey (big blind) showed [6c Kd] and won ($17.64) with three of a kind, Deuces
Seat 8: JayEm82 (button) (small blind) mucked


PokerStars Hand #152806401447:  Hold'em Limit ($3/$6 USD) - 2016/05/03 14:26:35 ET
Table 'Desdemona II' 10-max Seat #7 is the button
Seat 7: Pandakey ($134.64 in chips)
Seat 8: JayEm82 ($133.32 in chips)
Pandakey: posts small blind $1
JayEm82: posts big blind $3
*** HOLE CARDS ***
Pandakey: folds
Uncalled bet ($2) returned to JayEm82
JayEm82 collected $2 from pot
JayEm82: doesn't show hand
*** SUMMARY ***
Total pot $2 | Rake $0
Seat 7: Pandakey (button) (small blind) folded before Flop
Seat 8: JayEm82 (big blind) collected ($2)


PokerStars Hand #152806397830:  Hold'em Limit ($3/$6 USD) - 2016/05/03 14:26:31 ET
Table 'Desdemona II' 10-max Seat #8 is the button
Seat 7: Pandakey ($133.64 in chips)
Seat 8: JayEm82 ($134.32 in chips)
JayEm82: posts small blind $1
Pandakey: posts big blind $3
*** HOLE CARDS ***
JayEm82: folds
Uncalled bet ($2) returned to Pandakey
Pandakey collected $2 from pot
Pandakey: doesn't show hand
*** SUMMARY ***
Total pot $2 | Rake $0
Seat 7: Pandakey (big blind) collected ($2)
Seat 8: JayEm82 (button) (small blind) folded before Flop


PokerStars Hand #152806405091:  Hold'em Limit ($3/$6 USD) - 2016/05/03 14:26:40 ET
Table 'Desdemona II' 10-max Seat #8 is the button
Seat 7: Pandakey ($133.64 in chips)
Seat 8: JayEm82 ($134.32 in chips)
JayEm82: posts small blind $1
Pandakey: posts big blind $3
*** HOLE CARDS ***
JayEm82: raises $3 to $6
Pandakey: raises $3 to $9
JayEm82: raises $3 to $12
Betting is capped
Pandakey: calls $3
*** FLOP *** [5c Jc 6c]
Pandakey: checks
JayEm82: bets $3
Pandakey: folds
Uncalled bet ($3) returned to JayEm82
JayEm82 collected $23.52 from pot
JayEm82: doesn't show hand
*** SUMMARY ***
Total pot $24 | Rake $0.48
Board [5c Jc 6c]
Seat 7: Pandakey (big blind) folded on the Flop
Seat 8: JayEm82 (button) (small blind) collected ($23.52)


PokerStars Hand #152806392016:  Hold'em Limit ($3/$6 USD) - 2016/05/03 14:26:24 ET
Table 'Desdemona II' 10-max Seat #7 is the button
Seat 7: Pandakey ($130.64 in chips)
Seat 8: JayEm82 ($137.32 in chips)
Pandakey: posts small blind $1
JayEm82: posts big blind $3
*** HOLE CARDS ***
Pandakey: raises $3 to $6
JayEm82: folds
Uncalled bet ($3) returned to Pandakey
Pandakey collected $6 from pot
Pandakey: doesn't show hand
*** SUMMARY ***
Total pot $6 | Rake $0
Seat 7: Pandakey (button) (small blind) collected ($6)
Seat 8: JayEm82 (big blind) folded before Flop


PokerStars Hand #152806387011:  Hold'em Limit ($3/$6 USD) - 2016/05/03 14:26:18 ET
Table 'Desdemona II' 10-max Seat #8 is the button
Seat 7: Pandakey ($129.64 in chips)
Seat 8: JayEm82 ($138.32 in chips)
JayEm82: posts small blind $1
Pandakey: posts big blind $3
*** HOLE CARDS ***
JayEm82: folds
Uncalled bet ($2) returned to Pandakey
Pandakey collected $2 from pot
Pandakey: doesn't show hand
*** SUMMARY ***
Total pot $2 | Rake $0
Seat 7: Pandakey (big blind) collected ($2)
Seat 8: JayEm82 (button) (small blind) folded before Flop


PokerStars Hand #152806456246:  Hold'em Limit ($3/$6 USD) - 2016/05/03 14:27:42 ET
Table 'Desdemona II' 10-max Seat #8 is the button
Seat 7: Pandakey ($127.14 in chips)
Seat 8: JayEm82 ($139.12 in chips)
JayEm82: posts small blind $1
Pandakey: posts big blind $3
*** HOLE CARDS ***
JayEm82: raises $3 to $6
Pandakey: calls $3
*** FLOP *** [3d 9h 6d]
Pandakey: checks
JayEm82: bets $3
Pandakey: raises $3 to $6
JayEm82: calls $3
*** TURN *** [3d 9h 6d] [Ah]
Pandakey: bets $6
JayEm82: raises $6 to $12
Pandakey: calls $6
*** RIVER *** [3d 9h 6d Ah] [2s]
Pandakey: checks
JayEm82: bets $6
Pandakey: folds
Uncalled bet ($6) returned to JayEm82
JayEm82 collected $47.50 from pot
JayEm82: doesn't show hand
*** SUMMARY ***
Total pot $48 | Rake $0.50
Board [3d 9h 6d Ah 2s]
Seat 7: Pandakey (big blind) folded on the River
Seat 8: JayEm82 (button) (small blind) collected ($47.50)


PokerStars Hand #152806418092:  Hold'em Limit ($3/$6 USD) - 2016/05/03 14:26:56 ET
Table 'Desdemona II' 10-max Seat #7 is the button
Seat 7: Pandakey ($121.64 in chips)
Seat 8: JayEm82 ($145.84 in chips)
Pandakey: posts small blind $1
JayEm82: posts big blind $3
*** HOLE CARDS ***
Pandakey: raises $3 to $6
JayEm82: raises $3 to $9
Pandakey: calls $3
*** FLOP *** [8d Qc 2d]
JayEm82: bets $3
Pandakey: calls $3
*** TURN *** [8d Qc 2d] [9d]
JayEm82: bets $6
Pandakey: calls $6
*** RIVER *** [8d Qc 2d 9d] [8c]
JayEm82: bets $6
Pandakey: calls $6
*** SHOW DOWN ***
JayEm82: shows [Jd 7h] (a pair of Eights)
Pandakey: shows [7d 7c] (two pair, Eights and Sevens)
Pandakey collected $47.50 from pot
*** SUMMARY ***
Total pot $48 | Rake $0.50
Board [8d Qc 2d 9d 8c]
Seat 7: Pandakey (button) (small blind) showed [7d 7c] and won ($47.50) with two pair, Eights and Sevens
Seat 8: JayEm82 (big blind) showed [Jd 7h] and lost with a pair of Eights


PokerStars Hand #152806446678:  Hold'em Limit ($3/$6 USD) - 2016/05/03 14:27:30 ET
Table 'Desdemona II' 10-max Seat #7 is the button
Seat 7: Pandakey ($136.14 in chips)
Seat 8: JayEm82 ($130.48 in chips)
Pandakey: posts small blind $1
JayEm82: posts big blind $3
*** HOLE CARDS ***
Pandakey: raises $3 to $6
JayEm82: raises $3 to $9
Pandakey: calls $3
*** FLOP *** [Jd Ac 7s]
JayEm82: bets $3
Pandakey: folds
Uncalled bet ($3) returned to JayEm82
JayEm82 collected $17.64 from pot
JayEm82: doesn't show hand
*** SUMMARY ***
Total pot $18 | Rake $0.36
Board [Jd Ac 7s]
Seat 7: Pandakey (button) (small blind) folded on the Flop
Seat 8: JayEm82 (big blind) collected ($17.64)


PokerStars Hand #152806437348:  Hold'em Limit ($3/$6 USD) - 2016/05/03 14:27:19 ET
Table 'Desdemona II' 10-max Seat #8 is the button
Seat 7: Pandakey ($145.14 in chips)
Seat 8: JayEm82 ($121.84 in chips)
JayEm82: posts small blind $1
Pandakey: posts big blind $3
*** HOLE CARDS ***
JayEm82: raises $3 to $6
Pandakey: calls $3
*** FLOP *** [4s 8s 4h]
Pandakey: checks
JayEm82: bets $3
Pandakey: calls $3
*** TURN *** [4s 8s 4h] [7h]
Pandakey: checks
JayEm82: bets $6
Pandakey: folds
Uncalled bet ($6) returned to JayEm82
JayEm82 collected $17.64 from pot
JayEm82: doesn't show hand
*** SUMMARY ***
Total pot $18 | Rake $0.36
Board [4s 8s 4h 7h]
Seat 7: Pandakey (big blind) folded on the Turn
Seat 8: JayEm82 (button) (small blind) collected ($17.64)


PokerStars Hand #152806493339:  Hold'em Limit ($3/$6 USD) - 2016/05/03 14:28:27 ET
Table 'Desdemona II' 10-max Seat #7 is the button
Seat 7: Pandakey ($114.78 in chips)
Seat 8: JayEm82 ($150.62 in chips)
Pandakey: posts small blind $1
JayEm82: posts big blind $3
*** HOLE CARDS ***
Pandakey: raises $3 to $6
JayEm82: raises $3 to $9
Pandakey: calls $3
*** FLOP *** [8d 6c 4d]
JayEm82: bets $3
Pandakey: calls $3
*** TURN *** [8d 6c 4d] [5s]
JayEm82: checks
Pandakey: checks
*** RIVER *** [8d 6c 4d 5s] [Ad]
JayEm82: bets $6
Pandakey: calls $6
*** SHOW DOWN ***
JayEm82: shows [As 4h] (two pair, Aces and Fours)
Pandakey: mucks hand
JayEm82 collected $35.50 from pot
*** SUMMARY ***
Total pot $36 | Rake $0.50
Board [8d 6c 4d 5s Ad]
Seat 7: Pandakey (button) (small blind) mucked
Seat 8: JayEm82 (big blind) showed [As 4h] and won ($35.50) with two pair, Aces and Fours


PokerStars Hand #152806471286:  Hold'em Limit ($3/$6 USD) - 2016/05/03 14:28:00 ET
Table 'Desdemona II' 10-max Seat #7 is the button
Seat 7: Pandakey ($103.14 in chips)
Seat 8: JayEm82 ($162.62 in chips)
Pandakey: posts small blind $1
JayEm82: posts big blind $3
*** HOLE CARDS ***
Pandakey: raises $3 to $6
JayEm82: folds
Uncalled bet ($3) returned to Pandakey
Pandakey collected $6 from pot
Pandakey: doesn't show hand
*** SUMMARY ***
Total pot $6 | Rake $0
Seat 7: Pandakey (button) (small blind) collected ($6)
Seat 8: JayEm82 (big blind) folded before Flop


PokerStars Hand #152806542498:  Hold'em Limit ($3/$6 USD) - 2016/05/03 14:29:26 ET
Table 'Desdemona II' 10-max Seat #8 is the button
Seat 7: Pandakey ($79.78 in chips)
Seat 8: JayEm82 ($184.62 in chips)
JayEm82: posts small blind $1
Pandakey: posts big blind $3
*** HOLE CARDS ***
JayEm82: raises $3 to $6
Pandakey: folds
Uncalled bet ($3) returned to JayEm82
JayEm82 collected $6 from pot
JayEm82: doesn't show hand
*** SUMMARY ***
Total pot $6 | Rake $0
Seat 7: Pandakey (big blind) folded before Flop
Seat 8: JayEm82 (button) (small blind) collected ($6)


PokerStars Hand #152806519597:  Hold'em Limit ($3/$6 USD) - 2016/05/03 14:28:59 ET
Table 'Desdemona II' 10-max Seat #7 is the button
Seat 7: Pandakey ($97.78 in chips)
Seat 8: JayEm82 ($167.12 in chips)
Pandakey: posts small blind $1
JayEm82: posts big blind $3
*** HOLE CARDS ***
Pandakey: raises $3 to $6
JayEm82: raises $3 to $9
Pandakey: calls $3
*** FLOP *** [4s 5c 9c]
JayEm82: bets $3
Pandakey: calls $3
*** TURN *** [4s 5c 9c] [Js]
JayEm82: bets $6
Pandakey: calls $6
*** RIVER *** [4s 5c 9c Js] [7c]
JayEm82: bets $6
Pandakey: folds
Uncalled bet ($6) returned to JayEm82
JayEm82 collected $35.50 from pot
JayEm82: doesn't show hand
*** SUMMARY ***
Total pot $36 | Rake $0.50
Board [4s 5c 9c Js 7c]
Seat 7: Pandakey (button) (small blind) folded on the River
Seat 8: JayEm82 (big blind) collected ($35.50)


