PokerStars Hand #174439451660:  Hold'em Limit ($3/$6 USD) - 2017/08/17 6:55:06 ET
Table 'Desdemona' 6-max Seat #2 is the button
Seat 2: aremom4e ($120 in chips)
Seat 4: VolkovDmitri ($120 in chips)
aremom4e: posts small blind $1
VolkovDmitri: posts big blind $3
*** HOLE CARDS ***
aremom4e: raises $3 to $6
VolkovDmitri: calls $3
*** FLOP *** [Ks Ac 7d]
VolkovDmitri: bets $3
aremom4e: raises $3 to $6
VolkovDmitri: folds
Uncalled bet ($3) returned to aremom4e
aremom4e collected $17.64 from pot
aremom4e: doesn't show hand
*** SUMMARY ***
Total pot $18 | Rake $0.36
Board [Ks Ac 7d]
Seat 2: aremom4e (button) (small blind) collected ($17.64)
Seat 4: VolkovDmitri (big blind) folded on the Flop


PokerStars Hand #174439466292:  Hold'em Limit ($3/$6 USD) - 2017/08/17 6:55:48 ET
Table 'Desdemona' 6-max Seat #4 is the button
Seat 2: aremom4e ($124.64 in chips)
Seat 4: VolkovDmitri ($124 in chips)
VolkovDmitri: posts small blind $1
aremom4e: posts big blind $3
*** HOLE CARDS ***
VolkovDmitri: raises $3 to $6
aremom4e: folds
Uncalled bet ($3) returned to VolkovDmitri
VolkovDmitri collected $6 from pot
VolkovDmitri: doesn't show hand
*** SUMMARY ***
Total pot $6 | Rake $0
Seat 2: aremom4e (big blind) folded before Flop
Seat 4: VolkovDmitri (button) (small blind) collected ($6)


PokerStars Hand #174439464665:  Hold'em Limit ($3/$6 USD) - 2017/08/17 6:55:43 ET
Table 'Desdemona' 6-max Seat #2 is the button
Seat 2: aremom4e ($125.64 in chips)
Seat 4: VolkovDmitri ($123 in chips)
aremom4e: posts small blind $1
VolkovDmitri: posts big blind $3
*** HOLE CARDS ***
aremom4e: folds
Uncalled bet ($2) returned to VolkovDmitri
VolkovDmitri collected $2 from pot
VolkovDmitri: doesn't show hand
*** SUMMARY ***
Total pot $2 | Rake $0
Seat 2: aremom4e (button) (small blind) folded before Flop
Seat 4: VolkovDmitri (big blind) collected ($2)


PokerStars Hand #174439462451:  Hold'em Limit ($3/$6 USD) - 2017/08/17 6:55:37 ET
Table 'Desdemona' 6-max Seat #4 is the button
Seat 2: aremom4e ($128.64 in chips)
Seat 4: VolkovDmitri ($120 in chips)
VolkovDmitri: posts small blind $1
aremom4e: posts big blind $3
*** HOLE CARDS ***
VolkovDmitri: raises $3 to $6
aremom4e: folds
Uncalled bet ($3) returned to VolkovDmitri
VolkovDmitri collected $6 from pot
VolkovDmitri: doesn't show hand
*** SUMMARY ***
Total pot $6 | Rake $0
Seat 2: aremom4e (big blind) folded before Flop
Seat 4: VolkovDmitri (button) (small blind) collected ($6)


PokerStars Hand #174439483394:  Hold'em Limit ($3/$6 USD) - 2017/08/17 6:56:37 ET
Table 'Desdemona' 6-max Seat #2 is the button
Seat 2: aremom4e ($127.14 in chips)
Seat 4: VolkovDmitri ($120.50 in chips)
aremom4e: posts small blind $1
VolkovDmitri: posts big blind $3
*** HOLE CARDS ***
aremom4e: calls $2
VolkovDmitri: checks
*** FLOP *** [4c 4d 7d]
VolkovDmitri: checks
aremom4e: bets $3
VolkovDmitri: folds
Uncalled bet ($3) returned to aremom4e
aremom4e collected $5.88 from pot
aremom4e: doesn't show hand
*** SUMMARY ***
Total pot $6 | Rake $0.12
Board [4c 4d 7d]
Seat 2: aremom4e (button) (small blind) collected ($5.88)
Seat 4: VolkovDmitri (big blind) folded on the Flop


PokerStars Hand #174439477455:  Hold'em Limit ($3/$6 USD) - 2017/08/17 6:56:20 ET
Table 'Desdemona' 6-max Seat #4 is the button
Seat 2: aremom4e ($103.64 in chips)
Seat 4: VolkovDmitri ($144.50 in chips)
VolkovDmitri: posts small blind $1
aremom4e: posts big blind $3
*** HOLE CARDS ***
VolkovDmitri: raises $3 to $6
aremom4e: calls $3
*** FLOP *** [4h 2s 9h]
aremom4e: checks
VolkovDmitri: bets $3
aremom4e: raises $3 to $6
VolkovDmitri: calls $3
*** TURN *** [4h 2s 9h] [4d]
aremom4e: bets $6
VolkovDmitri: raises $6 to $12
aremom4e: raises $6 to $18
VolkovDmitri: folds
Uncalled bet ($6) returned to aremom4e
aremom4e collected $47.50 from pot
aremom4e: doesn't show hand
*** SUMMARY ***
Total pot $48 | Rake $0.50
Board [4h 2s 9h 4d]
Seat 2: aremom4e (big blind) collected ($47.50)
Seat 4: VolkovDmitri (button) (small blind) folded on the Turn


PokerStars Hand #174439470055:  Hold'em Limit ($3/$6 USD) - 2017/08/17 6:55:59 ET
Table 'Desdemona' 6-max Seat #2 is the button
Seat 2: aremom4e ($121.64 in chips)
Seat 4: VolkovDmitri ($127 in chips)
aremom4e: posts small blind $1
VolkovDmitri: posts big blind $3
*** HOLE CARDS ***
aremom4e: raises $3 to $6
VolkovDmitri: calls $3
*** FLOP *** [7d 7s 3h]
VolkovDmitri: checks
aremom4e: bets $3
VolkovDmitri: raises $3 to $6
aremom4e: calls $3
*** TURN *** [7d 7s 3h] [2s]
VolkovDmitri: bets $6
aremom4e: calls $6
*** RIVER *** [7d 7s 3h 2s] [4c]
VolkovDmitri: bets $6
aremom4e: folds
Uncalled bet ($6) returned to VolkovDmitri
VolkovDmitri collected $35.50 from pot
VolkovDmitri: doesn't show hand
*** SUMMARY ***
Total pot $36 | Rake $0.50
Board [7d 7s 3h 2s 4c]
Seat 2: aremom4e (button) (small blind) folded on the River
Seat 4: VolkovDmitri (big blind) collected ($35.50)


PokerStars Hand #174439494019:  Hold'em Limit ($3/$6 USD) - 2017/08/17 6:57:07 ET
Table 'Desdemona' 6-max Seat #4 is the button
Seat 2: aremom4e ($130.02 in chips)
Seat 4: VolkovDmitri ($121 in chips)
VolkovDmitri: posts small blind $1
aremom4e: posts big blind $3
*** HOLE CARDS ***
VolkovDmitri: raises $3 to $6
aremom4e: raises $3 to $9
VolkovDmitri: calls $3
*** FLOP *** [5d 2c Jd]
aremom4e: bets $3
VolkovDmitri: folds
Uncalled bet ($3) returned to aremom4e
aremom4e collected $17.64 from pot
aremom4e: doesn't show hand
Velbor107 joins the table at seat #3
*** SUMMARY ***
Total pot $18 | Rake $0.36
Board [5d 2c Jd]
Seat 2: aremom4e (big blind) collected ($17.64)
Seat 4: VolkovDmitri (button) (small blind) folded on the Flop


PokerStars Hand #174439492208:  Hold'em Limit ($3/$6 USD) - 2017/08/17 6:57:02 ET
Table 'Desdemona' 6-max Seat #2 is the button
Seat 2: aremom4e ($131.02 in chips)
Seat 4: VolkovDmitri ($120 in chips)
aremom4e: posts small blind $1
VolkovDmitri: posts big blind $3
*** HOLE CARDS ***
aremom4e: folds
Uncalled bet ($2) returned to VolkovDmitri
VolkovDmitri collected $2 from pot
VolkovDmitri: doesn't show hand
*** SUMMARY ***
Total pot $2 | Rake $0
Seat 2: aremom4e (button) (small blind) folded before Flop
Seat 4: VolkovDmitri (big blind) collected ($2)


PokerStars Hand #174439489982:  Hold'em Limit ($3/$6 USD) - 2017/08/17 6:56:55 ET
Table 'Desdemona' 6-max Seat #4 is the button
Seat 2: aremom4e ($130.02 in chips)
Seat 4: VolkovDmitri ($120 in chips)
VolkovDmitri: posts small blind $1
aremom4e: posts big blind $3
*** HOLE CARDS ***
VolkovDmitri: folds
Uncalled bet ($2) returned to aremom4e
aremom4e collected $2 from pot
aremom4e: doesn't show hand
*** SUMMARY ***
Total pot $2 | Rake $0
Seat 2: aremom4e (big blind) collected ($2)
Seat 4: VolkovDmitri (button) (small blind) folded before Flop


PokerStars Hand #174439520621:  Hold'em Limit ($3/$6 USD) - 2017/08/17 6:58:21 ET
Table 'Desdemona' 6-max Seat #2 is the button
Seat 2: aremom4e ($148.30 in chips)
Seat 3: Velbor107 ($290 in chips)
aremom4e: posts small blind $1
Velbor107: posts big blind $3
*** HOLE CARDS ***
aremom4e: calls $2
Velbor107: checks
*** FLOP *** [8s Kd 5c]
Velbor107: checks
aremom4e: bets $3
Velbor107: raises $3 to $6
aremom4e: folds
Uncalled bet ($3) returned to Velbor107
Velbor107 collected $11.76 from pot
*** SUMMARY ***
Total pot $12 | Rake $0.24
Board [8s Kd 5c]
Seat 2: aremom4e (button) (small blind) folded on the Flop
Seat 3: Velbor107 (big blind) collected ($11.76)


PokerStars Hand #174439514243:  Hold'em Limit ($3/$6 USD) - 2017/08/17 6:58:03 ET
Table 'Desdemona' 6-max Seat #3 is the button
Seat 2: aremom4e ($147.30 in chips)
Seat 3: Velbor107 ($291 in chips)
Velbor107: posts small blind $1
aremom4e: posts big blind $3
*** HOLE CARDS ***
hairy1961 joins the table at seat #4
Velbor107: folds
Uncalled bet ($2) returned to aremom4e
aremom4e collected $2 from pot
aremom4e: doesn't show hand
*** SUMMARY ***
Total pot $2 | Rake $0
Seat 2: aremom4e (big blind) collected ($2)
Seat 3: Velbor107 (button) (small blind) folded before Flop


PokerStars Hand #174439506512:  Hold'em Limit ($3/$6 USD) - 2017/08/17 6:57:42 ET
Table 'Desdemona' 6-max Seat #2 is the button
Seat 2: aremom4e ($138.66 in chips)
Seat 3: Velbor107 ($300 in chips)
aremom4e: posts small blind $1
Velbor107: posts big blind $3
*** HOLE CARDS ***
aremom4e: raises $3 to $6
VolkovDmitri leaves the table
Velbor107: calls $3
*** FLOP *** [7c Kd 3s]
Velbor107: checks
aremom4e: bets $3
Velbor107: calls $3
*** TURN *** [7c Kd 3s] [6d]
Velbor107: checks
aremom4e: bets $6
Velbor107: folds
Uncalled bet ($6) returned to aremom4e
aremom4e collected $17.64 from pot
aremom4e: doesn't show hand
*** SUMMARY ***
Total pot $18 | Rake $0.36
Board [7c Kd 3s 6d]
Seat 2: aremom4e (button) (small blind) collected ($17.64)
Seat 3: Velbor107 (big blind) folded on the Turn


