PokerStars Hand #153859473125:  Hold'em Limit ($3/$6 USD) - 2016/05/26 6:56:55 ET
Table 'Desdemona' 10-max Seat #7 is the button
Seat 2: frazerchi ($30 in chips)
Seat 7: VolkovDmitri ($121 in chips)
VolkovDmitri: posts small blind $1
frazerchi: posts big blind $3
*** HOLE CARDS ***
VolkovDmitri: raises $3 to $6
frazerchi: calls $3
*** FLOP *** [Js 4c Ks]
frazerchi: checks
VolkovDmitri: bets $3
frazerchi: folds
Uncalled bet ($3) returned to VolkovDmitri
VolkovDmitri collected $11.76 from pot
VolkovDmitri: doesn't show hand
*** SUMMARY ***
Total pot $12 | Rake $0.24
Board [Js 4c Ks]
Seat 2: frazerchi (big blind) folded on the Flop
Seat 7: VolkovDmitri (button) (small blind) collected ($11.76)


PokerStars Hand #153859469961:  Hold'em Limit ($3/$6 USD) - 2016/05/26 6:56:47 ET
Table 'Desdemona' 10-max Seat #2 is the button
Seat 2: frazerchi ($31 in chips)
Seat 7: VolkovDmitri ($120 in chips)
frazerchi: posts small blind $1
Tryptamean joins the table at seat #4
VolkovDmitri: posts big blind $3
*** HOLE CARDS ***
frazerchi: folds
Uncalled bet ($2) returned to VolkovDmitri
VolkovDmitri collected $2 from pot
*** SUMMARY ***
Total pot $2 | Rake $0
Seat 2: frazerchi (button) (small blind) folded before Flop
Seat 7: VolkovDmitri (big blind) collected ($2)


PokerStars Hand #153859710145:  Hold'em Limit ($3/$6 USD) - 2016/05/26 7:06:22 ET
Table 'Desdemona' 10-max Seat #2 is the button
Seat 2: frazerchi ($32.80 in chips)
Seat 4: Tryptamean ($87.99 in chips)
frazerchi: posts small blind $1
Tryptamean: posts big blind $3
*** HOLE CARDS ***
frazerchi: folds
Uncalled bet ($2) returned to Tryptamean
Tryptamean collected $2 from pot
Tryptamean: doesn't show hand
*** SUMMARY ***
Total pot $2 | Rake $0
Seat 2: frazerchi (button) (small blind) folded before Flop
Seat 4: Tryptamean (big blind) collected ($2)


PokerStars Hand #153859702044:  Hold'em Limit ($3/$6 USD) - 2016/05/26 7:06:04 ET
Table 'Desdemona' 10-max Seat #4 is the button
Seat 2: frazerchi ($24.16 in chips)
Seat 4: Tryptamean ($96.99 in chips)
Tryptamean: posts small blind $1
frazerchi: posts big blind $3
*** HOLE CARDS ***
Tryptamean: raises $3 to $6
VolkovDmitri leaves the table
frazerchi: raises $3 to $9
Tryptamean: calls $3
*** FLOP *** [3d Js Jc]
frazerchi: bets $3
Tryptamean: folds
Uncalled bet ($3) returned to frazerchi
frazerchi collected $17.64 from pot
*** SUMMARY ***
Total pot $18 | Rake $0.36
Board [3d Js Jc]
Seat 2: frazerchi (big blind) collected ($17.64)
Seat 4: Tryptamean (button) (small blind) folded on the Flop


PokerStars Hand #153859712604:  Hold'em Limit ($3/$6 USD) - 2016/05/26 7:06:28 ET
Table 'Desdemona' 10-max Seat #4 is the button
Seat 2: frazerchi ($31.80 in chips)
Seat 4: Tryptamean ($88.99 in chips)
Tryptamean: posts small blind $1
frazerchi: posts big blind $3
*** HOLE CARDS ***
Tryptamean: raises $3 to $6
frazerchi: folds
Uncalled bet ($3) returned to Tryptamean
Tryptamean collected $6 from pot
Tryptamean: doesn't show hand
*** SUMMARY ***
Total pot $6 | Rake $0
Seat 2: frazerchi (big blind) folded before Flop
Seat 4: Tryptamean (button) (small blind) collected ($6)


PokerStars Hand #153859717387:  Hold'em Limit ($3/$6 USD) - 2016/05/26 7:06:38 ET
Table 'Desdemona' 10-max Seat #2 is the button
Seat 2: frazerchi ($28.80 in chips)
Seat 4: Tryptamean ($91.99 in chips)
frazerchi: posts small blind $1
Tryptamean: posts big blind $3
*** HOLE CARDS ***
frazerchi: folds
Uncalled bet ($2) returned to Tryptamean
Tryptamean collected $2 from pot
Tryptamean: doesn't show hand
*** SUMMARY ***
Total pot $2 | Rake $0
Seat 2: frazerchi (button) (small blind) folded before Flop
Seat 4: Tryptamean (big blind) collected ($2)


PokerStars Hand #153859719783:  Hold'em Limit ($3/$6 USD) - 2016/05/26 7:06:44 ET
Table 'Desdemona' 10-max Seat #4 is the button
Seat 2: frazerchi ($27.80 in chips)
Seat 4: Tryptamean ($92.99 in chips)
Tryptamean: posts small blind $1
frazerchi: posts big blind $3
*** HOLE CARDS ***
Tryptamean: raises $3 to $6
frazerchi: calls $3
*** FLOP *** [Td 3s Kh]
Punkyfee joins the table at seat #6
frazerchi: checks
Tryptamean: bets $3
frazerchi: calls $3
*** TURN *** [Td 3s Kh] [4c]
frazerchi: checks
Tryptamean: checks
*** RIVER *** [Td 3s Kh 4c] [Ts]
frazerchi: bets $6
Tryptamean: folds
Uncalled bet ($6) returned to frazerchi
frazerchi collected $17.64 from pot
*** SUMMARY ***
Total pot $18 | Rake $0.36
Board [Td 3s Kh 4c Ts]
Seat 2: frazerchi (big blind) collected ($17.64)
Seat 4: Tryptamean (button) (small blind) folded on the River


PokerStars Hand #153859730808:  Hold'em Limit ($3/$6 USD) - 2016/05/26 7:07:09 ET
Table 'Desdemona' 10-max Seat #2 is the button
Seat 2: frazerchi ($36.44 in chips)
Seat 4: Tryptamean ($83.99 in chips)
frazerchi: posts small blind $1
Tryptamean: posts big blind $3
*** HOLE CARDS ***
frazerchi: folds
Uncalled bet ($2) returned to Tryptamean
Tryptamean collected $2 from pot
Tryptamean: doesn't show hand
*** SUMMARY ***
Total pot $2 | Rake $0
Seat 2: frazerchi (button) (small blind) folded before Flop
Seat 4: Tryptamean (big blind) collected ($2)


PokerStars Hand #153859733449:  Hold'em Limit ($3/$6 USD) - 2016/05/26 7:07:15 ET
Table 'Desdemona' 10-max Seat #4 is the button
Seat 2: frazerchi ($35.44 in chips)
Seat 4: Tryptamean ($84.99 in chips)
Tryptamean: posts small blind $1
frazerchi: posts big blind $3
*** HOLE CARDS ***
Tryptamean: raises $3 to $6
frazerchi: folds
Uncalled bet ($3) returned to Tryptamean
Tryptamean collected $6 from pot
Tryptamean: doesn't show hand
*** SUMMARY ***
Total pot $6 | Rake $0
Seat 2: frazerchi (big blind) folded before Flop
Seat 4: Tryptamean (button) (small blind) collected ($6)


PokerStars Hand #153859738632:  Hold'em Limit ($3/$6 USD) - 2016/05/26 7:07:26 ET
Table 'Desdemona' 10-max Seat #2 is the button
Seat 2: frazerchi ($32.44 in chips)
Seat 4: Tryptamean ($87.99 in chips)
frazerchi: posts small blind $1
Tryptamean: posts big blind $3
*** HOLE CARDS ***
frazerchi: raises $3 to $6
Tryptamean: raises $3 to $9
frazerchi: calls $3
*** FLOP *** [Td Js Qd]
Tryptamean: bets $3
frazerchi: calls $3
*** TURN *** [Td Js Qd] [4d]
Tryptamean: checks
frazerchi: checks
*** RIVER *** [Td Js Qd 4d] [9c]
Tryptamean: bets $6
frazerchi: calls $6
*** SHOW DOWN ***
Tryptamean: shows [8s 8d] (a straight, Eight to Queen)
frazerchi: mucks hand
Tryptamean collected $35.50 from pot
*** SUMMARY ***
Total pot $36 | Rake $0.50
Board [Td Js Qd 4d 9c]
Seat 2: frazerchi (button) (small blind) mucked
Seat 4: Tryptamean (big blind) showed [8s 8d] and won ($35.50) with a straight, Eight to Queen


PokerStars Hand #153859755291:  Hold'em Limit ($3/$6 USD) - 2016/05/26 7:08:04 ET
Table 'Desdemona' 10-max Seat #4 is the button
Seat 2: frazerchi ($14.44 in chips)
Seat 4: Tryptamean ($105.49 in chips)
Tryptamean: posts small blind $1
frazerchi: posts big blind $3
*** HOLE CARDS ***
Tryptamean: raises $3 to $6
frazerchi: calls $3
*** FLOP *** [6s 4d 6d]
frazerchi: bets $3
Tryptamean: calls $3
*** TURN *** [6s 4d 6d] [Kh]
frazerchi: checks
Tryptamean: checks
*** RIVER *** [6s 4d 6d Kh] [3h]
frazerchi: checks
Tryptamean: checks
*** SHOW DOWN ***
frazerchi: shows [9s Jc] (a pair of Sixes)
Tryptamean: shows [5d Qh] (a pair of Sixes - King+Queen kicker)
Tryptamean collected $17.64 from pot
*** SUMMARY ***
Total pot $18 | Rake $0.36
Board [6s 4d 6d Kh 3h]
Seat 2: frazerchi (big blind) showed [9s Jc] and lost with a pair of Sixes
Seat 4: Tryptamean (button) (small blind) showed [5d Qh] and won ($17.64) with a pair of Sixes


PokerStars Hand #153859767176:  Hold'em Limit ($3/$6 USD) - 2016/05/26 7:08:31 ET
Table 'Desdemona' 10-max Seat #2 is the button
Seat 2: frazerchi ($5.44 in chips)
Seat 4: Tryptamean ($114.13 in chips)
frazerchi: posts small blind $1
Tryptamean: posts big blind $3
*** HOLE CARDS ***
frazerchi: raises $2.44 to $5.44 and is all-in
Tryptamean: calls $2.44
*** FLOP *** [Qd 7d As]
5PRUT5 joins the table at seat #5
*** TURN *** [Qd 7d As] [Qh]
*** RIVER *** [Qd 7d As Qh] [7c]
Paulllchen joins the table at seat #1
5PRUT5 leaves the table
*** SHOW DOWN ***
Tryptamean: shows [9d 5d] (two pair, Queens and Sevens)
frazerchi: shows [3s 3h] (two pair, Queens and Sevens)
Tryptamean collected $5.33 from pot
frazerchi collected $5.33 from pot
*** SUMMARY ***
Total pot $10.88 | Rake $0.22
Board [Qd 7d As Qh 7c]
Seat 2: frazerchi (button) (small blind) showed [3s 3h] and won ($5.33) with two pair, Queens and Sevens
Seat 4: Tryptamean (big blind) showed [9d 5d] and won ($5.33) with two pair, Queens and Sevens


PokerStars Hand #153859787151:  Hold'em Limit ($3/$6 USD) - 2016/05/26 7:09:16 ET
Table 'Desdemona' 10-max Seat #4 is the button
Seat 1: Paulllchen ($33.08 in chips)
Seat 4: Tryptamean ($120 in chips)
Tryptamean: posts small blind $1
Paulllchen: posts big blind $3
*** HOLE CARDS ***
frazerchi leaves the table
Tryptamean: raises $3 to $6
Paulllchen: calls $3
*** FLOP *** [Tc Qc 4h]
Paulllchen: checks
Tryptamean: bets $3
Paulllchen: calls $3
*** TURN *** [Tc Qc 4h] [6h]
Paulllchen: checks
Tryptamean: bets $6
Paulllchen: folds
Uncalled bet ($6) returned to Tryptamean
Tryptamean collected $17.64 from pot
Tryptamean: doesn't show hand
*** SUMMARY ***
Total pot $18 | Rake $0.36
Board [Tc Qc 4h 6h]
Seat 1: Paulllchen (big blind) folded on the Turn
Seat 4: Tryptamean (button) (small blind) collected ($17.64)


PokerStars Hand #153859785008:  Hold'em Limit ($3/$6 USD) - 2016/05/26 7:09:11 ET
Table 'Desdemona' 10-max Seat #1 is the button
Seat 1: Paulllchen ($34.08 in chips)
Seat 4: Tryptamean ($119 in chips)
Paulllchen: posts small blind $1
Tryptamean: posts big blind $3
*** HOLE CARDS ***
Paulllchen: folds
Uncalled bet ($2) returned to Tryptamean
Tryptamean collected $2 from pot
Tryptamean: doesn't show hand
*** SUMMARY ***
Total pot $2 | Rake $0
Seat 1: Paulllchen (button) (small blind) folded before Flop
Seat 4: Tryptamean (big blind) collected ($2)


PokerStars Hand #153859816605:  Hold'em Limit ($3/$6 USD) - 2016/05/26 7:10:22 ET
Table 'Desdemona' 10-max Seat #4 is the button
Seat 1: Paulllchen ($38.58 in chips)
Seat 4: Tryptamean ($113.40 in chips)
Tryptamean: posts small blind $1
Paulllchen: posts big blind $3
*** HOLE CARDS ***
Tryptamean: raises $3 to $6
Paulllchen: raises $3 to $9
Tryptamean: calls $3
*** FLOP *** [Ac Qh Ks]
Paulllchen: bets $3
Tryptamean: folds
Uncalled bet ($3) returned to Paulllchen
Paulllchen collected $17.64 from pot
Paulllchen: doesn't show hand
*** SUMMARY ***
Total pot $18 | Rake $0.36
Board [Ac Qh Ks]
Seat 1: Paulllchen (big blind) collected ($17.64)
Seat 4: Tryptamean (button) (small blind) folded on the Flop


PokerStars Hand #153859811092:  Hold'em Limit ($3/$6 USD) - 2016/05/26 7:10:10 ET
Table 'Desdemona' 10-max Seat #1 is the button
Seat 1: Paulllchen ($44.58 in chips)
Seat 4: Tryptamean ($107.64 in chips)
Paulllchen: posts small blind $1
Tryptamean: posts big blind $3
*** HOLE CARDS ***
Paulllchen: calls $2
Tryptamean: raises $3 to $6
Paulllchen: calls $3
*** FLOP *** [As Qc 4s]
Tryptamean: bets $3
Paulllchen: folds
Uncalled bet ($3) returned to Tryptamean
Tryptamean collected $11.76 from pot
Tryptamean: doesn't show hand
*** SUMMARY ***
Total pot $12 | Rake $0.24
Board [As Qc 4s]
Seat 1: Paulllchen (button) (small blind) folded on the Flop
Seat 4: Tryptamean (big blind) collected ($11.76)


PokerStars Hand #153859808028:  Hold'em Limit ($3/$6 USD) - 2016/05/26 7:10:03 ET
Table 'Desdemona' 10-max Seat #4 is the button
Seat 1: Paulllchen ($47.58 in chips)
Seat 4: Tryptamean ($104.64 in chips)
Tryptamean: posts small blind $1
Paulllchen: posts big blind $3
*** HOLE CARDS ***
Tryptamean: raises $3 to $6
Paulllchen: folds
Uncalled bet ($3) returned to Tryptamean
Tryptamean collected $6 from pot
Tryptamean: doesn't show hand
*** SUMMARY ***
Total pot $6 | Rake $0
Seat 1: Paulllchen (big blind) folded before Flop
Seat 4: Tryptamean (button) (small blind) collected ($6)


PokerStars Hand #153859795952:  Hold'em Limit ($3/$6 USD) - 2016/05/26 7:09:36 ET
Table 'Desdemona' 10-max Seat #1 is the button
Seat 1: Paulllchen ($24.08 in chips)
Seat 4: Tryptamean ($128.64 in chips)
Paulllchen: posts small blind $1
Tryptamean: posts big blind $3
*** HOLE CARDS ***
Paulllchen: raises $3 to $6
Tryptamean: raises $3 to $9
Paulllchen: calls $3
*** FLOP *** [Js Jc 4h]
Tryptamean: bets $3
Paulllchen: calls $3
*** TURN *** [Js Jc 4h] [Qd]
Tryptamean: bets $6
Paulllchen: calls $6
*** RIVER *** [Js Jc 4h Qd] [Kd]
Tryptamean: checks
Paulllchen: bets $6
Tryptamean: calls $6
*** SHOW DOWN ***
Paulllchen: shows [Kc 9d] (two pair, Kings and Jacks)
Tryptamean: mucks hand
Paulllchen collected $47.50 from pot
*** SUMMARY ***
Total pot $48 | Rake $0.50
Board [Js Jc 4h Qd Kd]
Seat 1: Paulllchen (button) (small blind) showed [Kc 9d] and won ($47.50) with two pair, Kings and Jacks
Seat 4: Tryptamean (big blind) mucked


PokerStars Hand #153859838723:  Hold'em Limit ($3/$6 USD) - 2016/05/26 7:11:12 ET
Table 'Desdemona' 10-max Seat #4 is the button
Seat 1: Paulllchen ($35.22 in chips)
Seat 4: Tryptamean ($115.92 in chips)
Tryptamean: posts small blind $1
Paulllchen: posts big blind $3
*** HOLE CARDS ***
Tryptamean: raises $3 to $6
Paulllchen: calls $3
*** FLOP *** [2s 2h As]
Paulllchen: checks
Tryptamean: bets $3
Paulllchen: raises $3 to $6
Tryptamean: folds
Uncalled bet ($3) returned to Paulllchen
Paulllchen collected $17.64 from pot
Paulllchen: doesn't show hand
*** SUMMARY ***
Total pot $18 | Rake $0.36
Board [2s 2h As]
Seat 1: Paulllchen (big blind) collected ($17.64)
Seat 4: Tryptamean (button) (small blind) folded on the Flop


PokerStars Hand #153859835999:  Hold'em Limit ($3/$6 USD) - 2016/05/26 7:11:06 ET
Table 'Desdemona' 10-max Seat #1 is the button
Seat 1: Paulllchen ($32.22 in chips)
Seat 4: Tryptamean ($118.92 in chips)
Paulllchen: posts small blind $1
Tryptamean: posts big blind $3
*** HOLE CARDS ***
Paulllchen: raises $3 to $6
Tryptamean: folds
Uncalled bet ($3) returned to Paulllchen
Paulllchen collected $6 from pot
Paulllchen: doesn't show hand
*** SUMMARY ***
Total pot $6 | Rake $0
Seat 1: Paulllchen (button) (small blind) collected ($6)
Seat 4: Tryptamean (big blind) folded before Flop


PokerStars Hand #153859833177:  Hold'em Limit ($3/$6 USD) - 2016/05/26 7:10:59 ET
Table 'Desdemona' 10-max Seat #4 is the button
Seat 1: Paulllchen ($35.22 in chips)
Seat 4: Tryptamean ($115.92 in chips)
Tryptamean: posts small blind $1
Paulllchen: posts big blind $3
*** HOLE CARDS ***
Tryptamean: raises $3 to $6
Paulllchen: folds
Uncalled bet ($3) returned to Tryptamean
Tryptamean collected $6 from pot
Tryptamean: doesn't show hand
*** SUMMARY ***
Total pot $6 | Rake $0
Seat 1: Paulllchen (big blind) folded before Flop
Seat 4: Tryptamean (button) (small blind) collected ($6)


PokerStars Hand #153859823192:  Hold'em Limit ($3/$6 USD) - 2016/05/26 7:10:37 ET
Table 'Desdemona' 10-max Seat #1 is the button
Seat 1: Paulllchen ($47.22 in chips)
Seat 4: Tryptamean ($104.40 in chips)
Paulllchen: posts small blind $1
Tryptamean: posts big blind $3
*** HOLE CARDS ***
Paulllchen: raises $3 to $6
Tryptamean: raises $3 to $9
Paulllchen: calls $3
*** FLOP *** [5h Ts 8d]
Tryptamean: bets $3
Paulllchen: calls $3
*** TURN *** [5h Ts 8d] [Qd]
Tryptamean: bets $6
Paulllchen: folds [Ac]
Uncalled bet ($6) returned to Tryptamean
Tryptamean collected $23.52 from pot
Tryptamean: doesn't show hand
*** SUMMARY ***
Total pot $24 | Rake $0.48
Board [5h Ts 8d Qd]
Seat 1: Paulllchen (button) (small blind) folded on the Turn
Seat 4: Tryptamean (big blind) collected ($23.52)


PokerStars Hand #153859867924:  Hold'em Limit ($3/$6 USD) - 2016/05/26 7:12:18 ET
Table 'Desdemona' 10-max Seat #1 is the button
Seat 1: Paulllchen ($34.50 in chips)
Seat 4: Tryptamean ($115.42 in chips)
Paulllchen: posts small blind $1
Tryptamean: posts big blind $3
*** HOLE CARDS ***
Paulllchen: folds
Uncalled bet ($2) returned to Tryptamean
Tryptamean collected $2 from pot
Tryptamean: doesn't show hand
*** SUMMARY ***
Total pot $2 | Rake $0
Seat 1: Paulllchen (button) (small blind) folded before Flop
Seat 4: Tryptamean (big blind) collected ($2)


PokerStars Hand #153859856872:  Hold'em Limit ($3/$6 USD) - 2016/05/26 7:11:53 ET
Table 'Desdemona' 10-max Seat #4 is the button
Seat 1: Paulllchen ($52.50 in chips)
Seat 4: Tryptamean ($97.92 in chips)
Tryptamean: posts small blind $1
Paulllchen: posts big blind $3
*** HOLE CARDS ***
Tryptamean: raises $3 to $6
Paulllchen: raises $3 to $9
Tryptamean: calls $3
*** FLOP *** [Ts Th 6c]
Paulllchen: bets $3
Tryptamean: calls $3
*** TURN *** [Ts Th 6c] [Ks]
Paulllchen: checks
Tryptamean: checks
*** RIVER *** [Ts Th 6c Ks] [Qh]
Paulllchen: checks
Tryptamean: bets $6
Paulllchen: calls $6
*** SHOW DOWN ***
Tryptamean: shows [4s Qc] (two pair, Queens and Tens)
Paulllchen: mucks hand
Tryptamean collected $35.50 from pot
*** SUMMARY ***
Total pot $36 | Rake $0.50
Board [Ts Th 6c Ks Qh]
Seat 1: Paulllchen (big blind) mucked
Seat 4: Tryptamean (button) (small blind) showed [4s Qc] and won ($35.50) with two pair, Queens and Tens


PokerStars Hand #153859845154:  Hold'em Limit ($3/$6 USD) - 2016/05/26 7:11:26 ET
Table 'Desdemona' 10-max Seat #1 is the button
Seat 1: Paulllchen ($43.86 in chips)
Seat 4: Tryptamean ($106.92 in chips)
Paulllchen: posts small blind $1
Tryptamean: posts big blind $3
*** HOLE CARDS ***
Paulllchen: calls $2
Tryptamean: raises $3 to $6
Paulllchen: calls $3
*** FLOP *** [8c 3h Kc]
Tryptamean: bets $3
Paulllchen: calls $3
*** TURN *** [8c 3h Kc] [Js]
Tryptamean: checks
Paulllchen: bets $6
Tryptamean: folds
Uncalled bet ($6) returned to Paulllchen
Paulllchen collected $17.64 from pot
Paulllchen: doesn't show hand
*** SUMMARY ***
Total pot $18 | Rake $0.36
Board [8c 3h Kc Js]
Seat 1: Paulllchen (button) (small blind) collected ($17.64)
Seat 4: Tryptamean (big blind) folded on the Turn


PokerStars Hand #153859888185:  Hold'em Limit ($3/$6 USD) - 2016/05/26 7:13:04 ET
Table 'Desdemona' 10-max Seat #1 is the button
Seat 1: Paulllchen ($33.25 in chips)
Seat 4: Tryptamean ($116.17 in chips)
Paulllchen: posts small blind $1
Tryptamean: posts big blind $3
*** HOLE CARDS ***
Paulllchen: raises $3 to $6
Tryptamean: calls $3
*** FLOP *** [As 9s 3d]
Tryptamean: checks
Paulllchen: bets $3
Tryptamean: calls $3
*** TURN *** [As 9s 3d] [Jh]
Tryptamean: checks
Paulllchen: bets $6
Tryptamean: folds
Uncalled bet ($6) returned to Paulllchen
Paulllchen collected $17.64 from pot
Paulllchen: doesn't show hand
*** SUMMARY ***
Total pot $18 | Rake $0.36
Board [As 9s 3d Jh]
Seat 1: Paulllchen (button) (small blind) collected ($17.64)
Seat 4: Tryptamean (big blind) folded on the Turn


PokerStars Hand #153859870066:  Hold'em Limit ($3/$6 USD) - 2016/05/26 7:12:23 ET
Table 'Desdemona' 10-max Seat #4 is the button
Seat 1: Paulllchen ($33.50 in chips)
Seat 4: Tryptamean ($116.42 in chips)
Tryptamean: posts small blind $1
Paulllchen: posts big blind $3
*** HOLE CARDS ***
Tryptamean: raises $3 to $6
Paulllchen: raises $3 to $9
Tryptamean: calls $3
*** FLOP *** [As Ad 4s]
Paulllchen: bets $3
Tryptamean: calls $3
*** TURN *** [As Ad 4s] [4h]
Paulllchen: bets $6
Tryptamean: calls $6
*** RIVER *** [As Ad 4s 4h] [8s]
Paulllchen: bets $6
Tryptamean: raises $6 to $12
Paulllchen: raises $3.50 to $15.50 and is all-in
Tryptamean: calls $3.50
*** SHOW DOWN ***
Paulllchen: shows [9h Ac] (a full house, Aces full of Fours)
Tryptamean: shows [Ah Kd] (a full house, Aces full of Fours)
Paulllchen collected $33.25 from pot
Tryptamean collected $33.25 from pot
*** SUMMARY ***
Total pot $67 | Rake $0.50
Board [As Ad 4s 4h 8s]
Seat 1: Paulllchen (big blind) showed [9h Ac] and won ($33.25) with a full house, Aces full of Fours
Seat 4: Tryptamean (button) (small blind) showed [Ah Kd] and won ($33.25) with a full house, Aces full of Fours


