PokerStars Hand #171763402719:  Hold'em Limit ($3/$6 USD) - 2017/06/14 10:17:42 ET
Table 'Desiderata' 6-max Seat #2 is the button
Seat 1: 19woody58 ($86 in chips)
Seat 2: Agrotait ($105 in chips)
Agrotait: posts small blind $1
19woody58: posts big blind $3
*** HOLE CARDS ***
Agrotait: raises $3 to $6
19woody58: calls $3
*** FLOP *** [4d Ts 4c]
19woody58: checks
Agrotait: bets $3
19woody58: calls $3
*** TURN *** [4d Ts 4c] [9s]
andyrr joins the table at seat #6
19woody58: checks
Agrotait: bets $6
19woody58: calls $6
*** RIVER *** [4d Ts 4c 9s] [Kc]
19woody58: checks
Agrotait: checks
*** SHOW DOWN ***
19woody58: shows [Ac 6c] (a pair of Fours)
Agrotait: shows [5d Ah] (a pair of Fours)
19woody58 collected $14.75 from pot
Agrotait collected $14.75 from pot
*** SUMMARY ***
Total pot $30 | Rake $0.50
Board [4d Ts 4c 9s Kc]
Seat 1: 19woody58 (big blind) showed [Ac 6c] and won ($14.75) with a pair of Fours
Seat 2: Agrotait (button) (small blind) showed [5d Ah] and won ($14.75) with a pair of Fours


PokerStars Hand #171763399841:  Hold'em Limit ($3/$6 USD) - 2017/06/14 10:17:37 ET
Table 'Desiderata' 6-max Seat #1 is the button
Seat 1: 19woody58 ($87 in chips)
Seat 2: Agrotait ($104 in chips)
19woody58: posts small blind $1
Agrotait: posts big blind $3
*** HOLE CARDS ***
19woody58: folds
Uncalled bet ($2) returned to Agrotait
Agrotait collected $2 from pot
Agrotait: doesn't show hand
*** SUMMARY ***
Total pot $2 | Rake $0
Seat 1: 19woody58 (button) (small blind) folded before Flop
Seat 2: Agrotait (big blind) collected ($2)


PokerStars Hand #171763387095:  Hold'em Limit ($3/$6 USD) - 2017/06/14 10:17:13 ET
Table 'Desiderata' 6-max Seat #2 is the button
Seat 1: 19woody58 ($102 in chips)
Seat 2: Agrotait ($89.50 in chips)
Agrotait: posts small blind $1
19woody58: posts big blind $3
*** HOLE CARDS ***
Agrotait: raises $3 to $6
19woody58: calls $3
*** FLOP *** [Kh 6d 2d]
19woody58: checks
Agrotait: bets $3
19woody58: calls $3
*** TURN *** [Kh 6d 2d] [Ad]
19woody58: checks
Agrotait: checks
*** RIVER *** [Kh 6d 2d Ad] [7h]
19woody58: bets $6
Agrotait: calls $6
*** SHOW DOWN ***
19woody58: shows [4s 4h] (a pair of Fours)
Agrotait: shows [Kd Th] (a pair of Kings)
Agrotait collected $29.50 from pot
*** SUMMARY ***
Total pot $30 | Rake $0.50
Board [Kh 6d 2d Ad 7h]
Seat 1: 19woody58 (big blind) showed [4s 4h] and lost with a pair of Fours
Seat 2: Agrotait (button) (small blind) showed [Kd Th] and won ($29.50) with a pair of Kings


PokerStars Hand #171763362594:  Hold'em Limit ($3/$6 USD) - 2017/06/14 10:16:27 ET
Table 'Desiderata' 6-max Seat #1 is the button
Seat 1: 19woody58 ($117 in chips)
Seat 2: Agrotait ($75 in chips)
19woody58: posts small blind $1
Agrotait: posts big blind $3
*** HOLE CARDS ***
sim5sim5 leaves the table
19woody58: calls $2
Agrotait: raises $3 to $6
19woody58: calls $3
*** FLOP *** [As 5h Qs]
Agrotait: bets $3
19woody58: calls $3
*** TURN *** [As 5h Qs] [5s]
Agrotait: bets $6
19woody58: calls $6
*** RIVER *** [As 5h Qs 5s] [2s]
Agrotait: checks
19woody58: checks
*** SHOW DOWN ***
Agrotait: shows [Ad Kc] (two pair, Aces and Fives)
19woody58: mucks hand
Agrotait collected $29.50 from pot
*** SUMMARY ***
Total pot $30 | Rake $0.50
Board [As 5h Qs 5s 2s]
Seat 1: 19woody58 (button) (small blind) mucked
Seat 2: Agrotait (big blind) showed [Ad Kc] and won ($29.50) with two pair, Aces and Fives


PokerStars Hand #171763414812:  Hold'em Limit ($3/$6 USD) - 2017/06/14 10:18:04 ET
Table 'Desiderata' 6-max Seat #1 is the button
Seat 1: 19woody58 ($85.75 in chips)
Seat 2: Agrotait ($104.75 in chips)
19woody58: posts small blind $1
Agrotait: posts big blind $3
*** HOLE CARDS ***
19woody58: folds
Uncalled bet ($2) returned to Agrotait
Agrotait collected $2 from pot
Agrotait: doesn't show hand
*** SUMMARY ***
Total pot $2 | Rake $0
Seat 1: 19woody58 (button) (small blind) folded before Flop
Seat 2: Agrotait (big blind) collected ($2)


