PokerStars Hand #164909053956:  Hold'em Limit ($3/$6 USD) - 2017/01/20 19:46:49 ET
Table 'Desiderata' 6-max Seat #2 is the button
Seat 1: RaisemyNut$ ($151.14 in chips)
Seat 2: iupeli ($302.07 in chips)
iupeli: posts small blind $1
RaisemyNut$: posts big blind $3
*** HOLE CARDS ***
iupeli: raises $3 to $6
RaisemyNut$: folds
Uncalled bet ($3) returned to iupeli
iupeli collected $6 from pot
*** SUMMARY ***
Total pot $6 | Rake $0
Seat 1: RaisemyNut$ (big blind) folded before Flop
Seat 2: iupeli (button) (small blind) collected ($6)


PokerStars Hand #164909035052:  Hold'em Limit ($3/$6 USD) - 2017/01/20 19:46:19 ET
Table 'Desiderata' 6-max Seat #1 is the button
Seat 1: RaisemyNut$ ($142.50 in chips)
Seat 2: iupeli ($311.07 in chips)
RaisemyNut$: posts small blind $1
iupeli: posts big blind $3
*** HOLE CARDS ***
RaisemyNut$: raises $3 to $6
iupeli: calls $3
*** FLOP *** [3c Jd 3s]
iupeli: checks
RaisemyNut$: bets $3
iupeli: calls $3
*** TURN *** [3c Jd 3s] [6s]
iupeli: checks
RaisemyNut$: bets $6
iupeli: folds
Uncalled bet ($6) returned to RaisemyNut$
RaisemyNut$ collected $17.64 from pot
RaisemyNut$: doesn't show hand
*** SUMMARY ***
Total pot $18 | Rake $0.36
Board [3c Jd 3s 6s]
Seat 1: RaisemyNut$ (button) (small blind) collected ($17.64)
Seat 2: iupeli (big blind) folded on the Turn


PokerStars Hand #164909058897:  Hold'em Limit ($3/$6 USD) - 2017/01/20 19:46:56 ET
Table 'Desiderata' 6-max Seat #1 is the button
Seat 1: RaisemyNut$ ($148.14 in chips)
Seat 2: iupeli ($305.07 in chips)
RaisemyNut$: posts small blind $1
iupeli: posts big blind $3
*** HOLE CARDS ***
RaisemyNut$: raises $3 to $6
iupeli: calls $3
*** FLOP *** [Jh 3h Ts]
iupeli: checks
RaisemyNut$: bets $3
iupeli: calls $3
*** TURN *** [Jh 3h Ts] [Kh]
iupeli: checks
RaisemyNut$: bets $6
rascal_319 leaves the table
iupeli: calls $6
*** RIVER *** [Jh 3h Ts Kh] [8h]
iupeli: checks
RaisemyNut$: bets $6
iupeli: folds
Uncalled bet ($6) returned to RaisemyNut$
RaisemyNut$ collected $29.50 from pot
RaisemyNut$: doesn't show hand
*** SUMMARY ***
Total pot $30 | Rake $0.50
Board [Jh 3h Ts Kh 8h]
Seat 1: RaisemyNut$ (button) (small blind) collected ($29.50)
Seat 2: iupeli (big blind) folded on the River


