PokerStars Hand #164901090880:  Hold'em Limit ($3/$6 USD) - 2017/01/20 17:02:23 ET
Table 'Desiderata' 6-max Seat #1 is the button
Seat 1: Cigarete94 ($92.58 in chips)
Seat 2: BelSv ($81 in chips)
Cigarete94: posts small blind $1
BelSv: posts big blind $3
*** HOLE CARDS ***
Cigarete94: raises $3 to $6
BelSv: raises $3 to $9
MadFox666 joins the table at seat #3
Cigarete94: calls $3
*** FLOP *** [9s 8d Qc]
BelSv: bets $3
Cigarete94: raises $3 to $6
BelSv: raises $3 to $9
Cigarete94: calls $3
*** TURN *** [9s 8d Qc] [Ad]
BelSv: bets $6
Cigarete94: calls $6
*** RIVER *** [9s 8d Qc Ad] [4s]
BelSv: bets $6
Cigarete94: calls $6
*** SHOW DOWN ***
BelSv: shows [Jc Th] (a straight, Eight to Queen)
Cigarete94: mucks hand
BelSv collected $59.50 from pot
*** SUMMARY ***
Total pot $60 | Rake $0.50
Board [9s 8d Qc Ad 4s]
Seat 1: Cigarete94 (button) (small blind) mucked
Seat 2: BelSv (big blind) showed [Jc Th] and won ($59.50) with a straight, Eight to Queen


PokerStars Hand #164902837642:  Hold'em Limit ($3/$6 USD) - 2017/01/20 17:33:40 ET
Table 'Desiderata' 6-max Seat #1 is the button
Seat 1: RaisemyNut$ ($116.73 in chips)
Seat 3: MadFox666 ($191.14 in chips)
RaisemyNut$: posts small blind $1
MadFox666: posts big blind $3
*** HOLE CARDS ***
RaisemyNut$: raises $3 to $6
MadFox666: folds
Uncalled bet ($3) returned to RaisemyNut$
RaisemyNut$ collected $6 from pot
RaisemyNut$: doesn't show hand
*** SUMMARY ***
Total pot $6 | Rake $0
Seat 1: RaisemyNut$ (button) (small blind) collected ($6)
Seat 3: MadFox666 (big blind) folded before Flop


PokerStars Hand #164902831589:  Hold'em Limit ($3/$6 USD) - 2017/01/20 17:33:33 ET
Table 'Desiderata' 6-max Seat #3 is the button
Seat 1: RaisemyNut$ ($119.73 in chips)
Seat 3: MadFox666 ($188.14 in chips)
MadFox666: posts small blind $1
RaisemyNut$: posts big blind $3
*** HOLE CARDS ***
MadFox666: raises $3 to $6
RaisemyNut$: folds
Uncalled bet ($3) returned to MadFox666
MadFox666 collected $6 from pot
MadFox666: doesn't show hand
*** SUMMARY ***
Total pot $6 | Rake $0
Seat 1: RaisemyNut$ (big blind) folded before Flop
Seat 3: MadFox666 (button) (small blind) collected ($6)


PokerStars Hand #164902827183:  Hold'em Limit ($3/$6 USD) - 2017/01/20 17:33:29 ET
Table 'Desiderata' 6-max Seat #1 is the button
Seat 1: RaisemyNut$ ($120.73 in chips)
Seat 3: MadFox666 ($187.14 in chips)
RaisemyNut$: posts small blind $1
MadFox666: posts big blind $3
*** HOLE CARDS ***
RaisemyNut$: folds
Uncalled bet ($2) returned to MadFox666
MadFox666 collected $2 from pot
MadFox666: doesn't show hand
*** SUMMARY ***
Total pot $2 | Rake $0
Seat 1: RaisemyNut$ (button) (small blind) folded before Flop
Seat 3: MadFox666 (big blind) collected ($2)


PokerStars Hand #164902814800:  Hold'em Limit ($3/$6 USD) - 2017/01/20 17:33:15 ET
Table 'Desiderata' 6-max Seat #3 is the button
Seat 1: RaisemyNut$ ($126.73 in chips)
Seat 3: MadFox666 ($181.38 in chips)
MadFox666: posts small blind $1
GRAILKO: is sitting out
RaisemyNut$: posts big blind $3
*** HOLE CARDS ***
MadFox666: raises $3 to $6
GRAILKO leaves the table
RaisemyNut$: calls $3
*** FLOP *** [2s Ah 8s]
RaisemyNut$: checks
MadFox666: bets $3
RaisemyNut$: folds
Uncalled bet ($3) returned to MadFox666
MadFox666 collected $11.76 from pot
MadFox666: doesn't show hand
*** SUMMARY ***
Total pot $12 | Rake $0.24
Board [2s Ah 8s]
Seat 1: RaisemyNut$ (big blind) folded on the Flop
Seat 3: MadFox666 (button) (small blind) collected ($11.76)


PokerStars Hand #164902891037:  Hold'em Limit ($3/$6 USD) - 2017/01/20 17:34:39 ET
Table 'Desiderata' 6-max Seat #1 is the button
Seat 1: RaisemyNut$ ($102.73 in chips)
Seat 3: MadFox666 ($204.64 in chips)
RaisemyNut$: posts small blind $1
MadFox666: posts big blind $3
*** HOLE CARDS ***
RaisemyNut$: raises $3 to $6
MadFox666: folds
Uncalled bet ($3) returned to RaisemyNut$
RaisemyNut$ collected $6 from pot
RaisemyNut$: doesn't show hand
*** SUMMARY ***
Total pot $6 | Rake $0
Seat 1: RaisemyNut$ (button) (small blind) collected ($6)
Seat 3: MadFox666 (big blind) folded before Flop


PokerStars Hand #164902883436:  Hold'em Limit ($3/$6 USD) - 2017/01/20 17:34:31 ET
Table 'Desiderata' 6-max Seat #3 is the button
Seat 1: RaisemyNut$ ($105.73 in chips)
Seat 3: MadFox666 ($201.64 in chips)
MadFox666: posts small blind $1
RaisemyNut$: posts big blind $3
*** HOLE CARDS ***
MadFox666: raises $3 to $6
RaisemyNut$: folds
Uncalled bet ($3) returned to MadFox666
MadFox666 collected $6 from pot
MadFox666: doesn't show hand
*** SUMMARY ***
Total pot $6 | Rake $0
Seat 1: RaisemyNut$ (big blind) folded before Flop
Seat 3: MadFox666 (button) (small blind) collected ($6)


PokerStars Hand #164902879212:  Hold'em Limit ($3/$6 USD) - 2017/01/20 17:34:26 ET
Table 'Desiderata' 6-max Seat #1 is the button
Seat 1: RaisemyNut$ ($106.73 in chips)
Seat 3: MadFox666 ($200.64 in chips)
RaisemyNut$: posts small blind $1
MadFox666: posts big blind $3
*** HOLE CARDS ***
RaisemyNut$: folds
Uncalled bet ($2) returned to MadFox666
MadFox666 collected $2 from pot
MadFox666: doesn't show hand
*** SUMMARY ***
Total pot $2 | Rake $0
Seat 1: RaisemyNut$ (button) (small blind) folded before Flop
Seat 3: MadFox666 (big blind) collected ($2)


PokerStars Hand #164902870941:  Hold'em Limit ($3/$6 USD) - 2017/01/20 17:34:17 ET
Table 'Desiderata' 6-max Seat #3 is the button
Seat 1: RaisemyNut$ ($105.73 in chips)
Seat 3: MadFox666 ($201.64 in chips)
MadFox666: posts small blind $1
RaisemyNut$: posts big blind $3
*** HOLE CARDS ***
MadFox666: folds
Uncalled bet ($2) returned to RaisemyNut$
RaisemyNut$ collected $2 from pot
RaisemyNut$: doesn't show hand
*** SUMMARY ***
Total pot $2 | Rake $0
Seat 1: RaisemyNut$ (big blind) collected ($2)
Seat 3: MadFox666 (button) (small blind) folded before Flop


PokerStars Hand #164902847858:  Hold'em Limit ($3/$6 USD) - 2017/01/20 17:33:51 ET
Table 'Desiderata' 6-max Seat #1 is the button
Seat 1: RaisemyNut$ ($120.73 in chips)
Seat 3: MadFox666 ($187.14 in chips)
RaisemyNut$: posts small blind $1
MadFox666: posts big blind $3
*** HOLE CARDS ***
RaisemyNut$: raises $3 to $6
MadFox666: calls $3
*** FLOP *** [4c 3h Ks]
MadFox666: checks
RaisemyNut$: bets $3
MadFox666: calls $3
*** TURN *** [4c 3h Ks] [Jc]
MadFox666: checks
RaisemyNut$: bets $6
MadFox666: calls $6
*** RIVER *** [4c 3h Ks Jc] [5h]
MadFox666: checks
RaisemyNut$: checks
*** SHOW DOWN ***
MadFox666: shows [Qd 3s] (a pair of Threes)
RaisemyNut$: mucks hand
MadFox666 collected $29.50 from pot
*** SUMMARY ***
Total pot $30 | Rake $0.50
Board [4c 3h Ks Jc 5h]
Seat 1: RaisemyNut$ (button) (small blind) mucked
Seat 3: MadFox666 (big blind) showed [Qd 3s] and won ($29.50) with a pair of Threes


PokerStars Hand #164902843331:  Hold'em Limit ($3/$6 USD) - 2017/01/20 17:33:46 ET
Table 'Desiderata' 6-max Seat #3 is the button
Seat 1: RaisemyNut$ ($119.73 in chips)
Seat 3: MadFox666 ($188.14 in chips)
MadFox666: posts small blind $1
RaisemyNut$: posts big blind $3
*** HOLE CARDS ***
MadFox666: folds
Uncalled bet ($2) returned to RaisemyNut$
RaisemyNut$ collected $2 from pot
RaisemyNut$: doesn't show hand
*** SUMMARY ***
Total pot $2 | Rake $0
Seat 1: RaisemyNut$ (big blind) collected ($2)
Seat 3: MadFox666 (button) (small blind) folded before Flop


PokerStars Hand #164902931182:  Hold'em Limit ($3/$6 USD) - 2017/01/20 17:35:24 ET
Table 'Desiderata' 6-max Seat #1 is the button
Seat 1: RaisemyNut$ ($105.48 in chips)
Seat 3: MadFox666 ($201.39 in chips)
RaisemyNut$: posts small blind $1
MadFox666: posts big blind $3
*** HOLE CARDS ***
RaisemyNut$: raises $3 to $6
MadFox666: folds
Uncalled bet ($3) returned to RaisemyNut$
RaisemyNut$ collected $6 from pot
RaisemyNut$: doesn't show hand
*** SUMMARY ***
Total pot $6 | Rake $0
Seat 1: RaisemyNut$ (button) (small blind) collected ($6)
Seat 3: MadFox666 (big blind) folded before Flop


PokerStars Hand #164902896259:  Hold'em Limit ($3/$6 USD) - 2017/01/20 17:34:45 ET
Table 'Desiderata' 6-max Seat #3 is the button
Seat 1: RaisemyNut$ ($105.73 in chips)
Seat 3: MadFox666 ($201.64 in chips)
MadFox666: posts small blind $1
RaisemyNut$: posts big blind $3
*** HOLE CARDS ***
MadFox666: raises $3 to $6
RaisemyNut$: raises $3 to $9
MadFox666: calls $3
*** FLOP *** [Qh 5d Kc]
RaisemyNut$: bets $3
MadFox666: raises $3 to $6
RaisemyNut$: calls $3
*** TURN *** [Qh 5d Kc] [9c]
RaisemyNut$: checks
MadFox666: checks
*** RIVER *** [Qh 5d Kc 9c] [5h]
RaisemyNut$: checks
MadFox666: checks
*** SHOW DOWN ***
RaisemyNut$: shows [Td As] (a pair of Fives)
MadFox666: shows [Ah 8h] (a pair of Fives)
RaisemyNut$ collected $14.75 from pot
MadFox666 collected $14.75 from pot
*** SUMMARY ***
Total pot $30 | Rake $0.50
Board [Qh 5d Kc 9c 5h]
Seat 1: RaisemyNut$ (big blind) showed [Td As] and won ($14.75) with a pair of Fives
Seat 3: MadFox666 (button) (small blind) showed [Ah 8h] and won ($14.75) with a pair of Fives


PokerStars Hand #164902962256:  Hold'em Limit ($3/$6 USD) - 2017/01/20 17:35:58 ET
Table 'Desiderata' 6-max Seat #3 is the button
Seat 1: RaisemyNut$ ($134.98 in chips)
Seat 3: MadFox666 ($171.39 in chips)
MadFox666: posts small blind $1
RaisemyNut$: posts big blind $3
BelSv joins the table at seat #4
*** HOLE CARDS ***
MadFox666: folds
Uncalled bet ($2) returned to RaisemyNut$
RaisemyNut$ collected $2 from pot
RaisemyNut$: doesn't show hand
*** SUMMARY ***
Total pot $2 | Rake $0
Seat 1: RaisemyNut$ (big blind) collected ($2)
Seat 3: MadFox666 (button) (small blind) folded before Flop


PokerStars Hand #164902955298:  Hold'em Limit ($3/$6 USD) - 2017/01/20 17:35:51 ET
Table 'Desiderata' 6-max Seat #1 is the button
Seat 1: RaisemyNut$ ($131.98 in chips)
Seat 3: MadFox666 ($174.39 in chips)
RaisemyNut$: posts small blind $1
MadFox666: posts big blind $3
*** HOLE CARDS ***
charlie13578 joins the table at seat #2
RaisemyNut$: raises $3 to $6
MadFox666: folds
Uncalled bet ($3) returned to RaisemyNut$
RaisemyNut$ collected $6 from pot
RaisemyNut$: doesn't show hand
*** SUMMARY ***
Total pot $6 | Rake $0
Seat 1: RaisemyNut$ (button) (small blind) collected ($6)
Seat 3: MadFox666 (big blind) folded before Flop


PokerStars Hand #164902936808:  Hold'em Limit ($3/$6 USD) - 2017/01/20 17:35:30 ET
Table 'Desiderata' 6-max Seat #3 is the button
Seat 1: RaisemyNut$ ($108.48 in chips)
Seat 3: MadFox666 ($198.39 in chips)
MadFox666: posts small blind $1
RaisemyNut$: posts big blind $3
*** HOLE CARDS ***
MadFox666: raises $3 to $6
RaisemyNut$: calls $3
*** FLOP *** [9d 3h Qh]
RaisemyNut$: checks
MadFox666: bets $3
RaisemyNut$: raises $3 to $6
MadFox666: calls $3
*** TURN *** [9d 3h Qh] [4d]
RaisemyNut$: bets $6
MadFox666: calls $6
*** RIVER *** [9d 3h Qh 4d] [3c]
RaisemyNut$: bets $6
MadFox666: calls $6
*** SHOW DOWN ***
RaisemyNut$: shows [Kh 9s] (two pair, Nines and Threes)
MadFox666: mucks hand
RaisemyNut$ collected $47.50 from pot
*** SUMMARY ***
Total pot $48 | Rake $0.50
Board [9d 3h Qh 4d 3c]
Seat 1: RaisemyNut$ (big blind) showed [Kh 9s] and won ($47.50) with two pair, Nines and Threes
Seat 3: MadFox666 (button) (small blind) mucked


