PokerStars Hand #151244025294:  Hold'em Limit ($3/$6 USD) - 2016/03/31 19:40:23 ET
Table 'Desiderata' 6-max Seat #4 is the button
Seat 3: TineJ2650 ($79.66 in chips)
Seat 4: AzureCaper ($73 in chips)
AzureCaper: posts small blind $1
TineJ2650: posts big blind $3
*** HOLE CARDS ***
AzureCaper: raises $3 to $6
TineJ2650: folds
Uncalled bet ($3) returned to AzureCaper
AzureCaper collected $6 from pot
AzureCaper: doesn't show hand
*** SUMMARY ***
Total pot $6 | Rake $0
Seat 3: TineJ2650 (big blind) folded before Flop
Seat 4: AzureCaper (button) (small blind) collected ($6)


PokerStars Hand #151244031286:  Hold'em Limit ($3/$6 USD) - 2016/03/31 19:40:33 ET
Table 'Desiderata' 6-max Seat #3 is the button
Seat 3: TineJ2650 ($76.66 in chips)
Seat 4: AzureCaper ($76 in chips)
TineJ2650: posts small blind $1
AzureCaper: posts big blind $3
*** HOLE CARDS ***
TineJ2650: folds
Uncalled bet ($2) returned to AzureCaper
cmbs joins the table at seat #5
AzureCaper collected $2 from pot
AzureCaper: doesn't show hand
*** SUMMARY ***
Total pot $2 | Rake $0
Seat 3: TineJ2650 (button) (small blind) folded before Flop
Seat 4: AzureCaper (big blind) collected ($2)


PokerStars Hand #151244265227:  Hold'em Limit ($3/$6 USD) - 2016/03/31 19:47:02 ET
Table 'Desiderata' 6-max Seat #4 is the button
Seat 4: AzureCaper ($100.33 in chips)
Seat 5: cmbs ($205.99 in chips)
AzureCaper: posts small blind $1
cmbs: posts big blind $3
*** HOLE CARDS ***
språket joins the table at seat #3
AzureCaper: folds
Uncalled bet ($2) returned to cmbs
cmbs collected $2 from pot
cmbs: doesn't show hand
*** SUMMARY ***
Total pot $2 | Rake $0
Seat 4: AzureCaper (button) (small blind) folded before Flop
Seat 5: cmbs (big blind) collected ($2)


PokerStars Hand #151244259638:  Hold'em Limit ($3/$6 USD) - 2016/03/31 19:46:52 ET
Table 'Desiderata' 6-max Seat #5 is the button
Seat 4: AzureCaper ($103.33 in chips)
Seat 5: cmbs ($202.99 in chips)
cmbs: posts small blind $1
AzureCaper: posts big blind $3
*** HOLE CARDS ***
cmbs: raises $3 to $6
AzureCaper: folds
Uncalled bet ($3) returned to cmbs
cmbs collected $6 from pot
cmbs: doesn't show hand
*** SUMMARY ***
Total pot $6 | Rake $0
Seat 4: AzureCaper (big blind) folded before Flop
Seat 5: cmbs (button) (small blind) collected ($6)


PokerStars Hand #151244256759:  Hold'em Limit ($3/$6 USD) - 2016/03/31 19:46:48 ET
Table 'Desiderata' 6-max Seat #4 is the button
Seat 4: AzureCaper ($104.33 in chips)
Seat 5: cmbs ($201.99 in chips)
AzureCaper: posts small blind $1
cmbs: posts big blind $3
*** HOLE CARDS ***
AzureCaper: folds
Uncalled bet ($2) returned to cmbs
cmbs collected $2 from pot
cmbs: doesn't show hand
*** SUMMARY ***
Total pot $2 | Rake $0
Seat 4: AzureCaper (button) (small blind) folded before Flop
Seat 5: cmbs (big blind) collected ($2)


PokerStars Hand #151244243023:  Hold'em Limit ($3/$6 USD) - 2016/03/31 19:46:25 ET
Table 'Desiderata' 6-max Seat #5 is the button
Seat 4: AzureCaper ($101.45 in chips)
Seat 5: cmbs ($204.99 in chips)
cmbs: posts small blind $1
TineJ2650: is sitting out
AzureCaper: posts big blind $3
*** HOLE CARDS ***
cmbs: calls $2
AzureCaper: checks
*** FLOP *** [2d 5s 7d]
TineJ2650 leaves the table
AzureCaper: bets $3
cmbs: folds
Uncalled bet ($3) returned to AzureCaper
AzureCaper collected $5.88 from pot
AzureCaper: doesn't show hand
*** SUMMARY ***
Total pot $6 | Rake $0.12
Board [2d 5s 7d]
Seat 4: AzureCaper (big blind) collected ($5.88)
Seat 5: cmbs (button) (small blind) folded on the Flop


PokerStars Hand #151244308140:  Hold'em Limit ($3/$6 USD) - 2016/03/31 19:48:14 ET
Table 'Desiderata' 6-max Seat #4 is the button
Seat 4: AzureCaper ($95.84 in chips)
Seat 5: cmbs ($208.38 in chips)
AzureCaper: posts small blind $1
cmbs: posts big blind $3
*** HOLE CARDS ***
AzureCaper: raises $3 to $6
cmbs: calls $3
*** FLOP *** [Jc 7c 4c]
TineJ2650 joins the table at seat #3
cmbs: bets $3
AzureCaper: calls $3
*** TURN *** [Jc 7c 4c] [4s]
cmbs: bets $6
AzureCaper: raises $6 to $12
cmbs: raises $6 to $18
AzureCaper: raises $6 to $24
Betting is capped
cmbs: calls $6
*** RIVER *** [Jc 7c 4c 4s] [Jd]
cmbs: bets $6
AzureCaper: calls $6
*** SHOW DOWN ***
cmbs: shows [4h 7s] (a full house, Fours full of Jacks)
AzureCaper: mucks hand
cmbs collected $77.50 from pot
*** SUMMARY ***
Total pot $78 | Rake $0.50
Board [Jc 7c 4c 4s Jd]
Seat 4: AzureCaper (button) (small blind) mucked
Seat 5: cmbs (big blind) showed [4h 7s] and won ($77.50) with a full house, Fours full of Jacks


PokerStars Hand #151244297732:  Hold'em Limit ($3/$6 USD) - 2016/03/31 19:47:57 ET
Table 'Desiderata' 6-max Seat #5 is the button
Seat 4: AzureCaper ($96.09 in chips)
Seat 5: cmbs ($208.63 in chips)
cmbs: posts small blind $1
AzureCaper: posts big blind $3
*** HOLE CARDS ***
cmbs: raises $3 to $6
AzureCaper: raises $3 to $9
cmbs: calls $3
*** FLOP *** [Qh Qc 9d]
AzureCaper: bets $3
cmbs: calls $3
*** TURN *** [Qh Qc 9d] [4s]
AzureCaper: bets $6
cmbs: calls $6
*** RIVER *** [Qh Qc 9d 4s] [6d]
AzureCaper: checks
cmbs: checks
*** SHOW DOWN ***
AzureCaper: shows [Kc Jd] (a pair of Queens)
cmbs: shows [Kh Jc] (a pair of Queens)
AzureCaper collected $17.75 from pot
cmbs collected $17.75 from pot
*** SUMMARY ***
Total pot $36 | Rake $0.50
Board [Qh Qc 9d 4s 6d]
Seat 4: AzureCaper (big blind) showed [Kc Jd] and won ($17.75) with a pair of Queens
Seat 5: cmbs (button) (small blind) showed [Kh Jc] and won ($17.75) with a pair of Queens


PokerStars Hand #151244288179:  Hold'em Limit ($3/$6 USD) - 2016/03/31 19:47:41 ET
Table 'Desiderata' 6-max Seat #4 is the button
Seat 4: AzureCaper ($105.09 in chips)
Seat 5: cmbs ($199.99 in chips)
AzureCaper: posts small blind $1
cmbs: posts big blind $3
*** HOLE CARDS ***
AzureCaper: raises $3 to $6
cmbs: calls $3
*** FLOP *** [Jc Jh 9c]
cmbs: checks
AzureCaper: bets $3
cmbs: calls $3
*** TURN *** [Jc Jh 9c] [5d]
cmbs: checks
AzureCaper: checks
*** RIVER *** [Jc Jh 9c 5d] [3h]
cmbs: checks
AzureCaper: checks
*** SHOW DOWN ***
cmbs: shows [Ad Td] (a pair of Jacks)
AzureCaper: mucks hand
cmbs collected $17.64 from pot
*** SUMMARY ***
Total pot $18 | Rake $0.36
Board [Jc Jh 9c 5d 3h]
Seat 4: AzureCaper (button) (small blind) mucked
Seat 5: cmbs (big blind) showed [Ad Td] and won ($17.64) with a pair of Jacks


PokerStars Hand #151244278413:  Hold'em Limit ($3/$6 USD) - 2016/03/31 19:47:24 ET
Table 'Desiderata' 6-max Seat #5 is the button
Seat 4: AzureCaper ($99.33 in chips)
Seat 5: cmbs ($205.99 in chips)
cmbs: posts small blind $1
AzureCaper: posts big blind $3
*** HOLE CARDS ***
cmbs: calls $2
språket leaves the table
AzureCaper: checks
*** FLOP *** [6h 2c Qs]
AzureCaper: checks
cmbs: bets $3
AzureCaper: calls $3
*** TURN *** [6h 2c Qs] [Jh]
AzureCaper: checks
cmbs: checks
*** RIVER *** [6h 2c Qs Jh] [Kd]
AzureCaper: checks
cmbs: checks
*** SHOW DOWN ***
AzureCaper: shows [2h 8h] (a pair of Deuces)
cmbs: mucks hand
AzureCaper collected $11.76 from pot
*** SUMMARY ***
Total pot $12 | Rake $0.24
Board [6h 2c Qs Jh Kd]
Seat 4: AzureCaper (big blind) showed [2h 8h] and won ($11.76) with a pair of Deuces
Seat 5: cmbs (button) (small blind) mucked


