PokerStars Hand #170395269360:  Hold'em Limit ($3/$6 USD) - 2017/05/14 4:35:43 ET
Table 'Desiderata' 6-max Seat #5 is the button
Seat 5: nedo1414 ($105 in chips)
Seat 6: Koraseg ($134.64 in chips)
nedo1414: posts small blind $1
Koraseg: posts big blind $3
*** HOLE CARDS ***
nedo1414: raises $3 to $6
Koraseg: calls $3
*** FLOP *** [6h 8s 9h]
Koraseg: bets $3
nedo1414: calls $3
*** TURN *** [6h 8s 9h] [2d]
Koraseg: bets $6
nedo1414: raises $6 to $12
Koraseg: calls $6
*** RIVER *** [6h 8s 9h 2d] [Ad]
Koraseg: checks
nedo1414: bets $6
Koraseg: calls $6
*** SHOW DOWN ***
nedo1414: shows [Th 7h] (a straight, Six to Ten)
Koraseg: mucks hand
nedo1414 collected $53.50 from pot
*** SUMMARY ***
Total pot $54 | Rake $0.50
Board [6h 8s 9h 2d Ad]
Seat 5: nedo1414 (button) (small blind) showed [Th 7h] and won ($53.50) with a straight, Six to Ten
Seat 6: Koraseg (big blind) mucked


PokerStars Hand #170395263606:  Hold'em Limit ($3/$6 USD) - 2017/05/14 4:35:27 ET
Table 'Desiderata' 6-max Seat #5 is the button
Seat 5: nedo1414 ($117 in chips)
Seat 6: Koraseg ($123 in chips)
nedo1414: posts small blind $1
Koraseg: posts big blind $3
*** HOLE CARDS ***
nedo1414: raises $3 to $6
Koraseg: calls $3
*** FLOP *** [Kc 4d 2c]
Koraseg: checks
nedo1414: bets $3
Koraseg: raises $3 to $6
nedo1414: folds
Uncalled bet ($3) returned to Koraseg
Koraseg collected $17.64 from pot
Koraseg: doesn't show hand
*** SUMMARY ***
Total pot $18 | Rake $0.36
Board [Kc 4d 2c]
Seat 5: nedo1414 (button) (small blind) folded on the Flop
Seat 6: Koraseg (big blind) collected ($17.64)


PokerStars Hand #170395267511:  Hold'em Limit ($3/$6 USD) - 2017/05/14 4:35:38 ET
Table 'Desiderata' 6-max Seat #6 is the button
Seat 5: nedo1414 ($108 in chips)
Seat 6: Koraseg ($131.64 in chips)
Koraseg: posts small blind $1
nedo1414: posts big blind $3
*** HOLE CARDS ***
Koraseg: raises $3 to $6
nedo1414: folds
Uncalled bet ($3) returned to Koraseg
Koraseg collected $6 from pot
Koraseg: doesn't show hand
*** SUMMARY ***
Total pot $6 | Rake $0
Seat 5: nedo1414 (big blind) folded before Flop
Seat 6: Koraseg (button) (small blind) collected ($6)


PokerStars Hand #170395260461:  Hold'em Limit ($3/$6 USD) - 2017/05/14 4:35:18 ET
Table 'Desiderata' 6-max Seat #6 is the button
Seat 5: nedo1414 ($120 in chips)
Seat 6: Koraseg ($120 in chips)
Koraseg: posts small blind $1
nedo1414: posts big blind $3
*** HOLE CARDS ***
Koraseg: raises $3 to $6
Agrotait leaves the table
nedo1414: folds
Uncalled bet ($3) returned to Koraseg
Koraseg collected $6 from pot
Koraseg: doesn't show hand
*** SUMMARY ***
Total pot $6 | Rake $0
Seat 5: nedo1414 (big blind) folded before Flop
Seat 6: Koraseg (button) (small blind) collected ($6)


PokerStars Hand #170395278412:  Hold'em Limit ($3/$6 USD) - 2017/05/14 4:36:07 ET
Table 'Desiderata' 6-max Seat #6 is the button
Seat 5: nedo1414 ($131.50 in chips)
Seat 6: Koraseg ($107.64 in chips)
Koraseg: posts small blind $1
nedo1414: posts big blind $3
*** HOLE CARDS ***
Koraseg: raises $3 to $6
nedo1414: calls $3
*** FLOP *** [Jc Ks 4c]
nedo1414: checks
Koraseg: bets $3
nedo1414: folds
Uncalled bet ($3) returned to Koraseg
Koraseg collected $11.76 from pot
Koraseg: doesn't show hand
*** SUMMARY ***
Total pot $12 | Rake $0.24
Board [Jc Ks 4c]
Seat 5: nedo1414 (big blind) folded on the Flop
Seat 6: Koraseg (button) (small blind) collected ($11.76)


PokerStars Hand #170395286990:  Hold'em Limit ($3/$6 USD) - 2017/05/14 4:36:31 ET
Table 'Desiderata' 6-max Seat #5 is the button
Seat 5: nedo1414 ($125.50 in chips)
Seat 6: Koraseg ($113.40 in chips)
nedo1414: posts small blind $1
Koraseg: posts big blind $3
*** HOLE CARDS ***
nedo1414: raises $3 to $6
Koraseg: calls $3
*** FLOP *** [2d 3h As]
Koraseg: checks
nedo1414: bets $3
Koraseg: folds
Uncalled bet ($3) returned to nedo1414
nedo1414 collected $11.76 from pot
nedo1414: doesn't show hand
tomorrrow joins the table at seat #4
*** SUMMARY ***
Total pot $12 | Rake $0.24
Board [2d 3h As]
Seat 5: nedo1414 (button) (small blind) collected ($11.76)
Seat 6: Koraseg (big blind) folded on the Flop


PokerStars Hand #170395293262:  Hold'em Limit ($3/$6 USD) - 2017/05/14 4:36:48 ET
Table 'Desiderata' 6-max Seat #4 is the button
Seat 4: tomorrrow ($121 in chips)
Seat 6: Koraseg ($106.40 in chips)
tomorrrow: posts small blind $1
nedo1414: is sitting out
Koraseg: posts big blind $3
*** HOLE CARDS ***
tomorrrow: folds
Uncalled bet ($2) returned to Koraseg
Koraseg collected $2 from pot
Koraseg: doesn't show hand
*** SUMMARY ***
Total pot $2 | Rake $0
Seat 4: tomorrrow (button) (small blind) folded before Flop
Seat 6: Koraseg (big blind) collected ($2)


