PokerStars Hand #170486171313:  Hold'em Limit ($3/$6 USD) - 2017/05/16 6:18:09 ET
Table 'Desiderata' 6-max Seat #1 is the button
Seat 1: CatPuppy1999 ($48 in chips)
Seat 4: Actionni13 ($150 in chips)
CatPuppy1999: posts small blind $1
Actionni13: posts big blind $3
*** HOLE CARDS ***
CatPuppy1999: raises $3 to $6
Actionni13: calls $3
*** FLOP *** [6h 8h 3s]
Actionni13: checks
CatPuppy1999: bets $3
Actionni13: calls $3
*** TURN *** [6h 8h 3s] [Jh]
Actionni13: bets $6
CatPuppy1999: calls $6
*** RIVER *** [6h 8h 3s Jh] [4d]
Actionni13: bets $6
CatPuppy1999: calls $6
*** SHOW DOWN ***
Actionni13: shows [Qh 4s] (a pair of Fours)
CatPuppy1999: shows [Th Tc] (a pair of Tens)
CatPuppy1999 collected $41.50 from pot
*** SUMMARY ***
Total pot $42 | Rake $0.50
Board [6h 8h 3s Jh 4d]
Seat 1: CatPuppy1999 (button) (small blind) showed [Th Tc] and won ($41.50) with a pair of Tens
Seat 4: Actionni13 (big blind) showed [Qh 4s] and lost with a pair of Fours


PokerStars Hand #170486217331:  Hold'em Limit ($3/$6 USD) - 2017/05/16 6:20:02 ET
Table 'Desiderata' 6-max Seat #4 is the button
Seat 1: CatPuppy1999 ($72 in chips)
Seat 4: Actionni13 ($150 in chips)
Actionni13: posts small blind $1
CatPuppy1999: posts big blind $3
*** HOLE CARDS ***
Actionni13: raises $3 to $6
CatPuppy1999: calls $3
*** FLOP *** [7c 7h 3d]
CatPuppy1999: checks
Actionni13: bets $3
CatPuppy1999: calls $3
*** TURN *** [7c 7h 3d] [Jh]
CatPuppy1999: checks
Actionni13: bets $6
CatPuppy1999: calls $6
*** RIVER *** [7c 7h 3d Jh] [7s]
CatPuppy1999: checks
Actionni13: bets $6
CatPuppy1999: calls $6
*** SHOW DOWN ***
Actionni13: shows [8d Jc] (a full house, Sevens full of Jacks)
CatPuppy1999: mucks hand
Actionni13 collected $41.50 from pot
*** SUMMARY ***
Total pot $42 | Rake $0.50
Board [7c 7h 3d Jh 7s]
Seat 1: CatPuppy1999 (big blind) mucked
Seat 4: Actionni13 (button) (small blind) showed [8d Jc] and won ($41.50) with a full house, Sevens full of Jacks


PokerStars Hand #170486254645:  Hold'em Limit ($3/$6 USD) - 2017/05/16 6:21:33 ET
Table 'Desiderata' 6-max Seat #1 is the button
Seat 1: CatPuppy1999 ($72 in chips)
Seat 4: Actionni13 ($170.50 in chips)
CatPuppy1999: posts small blind $1
Actionni13: posts big blind $3
*** HOLE CARDS ***
CatPuppy1999: raises $3 to $6
Actionni13: calls $3
*** FLOP *** [Qh 2c 9d]
vitiok_1995 joins the table at seat #3
Actionni13: checks
CatPuppy1999: checks
*** TURN *** [Qh 2c 9d] [5h]
Actionni13: checks
CatPuppy1999: bets $6
Actionni13: raises $6 to $12
CatPuppy1999: folds
Uncalled bet ($6) returned to Actionni13
Actionni13 collected $23.52 from pot
Actionni13: doesn't show hand
*** SUMMARY ***
Total pot $24 | Rake $0.48
Board [Qh 2c 9d 5h]
Seat 1: CatPuppy1999 (button) (small blind) folded on the Turn
Seat 4: Actionni13 (big blind) collected ($23.52)


PokerStars Hand #170486278427:  Hold'em Limit ($3/$6 USD) - 2017/05/16 6:22:31 ET
Table 'Desiderata' 6-max Seat #4 is the button
Seat 1: CatPuppy1999 ($72 in chips)
Seat 4: Actionni13 ($182.02 in chips)
Actionni13: posts small blind $1
CatPuppy1999: posts big blind $3
*** HOLE CARDS ***
Actionni13: raises $3 to $6
CatPuppy1999: calls $3
*** FLOP *** [Kh 2h 6s]
CatPuppy1999: checks
Actionni13: bets $3
CatPuppy1999: raises $3 to $6
Actionni13: calls $3
*** TURN *** [Kh 2h 6s] [Th]
CatPuppy1999: bets $6
Actionni13: calls $6
*** RIVER *** [Kh 2h 6s Th] [5c]
CatPuppy1999: bets $6
Actionni13: calls $6
*** SHOW DOWN ***
CatPuppy1999: shows [As 6c] (a pair of Sixes)
Actionni13: shows [Td Qd] (a pair of Tens)
Actionni13 collected $47.50 from pot
*** SUMMARY ***
Total pot $48 | Rake $0.50
Board [Kh 2h 6s Th 5c]
Seat 1: CatPuppy1999 (big blind) showed [As 6c] and lost with a pair of Sixes
Seat 4: Actionni13 (button) (small blind) showed [Td Qd] and won ($47.50) with a pair of Tens


PokerStars Hand #170486496610:  Hold'em Limit ($3/$6 USD) - 2017/05/16 6:31:13 ET
Table 'Desiderata' 6-max Seat #3 is the button
Seat 3: vitiok_1995 ($256.48 in chips)
Seat 4: Actionni13 ($162.46 in chips)
vitiok_1995: posts small blind $1
Actionni13: posts big blind $3
*** HOLE CARDS ***
vitiok_1995: calls $2
Actionni13: raises $3 to $6
vitiok_1995: calls $3
*** FLOP *** [Qs 4s Jc]
Actionni13: bets $3
vitiok_1995: folds
Uncalled bet ($3) returned to Actionni13
Actionni13 collected $11.76 from pot
Actionni13: doesn't show hand
vitiok_1995 leaves the table
*** SUMMARY ***
Total pot $12 | Rake $0.24
Board [Qs 4s Jc]
Seat 3: vitiok_1995 (button) (small blind) folded on the Flop
Seat 4: Actionni13 (big blind) collected ($11.76)


PokerStars Hand #170486493923:  Hold'em Limit ($3/$6 USD) - 2017/05/16 6:31:07 ET
Table 'Desiderata' 6-max Seat #4 is the button
Seat 3: vitiok_1995 ($259.48 in chips)
Seat 4: Actionni13 ($159.46 in chips)
Actionni13: posts small blind $1
CatPuppy1999: is sitting out
vitiok_1995: posts big blind $3
*** HOLE CARDS ***
Actionni13: raises $3 to $6
CatPuppy1999 leaves the table
vitiok_1995: folds
Uncalled bet ($3) returned to Actionni13
Actionni13 collected $6 from pot
Actionni13: doesn't show hand
*** SUMMARY ***
Total pot $6 | Rake $0
Seat 3: vitiok_1995 (big blind) folded before Flop
Seat 4: Actionni13 (button) (small blind) collected ($6)


PokerStars Hand #170488677246:  Hold'em Limit ($3/$6 USD) - 2017/05/16 7:54:13 ET
Table 'Desiderata' 6-max Seat #2 is the button
Seat 2: PayMyAudiR8 ($141.55 in chips)
Seat 3: B_loJkl ($193.56 in chips)
PayMyAudiR8: posts small blind $1
B_loJkl: posts big blind $3
*** HOLE CARDS ***
PayMyAudiR8: folds
Uncalled bet ($2) returned to B_loJkl
B_loJkl collected $2 from pot
B_loJkl: doesn't show hand
*** SUMMARY ***
Total pot $2 | Rake $0
Seat 2: PayMyAudiR8 (button) (small blind) folded before Flop
Seat 3: B_loJkl (big blind) collected ($2)


PokerStars Hand #170488667467:  Hold'em Limit ($3/$6 USD) - 2017/05/16 7:53:52 ET
Table 'Desiderata' 6-max Seat #3 is the button
Seat 2: PayMyAudiR8 ($159.55 in chips)
Seat 3: B_loJkl ($176.06 in chips)
B_loJkl: posts small blind $1
PayMyAudiR8: posts big blind $3
*** HOLE CARDS ***
B_loJkl: raises $3 to $6
PayMyAudiR8: raises $3 to $9
B_loJkl: calls $3
*** FLOP *** [8d 3s 6d]
PayMyAudiR8: bets $3
B_loJkl: calls $3
*** TURN *** [8d 3s 6d] [6s]
PayMyAudiR8: checks
B_loJkl: bets $6
PayMyAudiR8: calls $6
*** RIVER *** [8d 3s 6d 6s] [9c]
PayMyAudiR8: checks
B_loJkl: bets $6
PayMyAudiR8: folds
Uncalled bet ($6) returned to B_loJkl
B_loJkl collected $35.50 from pot
B_loJkl: doesn't show hand
*** SUMMARY ***
Total pot $36 | Rake $0.50
Board [8d 3s 6d 6s 9c]
Seat 2: PayMyAudiR8 (big blind) folded on the River
Seat 3: B_loJkl (button) (small blind) collected ($35.50)


PokerStars Hand #170488679229:  Hold'em Limit ($3/$6 USD) - 2017/05/16 7:54:17 ET
Table 'Desiderata' 6-max Seat #3 is the button
Seat 2: PayMyAudiR8 ($140.55 in chips)
Seat 3: B_loJkl ($194.56 in chips)
B_loJkl: posts small blind $1
PayMyAudiR8: posts big blind $3
*** HOLE CARDS ***
B_loJkl: raises $3 to $6
PayMyAudiR8: calls $3
*** FLOP *** [9h Qc Kh]
PayMyAudiR8: checks
B_loJkl: bets $3
PayMyAudiR8: calls $3
*** TURN *** [9h Qc Kh] [8d]
PayMyAudiR8: checks
B_loJkl: checks
*** RIVER *** [9h Qc Kh 8d] [2h]
PayMyAudiR8: bets $6
B_loJkl: raises $6 to $12
PayMyAudiR8: calls $6
*** SHOW DOWN ***
B_loJkl: shows [5d Kd] (a pair of Kings)
PayMyAudiR8: shows [Kc 4c] (a pair of Kings)
PayMyAudiR8 collected $20.75 from pot
B_loJkl collected $20.75 from pot
*** SUMMARY ***
Total pot $42 | Rake $0.50
Board [9h Qc Kh 8d 2h]
Seat 2: PayMyAudiR8 (big blind) showed [Kc 4c] and won ($20.75) with a pair of Kings
Seat 3: B_loJkl (button) (small blind) showed [5d Kd] and won ($20.75) with a pair of Kings


PokerStars Hand #170488693891:  Hold'em Limit ($3/$6 USD) - 2017/05/16 7:54:49 ET
Table 'Desiderata' 6-max Seat #2 is the button
Seat 2: PayMyAudiR8 ($140.30 in chips)
Seat 3: B_loJkl ($194.31 in chips)
PayMyAudiR8: posts small blind $1
B_loJkl: posts big blind $3
*** HOLE CARDS ***
PayMyAudiR8: raises $3 to $6
B_loJkl: calls $3
*** FLOP *** [8h 9d Js]
B_loJkl: checks
PayMyAudiR8: bets $3
B_loJkl: calls $3
*** TURN *** [8h 9d Js] [2c]
B_loJkl: checks
PayMyAudiR8: bets $6
B_loJkl: calls $6
*** RIVER *** [8h 9d Js 2c] [3d]
B_loJkl: checks
PayMyAudiR8: bets $6
B_loJkl: calls $6
*** SHOW DOWN ***
PayMyAudiR8: shows [Qs 8s] (a pair of Eights)
B_loJkl: shows [Qd 9s] (a pair of Nines)
B_loJkl collected $41.50 from pot
*** SUMMARY ***
Total pot $42 | Rake $0.50
Board [8h 9d Js 2c 3d]
Seat 2: PayMyAudiR8 (button) (small blind) showed [Qs 8s] and lost with a pair of Eights
Seat 3: B_loJkl (big blind) showed [Qd 9s] and won ($41.50) with a pair of Nines


PokerStars Hand #170488719090:  Hold'em Limit ($3/$6 USD) - 2017/05/16 7:55:47 ET
Table 'Desiderata' 6-max Seat #3 is the button
Seat 2: PayMyAudiR8 ($121.82 in chips)
Seat 3: B_loJkl ($211.45 in chips)
B_loJkl: posts small blind $1
PayMyAudiR8: posts big blind $3
*** HOLE CARDS ***
B_loJkl: raises $3 to $6
PayMyAudiR8: calls $3
*** FLOP *** [Qh 3s Ah]
PayMyAudiR8: checks
B_loJkl: bets $3
PayMyAudiR8: calls $3
*** TURN *** [Qh 3s Ah] [Ts]
PayMyAudiR8: checks
B_loJkl: bets $6
PayMyAudiR8: calls $6
*** RIVER *** [Qh 3s Ah Ts] [8h]
PayMyAudiR8: checks
B_loJkl: checks
*** SHOW DOWN ***
PayMyAudiR8: shows [Qc 6h] (a pair of Queens)
B_loJkl: mucks hand
PayMyAudiR8 collected $29.50 from pot
*** SUMMARY ***
Total pot $30 | Rake $0.50
Board [Qh 3s Ah Ts 8h]
Seat 2: PayMyAudiR8 (big blind) showed [Qc 6h] and won ($29.50) with a pair of Queens
Seat 3: B_loJkl (button) (small blind) mucked


PokerStars Hand #170488713668:  Hold'em Limit ($3/$6 USD) - 2017/05/16 7:55:33 ET
Table 'Desiderata' 6-max Seat #2 is the button
Seat 2: PayMyAudiR8 ($130.82 in chips)
Seat 3: B_loJkl ($202.81 in chips)
PayMyAudiR8: posts small blind $1
B_loJkl: posts big blind $3
*** HOLE CARDS ***
PayMyAudiR8: raises $3 to $6
B_loJkl: raises $3 to $9
PayMyAudiR8: calls $3
*** FLOP *** [Qc Jh 2c]
B_loJkl: bets $3
PayMyAudiR8: folds
Uncalled bet ($3) returned to B_loJkl
B_loJkl collected $17.64 from pot
B_loJkl: doesn't show hand
*** SUMMARY ***
Total pot $18 | Rake $0.36
Board [Qc Jh 2c]
Seat 2: PayMyAudiR8 (button) (small blind) folded on the Flop
Seat 3: B_loJkl (big blind) collected ($17.64)


PokerStars Hand #170488707143:  Hold'em Limit ($3/$6 USD) - 2017/05/16 7:55:18 ET
Table 'Desiderata' 6-max Seat #3 is the button
Seat 2: PayMyAudiR8 ($119.30 in chips)
Seat 3: B_loJkl ($214.81 in chips)
B_loJkl: posts small blind $1
PayMyAudiR8: posts big blind $3
*** HOLE CARDS ***
B_loJkl: raises $3 to $6
PayMyAudiR8: calls $3
*** FLOP *** [Jh 8d 9h]
PayMyAudiR8: checks
B_loJkl: checks
*** TURN *** [Jh 8d 9h] [6c]
PayMyAudiR8: bets $6
B_loJkl: calls $6
*** RIVER *** [Jh 8d 9h 6c] [2d]
PayMyAudiR8: checks
B_loJkl: checks
*** SHOW DOWN ***
PayMyAudiR8: shows [2h 4h] (a pair of Deuces)
B_loJkl: mucks hand
PayMyAudiR8 collected $23.52 from pot
*** SUMMARY ***
Total pot $24 | Rake $0.48
Board [Jh 8d 9h 6c 2d]
Seat 2: PayMyAudiR8 (big blind) showed [2h 4h] and won ($23.52) with a pair of Deuces
Seat 3: B_loJkl (button) (small blind) mucked


PokerStars Hand #170488726733:  Hold'em Limit ($3/$6 USD) - 2017/05/16 7:56:05 ET
Table 'Desiderata' 6-max Seat #2 is the button
Seat 2: PayMyAudiR8 ($136.32 in chips)
Seat 3: B_loJkl ($196.45 in chips)
PayMyAudiR8: posts small blind $1
B_loJkl: posts big blind $3
*** HOLE CARDS ***
PayMyAudiR8: raises $3 to $6
B_loJkl: calls $3
*** FLOP *** [7s 2c Ks]
B_loJkl: checks
PayMyAudiR8: bets $3
B_loJkl: calls $3
*** TURN *** [7s 2c Ks] [Jd]
B_loJkl: checks
PayMyAudiR8: checks
*** RIVER *** [7s 2c Ks Jd] [Qd]
B_loJkl: checks
PayMyAudiR8: checks
*** SHOW DOWN ***
B_loJkl: shows [8d 7c] (a pair of Sevens)
PayMyAudiR8: mucks hand
B_loJkl collected $17.64 from pot
*** SUMMARY ***
Total pot $18 | Rake $0.36
Board [7s 2c Ks Jd Qd]
Seat 2: PayMyAudiR8 (button) (small blind) mucked
Seat 3: B_loJkl (big blind) showed [8d 7c] and won ($17.64) with a pair of Sevens


PokerStars Hand #170488741221:  Hold'em Limit ($3/$6 USD) - 2017/05/16 7:56:40 ET
Table 'Desiderata' 6-max Seat #2 is the button
Seat 2: PayMyAudiR8 ($118.32 in chips)
Seat 3: B_loJkl ($213.73 in chips)
PayMyAudiR8: posts small blind $1
B_loJkl: posts big blind $3
*** HOLE CARDS ***
PayMyAudiR8: raises $3 to $6
B_loJkl: folds
Uncalled bet ($3) returned to PayMyAudiR8
PayMyAudiR8 collected $6 from pot
PayMyAudiR8: doesn't show hand
*** SUMMARY ***
Total pot $6 | Rake $0
Seat 2: PayMyAudiR8 (button) (small blind) collected ($6)
Seat 3: B_loJkl (big blind) folded before Flop


PokerStars Hand #170488734248:  Hold'em Limit ($3/$6 USD) - 2017/05/16 7:56:23 ET
Table 'Desiderata' 6-max Seat #3 is the button
Seat 2: PayMyAudiR8 ($127.32 in chips)
Seat 3: B_loJkl ($205.09 in chips)
B_loJkl: posts small blind $1
PayMyAudiR8: posts big blind $3
*** HOLE CARDS ***
B_loJkl: raises $3 to $6
PayMyAudiR8: calls $3
*** FLOP *** [8h 2d 4d]
PayMyAudiR8: checks
B_loJkl: bets $3
PayMyAudiR8: calls $3
*** TURN *** [8h 2d 4d] [3h]
PayMyAudiR8: checks
B_loJkl: bets $6
PayMyAudiR8: folds
Uncalled bet ($6) returned to B_loJkl
B_loJkl collected $17.64 from pot
B_loJkl: doesn't show hand
*** SUMMARY ***
Total pot $18 | Rake $0.36
Board [8h 2d 4d 3h]
Seat 2: PayMyAudiR8 (big blind) folded on the Turn
Seat 3: B_loJkl (button) (small blind) collected ($17.64)


PokerStars Hand #170488743514:  Hold'em Limit ($3/$6 USD) - 2017/05/16 7:56:46 ET
Table 'Desiderata' 6-max Seat #3 is the button
Seat 2: PayMyAudiR8 ($121.32 in chips)
Seat 3: B_loJkl ($210.73 in chips)
B_loJkl: posts small blind $1
PayMyAudiR8: posts big blind $3
*** HOLE CARDS ***
B_loJkl: raises $3 to $6
PayMyAudiR8: calls $3
*** FLOP *** [Kc Tc 2s]
PayMyAudiR8: checks
B_loJkl: bets $3
PayMyAudiR8: raises $3 to $6
B_loJkl: calls $3
*** TURN *** [Kc Tc 2s] [Ks]
PayMyAudiR8: bets $6
B_loJkl: calls $6
*** RIVER *** [Kc Tc 2s Ks] [2h]
PayMyAudiR8: bets $6
B_loJkl: folds
Uncalled bet ($6) returned to PayMyAudiR8
PayMyAudiR8 collected $35.50 from pot
PayMyAudiR8: doesn't show hand
*** SUMMARY ***
Total pot $36 | Rake $0.50
Board [Kc Tc 2s Ks 2h]
Seat 2: PayMyAudiR8 (big blind) collected ($35.50)
Seat 3: B_loJkl (button) (small blind) folded on the River


PokerStars Hand #170488754267:  Hold'em Limit ($3/$6 USD) - 2017/05/16 7:57:12 ET
Table 'Desiderata' 6-max Seat #2 is the button
Seat 2: PayMyAudiR8 ($138.82 in chips)
Seat 3: B_loJkl ($192.73 in chips)
PayMyAudiR8: posts small blind $1
B_loJkl: posts big blind $3
*** HOLE CARDS ***
PayMyAudiR8: raises $3 to $6
B_loJkl: calls $3
*** FLOP *** [3c 9c Js]
B_loJkl: checks
PayMyAudiR8: bets $3
B_loJkl: calls $3
*** TURN *** [3c 9c Js] [4d]
B_loJkl: checks
PayMyAudiR8: bets $6
B_loJkl: calls $6
*** RIVER *** [3c 9c Js 4d] [8s]
B_loJkl: checks
PayMyAudiR8: bets $6
B_loJkl: folds
Uncalled bet ($6) returned to PayMyAudiR8
PayMyAudiR8 collected $29.50 from pot
PayMyAudiR8: doesn't show hand
*** SUMMARY ***
Total pot $30 | Rake $0.50
Board [3c 9c Js 4d 8s]
Seat 2: PayMyAudiR8 (button) (small blind) collected ($29.50)
Seat 3: B_loJkl (big blind) folded on the River


PokerStars Hand #170488768924:  Hold'em Limit ($3/$6 USD) - 2017/05/16 7:57:48 ET
Table 'Desiderata' 6-max Seat #2 is the button
Seat 2: PayMyAudiR8 ($147.32 in chips)
Seat 3: B_loJkl ($183.49 in chips)
PayMyAudiR8: posts small blind $1
B_loJkl: posts big blind $3
*** HOLE CARDS ***
PayMyAudiR8: folds
Uncalled bet ($2) returned to B_loJkl
B_loJkl collected $2 from pot
B_loJkl: doesn't show hand
*** SUMMARY ***
Total pot $2 | Rake $0
Seat 2: PayMyAudiR8 (button) (small blind) folded before Flop
Seat 3: B_loJkl (big blind) collected ($2)


PokerStars Hand #170488771217:  Hold'em Limit ($3/$6 USD) - 2017/05/16 7:57:53 ET
Table 'Desiderata' 6-max Seat #3 is the button
Seat 2: PayMyAudiR8 ($146.32 in chips)
Seat 3: B_loJkl ($184.49 in chips)
B_loJkl: posts small blind $1
PayMyAudiR8: posts big blind $3
*** HOLE CARDS ***
B_loJkl: raises $3 to $6
PayMyAudiR8: calls $3
*** FLOP *** [5d 3c 9d]
PayMyAudiR8: checks
B_loJkl: checks
*** TURN *** [5d 3c 9d] [Th]
PayMyAudiR8: bets $6
B_loJkl: folds
Uncalled bet ($6) returned to PayMyAudiR8
PayMyAudiR8 collected $11.76 from pot
PayMyAudiR8: doesn't show hand
*** SUMMARY ***
Total pot $12 | Rake $0.24
Board [5d 3c 9d Th]
Seat 2: PayMyAudiR8 (big blind) collected ($11.76)
Seat 3: B_loJkl (button) (small blind) folded on the Turn


PokerStars Hand #170488790920:  Hold'em Limit ($3/$6 USD) - 2017/05/16 7:58:41 ET
Table 'Desiderata' 6-max Seat #3 is the button
Seat 2: PayMyAudiR8 ($131.08 in chips)
Seat 3: B_loJkl ($198.99 in chips)
B_loJkl: posts small blind $1
PayMyAudiR8: posts big blind $3
*** HOLE CARDS ***
B_loJkl: raises $3 to $6
PayMyAudiR8: calls $3
*** FLOP *** [9s 5h 6d]
PayMyAudiR8: checks
B_loJkl: bets $3
PayMyAudiR8: calls $3
*** TURN *** [9s 5h 6d] [Js]
PayMyAudiR8: checks
B_loJkl: bets $6
PayMyAudiR8: raises $6 to $12
B_loJkl: calls $6
*** RIVER *** [9s 5h 6d Js] [5c]
PayMyAudiR8: bets $6
B_loJkl: folds
Uncalled bet ($6) returned to PayMyAudiR8
PayMyAudiR8 collected $41.50 from pot
PayMyAudiR8: doesn't show hand
*** SUMMARY ***
Total pot $42 | Rake $0.50
Board [9s 5h 6d Js 5c]
Seat 2: PayMyAudiR8 (big blind) collected ($41.50)
Seat 3: B_loJkl (button) (small blind) folded on the River


PokerStars Hand #170488781005:  Hold'em Limit ($3/$6 USD) - 2017/05/16 7:58:17 ET
Table 'Desiderata' 6-max Seat #2 is the button
Seat 2: PayMyAudiR8 ($152.08 in chips)
Seat 3: B_loJkl ($178.49 in chips)
PayMyAudiR8: posts small blind $1
B_loJkl: posts big blind $3
*** HOLE CARDS ***
PayMyAudiR8: raises $3 to $6
B_loJkl: calls $3
*** FLOP *** [9h Qs As]
B_loJkl: checks
PayMyAudiR8: bets $3
B_loJkl: raises $3 to $6
PayMyAudiR8: raises $3 to $9
B_loJkl: calls $3
*** TURN *** [9h Qs As] [4d]
B_loJkl: checks
PayMyAudiR8: bets $6
B_loJkl: calls $6
*** RIVER *** [9h Qs As 4d] [Td]
B_loJkl: checks
PayMyAudiR8: checks
*** SHOW DOWN ***
B_loJkl: shows [Ac 2s] (a pair of Aces)
PayMyAudiR8: mucks hand
B_loJkl collected $41.50 from pot
*** SUMMARY ***
Total pot $42 | Rake $0.50
Board [9h Qs As 4d Td]
Seat 2: PayMyAudiR8 (button) (small blind) mucked
Seat 3: B_loJkl (big blind) showed [Ac 2s] and won ($41.50) with a pair of Aces


PokerStars Hand #170488808684:  Hold'em Limit ($3/$6 USD) - 2017/05/16 7:59:23 ET
Table 'Desiderata' 6-max Seat #3 is the button
Seat 2: PayMyAudiR8 ($157.34 in chips)
Seat 3: B_loJkl ($171.99 in chips)
B_loJkl: posts small blind $1
PayMyAudiR8: posts big blind $3
*** HOLE CARDS ***
B_loJkl: folds
Uncalled bet ($2) returned to PayMyAudiR8
PayMyAudiR8 collected $2 from pot
PayMyAudiR8: doesn't show hand
*** SUMMARY ***
Total pot $2 | Rake $0
Seat 2: PayMyAudiR8 (big blind) collected ($2)
Seat 3: B_loJkl (button) (small blind) folded before Flop


PokerStars Hand #170488801283:  Hold'em Limit ($3/$6 USD) - 2017/05/16 7:59:06 ET
Table 'Desiderata' 6-max Seat #2 is the button
Seat 2: PayMyAudiR8 ($151.58 in chips)
Seat 3: B_loJkl ($177.99 in chips)
PayMyAudiR8: posts small blind $1
B_loJkl: posts big blind $3
*** HOLE CARDS ***
PayMyAudiR8: raises $3 to $6
B_loJkl: calls $3
*** FLOP *** [8h 3h 6s]
B_loJkl: checks
PayMyAudiR8: bets $3
B_loJkl: folds
Uncalled bet ($3) returned to PayMyAudiR8
PayMyAudiR8 collected $11.76 from pot
PayMyAudiR8: doesn't show hand
*** SUMMARY ***
Total pot $12 | Rake $0.24
Board [8h 3h 6s]
Seat 2: PayMyAudiR8 (button) (small blind) collected ($11.76)
Seat 3: B_loJkl (big blind) folded on the Flop


PokerStars Hand #170488810480:  Hold'em Limit ($3/$6 USD) - 2017/05/16 7:59:28 ET
Table 'Desiderata' 6-max Seat #2 is the button
Seat 2: PayMyAudiR8 ($158.34 in chips)
Seat 3: B_loJkl ($170.99 in chips)
PayMyAudiR8: posts small blind $1
B_loJkl: posts big blind $3
*** HOLE CARDS ***
PayMyAudiR8: raises $3 to $6
B_loJkl: calls $3
*** FLOP *** [7c 7s 4d]
B_loJkl: checks
PayMyAudiR8: bets $3
B_loJkl: raises $3 to $6
PayMyAudiR8: raises $3 to $9
B_loJkl: calls $3
*** TURN *** [7c 7s 4d] [7d]
B_loJkl: checks
PayMyAudiR8: bets $6
B_loJkl: raises $6 to $12
PayMyAudiR8: calls $6
*** RIVER *** [7c 7s 4d 7d] [8c]
B_loJkl: bets $6
PayMyAudiR8: calls $6
*** SHOW DOWN ***
B_loJkl: shows [9d 7h] (four of a kind, Sevens)
PayMyAudiR8: mucks hand
B_loJkl collected $65.50 from pot
*** SUMMARY ***
Total pot $66 | Rake $0.50
Board [7c 7s 4d 7d 8c]
Seat 2: PayMyAudiR8 (button) (small blind) mucked
Seat 3: B_loJkl (big blind) showed [9d 7h] and won ($65.50) with four of a kind, Sevens


PokerStars Hand #170488829713:  Hold'em Limit ($3/$6 USD) - 2017/05/16 8:00:13 ET
Table 'Desiderata' 6-max Seat #2 is the button
Seat 2: PayMyAudiR8 ($122.34 in chips)
Seat 3: B_loJkl ($206.49 in chips)
PayMyAudiR8: posts small blind $1
B_loJkl: posts big blind $3
*** HOLE CARDS ***
PayMyAudiR8: folds
Uncalled bet ($2) returned to B_loJkl
B_loJkl collected $2 from pot
B_loJkl: doesn't show hand
*** SUMMARY ***
Total pot $2 | Rake $0
Seat 2: PayMyAudiR8 (button) (small blind) folded before Flop
Seat 3: B_loJkl (big blind) collected ($2)


PokerStars Hand #170488826533:  Hold'em Limit ($3/$6 USD) - 2017/05/16 8:00:06 ET
Table 'Desiderata' 6-max Seat #3 is the button
Seat 2: PayMyAudiR8 ($125.34 in chips)
Seat 3: B_loJkl ($203.49 in chips)
B_loJkl: posts small blind $1
PayMyAudiR8: posts big blind $3
*** HOLE CARDS ***
B_loJkl: raises $3 to $6
PayMyAudiR8: folds
Uncalled bet ($3) returned to B_loJkl
B_loJkl collected $6 from pot
B_loJkl: doesn't show hand
*** SUMMARY ***
Total pot $6 | Rake $0
Seat 2: PayMyAudiR8 (big blind) folded before Flop
Seat 3: B_loJkl (button) (small blind) collected ($6)


PokerStars Hand #170488838648:  Hold'em Limit ($3/$6 USD) - 2017/05/16 8:00:34 ET
Table 'Desiderata' 6-max Seat #2 is the button
Seat 2: PayMyAudiR8 ($115.34 in chips)
Seat 3: B_loJkl ($213.25 in chips)
PayMyAudiR8: posts small blind $1
B_loJkl: posts big blind $3
*** HOLE CARDS ***
PayMyAudiR8: raises $3 to $6
B_loJkl: calls $3
*** FLOP *** [2c Js 3d]
B_loJkl: checks
PayMyAudiR8: bets $3
B_loJkl: calls $3
*** TURN *** [2c Js 3d] [Ah]
B_loJkl: checks
PayMyAudiR8: bets $6
B_loJkl: calls $6
*** RIVER *** [2c Js 3d Ah] [6s]
B_loJkl: checks
PayMyAudiR8: bets $6
B_loJkl: calls $6
*** SHOW DOWN ***
PayMyAudiR8: shows [As 3h] (two pair, Aces and Threes)
B_loJkl: mucks hand
PayMyAudiR8 collected $41.50 from pot
*** SUMMARY ***
Total pot $42 | Rake $0.50
Board [2c Js 3d Ah 6s]
Seat 2: PayMyAudiR8 (button) (small blind) showed [As 3h] and won ($41.50) with two pair, Aces and Threes
Seat 3: B_loJkl (big blind) mucked


PokerStars Hand #170488862261:  Hold'em Limit ($3/$6 USD) - 2017/05/16 8:01:07 ET
Table 'Desiderata' 6-max Seat #3 is the button
Seat 2: PayMyAudiR8 ($135.84 in chips)
Seat 3: B_loJkl ($192.25 in chips)
B_loJkl: posts small blind $1
PayMyAudiR8: posts big blind $3
*** HOLE CARDS ***
B_loJkl: raises $3 to $6
PayMyAudiR8: calls $3
*** FLOP *** [2h 2s Qd]
PayMyAudiR8: checks
B_loJkl: bets $3
PayMyAudiR8: raises $3 to $6
B_loJkl: calls $3
*** TURN *** [2h 2s Qd] [4d]
PayMyAudiR8: bets $6
B_loJkl: calls $6
*** RIVER *** [2h 2s Qd 4d] [Qs]
PayMyAudiR8: checks
B_loJkl: checks
*** SHOW DOWN ***
PayMyAudiR8: shows [Ks 9d] (two pair, Queens and Deuces)
B_loJkl: shows [Ad 3s] (two pair, Queens and Deuces - Ace kicker)
B_loJkl collected $35.50 from pot
*** SUMMARY ***
Total pot $36 | Rake $0.50
Board [2h 2s Qd 4d Qs]
Seat 2: PayMyAudiR8 (big blind) showed [Ks 9d] and lost with two pair, Queens and Deuces
Seat 3: B_loJkl (button) (small blind) showed [Ad 3s] and won ($35.50) with two pair, Queens and Deuces


PokerStars Hand #170488871969:  Hold'em Limit ($3/$6 USD) - 2017/05/16 8:01:28 ET
Table 'Desiderata' 6-max Seat #2 is the button
Seat 2: PayMyAudiR8 ($117.84 in chips)
Seat 3: B_loJkl ($209.75 in chips)
PayMyAudiR8: posts small blind $1
B_loJkl: posts big blind $3
*** HOLE CARDS ***
PayMyAudiR8: raises $3 to $6
B_loJkl: calls $3
*** FLOP *** [Td 8h 4s]
B_loJkl: checks
PayMyAudiR8: checks
*** TURN *** [Td 8h 4s] [As]
B_loJkl: checks
PayMyAudiR8: bets $6
B_loJkl: folds
Uncalled bet ($6) returned to PayMyAudiR8
PayMyAudiR8 collected $11.76 from pot
PayMyAudiR8: doesn't show hand
*** SUMMARY ***
Total pot $12 | Rake $0.24
Board [Td 8h 4s As]
Seat 2: PayMyAudiR8 (button) (small blind) collected ($11.76)
Seat 3: B_loJkl (big blind) folded on the Turn


PokerStars Hand #170488906767:  Hold'em Limit ($3/$6 USD) - 2017/05/16 8:02:45 ET
Table 'Desiderata' 6-max Seat #2 is the button
Seat 2: PayMyAudiR8 ($133.10 in chips)
Seat 3: B_loJkl ($193.75 in chips)
PayMyAudiR8: posts small blind $1
B_loJkl: posts big blind $3
*** HOLE CARDS ***
PayMyAudiR8: raises $3 to $6
B_loJkl: calls $3
*** FLOP *** [9c 7d 3c]
B_loJkl: checks
PayMyAudiR8: checks
*** TURN *** [9c 7d 3c] [Jc]
B_loJkl: bets $6
PayMyAudiR8: folds
Uncalled bet ($6) returned to B_loJkl
B_loJkl collected $11.76 from pot
B_loJkl: doesn't show hand
*** SUMMARY ***
Total pot $12 | Rake $0.24
Board [9c 7d 3c Jc]
Seat 2: PayMyAudiR8 (button) (small blind) folded on the Turn
Seat 3: B_loJkl (big blind) collected ($11.76)


PokerStars Hand #170488901375:  Hold'em Limit ($3/$6 USD) - 2017/05/16 8:02:33 ET
Table 'Desiderata' 6-max Seat #2 is the button
Seat 2: PayMyAudiR8 ($137.10 in chips)
Seat 3: B_loJkl ($189.75 in chips)
PayMyAudiR8: posts small blind $1
B_loJkl: posts big blind $3
*** HOLE CARDS ***
PayMyAudiR8: folds
Uncalled bet ($2) returned to B_loJkl
B_loJkl collected $2 from pot
B_loJkl: doesn't show hand
*** SUMMARY ***
Total pot $2 | Rake $0
Seat 2: PayMyAudiR8 (button) (small blind) folded before Flop
Seat 3: B_loJkl (big blind) collected ($2)


PokerStars Hand #170488898727:  Hold'em Limit ($3/$6 USD) - 2017/05/16 8:02:27 ET
Table 'Desiderata' 6-max Seat #3 is the button
Seat 2: PayMyAudiR8 ($140.10 in chips)
Seat 3: B_loJkl ($186.75 in chips)
B_loJkl: posts small blind $1
PayMyAudiR8: posts big blind $3
*** HOLE CARDS ***
B_loJkl: raises $3 to $6
PayMyAudiR8: folds
Uncalled bet ($3) returned to B_loJkl
B_loJkl collected $6 from pot
B_loJkl: doesn't show hand
*** SUMMARY ***
Total pot $6 | Rake $0
Seat 2: PayMyAudiR8 (big blind) folded before Flop
Seat 3: B_loJkl (button) (small blind) collected ($6)


PokerStars Hand #170488913234:  Hold'em Limit ($3/$6 USD) - 2017/05/16 8:02:59 ET
Table 'Desiderata' 6-max Seat #3 is the button
Seat 2: PayMyAudiR8 ($127.10 in chips)
Seat 3: B_loJkl ($199.51 in chips)
B_loJkl: posts small blind $1
PayMyAudiR8: posts big blind $3
*** HOLE CARDS ***
B_loJkl: raises $3 to $6
PayMyAudiR8: folds
Uncalled bet ($3) returned to B_loJkl
B_loJkl collected $6 from pot
B_loJkl: doesn't show hand
*** SUMMARY ***
Total pot $6 | Rake $0
Seat 2: PayMyAudiR8 (big blind) folded before Flop
Seat 3: B_loJkl (button) (small blind) collected ($6)


PokerStars Hand #170488885122:  Hold'em Limit ($3/$6 USD) - 2017/05/16 8:01:57 ET
Table 'Desiderata' 6-max Seat #3 is the button
Seat 2: PayMyAudiR8 ($123.60 in chips)
Seat 3: B_loJkl ($203.75 in chips)
B_loJkl: posts small blind $1
PayMyAudiR8: posts big blind $3
*** HOLE CARDS ***
B_loJkl: raises $3 to $6
PayMyAudiR8: raises $3 to $9
B_loJkl: calls $3
*** FLOP *** [Jd Ks Qh]
PayMyAudiR8: bets $3
B_loJkl: calls $3
*** TURN *** [Jd Ks Qh] [9h]
PayMyAudiR8: bets $6
B_loJkl: calls $6
*** RIVER *** [Jd Ks Qh 9h] [4s]
PayMyAudiR8: checks
B_loJkl: checks
*** SHOW DOWN ***
PayMyAudiR8: shows [6d 6h] (a pair of Sixes)
B_loJkl: mucks hand
PayMyAudiR8 collected $35.50 from pot
*** SUMMARY ***
Total pot $36 | Rake $0.50
Board [Jd Ks Qh 9h 4s]
Seat 2: PayMyAudiR8 (big blind) showed [6d 6h] and won ($35.50) with a pair of Sixes
Seat 3: B_loJkl (button) (small blind) mucked


PokerStars Hand #170488895005:  Hold'em Limit ($3/$6 USD) - 2017/05/16 8:02:19 ET
Table 'Desiderata' 6-max Seat #2 is the button
Seat 2: PayMyAudiR8 ($141.10 in chips)
Seat 3: B_loJkl ($185.75 in chips)
PayMyAudiR8: posts small blind $1
B_loJkl: posts big blind $3
*** HOLE CARDS ***
PayMyAudiR8: folds
Uncalled bet ($2) returned to B_loJkl
B_loJkl collected $2 from pot
B_loJkl: doesn't show hand
*** SUMMARY ***
Total pot $2 | Rake $0
Seat 2: PayMyAudiR8 (button) (small blind) folded before Flop
Seat 3: B_loJkl (big blind) collected ($2)


PokerStars Hand #170488903652:  Hold'em Limit ($3/$6 USD) - 2017/05/16 8:02:38 ET
Table 'Desiderata' 6-max Seat #3 is the button
Seat 2: PayMyAudiR8 ($136.10 in chips)
Seat 3: B_loJkl ($190.75 in chips)
B_loJkl: posts small blind $1
PayMyAudiR8: posts big blind $3
*** HOLE CARDS ***
B_loJkl: raises $3 to $6
PayMyAudiR8: folds
Uncalled bet ($3) returned to B_loJkl
B_loJkl collected $6 from pot
B_loJkl: doesn't show hand
*** SUMMARY ***
Total pot $6 | Rake $0
Seat 2: PayMyAudiR8 (big blind) folded before Flop
Seat 3: B_loJkl (button) (small blind) collected ($6)


PokerStars Hand #170488928046:  Hold'em Limit ($3/$6 USD) - 2017/05/16 8:03:30 ET
Table 'Desiderata' 6-max Seat #3 is the button
Seat 2: PayMyAudiR8 ($138.60 in chips)
Seat 3: B_loJkl ($187.51 in chips)
B_loJkl: posts small blind $1
PayMyAudiR8: posts big blind $3
*** HOLE CARDS ***
B_loJkl: raises $3 to $6
PayMyAudiR8: calls $3
*** FLOP *** [4d Jh 8s]
PayMyAudiR8: checks
B_loJkl: bets $3
PayMyAudiR8: calls $3
*** TURN *** [4d Jh 8s] [Jc]
PayMyAudiR8: checks
B_loJkl: checks
*** RIVER *** [4d Jh 8s Jc] [8c]
PayMyAudiR8: checks
B_loJkl: checks
*** SHOW DOWN ***
PayMyAudiR8: shows [4c 7c] (two pair, Jacks and Eights)
B_loJkl: shows [Ts 5h] (two pair, Jacks and Eights - Ten kicker)
B_loJkl collected $17.64 from pot
*** SUMMARY ***
Total pot $18 | Rake $0.36
Board [4d Jh 8s Jc 8c]
Seat 2: PayMyAudiR8 (big blind) showed [4c 7c] and lost with two pair, Jacks and Eights
Seat 3: B_loJkl (button) (small blind) showed [Ts 5h] and won ($17.64) with two pair, Jacks and Eights


PokerStars Hand #170488938969:  Hold'em Limit ($3/$6 USD) - 2017/05/16 8:03:53 ET
Table 'Desiderata' 6-max Seat #2 is the button
Seat 2: PayMyAudiR8 ($129.60 in chips)
Seat 3: B_loJkl ($196.15 in chips)
PayMyAudiR8: posts small blind $1
B_loJkl: posts big blind $3
*** HOLE CARDS ***
PayMyAudiR8: raises $3 to $6
B_loJkl: folds
Uncalled bet ($3) returned to PayMyAudiR8
PayMyAudiR8 collected $6 from pot
PayMyAudiR8: doesn't show hand
*** SUMMARY ***
Total pot $6 | Rake $0
Seat 2: PayMyAudiR8 (button) (small blind) collected ($6)
Seat 3: B_loJkl (big blind) folded before Flop


PokerStars Hand #170488915839:  Hold'em Limit ($3/$6 USD) - 2017/05/16 8:03:04 ET
Table 'Desiderata' 6-max Seat #2 is the button
Seat 2: PayMyAudiR8 ($124.10 in chips)
Seat 3: B_loJkl ($202.51 in chips)
PayMyAudiR8: posts small blind $1
B_loJkl: posts big blind $3
*** HOLE CARDS ***
PayMyAudiR8: raises $3 to $6
B_loJkl: calls $3
*** FLOP *** [8d Qd Tc]
B_loJkl: checks
PayMyAudiR8: bets $3
B_loJkl: calls $3
*** TURN *** [8d Qd Tc] [Td]
B_loJkl: checks
PayMyAudiR8: bets $6
B_loJkl: calls $6
*** RIVER *** [8d Qd Tc Td] [5c]
B_loJkl: checks
PayMyAudiR8: checks
*** SHOW DOWN ***
B_loJkl: shows [Jc 2d] (a pair of Tens)
PayMyAudiR8: shows [4c Ac] (a pair of Tens - Ace kicker)
PayMyAudiR8 collected $29.50 from pot
*** SUMMARY ***
Total pot $30 | Rake $0.50
Board [8d Qd Tc Td 5c]
Seat 2: PayMyAudiR8 (button) (small blind) showed [4c Ac] and won ($29.50) with a pair of Tens
Seat 3: B_loJkl (big blind) showed [Jc 2d] and lost with a pair of Tens


PokerStars Hand #170488945499:  Hold'em Limit ($3/$6 USD) - 2017/05/16 8:04:08 ET
Table 'Desiderata' 6-max Seat #3 is the button
Seat 2: PayMyAudiR8 ($132.60 in chips)
Seat 3: B_loJkl ($193.15 in chips)
B_loJkl: posts small blind $1
PayMyAudiR8: posts big blind $3
*** HOLE CARDS ***
B_loJkl: raises $3 to $6
PayMyAudiR8: calls $3
*** FLOP *** [Ad 9c 6c]
PayMyAudiR8: checks
B_loJkl: bets $3
PayMyAudiR8: calls $3
*** TURN *** [Ad 9c 6c] [Kc]
PayMyAudiR8: checks
B_loJkl: checks
*** RIVER *** [Ad 9c 6c Kc] [5s]
PayMyAudiR8: bets $6
B_loJkl: folds
Uncalled bet ($6) returned to PayMyAudiR8
PayMyAudiR8 collected $17.64 from pot
PayMyAudiR8: doesn't show hand
*** SUMMARY ***
Total pot $18 | Rake $0.36
Board [Ad 9c 6c Kc 5s]
Seat 2: PayMyAudiR8 (big blind) collected ($17.64)
Seat 3: B_loJkl (button) (small blind) folded on the River


PokerStars Hand #170488966558:  Hold'em Limit ($3/$6 USD) - 2017/05/16 8:04:52 ET
Table 'Desiderata' 6-max Seat #2 is the button
Seat 2: PayMyAudiR8 ($141.24 in chips)
Seat 3: B_loJkl ($184.15 in chips)
PayMyAudiR8: posts small blind $1
B_loJkl: posts big blind $3
*** HOLE CARDS ***
PayMyAudiR8: raises $3 to $6
B_loJkl: raises $3 to $9
PayMyAudiR8: calls $3
*** FLOP *** [6h 5s 3h]
B_loJkl: bets $3
PayMyAudiR8: raises $3 to $6
B_loJkl: calls $3
*** TURN *** [6h 5s 3h] [8c]
B_loJkl: checks
PayMyAudiR8: bets $6
B_loJkl: calls $6
*** RIVER *** [6h 5s 3h 8c] [Qh]
B_loJkl: checks
PayMyAudiR8: bets $6
B_loJkl: folds
Uncalled bet ($6) returned to PayMyAudiR8
PayMyAudiR8 collected $41.50 from pot
PayMyAudiR8: doesn't show hand
*** SUMMARY ***
Total pot $42 | Rake $0.50
Board [6h 5s 3h 8c Qh]
Seat 2: PayMyAudiR8 (button) (small blind) collected ($41.50)
Seat 3: B_loJkl (big blind) folded on the River


PokerStars Hand #170488989096:  Hold'em Limit ($3/$6 USD) - 2017/05/16 8:05:40 ET
Table 'Desiderata' 6-max Seat #2 is the button
Seat 2: PayMyAudiR8 ($155.74 in chips)
Seat 3: B_loJkl ($168.91 in chips)
PayMyAudiR8: posts small blind $1
B_loJkl: posts big blind $3
*** HOLE CARDS ***
PayMyAudiR8: folds
Uncalled bet ($2) returned to B_loJkl
B_loJkl collected $2 from pot
B_loJkl: doesn't show hand
*** SUMMARY ***
Total pot $2 | Rake $0
Seat 2: PayMyAudiR8 (button) (small blind) folded before Flop
Seat 3: B_loJkl (big blind) collected ($2)


PokerStars Hand #170488991466:  Hold'em Limit ($3/$6 USD) - 2017/05/16 8:05:45 ET
Table 'Desiderata' 6-max Seat #3 is the button
Seat 2: PayMyAudiR8 ($154.74 in chips)
Seat 3: B_loJkl ($169.91 in chips)
B_loJkl: posts small blind $1
PayMyAudiR8: posts big blind $3
*** HOLE CARDS ***
B_loJkl: raises $3 to $6
PayMyAudiR8: calls $3
*** FLOP *** [As Tc Ad]
PayMyAudiR8: checks
B_loJkl: bets $3
PayMyAudiR8: calls $3
*** TURN *** [As Tc Ad] [Jh]
PayMyAudiR8: checks
B_loJkl: bets $6
PayMyAudiR8: folds
Uncalled bet ($6) returned to B_loJkl
B_loJkl collected $17.64 from pot
B_loJkl: doesn't show hand
*** SUMMARY ***
Total pot $18 | Rake $0.36
Board [As Tc Ad Jh]
Seat 2: PayMyAudiR8 (big blind) folded on the Turn
Seat 3: B_loJkl (button) (small blind) collected ($17.64)


PokerStars Hand #170488983204:  Hold'em Limit ($3/$6 USD) - 2017/05/16 8:05:28 ET
Table 'Desiderata' 6-max Seat #3 is the button
Seat 2: PayMyAudiR8 ($161.74 in chips)
Seat 3: B_loJkl ($163.15 in chips)
B_loJkl: posts small blind $1
PayMyAudiR8: posts big blind $3
*** HOLE CARDS ***
B_loJkl: raises $3 to $6
PayMyAudiR8: calls $3
*** FLOP *** [Jd 2s 3d]
PayMyAudiR8: checks
B_loJkl: bets $3
PayMyAudiR8: folds
Uncalled bet ($3) returned to B_loJkl
B_loJkl collected $11.76 from pot
B_loJkl: doesn't show hand
*** SUMMARY ***
Total pot $12 | Rake $0.24
Board [Jd 2s 3d]
Seat 2: PayMyAudiR8 (big blind) folded on the Flop
Seat 3: B_loJkl (button) (small blind) collected ($11.76)


PokerStars Hand #170488999222:  Hold'em Limit ($3/$6 USD) - 2017/05/16 8:06:02 ET
Table 'Desiderata' 6-max Seat #2 is the button
Seat 2: PayMyAudiR8 ($145.74 in chips)
Seat 3: B_loJkl ($178.55 in chips)
PayMyAudiR8: posts small blind $1
B_loJkl: posts big blind $3
*** HOLE CARDS ***
PayMyAudiR8: raises $3 to $6
B_loJkl: calls $3
*** FLOP *** [8h Kc Ad]
B_loJkl: checks
PayMyAudiR8: bets $3
B_loJkl: folds
Uncalled bet ($3) returned to PayMyAudiR8
PayMyAudiR8 collected $11.76 from pot
PayMyAudiR8: doesn't show hand
*** SUMMARY ***
Total pot $12 | Rake $0.24
Board [8h Kc Ad]
Seat 2: PayMyAudiR8 (button) (small blind) collected ($11.76)
Seat 3: B_loJkl (big blind) folded on the Flop


PokerStars Hand #170489016863:  Hold'em Limit ($3/$6 USD) - 2017/05/16 8:06:40 ET
Table 'Desiderata' 6-max Seat #3 is the button
Seat 2: PayMyAudiR8 ($129.50 in chips)
Seat 3: B_loJkl ($194.05 in chips)
B_loJkl: posts small blind $1
PayMyAudiR8: posts big blind $3
*** HOLE CARDS ***
B_loJkl: raises $3 to $6
PayMyAudiR8: raises $3 to $9
B_loJkl: calls $3
*** FLOP *** [Ad Kc 5d]
PayMyAudiR8: bets $3
B_loJkl: calls $3
*** TURN *** [Ad Kc 5d] [As]
PayMyAudiR8: bets $6
B_loJkl: calls $6
*** RIVER *** [Ad Kc 5d As] [7h]
PayMyAudiR8: bets $6
B_loJkl: folds
Uncalled bet ($6) returned to PayMyAudiR8
PayMyAudiR8 collected $35.50 from pot
PayMyAudiR8: doesn't show hand
*** SUMMARY ***
Total pot $36 | Rake $0.50
Board [Ad Kc 5d As 7h]
Seat 2: PayMyAudiR8 (big blind) collected ($35.50)
Seat 3: B_loJkl (button) (small blind) folded on the River


PokerStars Hand #170489014363:  Hold'em Limit ($3/$6 USD) - 2017/05/16 8:06:34 ET
Table 'Desiderata' 6-max Seat #2 is the button
Seat 2: PayMyAudiR8 ($130.50 in chips)
Seat 3: B_loJkl ($193.05 in chips)
PayMyAudiR8: posts small blind $1
B_loJkl: posts big blind $3
*** HOLE CARDS ***
PayMyAudiR8: folds
Uncalled bet ($2) returned to B_loJkl
B_loJkl collected $2 from pot
B_loJkl: doesn't show hand
*** SUMMARY ***
Total pot $2 | Rake $0
Seat 2: PayMyAudiR8 (button) (small blind) folded before Flop
Seat 3: B_loJkl (big blind) collected ($2)


PokerStars Hand #170489005961:  Hold'em Limit ($3/$6 USD) - 2017/05/16 8:06:16 ET
Table 'Desiderata' 6-max Seat #3 is the button
Seat 2: PayMyAudiR8 ($151.50 in chips)
Seat 3: B_loJkl ($172.55 in chips)
B_loJkl: posts small blind $1
PayMyAudiR8: posts big blind $3
*** HOLE CARDS ***
B_loJkl: raises $3 to $6
PayMyAudiR8: calls $3
*** FLOP *** [7c 9c Kd]
PayMyAudiR8: checks
B_loJkl: bets $3
PayMyAudiR8: calls $3
*** TURN *** [7c 9c Kd] [6h]
PayMyAudiR8: checks
B_loJkl: bets $6
PayMyAudiR8: calls $6
*** RIVER *** [7c 9c Kd 6h] [7d]
PayMyAudiR8: checks
B_loJkl: bets $6
PayMyAudiR8: calls $6
*** SHOW DOWN ***
B_loJkl: shows [7h 7s] (four of a kind, Sevens)
PayMyAudiR8: mucks hand
B_loJkl collected $41.50 from pot
*** SUMMARY ***
Total pot $42 | Rake $0.50
Board [7c 9c Kd 6h 7d]
Seat 2: PayMyAudiR8 (big blind) mucked
Seat 3: B_loJkl (button) (small blind) showed [7h 7s] and won ($41.50) with four of a kind, Sevens


PokerStars Hand #170489042736:  Hold'em Limit ($3/$6 USD) - 2017/05/16 8:07:35 ET
Table 'Desiderata' 6-max Seat #2 is the button
Seat 2: PayMyAudiR8 ($149.50 in chips)
Seat 3: B_loJkl ($172.57 in chips)
PayMyAudiR8: posts small blind $1
B_loJkl: posts big blind $3
*** HOLE CARDS ***
PayMyAudiR8: raises $3 to $6
B_loJkl: raises $3 to $9
PayMyAudiR8: calls $3
*** FLOP *** [7c 5s Td]
B_loJkl: bets $3
PayMyAudiR8: calls $3
*** TURN *** [7c 5s Td] [9d]
B_loJkl: bets $6
PayMyAudiR8: calls $6
*** RIVER *** [7c 5s Td 9d] [Jd]
nimzon joins the table at seat #5
B_loJkl: checks
liza3008 joins the table at seat #4
PayMyAudiR8: bets $6
nimzon leaves the table
B_loJkl: folds
Uncalled bet ($6) returned to PayMyAudiR8
PayMyAudiR8 collected $35.50 from pot
PayMyAudiR8: doesn't show hand
*** SUMMARY ***
Total pot $36 | Rake $0.50
Board [7c 5s Td 9d Jd]
Seat 2: PayMyAudiR8 (button) (small blind) collected ($35.50)
Seat 3: B_loJkl (big blind) folded on the River


PokerStars Hand #170489029172:  Hold'em Limit ($3/$6 USD) - 2017/05/16 8:07:06 ET
Table 'Desiderata' 6-max Seat #2 is the button
Seat 2: PayMyAudiR8 ($147 in chips)
Seat 3: B_loJkl ($176.05 in chips)
PayMyAudiR8: posts small blind $1
B_loJkl: posts big blind $3
*** HOLE CARDS ***
PayMyAudiR8: raises $3 to $6
B_loJkl: calls $3
*** FLOP *** [9d 2d 6h]
B_loJkl: checks
PayMyAudiR8: checks
*** TURN *** [9d 2d 6h] [3d]
B_loJkl: bets $6
PayMyAudiR8: calls $6
*** RIVER *** [9d 2d 6h 3d] [Qd]
B_loJkl: checks
PayMyAudiR8: checks
*** SHOW DOWN ***
B_loJkl: shows [3s 5s] (a pair of Threes)
PayMyAudiR8: mucks hand
B_loJkl collected $23.52 from pot
*** SUMMARY ***
Total pot $24 | Rake $0.48
Board [9d 2d 6h 3d Qd]
Seat 2: PayMyAudiR8 (button) (small blind) mucked
Seat 3: B_loJkl (big blind) showed [3s 5s] and won ($23.52) with a pair of Threes


PokerStars Hand #170489063806:  Hold'em Limit ($3/$6 USD) - 2017/05/16 8:08:19 ET
Table 'Desiderata' 6-max Seat #2 is the button
Seat 2: PayMyAudiR8 ($161 in chips)
Seat 4: liza3008 ($55.63 in chips)
PayMyAudiR8: posts small blind $1
liza3008: posts big blind $3
*** HOLE CARDS ***
B_loJkl joins the table at seat #5
PayMyAudiR8: raises $3 to $6
liza3008: calls $3
*** FLOP *** [Jd 8h Qd]
liza3008: checks
PayMyAudiR8: bets $3
liza3008: calls $3
*** TURN *** [Jd 8h Qd] [3d]
liza3008: checks
PayMyAudiR8: bets $6
liza3008: calls $6
*** RIVER *** [Jd 8h Qd 3d] [4h]
liza3008: checks
PayMyAudiR8: bets $6
liza3008: folds
Uncalled bet ($6) returned to PayMyAudiR8
PayMyAudiR8 collected $29.50 from pot
PayMyAudiR8: doesn't show hand
*** SUMMARY ***
Total pot $30 | Rake $0.50
Board [Jd 8h Qd 3d 4h]
Seat 2: PayMyAudiR8 (button) (small blind) collected ($29.50)
Seat 4: liza3008 (big blind) folded on the River


PokerStars Hand #170489371148:  Hold'em Limit ($3/$6 USD) - 2017/05/16 8:19:03 ET
Table 'Desiderata' 6-max Seat #2 is the button
Seat 2: PayMyAudiR8 ($193.70 in chips)
Seat 6: rainbow28 ($99.46 in chips)
PayMyAudiR8: posts small blind $1
B_loJkl: is sitting out
rainbow28: posts big blind $3
*** HOLE CARDS ***
PayMyAudiR8: folds
Uncalled bet ($2) returned to rainbow28
rainbow28 collected $2 from pot
rainbow28: doesn't show hand
B_loJkl leaves the table
*** SUMMARY ***
Total pot $2 | Rake $0
Seat 2: PayMyAudiR8 (button) (small blind) folded before Flop
Seat 6: rainbow28 (big blind) collected ($2)


PokerStars Hand #170489378068:  Hold'em Limit ($3/$6 USD) - 2017/05/16 8:19:17 ET
Table 'Desiderata' 6-max Seat #2 is the button
Seat 2: PayMyAudiR8 ($189.70 in chips)
Seat 6: rainbow28 ($103.34 in chips)
PayMyAudiR8: posts small blind $1
rainbow28: posts big blind $3
*** HOLE CARDS ***
PayMyAudiR8: raises $3 to $6
rainbow28: folds
Uncalled bet ($3) returned to PayMyAudiR8
PayMyAudiR8 collected $6 from pot
PayMyAudiR8: doesn't show hand
*** SUMMARY ***
Total pot $6 | Rake $0
Seat 2: PayMyAudiR8 (button) (small blind) collected ($6)
Seat 6: rainbow28 (big blind) folded before Flop


PokerStars Hand #170489373524:  Hold'em Limit ($3/$6 USD) - 2017/05/16 8:19:08 ET
Table 'Desiderata' 6-max Seat #6 is the button
Seat 2: PayMyAudiR8 ($192.70 in chips)
Seat 6: rainbow28 ($100.46 in chips)
rainbow28: posts small blind $1
PayMyAudiR8: posts big blind $3
*** HOLE CARDS ***
B_loJkl joins the table at seat #1
rainbow28: calls $2
PayMyAudiR8: checks
*** FLOP *** [Ad 2c 7c]
PayMyAudiR8: checks
rainbow28: bets $3
PayMyAudiR8: folds
Uncalled bet ($3) returned to rainbow28
rainbow28 collected $5.88 from pot
rainbow28: doesn't show hand
*** SUMMARY ***
Total pot $6 | Rake $0.12
Board [Ad 2c 7c]
Seat 2: PayMyAudiR8 (big blind) folded on the Flop
Seat 6: rainbow28 (button) (small blind) collected ($5.88)


PokerStars Hand #170490546030:  Hold'em Limit ($3/$6 USD) - 2017/05/16 8:58:04 ET
Table 'Desiderata' 6-max Seat #3 is the button
Seat 3: pecs680 ($150.49 in chips)
Seat 4: Scheubi88 ($43.64 in chips)
pecs680: posts small blind $1
Scheubi88: posts big blind $3
*** HOLE CARDS ***
B_loJkl joins the table at seat #5
pecs680: raises $3 to $6
Scheubi88: folds
Uncalled bet ($3) returned to pecs680
pecs680 collected $6 from pot
*** SUMMARY ***
Total pot $6 | Rake $0
Seat 3: pecs680 (button) (small blind) collected ($6)
Seat 4: Scheubi88 (big blind) folded before Flop


PokerStars Hand #170490543540:  Hold'em Limit ($3/$6 USD) - 2017/05/16 8:57:59 ET
Table 'Desiderata' 6-max Seat #4 is the button
Seat 3: pecs680 ($149.49 in chips)
Seat 4: Scheubi88 ($44.64 in chips)
Scheubi88: posts small blind $1
B_loJkl: is sitting out
pecs680: posts big blind $3
*** HOLE CARDS ***
Scheubi88: folds
Uncalled bet ($2) returned to pecs680
pecs680 collected $2 from pot
B_loJkl leaves the table
*** SUMMARY ***
Total pot $2 | Rake $0
Seat 3: pecs680 (big blind) collected ($2)
Seat 4: Scheubi88 (button) (small blind) folded before Flop


PokerStars Hand #170490567758:  Hold'em Limit ($3/$6 USD) - 2017/05/16 8:58:52 ET
Table 'Desiderata' 6-max Seat #3 is the button
Seat 3: pecs680 ($142.49 in chips)
Seat 5: B_loJkl ($161.25 in chips)
pecs680: posts small blind $1
Scheubi88: is sitting out
B_loJkl: posts big blind $3
*** HOLE CARDS ***
Scheubi88 leaves the table
pecs680: raises $3 to $6
B_loJkl: calls $3
*** FLOP *** [5c Ad Tc]
Scheubi88 joins the table at seat #6
B_loJkl: checks
pecs680: bets $3
B_loJkl: calls $3
*** TURN *** [5c Ad Tc] [3s]
B_loJkl: checks
pecs680: bets $6
B_loJkl: calls $6
*** RIVER *** [5c Ad Tc 3s] [Td]
B_loJkl: checks
pecs680: checks
*** SHOW DOWN ***
B_loJkl: shows [2d 2s] (two pair, Tens and Deuces)
pecs680: mucks hand
B_loJkl collected $29.50 from pot
*** SUMMARY ***
Total pot $30 | Rake $0.50
Board [5c Ad Tc 3s Td]
Seat 3: pecs680 (button) (small blind) mucked
Seat 5: B_loJkl (big blind) showed [2d 2s] and won ($29.50) with two pair, Tens and Deuces


PokerStars Hand #170490624184:  Hold'em Limit ($3/$6 USD) - 2017/05/16 9:00:54 ET
Table 'Desiderata' 6-max Seat #6 is the button
Seat 5: B_loJkl ($198.13 in chips)
Seat 6: Scheubi88 ($95.76 in chips)
Scheubi88: posts small blind $1
B_loJkl: posts big blind $3
*** HOLE CARDS ***
Scheubi88: raises $3 to $6
B_loJkl: raises $3 to $9
Scheubi88: calls $3
*** FLOP *** [8d 3s 6s]
B_loJkl: bets $3
Scheubi88: calls $3
*** TURN *** [8d 3s 6s] [5s]
B_loJkl: bets $6
Scheubi88: calls $6
*** RIVER *** [8d 3s 6s 5s] [8h]
B_loJkl: bets $6
Scheubi88: folds
Uncalled bet ($6) returned to B_loJkl
B_loJkl collected $35.50 from pot
B_loJkl: doesn't show hand
*** SUMMARY ***
Total pot $36 | Rake $0.50
Board [8d 3s 6s 5s 8h]
Seat 5: B_loJkl (big blind) collected ($35.50)
Seat 6: Scheubi88 (button) (small blind) folded on the River


PokerStars Hand #170490609274:  Hold'em Limit ($3/$6 USD) - 2017/05/16 9:00:23 ET
Table 'Desiderata' 6-max Seat #5 is the button
Seat 5: B_loJkl ($189.49 in chips)
Seat 6: Scheubi88 ($104.76 in chips)
B_loJkl: posts small blind $1
Scheubi88: posts big blind $3
*** HOLE CARDS ***
B_loJkl: raises $3 to $6
Scheubi88: calls $3
*** FLOP *** [Jc 3s 9c]
Scheubi88: checks
B_loJkl: bets $3
Scheubi88: calls $3
*** TURN *** [Jc 3s 9c] [5c]
Scheubi88: checks
B_loJkl: checks
*** RIVER *** [Jc 3s 9c 5c] [Th]
Scheubi88: checks
B_loJkl: checks
*** SHOW DOWN ***
Scheubi88: shows [4c As] (high card Ace)
B_loJkl: shows [5h 8h] (a pair of Fives)
B_loJkl collected $17.64 from pot
*** SUMMARY ***
Total pot $18 | Rake $0.36
Board [Jc 3s 9c 5c Th]
Seat 5: B_loJkl (button) (small blind) showed [5h 8h] and won ($17.64) with a pair of Fives
Seat 6: Scheubi88 (big blind) showed [4c As] and lost with high card Ace


PokerStars Hand #170490600434:  Hold'em Limit ($3/$6 USD) - 2017/05/16 9:00:04 ET
Table 'Desiderata' 6-max Seat #6 is the button
Seat 5: B_loJkl ($195.49 in chips)
Seat 6: Scheubi88 ($99 in chips)
Scheubi88: posts small blind $1
pecs680: is sitting out
B_loJkl: posts big blind $3
*** HOLE CARDS ***
Scheubi88: raises $3 to $6
B_loJkl: calls $3
*** FLOP *** [3h Qc 4d]
B_loJkl: checks
Scheubi88: bets $3
B_loJkl: folds
Uncalled bet ($3) returned to Scheubi88
Scheubi88 collected $11.76 from pot
Scheubi88: doesn't show hand
*** SUMMARY ***
Total pot $12 | Rake $0.24
Board [3h Qc 4d]
Seat 5: B_loJkl (big blind) folded on the Flop
Seat 6: Scheubi88 (button) (small blind) collected ($11.76)


PokerStars Hand #170490634068:  Hold'em Limit ($3/$6 USD) - 2017/05/16 9:01:15 ET
Table 'Desiderata' 6-max Seat #5 is the button
Seat 5: B_loJkl ($215.63 in chips)
Seat 6: Scheubi88 ($77.76 in chips)
B_loJkl: posts small blind $1
Scheubi88: posts big blind $3
*** HOLE CARDS ***
B_loJkl: raises $3 to $6
Scheubi88: calls $3
*** FLOP *** [Td Qs 9h]
Scheubi88: checks
B_loJkl: bets $3
Scheubi88: raises $3 to $6
B_loJkl: calls $3
*** TURN *** [Td Qs 9h] [5s]
Scheubi88: bets $6
B_loJkl: calls $6
*** RIVER *** [Td Qs 9h 5s] [8d]
Scheubi88: bets $6
B_loJkl: folds
Uncalled bet ($6) returned to Scheubi88
Scheubi88 collected $35.50 from pot
Scheubi88: doesn't show hand
*** SUMMARY ***
Total pot $36 | Rake $0.50
Board [Td Qs 9h 5s 8d]
Seat 5: B_loJkl (button) (small blind) folded on the River
Seat 6: Scheubi88 (big blind) collected ($35.50)


PokerStars Hand #170490650541:  Hold'em Limit ($3/$6 USD) - 2017/05/16 9:01:47 ET
Table 'Desiderata' 6-max Seat #5 is the button
Seat 5: B_loJkl ($194.63 in chips)
Seat 6: Scheubi88 ($98.26 in chips)
B_loJkl: posts small blind $1
Scheubi88: posts big blind $3
*** HOLE CARDS ***
B_loJkl: raises $3 to $6
Scheubi88: folds
Uncalled bet ($3) returned to B_loJkl
B_loJkl collected $6 from pot
B_loJkl: doesn't show hand
*** SUMMARY ***
Total pot $6 | Rake $0
Seat 5: B_loJkl (button) (small blind) collected ($6)
Seat 6: Scheubi88 (big blind) folded before Flop


PokerStars Hand #170490647183:  Hold'em Limit ($3/$6 USD) - 2017/05/16 9:01:40 ET
Table 'Desiderata' 6-max Seat #6 is the button
Seat 5: B_loJkl ($197.63 in chips)
Seat 6: Scheubi88 ($95.26 in chips)
Scheubi88: posts small blind $1
B_loJkl: posts big blind $3
*** HOLE CARDS ***
Scheubi88: raises $3 to $6
B_loJkl: folds
Uncalled bet ($3) returned to Scheubi88
Scheubi88 collected $6 from pot
Scheubi88: doesn't show hand
*** SUMMARY ***
Total pot $6 | Rake $0
Seat 5: B_loJkl (big blind) folded before Flop
Seat 6: Scheubi88 (button) (small blind) collected ($6)


PokerStars Hand #170490661141:  Hold'em Limit ($3/$6 USD) - 2017/05/16 9:02:08 ET
Table 'Desiderata' 6-max Seat #5 is the button
Seat 5: B_loJkl ($191.63 in chips)
Seat 6: Scheubi88 ($101.02 in chips)
B_loJkl: posts small blind $1
Scheubi88: posts big blind $3
*** HOLE CARDS ***
B_loJkl: folds
Uncalled bet ($2) returned to Scheubi88
Scheubi88 collected $2 from pot
Scheubi88: doesn't show hand
*** SUMMARY ***
Total pot $2 | Rake $0
Seat 5: B_loJkl (button) (small blind) folded before Flop
Seat 6: Scheubi88 (big blind) collected ($2)


PokerStars Hand #170490654478:  Hold'em Limit ($3/$6 USD) - 2017/05/16 9:01:55 ET
Table 'Desiderata' 6-max Seat #6 is the button
Seat 5: B_loJkl ($197.63 in chips)
Seat 6: Scheubi88 ($95.26 in chips)
Scheubi88: posts small blind $1
B_loJkl: posts big blind $3
*** HOLE CARDS ***
Scheubi88: raises $3 to $6
B_loJkl: calls $3
*** FLOP *** [Ks 9c 3c]
B_loJkl: checks
Scheubi88: bets $3
B_loJkl: folds
Uncalled bet ($3) returned to Scheubi88
Scheubi88 collected $11.76 from pot
Scheubi88: doesn't show hand
*** SUMMARY ***
Total pot $12 | Rake $0.24
Board [Ks 9c 3c]
Seat 5: B_loJkl (big blind) folded on the Flop
Seat 6: Scheubi88 (button) (small blind) collected ($11.76)


PokerStars Hand #170490664114:  Hold'em Limit ($3/$6 USD) - 2017/05/16 9:02:13 ET
Table 'Desiderata' 6-max Seat #6 is the button
Seat 5: B_loJkl ($190.63 in chips)
Seat 6: Scheubi88 ($102.02 in chips)
Scheubi88: posts small blind $1
B_loJkl: posts big blind $3
*** HOLE CARDS ***
Scheubi88: raises $3 to $6
B_loJkl: calls $3
*** FLOP *** [Qs Tc As]
B_loJkl: checks
Scheubi88: bets $3
B_loJkl: calls $3
*** TURN *** [Qs Tc As] [Js]
B_loJkl: checks
Scheubi88: checks
*** RIVER *** [Qs Tc As Js] [6h]
B_loJkl: bets $6
Scheubi88: folds
Uncalled bet ($6) returned to B_loJkl
B_loJkl collected $17.64 from pot
B_loJkl: doesn't show hand
*** SUMMARY ***
Total pot $18 | Rake $0.36
Board [Qs Tc As Js 6h]
Seat 5: B_loJkl (big blind) collected ($17.64)
Seat 6: Scheubi88 (button) (small blind) folded on the River


PokerStars Hand #170490701356:  Hold'em Limit ($3/$6 USD) - 2017/05/16 9:03:25 ET
Table 'Desiderata' 6-max Seat #5 is the button
Seat 5: B_loJkl ($216.77 in chips)
Seat 6: Scheubi88 ($74.66 in chips)
B_loJkl: posts small blind $1
Scheubi88: posts big blind $3
*** HOLE CARDS ***
B_loJkl: raises $3 to $6
Scheubi88: calls $3
*** FLOP *** [3s Ah 3d]
Scheubi88: checks
B_loJkl: bets $3
Scheubi88: calls $3
*** TURN *** [3s Ah 3d] [9c]
Scheubi88: checks
B_loJkl: bets $6
Scheubi88: raises $6 to $12
B_loJkl: raises $6 to $18
Scheubi88: folds
Uncalled bet ($6) returned to B_loJkl
B_loJkl collected $41.50 from pot
B_loJkl: doesn't show hand
*** SUMMARY ***
Total pot $42 | Rake $0.50
Board [3s Ah 3d 9c]
Seat 5: B_loJkl (button) (small blind) collected ($41.50)
Seat 6: Scheubi88 (big blind) folded on the Turn


PokerStars Hand #170490684546:  Hold'em Limit ($3/$6 USD) - 2017/05/16 9:02:53 ET
Table 'Desiderata' 6-max Seat #6 is the button
Seat 5: B_loJkl ($190.27 in chips)
Seat 6: Scheubi88 ($101.66 in chips)
Scheubi88: posts small blind $1
B_loJkl: posts big blind $3
*** HOLE CARDS ***
Scheubi88: raises $3 to $6
B_loJkl: calls $3
*** FLOP *** [Tc 9c 3d]
B_loJkl: checks
Scheubi88: bets $3
B_loJkl: calls $3
*** TURN *** [Tc 9c 3d] [4c]
B_loJkl: checks
Scheubi88: bets $6
B_loJkl: raises $6 to $12
Scheubi88: calls $6
*** RIVER *** [Tc 9c 3d 4c] [8h]
B_loJkl: bets $6
Scheubi88: calls $6
*** SHOW DOWN ***
B_loJkl: shows [3s 4s] (two pair, Fours and Threes)
Scheubi88: mucks hand
B_loJkl collected $53.50 from pot
*** SUMMARY ***
Total pot $54 | Rake $0.50
Board [Tc 9c 3d 4c 8h]
Seat 5: B_loJkl (big blind) showed [3s 4s] and won ($53.50) with two pair, Fours and Threes
Seat 6: Scheubi88 (button) (small blind) mucked


PokerStars Hand #170490712544:  Hold'em Limit ($3/$6 USD) - 2017/05/16 9:03:47 ET
Table 'Desiderata' 6-max Seat #6 is the button
Seat 5: B_loJkl ($237.27 in chips)
Seat 6: Scheubi88 ($113.66 in chips)
Scheubi88: posts small blind $1
B_loJkl: posts big blind $3
*** HOLE CARDS ***
Scheubi88: raises $3 to $6
B_loJkl: calls $3
*** FLOP *** [3s Js Jd]
B_loJkl: checks
Scheubi88: bets $3
B_loJkl: raises $3 to $6
Scheubi88: calls $3
*** TURN *** [3s Js Jd] [Ac]
B_loJkl: checks
Scheubi88: checks
*** RIVER *** [3s Js Jd Ac] [Qd]
B_loJkl: checks
Scheubi88: bets $6
B_loJkl: calls $6
*** SHOW DOWN ***
Scheubi88: shows [Ah Tc] (two pair, Aces and Jacks)
B_loJkl: mucks hand
Scheubi88 collected $35.50 from pot
*** SUMMARY ***
Total pot $36 | Rake $0.50
Board [3s Js Jd Ac Qd]
Seat 5: B_loJkl (big blind) mucked
Seat 6: Scheubi88 (button) (small blind) showed [Ah Tc] and won ($35.50) with two pair, Aces and Jacks


PokerStars Hand #170490733604:  Hold'em Limit ($3/$6 USD) - 2017/05/16 9:04:27 ET
Table 'Desiderata' 6-max Seat #6 is the button
Seat 5: B_loJkl ($227.91 in chips)
Seat 6: Scheubi88 ($122.16 in chips)
Scheubi88: posts small blind $1
B_loJkl: posts big blind $3
*** HOLE CARDS ***
Scheubi88: raises $3 to $6
B_loJkl: raises $3 to $9
Scheubi88: calls $3
*** FLOP *** [5d 3h Ah]
B_loJkl: bets $3
Scheubi88: calls $3
*** TURN *** [5d 3h Ah] [9s]
B_loJkl: bets $6
Scheubi88: raises $6 to $12
B_loJkl: calls $6
*** RIVER *** [5d 3h Ah 9s] [6d]
B_loJkl: checks
Scheubi88: checks
*** SHOW DOWN ***
B_loJkl: shows [7d 7c] (a pair of Sevens)
Scheubi88: mucks hand
B_loJkl collected $47.50 from pot
*** SUMMARY ***
Total pot $48 | Rake $0.50
Board [5d 3h Ah 9s 6d]
Seat 5: B_loJkl (big blind) showed [7d 7c] and won ($47.50) with a pair of Sevens
Seat 6: Scheubi88 (button) (small blind) mucked


PokerStars Hand #170490742096:  Hold'em Limit ($3/$6 USD) - 2017/05/16 9:04:43 ET
Table 'Desiderata' 6-max Seat #5 is the button
Seat 5: B_loJkl ($251.41 in chips)
Seat 6: Scheubi88 ($98.16 in chips)
B_loJkl: posts small blind $1
Scheubi88: posts big blind $3
*** HOLE CARDS ***
B_loJkl: raises $3 to $6
Scheubi88: calls $3
*** FLOP *** [Jd As 5s]
Scheubi88: checks
B_loJkl: bets $3
Scheubi88: folds
Uncalled bet ($3) returned to B_loJkl
B_loJkl collected $11.76 from pot
B_loJkl: doesn't show hand
*** SUMMARY ***
Total pot $12 | Rake $0.24
Board [Jd As 5s]
Seat 5: B_loJkl (button) (small blind) collected ($11.76)
Seat 6: Scheubi88 (big blind) folded on the Flop


PokerStars Hand #170490724409:  Hold'em Limit ($3/$6 USD) - 2017/05/16 9:04:10 ET
Table 'Desiderata' 6-max Seat #5 is the button
Seat 5: B_loJkl ($219.27 in chips)
Seat 6: Scheubi88 ($131.16 in chips)
B_loJkl: posts small blind $1
Scheubi88: posts big blind $3
*** HOLE CARDS ***
B_loJkl: raises $3 to $6
Scheubi88: calls $3
*** FLOP *** [Qh 3c Ks]
Scheubi88: checks
B_loJkl: bets $3
Scheubi88: calls $3
*** TURN *** [Qh 3c Ks] [6c]
Scheubi88: checks
B_loJkl: checks
*** RIVER *** [Qh 3c Ks 6c] [7h]
Scheubi88: checks
B_loJkl: bets $6
Scheubi88: folds
Uncalled bet ($6) returned to B_loJkl
B_loJkl collected $17.64 from pot
B_loJkl: doesn't show hand
*** SUMMARY ***
Total pot $18 | Rake $0.36
Board [Qh 3c Ks 6c 7h]
Seat 5: B_loJkl (button) (small blind) collected ($17.64)
Seat 6: Scheubi88 (big blind) folded on the River


PokerStars Hand #170490770820:  Hold'em Limit ($3/$6 USD) - 2017/05/16 9:05:37 ET
Table 'Desiderata' 6-max Seat #5 is the button
Seat 5: B_loJkl ($277.67 in chips)
Seat 6: Scheubi88 ($71.16 in chips)
B_loJkl: posts small blind $1
Scheubi88: posts big blind $3
*** HOLE CARDS ***
B_loJkl: raises $3 to $6
Scheubi88: calls $3
*** FLOP *** [Kc 4s Ad]
Scheubi88: checks
B_loJkl: bets $3
Scheubi88: folds
Uncalled bet ($3) returned to B_loJkl
B_loJkl collected $11.76 from pot
B_loJkl: doesn't show hand
*** SUMMARY ***
Total pot $12 | Rake $0.24
Board [Kc 4s Ad]
Seat 5: B_loJkl (button) (small blind) collected ($11.76)
Seat 6: Scheubi88 (big blind) folded on the Flop


PokerStars Hand #170490747927:  Hold'em Limit ($3/$6 USD) - 2017/05/16 9:04:54 ET
Table 'Desiderata' 6-max Seat #6 is the button
Seat 5: B_loJkl ($257.17 in chips)
Seat 6: Scheubi88 ($92.16 in chips)
Scheubi88: posts small blind $1
B_loJkl: posts big blind $3
*** HOLE CARDS ***
Scheubi88: raises $3 to $6
B_loJkl: calls $3
*** FLOP *** [Kh 9h 3h]
B_loJkl: checks
Scheubi88: bets $3
B_loJkl: calls $3
*** TURN *** [Kh 9h 3h] [6h]
B_loJkl: checks
Scheubi88: bets $6
B_loJkl: calls $6
*** RIVER *** [Kh 9h 3h 6h] [3d]
B_loJkl: checks
Scheubi88: bets $6
B_loJkl: calls $6
*** SHOW DOWN ***
Scheubi88: shows [7h 4d] (a flush, King high)
B_loJkl: shows [Th 7d] (a flush, King high - Ten higher)
B_loJkl collected $41.50 from pot
*** SUMMARY ***
Total pot $42 | Rake $0.50
Board [Kh 9h 3h 6h 3d]
Seat 5: B_loJkl (big blind) showed [Th 7d] and won ($41.50) with a flush, King high
Seat 6: Scheubi88 (button) (small blind) showed [7h 4d] and lost with a flush, King high


PokerStars Hand #170490777915:  Hold'em Limit ($3/$6 USD) - 2017/05/16 9:05:50 ET
Table 'Desiderata' 6-max Seat #6 is the button
Seat 5: B_loJkl ($283.43 in chips)
Seat 6: Scheubi88 ($65.16 in chips)
Scheubi88: posts small blind $1
B_loJkl: posts big blind $3
*** HOLE CARDS ***
Scheubi88: raises $3 to $6
B_loJkl: calls $3
*** FLOP *** [9s 3d Ks]
B_loJkl: checks
Scheubi88: bets $3
B_loJkl: folds
Uncalled bet ($3) returned to Scheubi88
Scheubi88 collected $11.76 from pot
Scheubi88: doesn't show hand
*** SUMMARY ***
Total pot $12 | Rake $0.24
Board [9s 3d Ks]
Seat 5: B_loJkl (big blind) folded on the Flop
Seat 6: Scheubi88 (button) (small blind) collected ($11.76)


PokerStars Hand #170490784157:  Hold'em Limit ($3/$6 USD) - 2017/05/16 9:06:02 ET
Table 'Desiderata' 6-max Seat #5 is the button
Seat 5: B_loJkl ($277.43 in chips)
Seat 6: Scheubi88 ($70.92 in chips)
B_loJkl: posts small blind $1
Scheubi88: posts big blind $3
*** HOLE CARDS ***
B_loJkl: raises $3 to $6
Scheubi88: calls $3
*** FLOP *** [As Qh 8d]
Scheubi88: checks
B_loJkl: bets $3
Scheubi88: folds
Uncalled bet ($3) returned to B_loJkl
B_loJkl collected $11.76 from pot
B_loJkl: doesn't show hand
*** SUMMARY ***
Total pot $12 | Rake $0.24
Board [As Qh 8d]
Seat 5: B_loJkl (button) (small blind) collected ($11.76)
Seat 6: Scheubi88 (big blind) folded on the Flop


PokerStars Hand #170490808334:  Hold'em Limit ($3/$6 USD) - 2017/05/16 9:06:46 ET
Table 'Desiderata' 6-max Seat #5 is the button
Seat 5: B_loJkl ($297.69 in chips)
Seat 6: Scheubi88 ($49.92 in chips)
B_loJkl: posts small blind $1
Scheubi88: posts big blind $3
*** HOLE CARDS ***
B_loJkl: raises $3 to $6
Scheubi88: calls $3
*** FLOP *** [Jh Ah 8h]
Scheubi88: checks
B_loJkl: checks
*** TURN *** [Jh Ah 8h] [3d]
Scheubi88: checks
B_loJkl: checks
*** RIVER *** [Jh Ah 8h 3d] [Ks]
Scheubi88: checks
B_loJkl: bets $6
Scheubi88: folds
Uncalled bet ($6) returned to B_loJkl
B_loJkl collected $11.76 from pot
B_loJkl: doesn't show hand
*** SUMMARY ***
Total pot $12 | Rake $0.24
Board [Jh Ah 8h 3d Ks]
Seat 5: B_loJkl (button) (small blind) collected ($11.76)
Seat 6: Scheubi88 (big blind) folded on the River


PokerStars Hand #170490792085:  Hold'em Limit ($3/$6 USD) - 2017/05/16 9:06:16 ET
Table 'Desiderata' 6-max Seat #6 is the button
Seat 5: B_loJkl ($283.19 in chips)
Seat 6: Scheubi88 ($64.92 in chips)
Scheubi88: posts small blind $1
B_loJkl: posts big blind $3
*** HOLE CARDS ***
Scheubi88: raises $3 to $6
B_loJkl: calls $3
*** FLOP *** [6d Kd 6c]
B_loJkl: checks
Scheubi88: bets $3
B_loJkl: calls $3
*** TURN *** [6d Kd 6c] [Js]
B_loJkl: checks
Scheubi88: bets $6
B_loJkl: calls $6
*** RIVER *** [6d Kd 6c Js] [9s]
B_loJkl: checks
Scheubi88: checks
*** SHOW DOWN ***
B_loJkl: shows [Qd Jh] (two pair, Jacks and Sixes)
Scheubi88: mucks hand
B_loJkl collected $29.50 from pot
*** SUMMARY ***
Total pot $30 | Rake $0.50
Board [6d Kd 6c Js 9s]
Seat 5: B_loJkl (big blind) showed [Qd Jh] and won ($29.50) with two pair, Jacks and Sixes
Seat 6: Scheubi88 (button) (small blind) mucked


PokerStars Hand #170490826516:  Hold'em Limit ($3/$6 USD) - 2017/05/16 9:07:20 ET
Table 'Desiderata' 6-max Seat #5 is the button
Seat 5: B_loJkl ($288.45 in chips)
Seat 6: Scheubi88 ($118.42 in chips)
B_loJkl: posts small blind $1
Scheubi88: posts big blind $3
*** HOLE CARDS ***
B_loJkl: raises $3 to $6
Scheubi88: folds
Uncalled bet ($3) returned to B_loJkl
B_loJkl collected $6 from pot
B_loJkl: doesn't show hand
*** SUMMARY ***
Total pot $6 | Rake $0
Seat 5: B_loJkl (button) (small blind) collected ($6)
Seat 6: Scheubi88 (big blind) folded before Flop


PokerStars Hand #170490816993:  Hold'em Limit ($3/$6 USD) - 2017/05/16 9:07:02 ET
Table 'Desiderata' 6-max Seat #6 is the button
Seat 5: B_loJkl ($303.45 in chips)
Seat 6: Scheubi88 ($43.92 in chips)
Scheubi88: posts small blind $1
B_loJkl: posts big blind $3
*** HOLE CARDS ***
Scheubi88: raises $3 to $6
B_loJkl: calls $3
*** FLOP *** [2d Ts 2s]
B_loJkl: checks
Scheubi88: bets $3
B_loJkl: calls $3
*** TURN *** [2d Ts 2s] [Jd]
B_loJkl: checks
Scheubi88: checks
*** RIVER *** [2d Ts 2s Jd] [9d]
Opal10 joins the table at seat #4
B_loJkl: bets $6
Scheubi88: calls $6
*** SHOW DOWN ***
B_loJkl: shows [4s 6s] (a pair of Deuces)
Scheubi88: shows [4c Ac] (a pair of Deuces - Ace kicker)
Scheubi88 collected $29.50 from pot
*** SUMMARY ***
Total pot $30 | Rake $0.50
Board [2d Ts 2s Jd 9d]
Seat 5: B_loJkl (big blind) showed [4s 6s] and lost with a pair of Deuces
Seat 6: Scheubi88 (button) (small blind) showed [4c Ac] and won ($29.50) with a pair of Deuces


PokerStars Hand #170491362492:  Hold'em Limit ($3/$6 USD) - 2017/05/16 9:23:42 ET
Table 'Desiderata' 6-max Seat #3 is the button
Seat 1: B_loJkl ($151.92 in chips)
Seat 3: pecs680 ($195.19 in chips)
pecs680: posts small blind $1
Scheubi88: is sitting out
B_loJkl: posts big blind $3
*** HOLE CARDS ***
pecs680: raises $3 to $6
B_loJkl: calls $3
*** FLOP *** [Jh 6s 4c]
Scheubi88 leaves the table
B_loJkl: checks
pecs680: bets $3
B_loJkl: calls $3
*** TURN *** [Jh 6s 4c] [3d]
B_loJkl: checks
Scheubi88 joins the table at seat #2
pecs680: checks
*** RIVER *** [Jh 6s 4c 3d] [2s]
B_loJkl: checks
pecs680: checks
*** SHOW DOWN ***
B_loJkl: shows [6h Th] (a pair of Sixes)
pecs680: mucks hand
B_loJkl collected $17.64 from pot
*** SUMMARY ***
Total pot $18 | Rake $0.36
Board [Jh 6s 4c 3d 2s]
Seat 1: B_loJkl (big blind) showed [6h Th] and won ($17.64) with a pair of Sixes
Seat 3: pecs680 (button) (small blind) mucked


PokerStars Hand #170491400302:  Hold'em Limit ($3/$6 USD) - 2017/05/16 9:24:51 ET
Table 'Desiderata' 6-max Seat #2 is the button
Seat 1: B_loJkl ($159.56 in chips)
Seat 2: Scheubi88 ($111 in chips)
Scheubi88: posts small blind $1
pecs680: is sitting out
B_loJkl: posts big blind $3
*** HOLE CARDS ***
Scheubi88: raises $3 to $6
B_loJkl: folds
Uncalled bet ($3) returned to Scheubi88
Scheubi88 collected $6 from pot
Scheubi88: doesn't show hand
*** SUMMARY ***
Total pot $6 | Rake $0
Seat 1: B_loJkl (big blind) folded before Flop
Seat 2: Scheubi88 (button) (small blind) collected ($6)


PokerStars Hand #170491405399:  Hold'em Limit ($3/$6 USD) - 2017/05/16 9:25:00 ET
Table 'Desiderata' 6-max Seat #1 is the button
Seat 1: B_loJkl ($156.56 in chips)
Seat 2: Scheubi88 ($114 in chips)
B_loJkl: posts small blind $1
Scheubi88: posts big blind $3
*** HOLE CARDS ***
B_loJkl: raises $3 to $6
Scheubi88: calls $3
*** FLOP *** [5c Js Kc]
Scheubi88: checks
B_loJkl: bets $3
Scheubi88: calls $3
*** TURN *** [5c Js Kc] [8s]
Scheubi88: checks
B_loJkl: checks
*** RIVER *** [5c Js Kc 8s] [3s]
Scheubi88: checks
B_loJkl: bets $6
Scheubi88: calls $6
*** SHOW DOWN ***
B_loJkl: shows [5s 6s] (a flush, Jack high)
Scheubi88: mucks hand
B_loJkl collected $29.50 from pot
*** SUMMARY ***
Total pot $30 | Rake $0.50
Board [5c Js Kc 8s 3s]
Seat 1: B_loJkl (button) (small blind) showed [5s 6s] and won ($29.50) with a flush, Jack high
Seat 2: Scheubi88 (big blind) mucked


PokerStars Hand #170491430162:  Hold'em Limit ($3/$6 USD) - 2017/05/16 9:25:44 ET
Table 'Desiderata' 6-max Seat #2 is the button
Seat 1: B_loJkl ($171.06 in chips)
Seat 2: Scheubi88 ($99 in chips)
Scheubi88: posts small blind $1
B_loJkl: posts big blind $3
*** HOLE CARDS ***
Scheubi88: raises $3 to $6
B_loJkl: raises $3 to $9
Scheubi88: calls $3
*** FLOP *** [Ad 7s 4c]
B_loJkl: bets $3
Scheubi88: calls $3
*** TURN *** [Ad 7s 4c] [2c]
B_loJkl: bets $6
Scheubi88: raises $6 to $12
B_loJkl: calls $6
*** RIVER *** [Ad 7s 4c 2c] [9d]
B_loJkl: checks
Scheubi88: bets $6
B_loJkl: folds
Uncalled bet ($6) returned to Scheubi88
Scheubi88 collected $47.50 from pot
Scheubi88: doesn't show hand
*** SUMMARY ***
Total pot $48 | Rake $0.50
Board [Ad 7s 4c 2c 9d]
Seat 1: B_loJkl (big blind) folded on the River
Seat 2: Scheubi88 (button) (small blind) collected ($47.50)


PokerStars Hand #170491473174:  Hold'em Limit ($3/$6 USD) - 2017/05/16 9:27:01 ET
Table 'Desiderata' 6-max Seat #1 is the button
Seat 1: B_loJkl ($129.06 in chips)
Seat 2: Scheubi88 ($139.78 in chips)
B_loJkl: posts small blind $1
Scheubi88: posts big blind $3
*** HOLE CARDS ***
B_loJkl: raises $3 to $6
Scheubi88: calls $3
*** FLOP *** [7s 5c As]
Scheubi88: checks
B_loJkl: bets $3
Scheubi88: calls $3
*** TURN *** [7s 5c As] [7h]
Scheubi88: checks
B_loJkl: checks
*** RIVER *** [7s 5c As 7h] [8s]
Scheubi88: bets $6
B_loJkl: calls $6
*** SHOW DOWN ***
Scheubi88: shows [Qd 8c] (two pair, Eights and Sevens)
B_loJkl: shows [Kh Kd] (two pair, Kings and Sevens)
B_loJkl collected $29.50 from pot
*** SUMMARY ***
Total pot $30 | Rake $0.50
Board [7s 5c As 7h 8s]
Seat 1: B_loJkl (button) (small blind) showed [Kh Kd] and won ($29.50) with two pair, Kings and Sevens
Seat 2: Scheubi88 (big blind) showed [Qd 8c] and lost with two pair, Eights and Sevens


PokerStars Hand #170491461752:  Hold'em Limit ($3/$6 USD) - 2017/05/16 9:26:41 ET
Table 'Desiderata' 6-max Seat #2 is the button
Seat 1: B_loJkl ($138.06 in chips)
Seat 2: Scheubi88 ($131.14 in chips)
Scheubi88: posts small blind $1
B_loJkl: posts big blind $3
*** HOLE CARDS ***
Scheubi88: raises $3 to $6
B_loJkl: calls $3
*** FLOP *** [Kc 3d 8d]
B_loJkl: checks
Scheubi88: bets $3
B_loJkl: calls $3
*** TURN *** [Kc 3d 8d] [8h]
B_loJkl: checks
Scheubi88: bets $6
B_loJkl: folds
Uncalled bet ($6) returned to Scheubi88
Scheubi88 collected $17.64 from pot
Scheubi88: doesn't show hand
*** SUMMARY ***
Total pot $18 | Rake $0.36
Board [Kc 3d 8d 8h]
Seat 1: B_loJkl (big blind) folded on the Turn
Seat 2: Scheubi88 (button) (small blind) collected ($17.64)


PokerStars Hand #170491453667:  Hold'em Limit ($3/$6 USD) - 2017/05/16 9:26:26 ET
Table 'Desiderata' 6-max Seat #1 is the button
Seat 1: B_loJkl ($147.06 in chips)
Seat 2: Scheubi88 ($122.50 in chips)
B_loJkl: posts small blind $1
Scheubi88: posts big blind $3
*** HOLE CARDS ***
B_loJkl: raises $3 to $6
Scheubi88: calls $3
*** FLOP *** [Ah 8c 5d]
Scheubi88: checks
B_loJkl: bets $3
Scheubi88: calls $3
*** TURN *** [Ah 8c 5d] [Th]
Scheubi88: checks
B_loJkl: checks
*** RIVER *** [Ah 8c 5d Th] [6d]
Scheubi88: checks
B_loJkl: checks
*** SHOW DOWN ***
Scheubi88: shows [7h 6s] (a pair of Sixes)
B_loJkl: mucks hand
Scheubi88 collected $17.64 from pot
*** SUMMARY ***
Total pot $18 | Rake $0.36
Board [Ah 8c 5d Th 6d]
Seat 1: B_loJkl (button) (small blind) mucked
Seat 2: Scheubi88 (big blind) showed [7h 6s] and won ($17.64) with a pair of Sixes


PokerStars Hand #170491482884:  Hold'em Limit ($3/$6 USD) - 2017/05/16 9:27:19 ET
Table 'Desiderata' 6-max Seat #2 is the button
Seat 1: B_loJkl ($143.56 in chips)
Seat 2: Scheubi88 ($124.78 in chips)
Scheubi88: posts small blind $1
B_loJkl: posts big blind $3
*** HOLE CARDS ***
Scheubi88: raises $3 to $6
B_loJkl: calls $3
*** FLOP *** [Ts Kc Ah]
B_loJkl: checks
Scheubi88: bets $3
B_loJkl: folds
Uncalled bet ($3) returned to Scheubi88
Scheubi88 collected $11.76 from pot
Scheubi88: doesn't show hand
*** SUMMARY ***
Total pot $12 | Rake $0.24
Board [Ts Kc Ah]
Seat 1: B_loJkl (big blind) folded on the Flop
Seat 2: Scheubi88 (button) (small blind) collected ($11.76)


PokerStars Hand #170491504747:  Hold'em Limit ($3/$6 USD) - 2017/05/16 9:27:58 ET
Table 'Desiderata' 6-max Seat #2 is the button
Seat 1: B_loJkl ($152.06 in chips)
Seat 2: Scheubi88 ($115.54 in chips)
Scheubi88: posts small blind $1
B_loJkl: posts big blind $3
*** HOLE CARDS ***
Scheubi88: raises $3 to $6
B_loJkl: calls $3
*** FLOP *** [Jc 7h 7c]
B_loJkl: checks
Scheubi88: bets $3
B_loJkl: calls $3
*** TURN *** [Jc 7h 7c] [Qc]
B_loJkl: checks
Scheubi88: bets $6
B_loJkl: folds
Uncalled bet ($6) returned to Scheubi88
Scheubi88 collected $17.64 from pot
Scheubi88: doesn't show hand
*** SUMMARY ***
Total pot $18 | Rake $0.36
Board [Jc 7h 7c Qc]
Seat 1: B_loJkl (big blind) folded on the Turn
Seat 2: Scheubi88 (button) (small blind) collected ($17.64)


PokerStars Hand #170491527142:  Hold'em Limit ($3/$6 USD) - 2017/05/16 9:28:38 ET
Table 'Desiderata' 6-max Seat #1 is the button
Seat 1: B_loJkl ($143.06 in chips)
Seat 2: Scheubi88 ($124.18 in chips)
B_loJkl: posts small blind $1
Scheubi88: posts big blind $3
*** HOLE CARDS ***
B_loJkl: raises $3 to $6
Scheubi88: calls $3
*** FLOP *** [6d Td 7d]
Scheubi88: checks
B_loJkl: bets $3
Scheubi88: calls $3
*** TURN *** [6d Td 7d] [2h]
Scheubi88: checks
B_loJkl: checks
*** RIVER *** [6d Td 7d 2h] [As]
Scheubi88: checks
B_loJkl: checks
*** SHOW DOWN ***
Scheubi88: shows [Th 4h] (a pair of Tens)
B_loJkl: mucks hand
Scheubi88 collected $17.64 from pot
*** SUMMARY ***
Total pot $18 | Rake $0.36
Board [6d Td 7d 2h As]
Seat 1: B_loJkl (button) (small blind) mucked
Seat 2: Scheubi88 (big blind) showed [Th 4h] and won ($17.64) with a pair of Tens


PokerStars Hand #170491537342:  Hold'em Limit ($3/$6 USD) - 2017/05/16 9:28:56 ET
Table 'Desiderata' 6-max Seat #2 is the button
Seat 1: B_loJkl ($134.06 in chips)
Seat 2: Scheubi88 ($132.82 in chips)
Scheubi88: posts small blind $1
B_loJkl: posts big blind $3
*** HOLE CARDS ***
Scheubi88: raises $3 to $6
B_loJkl: calls $3
*** FLOP *** [Qs 6d 2c]
B_loJkl: checks
Scheubi88: bets $3
B_loJkl: calls $3
*** TURN *** [Qs 6d 2c] [Kd]
B_loJkl: checks
Scheubi88: bets $6
B_loJkl: raises $6 to $12
Scheubi88: calls $6
*** RIVER *** [Qs 6d 2c Kd] [3h]
B_loJkl: bets $6
Scheubi88: calls $6
*** SHOW DOWN ***
B_loJkl: shows [Qc 2h] (two pair, Queens and Deuces)
Scheubi88: mucks hand
B_loJkl collected $53.50 from pot
*** SUMMARY ***
Total pot $54 | Rake $0.50
Board [Qs 6d 2c Kd 3h]
Seat 1: B_loJkl (big blind) showed [Qc 2h] and won ($53.50) with two pair, Queens and Deuces
Seat 2: Scheubi88 (button) (small blind) mucked


PokerStars Hand #170491548042:  Hold'em Limit ($3/$6 USD) - 2017/05/16 9:29:16 ET
Table 'Desiderata' 6-max Seat #1 is the button
Seat 1: B_loJkl ($160.56 in chips)
Seat 2: Scheubi88 ($105.82 in chips)
B_loJkl: posts small blind $1
Scheubi88: posts big blind $3
*** HOLE CARDS ***
B_loJkl: raises $3 to $6
Scheubi88: raises $3 to $9
B_loJkl: calls $3
*** FLOP *** [6c 9h 5c]
Scheubi88: bets $3
B_loJkl: calls $3
*** TURN *** [6c 9h 5c] [Td]
Scheubi88: bets $6
B_loJkl: calls $6
*** RIVER *** [6c 9h 5c Td] [9d]
Scheubi88: bets $6
B_loJkl: calls $6
*** SHOW DOWN ***
Scheubi88: shows [Ac 8c] (a pair of Nines)
B_loJkl: shows [5d Jh] (two pair, Nines and Fives)
B_loJkl collected $47.50 from pot
*** SUMMARY ***
Total pot $48 | Rake $0.50
Board [6c 9h 5c Td 9d]
Seat 1: B_loJkl (button) (small blind) showed [5d Jh] and won ($47.50) with two pair, Nines and Fives
Seat 2: Scheubi88 (big blind) showed [Ac 8c] and lost with a pair of Nines


PokerStars Hand #170491571416:  Hold'em Limit ($3/$6 USD) - 2017/05/16 9:29:58 ET
Table 'Desiderata' 6-max Seat #1 is the button
Seat 1: B_loJkl ($192.70 in chips)
Seat 2: Scheubi88 ($72.82 in chips)
B_loJkl: posts small blind $1
Scheubi88: posts big blind $3
*** HOLE CARDS ***
B_loJkl: raises $3 to $6
Scheubi88: folds
Uncalled bet ($3) returned to B_loJkl
B_loJkl collected $6 from pot
B_loJkl: doesn't show hand
*** SUMMARY ***
Total pot $6 | Rake $0
Seat 1: B_loJkl (button) (small blind) collected ($6)
Seat 2: Scheubi88 (big blind) folded before Flop


PokerStars Hand #170491556513:  Hold'em Limit ($3/$6 USD) - 2017/05/16 9:29:31 ET
Table 'Desiderata' 6-max Seat #2 is the button
Seat 1: B_loJkl ($184.06 in chips)
Seat 2: Scheubi88 ($81.82 in chips)
Scheubi88: posts small blind $1
B_loJkl: posts big blind $3
*** HOLE CARDS ***
Scheubi88: raises $3 to $6
B_loJkl: calls $3
*** FLOP *** [Kc 3s 5c]
B_loJkl: checks
Scheubi88: bets $3
B_loJkl: calls $3
*** TURN *** [Kc 3s 5c] [2d]
B_loJkl: checks
Scheubi88: checks
*** RIVER *** [Kc 3s 5c 2d] [4h]
B_loJkl: checks
Scheubi88: checks
*** SHOW DOWN ***
B_loJkl: shows [Ad 8d] (a straight, Ace to Five)
Scheubi88: mucks hand
B_loJkl collected $17.64 from pot
*** SUMMARY ***
Total pot $18 | Rake $0.36
Board [Kc 3s 5c 2d 4h]
Seat 1: B_loJkl (big blind) showed [Ad 8d] and won ($17.64) with a straight, Ace to Five
Seat 2: Scheubi88 (button) (small blind) mucked


PokerStars Hand #170491581414:  Hold'em Limit ($3/$6 USD) - 2017/05/16 9:30:16 ET
Table 'Desiderata' 6-max Seat #1 is the button
Seat 1: B_loJkl ($192.70 in chips)
Seat 2: Scheubi88 ($72.82 in chips)
B_loJkl: posts small blind $1
Scheubi88: posts big blind $3
*** HOLE CARDS ***
B_loJkl: folds
Uncalled bet ($2) returned to Scheubi88
Scheubi88 collected $2 from pot
Scheubi88: doesn't show hand
*** SUMMARY ***
Total pot $2 | Rake $0
Seat 1: B_loJkl (button) (small blind) folded before Flop
Seat 2: Scheubi88 (big blind) collected ($2)


PokerStars Hand #170491577532:  Hold'em Limit ($3/$6 USD) - 2017/05/16 9:30:09 ET
Table 'Desiderata' 6-max Seat #2 is the button
Seat 1: B_loJkl ($195.70 in chips)
Seat 2: Scheubi88 ($69.82 in chips)
Scheubi88: posts small blind $1
B_loJkl: posts big blind $3
*** HOLE CARDS ***
Scheubi88: raises $3 to $6
B_loJkl: folds
Uncalled bet ($3) returned to Scheubi88
Scheubi88 collected $6 from pot
Scheubi88: doesn't show hand
*** SUMMARY ***
Total pot $6 | Rake $0
Seat 1: B_loJkl (big blind) folded before Flop
Seat 2: Scheubi88 (button) (small blind) collected ($6)


PokerStars Hand #170491584176:  Hold'em Limit ($3/$6 USD) - 2017/05/16 9:30:21 ET
Table 'Desiderata' 6-max Seat #2 is the button
Seat 1: B_loJkl ($191.70 in chips)
Seat 2: Scheubi88 ($73.82 in chips)
Scheubi88: posts small blind $1
B_loJkl: posts big blind $3
*** HOLE CARDS ***
Scheubi88: raises $3 to $6
B_loJkl: calls $3
*** FLOP *** [Td 7h Ah]
B_loJkl: checks
Scheubi88: bets $3
B_loJkl: raises $3 to $6
Scheubi88: calls $3
*** TURN *** [Td 7h Ah] [6c]
B_loJkl: bets $6
Scheubi88: calls $6
*** RIVER *** [Td 7h Ah 6c] [Jd]
B_loJkl: bets $6
Scheubi88: folds
Uncalled bet ($6) returned to B_loJkl
B_loJkl collected $35.50 from pot
B_loJkl: doesn't show hand
*** SUMMARY ***
Total pot $36 | Rake $0.50
Board [Td 7h Ah 6c Jd]
Seat 1: B_loJkl (big blind) collected ($35.50)
Seat 2: Scheubi88 (button) (small blind) folded on the River


PokerStars Hand #170491607584:  Hold'em Limit ($3/$6 USD) - 2017/05/16 9:31:03 ET
Table 'Desiderata' 6-max Seat #1 is the button
Seat 1: B_loJkl ($213.20 in chips)
Seat 2: Scheubi88 ($51.82 in chips)
B_loJkl: posts small blind $1
Scheubi88: posts big blind $3
*** HOLE CARDS ***
B_loJkl: raises $3 to $6
Scheubi88: calls $3
*** FLOP *** [5h Tc 2h]
Scheubi88: checks
B_loJkl: checks
*** TURN *** [5h Tc 2h] [As]
Scheubi88: checks
B_loJkl: bets $6
Scheubi88: folds
Uncalled bet ($6) returned to B_loJkl
B_loJkl collected $11.76 from pot
B_loJkl: doesn't show hand
*** SUMMARY ***
Total pot $12 | Rake $0.24
Board [5h Tc 2h As]
Seat 1: B_loJkl (button) (small blind) collected ($11.76)
Seat 2: Scheubi88 (big blind) folded on the Turn


PokerStars Hand #170491600078:  Hold'em Limit ($3/$6 USD) - 2017/05/16 9:30:50 ET
Table 'Desiderata' 6-max Seat #1 is the button
Seat 1: B_loJkl ($209.20 in chips)
Seat 2: Scheubi88 ($55.82 in chips)
B_loJkl: posts small blind $1
Scheubi88: posts big blind $3
*** HOLE CARDS ***
B_loJkl: raises $3 to $6
Scheubi88: folds
Uncalled bet ($3) returned to B_loJkl
B_loJkl collected $6 from pot
B_loJkl: doesn't show hand
*** SUMMARY ***
Total pot $6 | Rake $0
Seat 1: B_loJkl (button) (small blind) collected ($6)
Seat 2: Scheubi88 (big blind) folded before Flop


PokerStars Hand #170491605073:  Hold'em Limit ($3/$6 USD) - 2017/05/16 9:30:59 ET
Table 'Desiderata' 6-max Seat #2 is the button
Seat 1: B_loJkl ($212.20 in chips)
Seat 2: Scheubi88 ($52.82 in chips)
Scheubi88: posts small blind $1
B_loJkl: posts big blind $3
*** HOLE CARDS ***
Scheubi88: folds
Uncalled bet ($2) returned to B_loJkl
B_loJkl collected $2 from pot
B_loJkl: doesn't show hand
*** SUMMARY ***
Total pot $2 | Rake $0
Seat 1: B_loJkl (big blind) collected ($2)
Seat 2: Scheubi88 (button) (small blind) folded before Flop


PokerStars Hand #170491617143:  Hold'em Limit ($3/$6 USD) - 2017/05/16 9:31:20 ET
Table 'Desiderata' 6-max Seat #2 is the button
Seat 1: B_loJkl ($218.96 in chips)
Seat 2: Scheubi88 ($45.82 in chips)
Scheubi88: posts small blind $1
B_loJkl: posts big blind $3
*** HOLE CARDS ***
Scheubi88: raises $3 to $6
B_loJkl: calls $3
*** FLOP *** [Td 2d Jc]
B_loJkl: checks
Scheubi88: checks
*** TURN *** [Td 2d Jc] [Ts]
B_loJkl: bets $6
Scheubi88: folds
Uncalled bet ($6) returned to B_loJkl
B_loJkl collected $11.76 from pot
B_loJkl: doesn't show hand
*** SUMMARY ***
Total pot $12 | Rake $0.24
Board [Td 2d Jc Ts]
Seat 1: B_loJkl (big blind) collected ($11.76)
Seat 2: Scheubi88 (button) (small blind) folded on the Turn


PokerStars Hand #170491632638:  Hold'em Limit ($3/$6 USD) - 2017/05/16 9:31:48 ET
Table 'Desiderata' 6-max Seat #1 is the button
Seat 1: B_loJkl ($224.72 in chips)
Seat 2: Scheubi88 ($39.82 in chips)
B_loJkl: posts small blind $1
Scheubi88: posts big blind $3
*** HOLE CARDS ***
B_loJkl: raises $3 to $6
Scheubi88: folds
Uncalled bet ($3) returned to B_loJkl
B_loJkl collected $6 from pot
B_loJkl: doesn't show hand
*** SUMMARY ***
Total pot $6 | Rake $0
Seat 1: B_loJkl (button) (small blind) collected ($6)
Seat 2: Scheubi88 (big blind) folded before Flop


PokerStars Hand #170491636717:  Hold'em Limit ($3/$6 USD) - 2017/05/16 9:31:56 ET
Table 'Desiderata' 6-max Seat #2 is the button
Seat 1: B_loJkl ($227.72 in chips)
Seat 2: Scheubi88 ($96.82 in chips)
Scheubi88: posts small blind $1
B_loJkl: posts big blind $3
*** HOLE CARDS ***
Scheubi88: raises $3 to $6
B_loJkl: calls $3
*** FLOP *** [8d Jd 9c]
B_loJkl: checks
Scheubi88: bets $3
B_loJkl: folds
Uncalled bet ($3) returned to Scheubi88
Scheubi88 collected $11.76 from pot
Scheubi88: doesn't show hand
*** SUMMARY ***
Total pot $12 | Rake $0.24
Board [8d Jd 9c]
Seat 1: B_loJkl (big blind) folded on the Flop
Seat 2: Scheubi88 (button) (small blind) collected ($11.76)


PokerStars Hand #170491679697:  Hold'em Limit ($3/$6 USD) - 2017/05/16 9:33:13 ET
Table 'Desiderata' 6-max Seat #1 is the button
Seat 1: B_loJkl ($227.22 in chips)
Seat 2: Scheubi88 ($96.22 in chips)
B_loJkl: posts small blind $1
Scheubi88: posts big blind $3
*** HOLE CARDS ***
B_loJkl: folds
Uncalled bet ($2) returned to Scheubi88
Scheubi88 collected $2 from pot
Scheubi88: doesn't show hand
*** SUMMARY ***
Total pot $2 | Rake $0
Seat 1: B_loJkl (button) (small blind) folded before Flop
Seat 2: Scheubi88 (big blind) collected ($2)


PokerStars Hand #170491668382:  Hold'em Limit ($3/$6 USD) - 2017/05/16 9:32:52 ET
Table 'Desiderata' 6-max Seat #2 is the button
Seat 1: B_loJkl ($212.72 in chips)
Seat 2: Scheubi88 ($111.22 in chips)
Scheubi88: posts small blind $1
B_loJkl: posts big blind $3
*** HOLE CARDS ***
Scheubi88: raises $3 to $6
B_loJkl: calls $3
*** FLOP *** [2s 4s 5d]
B_loJkl: checks
Scheubi88: bets $3
B_loJkl: calls $3
*** TURN *** [2s 4s 5d] [4h]
B_loJkl: checks
Scheubi88: bets $6
B_loJkl: calls $6
*** RIVER *** [2s 4s 5d 4h] [3c]
B_loJkl: bets $6
Scheubi88: folds
Uncalled bet ($6) returned to B_loJkl
B_loJkl collected $29.50 from pot
B_loJkl: doesn't show hand
*** SUMMARY ***
Total pot $30 | Rake $0.50
Board [2s 4s 5d 4h 3c]
Seat 1: B_loJkl (big blind) collected ($29.50)
Seat 2: Scheubi88 (button) (small blind) folded on the River


PokerStars Hand #170491649663:  Hold'em Limit ($3/$6 USD) - 2017/05/16 9:32:19 ET
Table 'Desiderata' 6-max Seat #1 is the button
Seat 1: B_loJkl ($221.72 in chips)
Seat 2: Scheubi88 ($102.58 in chips)
B_loJkl: posts small blind $1
Scheubi88: posts big blind $3
*** HOLE CARDS ***
B_loJkl: raises $3 to $6
Scheubi88: raises $3 to $9
B_loJkl: calls $3
*** FLOP *** [8d 7s 2h]
Scheubi88: bets $3
B_loJkl: folds
Uncalled bet ($3) returned to Scheubi88
Scheubi88 collected $17.64 from pot
Scheubi88: doesn't show hand
*** SUMMARY ***
Total pot $18 | Rake $0.36
Board [8d 7s 2h]
Seat 1: B_loJkl (button) (small blind) folded on the Flop
Seat 2: Scheubi88 (big blind) collected ($17.64)


PokerStars Hand #170491696994:  Hold'em Limit ($3/$6 USD) - 2017/05/16 9:33:44 ET
Table 'Desiderata' 6-max Seat #2 is the button
Seat 1: B_loJkl ($243.72 in chips)
Seat 2: Scheubi88 ($79.22 in chips)
Scheubi88: posts small blind $1
B_loJkl: posts big blind $3
*** HOLE CARDS ***
Scheubi88: raises $3 to $6
B_loJkl: calls $3
*** FLOP *** [Kc 8d Tc]
B_loJkl: checks
Scheubi88: bets $3
B_loJkl: folds
Uncalled bet ($3) returned to Scheubi88
Scheubi88 collected $11.76 from pot
Scheubi88: doesn't show hand
*** SUMMARY ***
Total pot $12 | Rake $0.24
Board [Kc 8d Tc]
Seat 1: B_loJkl (big blind) folded on the Flop
Seat 2: Scheubi88 (button) (small blind) collected ($11.76)


PokerStars Hand #170491691643:  Hold'em Limit ($3/$6 USD) - 2017/05/16 9:33:34 ET
Table 'Desiderata' 6-max Seat #1 is the button
Seat 1: B_loJkl ($240.72 in chips)
Seat 2: Scheubi88 ($82.22 in chips)
B_loJkl: posts small blind $1
Scheubi88: posts big blind $3
*** HOLE CARDS ***
B_loJkl: raises $3 to $6
Scheubi88: folds
Uncalled bet ($3) returned to B_loJkl
B_loJkl collected $6 from pot
B_loJkl: doesn't show hand
*** SUMMARY ***
Total pot $6 | Rake $0
Seat 1: B_loJkl (button) (small blind) collected ($6)
Seat 2: Scheubi88 (big blind) folded before Flop


PokerStars Hand #170491682453:  Hold'em Limit ($3/$6 USD) - 2017/05/16 9:33:18 ET
Table 'Desiderata' 6-max Seat #2 is the button
Seat 1: B_loJkl ($226.22 in chips)
Seat 2: Scheubi88 ($97.22 in chips)
Scheubi88: posts small blind $1
B_loJkl: posts big blind $3
*** HOLE CARDS ***
Scheubi88: raises $3 to $6
B_loJkl: calls $3
*** FLOP *** [Ad 4s 5c]
B_loJkl: checks
Scheubi88: bets $3
B_loJkl: calls $3
*** TURN *** [Ad 4s 5c] [As]
B_loJkl: checks
Scheubi88: checks
*** RIVER *** [Ad 4s 5c As] [Kh]
B_loJkl: bets $6
Scheubi88: calls $6
*** SHOW DOWN ***
B_loJkl: shows [Qc Ah] (three of a kind, Aces)
Scheubi88: mucks hand
B_loJkl collected $29.50 from pot
*** SUMMARY ***
Total pot $30 | Rake $0.50
Board [Ad 4s 5c As Kh]
Seat 1: B_loJkl (big blind) showed [Qc Ah] and won ($29.50) with three of a kind, Aces
Seat 2: Scheubi88 (button) (small blind) mucked


PokerStars Hand #170491704407:  Hold'em Limit ($3/$6 USD) - 2017/05/16 9:33:57 ET
Table 'Desiderata' 6-max Seat #1 is the button
Seat 1: B_loJkl ($237.72 in chips)
Seat 2: Scheubi88 ($84.98 in chips)
B_loJkl: posts small blind $1
Scheubi88: posts big blind $3
*** HOLE CARDS ***
B_loJkl: raises $3 to $6
Scheubi88: calls $3
*** FLOP *** [8d 6h 8s]
Scheubi88: checks
B_loJkl: bets $3
Scheubi88: folds
Uncalled bet ($3) returned to B_loJkl
B_loJkl collected $11.76 from pot
B_loJkl: doesn't show hand
*** SUMMARY ***
Total pot $12 | Rake $0.24
Board [8d 6h 8s]
Seat 1: B_loJkl (button) (small blind) collected ($11.76)
Seat 2: Scheubi88 (big blind) folded on the Flop


PokerStars Hand #170491733786:  Hold'em Limit ($3/$6 USD) - 2017/05/16 9:34:50 ET
Table 'Desiderata' 6-max Seat #2 is the button
Seat 1: B_loJkl ($236.48 in chips)
Seat 2: Scheubi88 ($85.74 in chips)
Scheubi88: posts small blind $1
B_loJkl: posts big blind $3
*** HOLE CARDS ***
Scheubi88: raises $3 to $6
B_loJkl: calls $3
*** FLOP *** [Qh Qd 6d]
B_loJkl: checks
Scheubi88: checks
*** TURN *** [Qh Qd 6d] [Js]
B_loJkl: checks
Scheubi88: checks
*** RIVER *** [Qh Qd 6d Js] [9c]
B_loJkl: bets $6
Scheubi88: folds
Uncalled bet ($6) returned to B_loJkl
B_loJkl collected $11.76 from pot
B_loJkl: doesn't show hand
*** SUMMARY ***
Total pot $12 | Rake $0.24
Board [Qh Qd 6d Js 9c]
Seat 1: B_loJkl (big blind) collected ($11.76)
Seat 2: Scheubi88 (button) (small blind) folded on the River


PokerStars Hand #170491726936:  Hold'em Limit ($3/$6 USD) - 2017/05/16 9:34:37 ET
Table 'Desiderata' 6-max Seat #1 is the button
Seat 1: B_loJkl ($237.48 in chips)
Seat 2: Scheubi88 ($84.74 in chips)
B_loJkl: posts small blind $1
Scheubi88: posts big blind $3
*** HOLE CARDS ***
B_loJkl: folds
Uncalled bet ($2) returned to Scheubi88
Scheubi88 collected $2 from pot
Scheubi88: doesn't show hand
*** SUMMARY ***
Total pot $2 | Rake $0
Seat 1: B_loJkl (button) (small blind) folded before Flop
Seat 2: Scheubi88 (big blind) collected ($2)


PokerStars Hand #170491715087:  Hold'em Limit ($3/$6 USD) - 2017/05/16 9:34:16 ET
Table 'Desiderata' 6-max Seat #2 is the button
Seat 1: B_loJkl ($243.48 in chips)
Seat 2: Scheubi88 ($78.98 in chips)
Scheubi88: posts small blind $1
B_loJkl: posts big blind $3
*** HOLE CARDS ***
Scheubi88: raises $3 to $6
B_loJkl: calls $3
*** FLOP *** [As 8h Qd]
B_loJkl: checks
Scheubi88: bets $3
B_loJkl: folds
Uncalled bet ($3) returned to Scheubi88
Scheubi88 collected $11.76 from pot
Scheubi88: doesn't show hand
*** SUMMARY ***
Total pot $12 | Rake $0.24
Board [As 8h Qd]
Seat 1: B_loJkl (big blind) folded on the Flop
Seat 2: Scheubi88 (button) (small blind) collected ($11.76)


PokerStars Hand #170491769949:  Hold'em Limit ($3/$6 USD) - 2017/05/16 9:35:54 ET
Table 'Desiderata' 6-max Seat #1 is the button
Seat 1: B_loJkl ($224.24 in chips)
Seat 2: Scheubi88 ($97.02 in chips)
B_loJkl: posts small blind $1
Scheubi88: posts big blind $3
*** HOLE CARDS ***
B_loJkl: folds
Uncalled bet ($2) returned to Scheubi88
Scheubi88 collected $2 from pot
Scheubi88: doesn't show hand
*** SUMMARY ***
Total pot $2 | Rake $0
Seat 1: B_loJkl (button) (small blind) folded before Flop
Seat 2: Scheubi88 (big blind) collected ($2)


PokerStars Hand #170491759517:  Hold'em Limit ($3/$6 USD) - 2017/05/16 9:35:35 ET
Table 'Desiderata' 6-max Seat #2 is the button
Seat 1: B_loJkl ($230.24 in chips)
Seat 2: Scheubi88 ($91.26 in chips)
Scheubi88: posts small blind $1
B_loJkl: posts big blind $3
*** HOLE CARDS ***
Scheubi88: raises $3 to $6
B_loJkl: calls $3
*** FLOP *** [9c Qd Qc]
B_loJkl: checks
Scheubi88: bets $3
B_loJkl: folds
Uncalled bet ($3) returned to Scheubi88
Scheubi88 collected $11.76 from pot
Scheubi88: doesn't show hand
*** SUMMARY ***
Total pot $12 | Rake $0.24
Board [9c Qd Qc]
Seat 1: B_loJkl (big blind) folded on the Flop
Seat 2: Scheubi88 (button) (small blind) collected ($11.76)


PokerStars Hand #170491772736:  Hold'em Limit ($3/$6 USD) - 2017/05/16 9:35:59 ET
Table 'Desiderata' 6-max Seat #2 is the button
Seat 1: B_loJkl ($223.24 in chips)
Seat 2: Scheubi88 ($98.02 in chips)
Scheubi88: posts small blind $1
B_loJkl: posts big blind $3
*** HOLE CARDS ***
Scheubi88: raises $3 to $6
B_loJkl: folds
Uncalled bet ($3) returned to Scheubi88
Scheubi88 collected $6 from pot
Scheubi88: doesn't show hand
*** SUMMARY ***
Total pot $6 | Rake $0
Seat 1: B_loJkl (big blind) folded before Flop
Seat 2: Scheubi88 (button) (small blind) collected ($6)


PokerStars Hand #170491745618:  Hold'em Limit ($3/$6 USD) - 2017/05/16 9:35:11 ET
Table 'Desiderata' 6-max Seat #1 is the button
Seat 1: B_loJkl ($242.24 in chips)
Seat 2: Scheubi88 ($79.74 in chips)
B_loJkl: posts small blind $1
Scheubi88: posts big blind $3
*** HOLE CARDS ***
B_loJkl: raises $3 to $6
Scheubi88: raises $3 to $9
B_loJkl: calls $3
*** FLOP *** [3d Ah 4c]
Scheubi88: bets $3
B_loJkl: calls $3
*** TURN *** [3d Ah 4c] [2s]
Scheubi88: bets $6
B_loJkl: folds
Uncalled bet ($6) returned to Scheubi88
Scheubi88 collected $23.52 from pot
Scheubi88: doesn't show hand
*** SUMMARY ***
Total pot $24 | Rake $0.48
Board [3d Ah 4c 2s]
Seat 1: B_loJkl (button) (small blind) folded on the Turn
Seat 2: Scheubi88 (big blind) collected ($23.52)


PokerStars Hand #170491791114:  Hold'em Limit ($3/$6 USD) - 2017/05/16 9:36:32 ET
Table 'Desiderata' 6-max Seat #2 is the button
Seat 1: B_loJkl ($211.24 in chips)
Seat 2: Scheubi88 ($109.66 in chips)
Scheubi88: posts small blind $1
B_loJkl: posts big blind $3
*** HOLE CARDS ***
Scheubi88: raises $3 to $6
B_loJkl: calls $3
*** FLOP *** [4c 8s Ah]
B_loJkl: checks
Scheubi88: bets $3
B_loJkl: calls $3
*** TURN *** [4c 8s Ah] [4d]
B_loJkl: checks
Scheubi88: bets $6
B_loJkl: calls $6
*** RIVER *** [4c 8s Ah 4d] [Jd]
B_loJkl: checks
Scheubi88: bets $6
B_loJkl: calls $6
*** SHOW DOWN ***
Scheubi88: shows [Jc 3h] (two pair, Jacks and Fours)
B_loJkl: shows [Kh Jh] (two pair, Jacks and Fours)
B_loJkl collected $20.75 from pot
Scheubi88 collected $20.75 from pot
*** SUMMARY ***
Total pot $42 | Rake $0.50
Board [4c 8s Ah 4d Jd]
Seat 1: B_loJkl (big blind) showed [Kh Jh] and won ($20.75) with two pair, Jacks and Fours
Seat 2: Scheubi88 (button) (small blind) showed [Jc 3h] and won ($20.75) with two pair, Jacks and Fours


PokerStars Hand #170491779698:  Hold'em Limit ($3/$6 USD) - 2017/05/16 9:36:12 ET
Table 'Desiderata' 6-max Seat #1 is the button
Seat 1: B_loJkl ($220.24 in chips)
Seat 2: Scheubi88 ($101.02 in chips)
B_loJkl: posts small blind $1
Scheubi88: posts big blind $3
*** HOLE CARDS ***
B_loJkl: raises $3 to $6
Scheubi88: calls $3
*** FLOP *** [8c 5d 6c]
Scheubi88: checks
B_loJkl: bets $3
Scheubi88: calls $3
*** TURN *** [8c 5d 6c] [7d]
Scheubi88: checks
B_loJkl: checks
*** RIVER *** [8c 5d 6c 7d] [2s]
Scheubi88: bets $6
B_loJkl: folds
Uncalled bet ($6) returned to Scheubi88
Scheubi88 collected $17.64 from pot
Scheubi88: doesn't show hand
*** SUMMARY ***
Total pot $18 | Rake $0.36
Board [8c 5d 6c 7d 2s]
Seat 1: B_loJkl (button) (small blind) folded on the River
Seat 2: Scheubi88 (big blind) collected ($17.64)


PokerStars Hand #170491839115:  Hold'em Limit ($3/$6 USD) - 2017/05/16 9:37:58 ET
Table 'Desiderata' 6-max Seat #1 is the button
Seat 1: B_loJkl ($248.99 in chips)
Seat 2: Scheubi88 ($70.41 in chips)
B_loJkl: posts small blind $1
Scheubi88: posts big blind $3
*** HOLE CARDS ***
B_loJkl: folds
Uncalled bet ($2) returned to Scheubi88
Scheubi88 collected $2 from pot
Scheubi88: doesn't show hand
*** SUMMARY ***
Total pot $2 | Rake $0
Seat 1: B_loJkl (button) (small blind) folded before Flop
Seat 2: Scheubi88 (big blind) collected ($2)


PokerStars Hand #170491821706:  Hold'em Limit ($3/$6 USD) - 2017/05/16 9:37:27 ET
Table 'Desiderata' 6-max Seat #2 is the button
Seat 1: B_loJkl ($234.49 in chips)
Seat 2: Scheubi88 ($85.41 in chips)
Scheubi88: posts small blind $1
B_loJkl: posts big blind $3
*** HOLE CARDS ***
Scheubi88: raises $3 to $6
B_loJkl: calls $3
*** FLOP *** [2d 7s 7d]
B_loJkl: checks
Scheubi88: bets $3
B_loJkl: calls $3
*** TURN *** [2d 7s 7d] [5h]
B_loJkl: checks
Scheubi88: bets $6
B_loJkl: calls $6
*** RIVER *** [2d 7s 7d 5h] [9s]
B_loJkl: checks
Scheubi88: checks
*** SHOW DOWN ***
B_loJkl: shows [3h Ad] (a pair of Sevens)
Scheubi88: mucks hand
B_loJkl collected $29.50 from pot
*** SUMMARY ***
Total pot $30 | Rake $0.50
Board [2d 7s 7d 5h 9s]
Seat 1: B_loJkl (big blind) showed [3h Ad] and won ($29.50) with a pair of Sevens
Seat 2: Scheubi88 (button) (small blind) mucked


PokerStars Hand #170491842045:  Hold'em Limit ($3/$6 USD) - 2017/05/16 9:38:03 ET
Table 'Desiderata' 6-max Seat #2 is the button
Seat 1: B_loJkl ($247.99 in chips)
Seat 2: Scheubi88 ($71.41 in chips)
Scheubi88: posts small blind $1
B_loJkl: posts big blind $3
*** HOLE CARDS ***
Scheubi88: raises $3 to $6
B_loJkl: folds
Uncalled bet ($3) returned to Scheubi88
Scheubi88 collected $6 from pot
Scheubi88: doesn't show hand
*** SUMMARY ***
Total pot $6 | Rake $0
Seat 1: B_loJkl (big blind) folded before Flop
Seat 2: Scheubi88 (button) (small blind) collected ($6)


PokerStars Hand #170491808732:  Hold'em Limit ($3/$6 USD) - 2017/05/16 9:37:04 ET
Table 'Desiderata' 6-max Seat #1 is the button
Seat 1: B_loJkl ($210.99 in chips)
Seat 2: Scheubi88 ($109.41 in chips)
B_loJkl: posts small blind $1
Scheubi88: posts big blind $3
*** HOLE CARDS ***
B_loJkl: raises $3 to $6
Scheubi88: raises $3 to $9
B_loJkl: calls $3
*** FLOP *** [Ts 4c 8h]
Scheubi88: bets $3
B_loJkl: calls $3
*** TURN *** [Ts 4c 8h] [Jd]
Scheubi88: bets $6
B_loJkl: calls $6
*** RIVER *** [Ts 4c 8h Jd] [Ac]
Scheubi88: bets $6
B_loJkl: calls $6
*** SHOW DOWN ***
Scheubi88: shows [Qh Qd] (a pair of Queens)
B_loJkl: shows [Ad 7c] (a pair of Aces)
B_loJkl collected $47.50 from pot
*** SUMMARY ***
Total pot $48 | Rake $0.50
Board [Ts 4c 8h Jd Ac]
Seat 1: B_loJkl (button) (small blind) showed [Ad 7c] and won ($47.50) with a pair of Aces
Seat 2: Scheubi88 (big blind) showed [Qh Qd] and lost with a pair of Queens


PokerStars Hand #170491859032:  Hold'em Limit ($3/$6 USD) - 2017/05/16 9:38:34 ET
Table 'Desiderata' 6-max Seat #2 is the button
Seat 1: B_loJkl ($226.99 in chips)
Seat 2: Scheubi88 ($91.91 in chips)
Scheubi88: posts small blind $1
B_loJkl: posts big blind $3
*** HOLE CARDS ***
Scheubi88: raises $3 to $6
B_loJkl: calls $3
*** FLOP *** [Kh Kd Kc]
B_loJkl: checks
Scheubi88: bets $3
B_loJkl: folds
Uncalled bet ($3) returned to Scheubi88
Scheubi88 collected $11.76 from pot
Scheubi88: doesn't show hand
*** SUMMARY ***
Total pot $12 | Rake $0.24
Board [Kh Kd Kc]
Seat 1: B_loJkl (big blind) folded on the Flop
Seat 2: Scheubi88 (button) (small blind) collected ($11.76)


PokerStars Hand #170491846999:  Hold'em Limit ($3/$6 USD) - 2017/05/16 9:38:12 ET
Table 'Desiderata' 6-max Seat #1 is the button
Seat 1: B_loJkl ($244.99 in chips)
Seat 2: Scheubi88 ($74.41 in chips)
B_loJkl: posts small blind $1
Scheubi88: posts big blind $3
*** HOLE CARDS ***
B_loJkl: raises $3 to $6
Scheubi88: calls $3
*** FLOP *** [Ad Qs Qd]
Scheubi88: checks
B_loJkl: checks
*** TURN *** [Ad Qs Qd] [4d]
Scheubi88: bets $6
B_loJkl: calls $6
*** RIVER *** [Ad Qs Qd 4d] [3d]
Scheubi88: bets $6
B_loJkl: calls $6
*** SHOW DOWN ***
Scheubi88: shows [Qc 4s] (a full house, Queens full of Fours)
B_loJkl: mucks hand
Scheubi88 collected $35.50 from pot
*** SUMMARY ***
Total pot $36 | Rake $0.50
Board [Ad Qs Qd 4d 3d]
Seat 1: B_loJkl (button) (small blind) mucked
Seat 2: Scheubi88 (big blind) showed [Qc 4s] and won ($35.50) with a full house, Queens full of Fours


PokerStars Hand #170491897234:  Hold'em Limit ($3/$6 USD) - 2017/05/16 9:39:43 ET
Table 'Desiderata' 6-max Seat #1 is the button
Seat 1: B_loJkl ($241.15 in chips)
Seat 2: Scheubi88 ($76.67 in chips)
B_loJkl: posts small blind $1
Scheubi88: posts big blind $3
*** HOLE CARDS ***
B_loJkl: raises $3 to $6
Scheubi88: calls $3
*** FLOP *** [3c Qd 7c]
Scheubi88: checks
B_loJkl: bets $3
Scheubi88: calls $3
*** TURN *** [3c Qd 7c] [Jd]
Scheubi88: checks
B_loJkl: checks
*** RIVER *** [3c Qd 7c Jd] [As]
Scheubi88: checks
B_loJkl: bets $6
Scheubi88: folds
Uncalled bet ($6) returned to B_loJkl
B_loJkl collected $17.64 from pot
B_loJkl: doesn't show hand
*** SUMMARY ***
Total pot $18 | Rake $0.36
Board [3c Qd 7c Jd As]
Seat 1: B_loJkl (button) (small blind) collected ($17.64)
Seat 2: Scheubi88 (big blind) folded on the River


PokerStars Hand #170491874505:  Hold'em Limit ($3/$6 USD) - 2017/05/16 9:39:02 ET
Table 'Desiderata' 6-max Seat #1 is the button
Seat 1: B_loJkl ($220.99 in chips)
Seat 2: Scheubi88 ($97.67 in chips)
B_loJkl: posts small blind $1
Scheubi88: posts big blind $3
*** HOLE CARDS ***
B_loJkl: raises $3 to $6
Scheubi88: calls $3
*** FLOP *** [Jd Qh 6h]
Scheubi88: checks
B_loJkl: bets $3
Scheubi88: calls $3
*** TURN *** [Jd Qh 6h] [9c]
Scheubi88: checks
B_loJkl: bets $6
Scheubi88: folds
Uncalled bet ($6) returned to B_loJkl
B_loJkl collected $17.64 from pot
B_loJkl: doesn't show hand
*** SUMMARY ***
Total pot $18 | Rake $0.36
Board [Jd Qh 6h 9c]
Seat 1: B_loJkl (button) (small blind) collected ($17.64)
Seat 2: Scheubi88 (big blind) folded on the Turn


PokerStars Hand #170491939594:  Hold'em Limit ($3/$6 USD) - 2017/05/16 9:40:58 ET
Table 'Desiderata' 6-max Seat #2 is the button
Seat 1: B_loJkl ($270.04 in chips)
Seat 2: Scheubi88 ($46.42 in chips)
Scheubi88: posts small blind $1
B_loJkl: posts big blind $3
*** HOLE CARDS ***
Scheubi88: raises $3 to $6
B_loJkl: calls $3
*** FLOP *** [4c As 5s]
B_loJkl: checks
Scheubi88: bets $3
B_loJkl: folds
Uncalled bet ($3) returned to Scheubi88
Scheubi88 collected $11.76 from pot
Scheubi88: doesn't show hand
*** SUMMARY ***
Total pot $12 | Rake $0.24
Board [4c As 5s]
Seat 1: B_loJkl (big blind) folded on the Flop
Seat 2: Scheubi88 (button) (small blind) collected ($11.76)


PokerStars Hand #170491912389:  Hold'em Limit ($3/$6 USD) - 2017/05/16 9:40:10 ET
Table 'Desiderata' 6-max Seat #2 is the button
Seat 1: B_loJkl ($249.79 in chips)
Seat 2: Scheubi88 ($67.67 in chips)
Scheubi88: posts small blind $1
B_loJkl: posts big blind $3
*** HOLE CARDS ***
Scheubi88: raises $3 to $6
B_loJkl: calls $3
*** FLOP *** [Ah Qs Qd]
B_loJkl: checks
Scheubi88: bets $3
B_loJkl: calls $3
*** TURN *** [Ah Qs Qd] [Ad]
B_loJkl: checks
Scheubi88: bets $6
B_loJkl: calls $6
*** RIVER *** [Ah Qs Qd Ad] [As]
B_loJkl: checks
Scheubi88: checks
*** SHOW DOWN ***
B_loJkl: shows [Qh 8s] (a full house, Aces full of Queens)
Scheubi88: shows [6c Jc] (a full house, Aces full of Queens)
B_loJkl collected $14.75 from pot
Scheubi88 collected $14.75 from pot
*** SUMMARY ***
Total pot $30 | Rake $0.50
Board [Ah Qs Qd Ad As]
Seat 1: B_loJkl (big blind) showed [Qh 8s] and won ($14.75) with a full house, Aces full of Queens
Seat 2: Scheubi88 (button) (small blind) showed [6c Jc] and won ($14.75) with a full house, Aces full of Queens


PokerStars Hand #170491930091:  Hold'em Limit ($3/$6 USD) - 2017/05/16 9:40:41 ET
Table 'Desiderata' 6-max Seat #1 is the button
Seat 1: B_loJkl ($249.54 in chips)
Seat 2: Scheubi88 ($67.42 in chips)
B_loJkl: posts small blind $1
Scheubi88: posts big blind $3
*** HOLE CARDS ***
B_loJkl: raises $3 to $6
Scheubi88: calls $3
*** FLOP *** [9c Kd 5d]
Scheubi88: checks
B_loJkl: bets $3
Scheubi88: calls $3
*** TURN *** [9c Kd 5d] [7c]
Scheubi88: checks
B_loJkl: bets $6
Scheubi88: calls $6
*** RIVER *** [9c Kd 5d 7c] [8h]
Scheubi88: checks
B_loJkl: bets $6
Scheubi88: calls $6
*** SHOW DOWN ***
B_loJkl: shows [6h 9s] (a straight, Five to Nine)
Scheubi88: mucks hand
B_loJkl collected $41.50 from pot
*** SUMMARY ***
Total pot $42 | Rake $0.50
Board [9c Kd 5d 7c 8h]
Seat 1: B_loJkl (button) (small blind) showed [6h 9s] and won ($41.50) with a straight, Five to Nine
Seat 2: Scheubi88 (big blind) mucked


PokerStars Hand #170491970075:  Hold'em Limit ($3/$6 USD) - 2017/05/16 9:41:52 ET
Table 'Desiderata' 6-max Seat #2 is the button
Seat 1: B_loJkl ($270.56 in chips)
Seat 2: Scheubi88 ($44.94 in chips)
Scheubi88: posts small blind $1
B_loJkl: posts big blind $3
*** HOLE CARDS ***
Scheubi88: folds
Uncalled bet ($2) returned to B_loJkl
B_loJkl collected $2 from pot
B_loJkl: doesn't show hand
*** SUMMARY ***
Total pot $2 | Rake $0
Seat 1: B_loJkl (big blind) collected ($2)
Seat 2: Scheubi88 (button) (small blind) folded before Flop


PokerStars Hand #170491973017:  Hold'em Limit ($3/$6 USD) - 2017/05/16 9:41:58 ET
Table 'Desiderata' 6-max Seat #1 is the button
Seat 1: B_loJkl ($271.56 in chips)
Seat 2: Scheubi88 ($43.94 in chips)
B_loJkl: posts small blind $1
Scheubi88: posts big blind $3
*** HOLE CARDS ***
B_loJkl: raises $3 to $6
Scheubi88: calls $3
*** FLOP *** [4s Th 2d]
Scheubi88: checks
B_loJkl: bets $3
Scheubi88: calls $3
*** TURN *** [4s Th 2d] [4h]
Scheubi88: checks
B_loJkl: checks
*** RIVER *** [4s Th 2d 4h] [Ac]
Scheubi88: checks
B_loJkl: bets $6
Scheubi88: calls $6
*** SHOW DOWN ***
B_loJkl: shows [Ah 8d] (two pair, Aces and Fours)
Scheubi88: mucks hand
B_loJkl collected $29.50 from pot
*** SUMMARY ***
Total pot $30 | Rake $0.50
Board [4s Th 2d 4h Ac]
Seat 1: B_loJkl (button) (small blind) showed [Ah 8d] and won ($29.50) with two pair, Aces and Fours
Seat 2: Scheubi88 (big blind) mucked


PokerStars Hand #170491946153:  Hold'em Limit ($3/$6 USD) - 2017/05/16 9:41:09 ET
Table 'Desiderata' 6-max Seat #1 is the button
Seat 1: B_loJkl ($264.04 in chips)
Seat 2: Scheubi88 ($52.18 in chips)
B_loJkl: posts small blind $1
Scheubi88: posts big blind $3
*** HOLE CARDS ***
B_loJkl: raises $3 to $6
Scheubi88: calls $3
*** FLOP *** [4d 8h 6d]
Scheubi88: checks
B_loJkl: checks
*** TURN *** [4d 8h 6d] [Jc]
Scheubi88: checks
B_loJkl: checks
*** RIVER *** [4d 8h 6d Jc] [Qh]
Scheubi88: checks
B_loJkl: bets $6
Scheubi88: calls $6
*** SHOW DOWN ***
B_loJkl: shows [2s Qc] (a pair of Queens)
Scheubi88: mucks hand
B_loJkl collected $23.52 from pot
*** SUMMARY ***
Total pot $24 | Rake $0.48
Board [4d 8h 6d Jc Qh]
Seat 1: B_loJkl (button) (small blind) showed [2s Qc] and won ($23.52) with a pair of Queens
Seat 2: Scheubi88 (big blind) mucked


PokerStars Hand #170491961716:  Hold'em Limit ($3/$6 USD) - 2017/05/16 9:41:37 ET
Table 'Desiderata' 6-max Seat #1 is the button
Seat 1: B_loJkl ($276.56 in chips)
Seat 2: Scheubi88 ($39.18 in chips)
B_loJkl: posts small blind $1
Scheubi88: posts big blind $3
*** HOLE CARDS ***
B_loJkl: raises $3 to $6
Scheubi88: calls $3
*** FLOP *** [Qs Th Ks]
Scheubi88: checks
B_loJkl: checks
*** TURN *** [Qs Th Ks] [9d]
Scheubi88: bets $6
B_loJkl: folds
Uncalled bet ($6) returned to Scheubi88
Scheubi88 collected $11.76 from pot
Scheubi88: doesn't show hand
*** SUMMARY ***
Total pot $12 | Rake $0.24
Board [Qs Th Ks 9d]
Seat 1: B_loJkl (button) (small blind) folded on the Turn
Seat 2: Scheubi88 (big blind) collected ($11.76)


PokerStars Hand #170491958921:  Hold'em Limit ($3/$6 USD) - 2017/05/16 9:41:32 ET
Table 'Desiderata' 6-max Seat #2 is the button
Seat 1: B_loJkl ($275.56 in chips)
Seat 2: Scheubi88 ($40.18 in chips)
Scheubi88: posts small blind $1
B_loJkl: posts big blind $3
*** HOLE CARDS ***
Scheubi88: folds
Uncalled bet ($2) returned to B_loJkl
B_loJkl collected $2 from pot
B_loJkl: doesn't show hand
*** SUMMARY ***
Total pot $2 | Rake $0
Seat 1: B_loJkl (big blind) collected ($2)
Seat 2: Scheubi88 (button) (small blind) folded before Flop


PokerStars Hand #170492015599:  Hold'em Limit ($3/$6 USD) - 2017/05/16 9:43:14 ET
Table 'Desiderata' 6-max Seat #1 is the button
Seat 1: B_loJkl ($299.06 in chips)
Seat 2: Scheubi88 ($74.44 in chips)
B_loJkl: posts small blind $1
Scheubi88: posts big blind $3
*** HOLE CARDS ***
B_loJkl: raises $3 to $6
Scheubi88: calls $3
*** FLOP *** [Ac 6h 2s]
Scheubi88: checks
B_loJkl: bets $3
Scheubi88: folds
Uncalled bet ($3) returned to B_loJkl
B_loJkl collected $11.76 from pot
B_loJkl: doesn't show hand
*** SUMMARY ***
Total pot $12 | Rake $0.24
Board [Ac 6h 2s]
Seat 1: B_loJkl (button) (small blind) collected ($11.76)
Seat 2: Scheubi88 (big blind) folded on the Flop


PokerStars Hand #170491985013:  Hold'em Limit ($3/$6 USD) - 2017/05/16 9:42:20 ET
Table 'Desiderata' 6-max Seat #2 is the button
Seat 1: B_loJkl ($286.06 in chips)
Seat 2: Scheubi88 ($28.94 in chips)
Scheubi88: posts small blind $1
B_loJkl: posts big blind $3
*** HOLE CARDS ***
Scheubi88: folds
Uncalled bet ($2) returned to B_loJkl
B_loJkl collected $2 from pot
B_loJkl: doesn't show hand
*** SUMMARY ***
Total pot $2 | Rake $0
Seat 1: B_loJkl (big blind) collected ($2)
Seat 2: Scheubi88 (button) (small blind) folded before Flop


PokerStars Hand #170491999311:  Hold'em Limit ($3/$6 USD) - 2017/05/16 9:42:45 ET
Table 'Desiderata' 6-max Seat #1 is the button
Seat 1: B_loJkl ($308.56 in chips)
Seat 2: Scheubi88 ($65.94 in chips)
B_loJkl: posts small blind $1
Scheubi88: posts big blind $3
*** HOLE CARDS ***
B_loJkl: raises $3 to $6
Scheubi88: raises $3 to $9
B_loJkl: calls $3
*** FLOP *** [6c 4h Ts]
Scheubi88: bets $3
B_loJkl: calls $3
*** TURN *** [6c 4h Ts] [5s]
Scheubi88: bets $6
B_loJkl: calls $6
*** RIVER *** [6c 4h Ts 5s] [Kh]
Scheubi88: bets $6
B_loJkl: calls $6
*** SHOW DOWN ***
Scheubi88: shows [Qh Kc] (a pair of Kings)
B_loJkl: mucks hand
Scheubi88 collected $47.50 from pot
*** SUMMARY ***
Total pot $48 | Rake $0.50
Board [6c 4h Ts 5s Kh]
Seat 1: B_loJkl (button) (small blind) mucked
Seat 2: Scheubi88 (big blind) showed [Qh Kc] and won ($47.50) with a pair of Kings


PokerStars Hand #170492008007:  Hold'em Limit ($3/$6 USD) - 2017/05/16 9:43:00 ET
Table 'Desiderata' 6-max Seat #2 is the button
Seat 1: B_loJkl ($284.56 in chips)
Seat 2: Scheubi88 ($89.44 in chips)
Scheubi88: posts small blind $1
B_loJkl: posts big blind $3
*** HOLE CARDS ***
Scheubi88: raises $3 to $6
B_loJkl: calls $3
*** FLOP *** [As 5c Ks]
B_loJkl: checks
Scheubi88: bets $3
B_loJkl: calls $3
*** TURN *** [As 5c Ks] [Qc]
B_loJkl: checks
Scheubi88: checks
*** RIVER *** [As 5c Ks Qc] [Kh]
B_loJkl: bets $6
Scheubi88: calls $6
*** SHOW DOWN ***
B_loJkl: shows [3c Ac] (two pair, Aces and Kings)
Scheubi88: mucks hand
B_loJkl collected $29.50 from pot
*** SUMMARY ***
Total pot $30 | Rake $0.50
Board [As 5c Ks Qc Kh]
Seat 1: B_loJkl (big blind) showed [3c Ac] and won ($29.50) with two pair, Aces and Kings
Seat 2: Scheubi88 (button) (small blind) mucked


PokerStars Hand #170491996720:  Hold'em Limit ($3/$6 USD) - 2017/05/16 9:42:40 ET
Table 'Desiderata' 6-max Seat #2 is the button
Seat 1: B_loJkl ($307.56 in chips)
Seat 2: Scheubi88 ($66.94 in chips)
Scheubi88: posts small blind $1
B_loJkl: posts big blind $3
*** HOLE CARDS ***
Scheubi88: folds
Uncalled bet ($2) returned to B_loJkl
B_loJkl collected $2 from pot
B_loJkl: doesn't show hand
*** SUMMARY ***
Total pot $2 | Rake $0
Seat 1: B_loJkl (big blind) collected ($2)
Seat 2: Scheubi88 (button) (small blind) folded before Flop


PokerStars Hand #170491988104:  Hold'em Limit ($3/$6 USD) - 2017/05/16 9:42:25 ET
Table 'Desiderata' 6-max Seat #1 is the button
Seat 1: B_loJkl ($287.06 in chips)
Seat 2: Scheubi88 ($27.94 in chips)
B_loJkl: posts small blind $1
Scheubi88: posts big blind $3
*** HOLE CARDS ***
B_loJkl: raises $3 to $6
Scheubi88: calls $3
*** FLOP *** [Ah Jd 6h]
Scheubi88: checks
B_loJkl: bets $3
Scheubi88: calls $3
*** TURN *** [Ah Jd 6h] [7c]
Scheubi88: checks
B_loJkl: bets $6
Scheubi88: calls $6
*** RIVER *** [Ah Jd 6h 7c] [Kh]
Scheubi88: checks
B_loJkl: bets $6
Scheubi88: calls $6
*** SHOW DOWN ***
B_loJkl: shows [As Qd] (a pair of Aces)
Scheubi88: mucks hand
B_loJkl collected $41.50 from pot
*** SUMMARY ***
Total pot $42 | Rake $0.50
Board [Ah Jd 6h 7c Kh]
Seat 1: B_loJkl (button) (small blind) showed [As Qd] and won ($41.50) with a pair of Aces
Seat 2: Scheubi88 (big blind) mucked


PokerStars Hand #170492038826:  Hold'em Limit ($3/$6 USD) - 2017/05/16 9:43:55 ET
Table 'Desiderata' 6-max Seat #1 is the button
Seat 1: B_loJkl ($289.82 in chips)
Seat 2: Scheubi88 ($82.94 in chips)
B_loJkl: posts small blind $1
Scheubi88: posts big blind $3
*** HOLE CARDS ***
B_loJkl: raises $3 to $6
Scheubi88: calls $3
*** FLOP *** [6d 7s Jh]
Scheubi88: checks
B_loJkl: bets $3
Scheubi88: calls $3
*** TURN *** [6d 7s Jh] [Qh]
Scheubi88: checks
B_loJkl: bets $6
Scheubi88: folds
Uncalled bet ($6) returned to B_loJkl
B_loJkl collected $17.64 from pot
B_loJkl: doesn't show hand
*** SUMMARY ***
Total pot $18 | Rake $0.36
Board [6d 7s Jh Qh]
Seat 1: B_loJkl (button) (small blind) collected ($17.64)
Seat 2: Scheubi88 (big blind) folded on the Turn


PokerStars Hand #170492020084:  Hold'em Limit ($3/$6 USD) - 2017/05/16 9:43:22 ET
Table 'Desiderata' 6-max Seat #2 is the button
Seat 1: B_loJkl ($304.82 in chips)
Seat 2: Scheubi88 ($68.44 in chips)
Scheubi88: posts small blind $1
B_loJkl: posts big blind $3
*** HOLE CARDS ***
Scheubi88: raises $3 to $6
sienvan joins the table at seat #6
B_loJkl: calls $3
*** FLOP *** [4c Tc 5d]
B_loJkl: checks
Scheubi88: bets $3
B_loJkl: calls $3
*** TURN *** [4c Tc 5d] [3h]
B_loJkl: checks
Scheubi88: bets $6
B_loJkl: calls $6
*** RIVER *** [4c Tc 5d 3h] [Qd]
B_loJkl: checks
Scheubi88: bets $6
B_loJkl: folds
Uncalled bet ($6) returned to Scheubi88
Scheubi88 collected $29.50 from pot
Scheubi88: doesn't show hand
*** SUMMARY ***
Total pot $30 | Rake $0.50
Board [4c Tc 5d 3h Qd]
Seat 1: B_loJkl (big blind) folded on the River
Seat 2: Scheubi88 (button) (small blind) collected ($29.50)


PokerStars Hand #170492357110:  Hold'em Limit ($3/$6 USD) - 2017/05/16 9:53:22 ET
Table 'Desiderata' 6-max Seat #6 is the button
Seat 2: Scheubi88 ($47.37 in chips)
Seat 6: sienvan ($76.75 in chips)
sienvan: posts small blind $1
Scheubi88: posts big blind $3
*** HOLE CARDS ***
sienvan: folds
Uncalled bet ($2) returned to Scheubi88
Scheubi88 collected $2 from pot
Scheubi88: doesn't show hand
*** SUMMARY ***
Total pot $2 | Rake $0
Seat 2: Scheubi88 (big blind) collected ($2)
Seat 6: sienvan (button) (small blind) folded before Flop


PokerStars Hand #170492343959:  Hold'em Limit ($3/$6 USD) - 2017/05/16 9:52:59 ET
Table 'Desiderata' 6-max Seat #2 is the button
Seat 2: Scheubi88 ($68.37 in chips)
Seat 6: sienvan ($56.25 in chips)
Scheubi88: posts small blind $1
sienvan: posts big blind $3
*** HOLE CARDS ***
Scheubi88: raises $3 to $6
sienvan: calls $3
*** FLOP *** [Jc Ah Ts]
sienvan: checks
Scheubi88: bets $3
sienvan: calls $3
*** TURN *** [Jc Ah Ts] [2c]
sienvan: checks
Scheubi88: bets $6
sienvan: calls $6
*** RIVER *** [Jc Ah Ts 2c] [8h]
sienvan: checks
Scheubi88: bets $6
sienvan: calls $6
*** SHOW DOWN ***
Scheubi88: shows [4h 9c] (high card Ace)
sienvan: shows [Th Qh] (a pair of Tens)
sienvan collected $41.50 from pot
*** SUMMARY ***
Total pot $42 | Rake $0.50
Board [Jc Ah Ts 2c 8h]
Seat 2: Scheubi88 (button) (small blind) showed [4h 9c] and lost with high card Ace
Seat 6: sienvan (big blind) showed [Th Qh] and won ($41.50) with a pair of Tens


PokerStars Hand #170492359608:  Hold'em Limit ($3/$6 USD) - 2017/05/16 9:53:27 ET
Table 'Desiderata' 6-max Seat #2 is the button
Seat 2: Scheubi88 ($48.37 in chips)
Seat 6: sienvan ($75.75 in chips)
Scheubi88: posts small blind $1
sienvan: posts big blind $3
*** HOLE CARDS ***
Scheubi88: raises $3 to $6
sienvan: calls $3
*** FLOP *** [4s Kd 5s]
sienvan: checks
Scheubi88: bets $3
sienvan: folds
Uncalled bet ($3) returned to Scheubi88
Scheubi88 collected $11.76 from pot
Scheubi88: doesn't show hand
*** SUMMARY ***
Total pot $12 | Rake $0.24
Board [4s Kd 5s]
Seat 2: Scheubi88 (button) (small blind) collected ($11.76)
Seat 6: sienvan (big blind) folded on the Flop


PokerStars Hand #170492366534:  Hold'em Limit ($3/$6 USD) - 2017/05/16 9:53:39 ET
Table 'Desiderata' 6-max Seat #2 is the button
Seat 2: Scheubi88 ($55.13 in chips)
Seat 6: sienvan ($68.75 in chips)
Scheubi88: posts small blind $1
sienvan: posts big blind $3
*** HOLE CARDS ***
Scheubi88: raises $3 to $6
sienvan: calls $3
*** FLOP *** [Tc Qh 8d]
sienvan: checks
Scheubi88: bets $3
sienvan: folds
Uncalled bet ($3) returned to Scheubi88
Scheubi88 collected $11.76 from pot
Scheubi88: doesn't show hand
*** SUMMARY ***
Total pot $12 | Rake $0.24
Board [Tc Qh 8d]
Seat 2: Scheubi88 (button) (small blind) collected ($11.76)
Seat 6: sienvan (big blind) folded on the Flop


PokerStars Hand #170492363994:  Hold'em Limit ($3/$6 USD) - 2017/05/16 9:53:35 ET
Table 'Desiderata' 6-max Seat #6 is the button
Seat 2: Scheubi88 ($54.13 in chips)
Seat 6: sienvan ($69.75 in chips)
sienvan: posts small blind $1
Scheubi88: posts big blind $3
*** HOLE CARDS ***
sienvan: folds
Uncalled bet ($2) returned to Scheubi88
Scheubi88 collected $2 from pot
Scheubi88: doesn't show hand
*** SUMMARY ***
Total pot $2 | Rake $0
Seat 2: Scheubi88 (big blind) collected ($2)
Seat 6: sienvan (button) (small blind) folded before Flop


PokerStars Hand #170492377438:  Hold'em Limit ($3/$6 USD) - 2017/05/16 9:53:59 ET
Table 'Desiderata' 6-max Seat #2 is the button
Seat 2: Scheubi88 ($78.39 in chips)
Seat 6: sienvan ($44.75 in chips)
Scheubi88: posts small blind $1
sienvan: posts big blind $3
*** HOLE CARDS ***
Scheubi88: raises $3 to $6
sienvan: raises $3 to $9
Scheubi88: calls $3
*** FLOP *** [5c 3s 2c]
sienvan: bets $3
Scheubi88: calls $3
*** TURN *** [5c 3s 2c] [Qh]
sienvan: bets $6
Scheubi88: calls $6
*** RIVER *** [5c 3s 2c Qh] [7s]
sienvan: bets $6
Scheubi88: calls $6
*** SHOW DOWN ***
sienvan: shows [Kh Ah] (high card Ace)
Scheubi88: mucks hand
sienvan collected $47.50 from pot
*** SUMMARY ***
Total pot $48 | Rake $0.50
Board [5c 3s 2c Qh 7s]
Seat 2: Scheubi88 (button) (small blind) mucked
Seat 6: sienvan (big blind) showed [Kh Ah] and won ($47.50) with high card Ace


PokerStars Hand #170492385674:  Hold'em Limit ($3/$6 USD) - 2017/05/16 9:54:13 ET
Table 'Desiderata' 6-max Seat #6 is the button
Seat 2: Scheubi88 ($54.39 in chips)
Seat 6: sienvan ($68.25 in chips)
sienvan: posts small blind $1
Scheubi88: posts big blind $3
*** HOLE CARDS ***
sienvan: folds
Uncalled bet ($2) returned to Scheubi88
Scheubi88 collected $2 from pot
Scheubi88: doesn't show hand
*** SUMMARY ***
Total pot $2 | Rake $0
Seat 2: Scheubi88 (big blind) collected ($2)
Seat 6: sienvan (button) (small blind) folded before Flop


PokerStars Hand #170492371179:  Hold'em Limit ($3/$6 USD) - 2017/05/16 9:53:47 ET
Table 'Desiderata' 6-max Seat #6 is the button
Seat 2: Scheubi88 ($60.89 in chips)
Seat 6: sienvan ($62.75 in chips)
sienvan: posts small blind $1
Scheubi88: posts big blind $3
*** HOLE CARDS ***
sienvan: raises $3 to $6
Scheubi88: calls $3
*** FLOP *** [2d 8c 7s]
Scheubi88: checks
sienvan: checks
*** TURN *** [2d 8c 7s] [6c]
Scheubi88: bets $6
sienvan: calls $6
*** RIVER *** [2d 8c 7s 6c] [6d]
Scheubi88: bets $6
sienvan: calls $6
*** SHOW DOWN ***
Scheubi88: shows [9c Th] (a straight, Six to Ten)
sienvan: mucks hand
Scheubi88 collected $35.50 from pot
*** SUMMARY ***
Total pot $36 | Rake $0.50
Board [2d 8c 7s 6c 6d]
Seat 2: Scheubi88 (big blind) showed [9c Th] and won ($35.50) with a straight, Six to Ten
Seat 6: sienvan (button) (small blind) mucked


PokerStars Hand #170492388535:  Hold'em Limit ($3/$6 USD) - 2017/05/16 9:54:18 ET
Table 'Desiderata' 6-max Seat #2 is the button
Seat 2: Scheubi88 ($55.39 in chips)
Seat 6: sienvan ($67.25 in chips)
Scheubi88: posts small blind $1
sienvan: posts big blind $3
*** HOLE CARDS ***
Scheubi88: raises $3 to $6
sienvan: calls $3
*** FLOP *** [Qd 9s Jd]
sienvan: checks
Scheubi88: bets $3
sienvan: calls $3
*** TURN *** [Qd 9s Jd] [Kh]
sienvan: checks
Scheubi88: bets $6
sienvan: calls $6
*** RIVER *** [Qd 9s Jd Kh] [Kd]
sienvan: checks
Scheubi88: bets $6
sienvan: calls $6
*** SHOW DOWN ***
Scheubi88: shows [7h 8c] (a pair of Kings)
sienvan: shows [Qh 5h] (two pair, Kings and Queens)
sienvan collected $41.50 from pot
*** SUMMARY ***
Total pot $42 | Rake $0.50
Board [Qd 9s Jd Kh Kd]
Seat 2: Scheubi88 (button) (small blind) showed [7h 8c] and lost with a pair of Kings
Seat 6: sienvan (big blind) showed [Qh 5h] and won ($41.50) with two pair, Kings and Queens


PokerStars Hand #170492407287:  Hold'em Limit ($3/$6 USD) - 2017/05/16 9:54:52 ET
Table 'Desiderata' 6-max Seat #2 is the button
Seat 2: Scheubi88 ($25.39 in chips)
Seat 6: sienvan ($96.39 in chips)
Scheubi88: posts small blind $1
sienvan: posts big blind $3
*** HOLE CARDS ***
Scheubi88: folds
Uncalled bet ($2) returned to sienvan
sienvan collected $2 from pot
sienvan: doesn't show hand
*** SUMMARY ***
Total pot $2 | Rake $0
Seat 2: Scheubi88 (button) (small blind) folded before Flop
Seat 6: sienvan (big blind) collected ($2)


PokerStars Hand #170492399215:  Hold'em Limit ($3/$6 USD) - 2017/05/16 9:54:37 ET
Table 'Desiderata' 6-max Seat #6 is the button
Seat 2: Scheubi88 ($34.39 in chips)
Seat 6: sienvan ($87.75 in chips)
sienvan: posts small blind $1
Scheubi88: posts big blind $3
*** HOLE CARDS ***
sienvan: calls $2
Scheubi88: checks
*** FLOP *** [7d 7h 4h]
Scheubi88: checks
sienvan: checks
*** TURN *** [7d 7h 4h] [Ks]
Scheubi88: bets $6
sienvan: calls $6
*** RIVER *** [7d 7h 4h Ks] [Qc]
Scheubi88: checks
sienvan: bets $6
Scheubi88: folds
Uncalled bet ($6) returned to sienvan
sienvan collected $17.64 from pot
sienvan: doesn't show hand
*** SUMMARY ***
Total pot $18 | Rake $0.36
Board [7d 7h 4h Ks Qc]
Seat 2: Scheubi88 (big blind) folded on the River
Seat 6: sienvan (button) (small blind) collected ($17.64)


PokerStars Hand #170492409616:  Hold'em Limit ($3/$6 USD) - 2017/05/16 9:54:56 ET
Table 'Desiderata' 6-max Seat #6 is the button
Seat 2: Scheubi88 ($84.39 in chips)
Seat 6: sienvan ($97.39 in chips)
sienvan: posts small blind $1
Scheubi88: posts big blind $3
*** HOLE CARDS ***
sienvan: calls $2
Scheubi88: raises $3 to $6
sienvan: calls $3
*** FLOP *** [5c 8h 4d]
Scheubi88: bets $3
sienvan: calls $3
*** TURN *** [5c 8h 4d] [Qs]
Scheubi88: bets $6
sienvan: calls $6
*** RIVER *** [5c 8h 4d Qs] [As]
Scheubi88: checks
sienvan: checks
*** SHOW DOWN ***
Scheubi88: shows [Ad Jh] (a pair of Aces)
sienvan: mucks hand
Scheubi88 collected $29.50 from pot
*** SUMMARY ***
Total pot $30 | Rake $0.50
Board [5c 8h 4d Qs As]
Seat 2: Scheubi88 (big blind) showed [Ad Jh] and won ($29.50) with a pair of Aces
Seat 6: sienvan (button) (small blind) mucked


PokerStars Hand #170492417587:  Hold'em Limit ($3/$6 USD) - 2017/05/16 9:55:10 ET
Table 'Desiderata' 6-max Seat #2 is the button
Seat 2: Scheubi88 ($98.89 in chips)
Seat 6: sienvan ($82.39 in chips)
Scheubi88: posts small blind $1
sienvan: posts big blind $3
*** HOLE CARDS ***
Scheubi88: raises $3 to $6
sienvan: calls $3
*** FLOP *** [Qd 9s 3d]
sienvan: checks
Scheubi88: bets $3
sienvan: folds
Uncalled bet ($3) returned to Scheubi88
Scheubi88 collected $11.76 from pot
Scheubi88: doesn't show hand
*** SUMMARY ***
Total pot $12 | Rake $0.24
Board [Qd 9s 3d]
Seat 2: Scheubi88 (button) (small blind) collected ($11.76)
Seat 6: sienvan (big blind) folded on the Flop


PokerStars Hand #170492429533:  Hold'em Limit ($3/$6 USD) - 2017/05/16 9:55:34 ET
Table 'Desiderata' 6-max Seat #2 is the button
Seat 2: Scheubi88 ($86.65 in chips)
Seat 6: sienvan ($93.89 in chips)
Scheubi88: posts small blind $1
sienvan: posts big blind $3
*** HOLE CARDS ***
Scheubi88: raises $3 to $6
sienvan: calls $3
*** FLOP *** [5c Js 8c]
sienvan: checks
Scheubi88: bets $3
sienvan: calls $3
*** TURN *** [5c Js 8c] [5h]
sienvan: checks
Scheubi88: bets $6
sienvan: calls $6
*** RIVER *** [5c Js 8c 5h] [4d]
sienvan: checks
Scheubi88: bets $6
sienvan: calls $6
*** SHOW DOWN ***
Scheubi88: shows [Th 6h] (a pair of Fives)
sienvan: shows [8h 3h] (two pair, Eights and Fives)
sienvan collected $41.50 from pot
*** SUMMARY ***
Total pot $42 | Rake $0.50
Board [5c Js 8c 5h 4d]
Seat 2: Scheubi88 (button) (small blind) showed [Th 6h] and lost with a pair of Fives
Seat 6: sienvan (big blind) showed [8h 3h] and won ($41.50) with two pair, Eights and Fives


PokerStars Hand #170492423155:  Hold'em Limit ($3/$6 USD) - 2017/05/16 9:55:21 ET
Table 'Desiderata' 6-max Seat #6 is the button
Seat 2: Scheubi88 ($104.65 in chips)
Seat 6: sienvan ($76.39 in chips)
sienvan: posts small blind $1
Scheubi88: posts big blind $3
*** HOLE CARDS ***
sienvan: raises $3 to $6
Scheubi88: calls $3
*** FLOP *** [4c Kd 7s]
Scheubi88: checks
sienvan: checks
*** TURN *** [4c Kd 7s] [6c]
Scheubi88: checks
sienvan: bets $6
Scheubi88: calls $6
*** RIVER *** [4c Kd 7s 6c] [Ac]
Scheubi88: checks
sienvan: bets $6
Scheubi88: calls $6
*** SHOW DOWN ***
sienvan: shows [Ah Ks] (two pair, Aces and Kings)
Scheubi88: mucks hand
sienvan collected $35.50 from pot
*** SUMMARY ***
Total pot $36 | Rake $0.50
Board [4c Kd 7s 6c Ac]
Seat 2: Scheubi88 (big blind) mucked
Seat 6: sienvan (button) (small blind) showed [Ah Ks] and won ($35.50) with two pair, Aces and Kings


PokerStars Hand #170492437173:  Hold'em Limit ($3/$6 USD) - 2017/05/16 9:55:50 ET
Table 'Desiderata' 6-max Seat #6 is the button
Seat 2: Scheubi88 ($65.65 in chips)
Seat 6: sienvan ($114.39 in chips)
sienvan: posts small blind $1
Scheubi88: posts big blind $3
*** HOLE CARDS ***
sienvan: raises $3 to $6
Scheubi88: calls $3
*** FLOP *** [7s 3s Js]
Scheubi88: checks
sienvan: checks
*** TURN *** [7s 3s Js] [Jh]
Scheubi88: checks
sienvan: checks
*** RIVER *** [7s 3s Js Jh] [7h]
Scheubi88: checks
sienvan: bets $6
Scheubi88: folds
Uncalled bet ($6) returned to sienvan
sienvan collected $11.76 from pot
sienvan: doesn't show hand
*** SUMMARY ***
Total pot $12 | Rake $0.24
Board [7s 3s Js Jh 7h]
Seat 2: Scheubi88 (big blind) folded on the River
Seat 6: sienvan (button) (small blind) collected ($11.76)


PokerStars Hand #170492443416:  Hold'em Limit ($3/$6 USD) - 2017/05/16 9:56:03 ET
Table 'Desiderata' 6-max Seat #2 is the button
Seat 2: Scheubi88 ($59.65 in chips)
Seat 6: sienvan ($120.15 in chips)
Scheubi88: posts small blind $1
sienvan: posts big blind $3
*** HOLE CARDS ***
Scheubi88: raises $3 to $6
sienvan: calls $3
*** FLOP *** [9c 3h Ac]
sienvan: checks
Scheubi88: bets $3
sienvan: calls $3
*** TURN *** [9c 3h Ac] [Qh]
sienvan: checks
Scheubi88: bets $6
sienvan: calls $6
*** RIVER *** [9c 3h Ac Qh] [Td]
sienvan: bets $6
Scheubi88: raises $6 to $12
sienvan: calls $6
*** SHOW DOWN ***
Scheubi88: shows [3c 9s] (two pair, Nines and Threes)
sienvan: shows [Jh 8c] (a straight, Eight to Queen)
sienvan collected $53.50 from pot
*** SUMMARY ***
Total pot $54 | Rake $0.50
Board [9c 3h Ac Qh Td]
Seat 2: Scheubi88 (button) (small blind) showed [3c 9s] and lost with two pair, Nines and Threes
Seat 6: sienvan (big blind) showed [Jh 8c] and won ($53.50) with a straight, Eight to Queen


PokerStars Hand #170492473731:  Hold'em Limit ($3/$6 USD) - 2017/05/16 9:57:06 ET
Table 'Desiderata' 6-max Seat #6 is the button
Seat 2: Scheubi88 ($14.65 in chips)
Seat 6: sienvan ($164.03 in chips)
sienvan: posts small blind $1
Scheubi88: posts big blind $3
*** HOLE CARDS ***
sienvan: folds
Uncalled bet ($2) returned to Scheubi88
Scheubi88 collected $2 from pot
Scheubi88: doesn't show hand
*** SUMMARY ***
Total pot $2 | Rake $0
Seat 2: Scheubi88 (big blind) collected ($2)
Seat 6: sienvan (button) (small blind) folded before Flop


PokerStars Hand #170492460559:  Hold'em Limit ($3/$6 USD) - 2017/05/16 9:56:38 ET
Table 'Desiderata' 6-max Seat #6 is the button
Seat 2: Scheubi88 ($32.65 in chips)
Seat 6: sienvan ($146.65 in chips)
sienvan: posts small blind $1
Scheubi88: posts big blind $3
*** HOLE CARDS ***
sienvan: calls $2
Scheubi88: checks
*** FLOP *** [Ah Qd 3c]
Scheubi88: checks
sienvan: checks
*** TURN *** [Ah Qd 3c] [8d]
Scheubi88: checks
sienvan: checks
*** RIVER *** [Ah Qd 3c 8d] [Qs]
Scheubi88: checks
sienvan: checks
*** SHOW DOWN ***
Scheubi88: shows [2c 6c] (a pair of Queens)
sienvan: shows [Kc 6s] (a pair of Queens - Ace+King kicker)
sienvan collected $5.88 from pot
*** SUMMARY ***
Total pot $6 | Rake $0.12
Board [Ah Qd 3c 8d Qs]
Seat 2: Scheubi88 (big blind) showed [2c 6c] and lost with a pair of Queens
Seat 6: sienvan (button) (small blind) showed [Kc 6s] and won ($5.88) with a pair of Queens


PokerStars Hand #170492465990:  Hold'em Limit ($3/$6 USD) - 2017/05/16 9:56:50 ET
Table 'Desiderata' 6-max Seat #2 is the button
Seat 2: Scheubi88 ($29.65 in chips)
Seat 6: sienvan ($149.53 in chips)
Scheubi88: posts small blind $1
sienvan: posts big blind $3
*** HOLE CARDS ***
Scheubi88: raises $3 to $6
sienvan: calls $3
*** FLOP *** [As Ah Jc]
sienvan: checks
Scheubi88: bets $3
sienvan: calls $3
*** TURN *** [As Ah Jc] [Ad]
sienvan: checks
Scheubi88: bets $6
sienvan: calls $6
*** RIVER *** [As Ah Jc Ad] [7c]
sienvan: bets $6
Scheubi88: folds
Uncalled bet ($6) returned to sienvan
sienvan collected $29.50 from pot
sienvan: doesn't show hand
*** SUMMARY ***
Total pot $30 | Rake $0.50
Board [As Ah Jc Ad 7c]
Seat 2: Scheubi88 (button) (small blind) folded on the River
Seat 6: sienvan (big blind) collected ($29.50)


PokerStars Hand #170492456578:  Hold'em Limit ($3/$6 USD) - 2017/05/16 9:56:30 ET
Table 'Desiderata' 6-max Seat #2 is the button
Seat 2: Scheubi88 ($33.65 in chips)
Seat 6: sienvan ($145.65 in chips)
Scheubi88: posts small blind $1
sienvan: posts big blind $3
*** HOLE CARDS ***
Scheubi88 said, "idiot"
Scheubi88: folds
Uncalled bet ($2) returned to sienvan
sienvan collected $2 from pot
sienvan: doesn't show hand
*** SUMMARY ***
Total pot $2 | Rake $0
Seat 2: Scheubi88 (button) (small blind) folded before Flop
Seat 6: sienvan (big blind) collected ($2)


PokerStars Hand #170492454469:  Hold'em Limit ($3/$6 USD) - 2017/05/16 9:56:26 ET
Table 'Desiderata' 6-max Seat #6 is the button
Seat 2: Scheubi88 ($32.65 in chips)
Seat 6: sienvan ($146.65 in chips)
sienvan: posts small blind $1
Scheubi88: posts big blind $3
*** HOLE CARDS ***
sienvan: folds
Uncalled bet ($2) returned to Scheubi88
Scheubi88 collected $2 from pot
Scheubi88: doesn't show hand
*** SUMMARY ***
Total pot $2 | Rake $0
Seat 2: Scheubi88 (big blind) collected ($2)
Seat 6: sienvan (button) (small blind) folded before Flop


PokerStars Hand #170492475823:  Hold'em Limit ($3/$6 USD) - 2017/05/16 9:57:10 ET
Table 'Desiderata' 6-max Seat #2 is the button
Seat 2: Scheubi88 ($15.65 in chips)
Seat 6: sienvan ($163.03 in chips)
Scheubi88: posts small blind $1
sienvan: posts big blind $3
*** HOLE CARDS ***
Scheubi88: raises $3 to $6
sienvan: calls $3
*** FLOP *** [4c 7h 8s]
sienvan: checks
Scheubi88: bets $3
sienvan: calls $3
*** TURN *** [4c 7h 8s] [2d]
sienvan: checks
Scheubi88: bets $6
sienvan: raises $6 to $12
Scheubi88: calls $0.65 and is all-in
Uncalled bet ($5.35) returned to sienvan
*** RIVER *** [4c 7h 8s 2d] [6d]
*** SHOW DOWN ***
sienvan: shows [Jh Td] (high card Jack)
Scheubi88: shows [Jd 4d] (a pair of Fours)
Scheubi88 collected $30.80 from pot
*** SUMMARY ***
Total pot $31.30 | Rake $0.50
Board [4c 7h 8s 2d 6d]
Seat 2: Scheubi88 (button) (small blind) showed [Jd 4d] and won ($30.80) with a pair of Fours
Seat 6: sienvan (big blind) showed [Jh Td] and lost with high card Jack


PokerStars Hand #170492488909:  Hold'em Limit ($3/$6 USD) - 2017/05/16 9:57:37 ET
Table 'Desiderata' 6-max Seat #2 is the button
Seat 2: Scheubi88 ($21.80 in chips)
Seat 6: sienvan ($156.02 in chips)
Scheubi88: posts small blind $1
sienvan: posts big blind $3
*** HOLE CARDS ***
Scheubi88: raises $3 to $6
sienvan: calls $3
*** FLOP *** [Td 3h Jc]
sienvan: checks
Scheubi88: bets $3
sienvan: folds
Uncalled bet ($3) returned to Scheubi88
Scheubi88 collected $11.76 from pot
Scheubi88: doesn't show hand
*** SUMMARY ***
Total pot $12 | Rake $0.24
Board [Td 3h Jc]
Seat 2: Scheubi88 (button) (small blind) collected ($11.76)
Seat 6: sienvan (big blind) folded on the Flop


PokerStars Hand #170492483758:  Hold'em Limit ($3/$6 USD) - 2017/05/16 9:57:26 ET
Table 'Desiderata' 6-max Seat #6 is the button
Seat 2: Scheubi88 ($30.80 in chips)
Seat 6: sienvan ($147.38 in chips)
sienvan: posts small blind $1
Scheubi88: posts big blind $3
*** HOLE CARDS ***
sienvan: calls $2
Scheubi88: checks
*** FLOP *** [Th 7c 6h]
Scheubi88: checks
sienvan: checks
*** TURN *** [Th 7c 6h] [6c]
Scheubi88: bets $6
sienvan: calls $6
*** RIVER *** [Th 7c 6h 6c] [Js]
Scheubi88: checks
sienvan: checks
*** SHOW DOWN ***
Scheubi88: shows [Qs 8d] (a pair of Sixes)
sienvan: shows [Kc 5c] (a pair of Sixes - King kicker)
sienvan collected $17.64 from pot
*** SUMMARY ***
Total pot $18 | Rake $0.36
Board [Th 7c 6h 6c Js]
Seat 2: Scheubi88 (big blind) showed [Qs 8d] and lost with a pair of Sixes
Seat 6: sienvan (button) (small blind) showed [Kc 5c] and won ($17.64) with a pair of Sixes


PokerStars Hand #170492493550:  Hold'em Limit ($3/$6 USD) - 2017/05/16 9:57:47 ET
Table 'Desiderata' 6-max Seat #6 is the button
Seat 2: Scheubi88 ($27.56 in chips)
Seat 6: sienvan ($150.02 in chips)
sienvan: posts small blind $1
Scheubi88: posts big blind $3
*** HOLE CARDS ***
sienvan: calls $2
Scheubi88: checks
*** FLOP *** [Ah 9d 7s]
Scheubi88: checks
sienvan: checks
*** TURN *** [Ah 9d 7s] [Td]
Scheubi88: bets $6
sienvan: folds
Uncalled bet ($6) returned to Scheubi88
Scheubi88 collected $5.88 from pot
Scheubi88: doesn't show hand
*** SUMMARY ***
Total pot $6 | Rake $0.12
Board [Ah 9d 7s Td]
Seat 2: Scheubi88 (big blind) collected ($5.88)
Seat 6: sienvan (button) (small blind) folded on the Turn


PokerStars Hand #170492510188:  Hold'em Limit ($3/$6 USD) - 2017/05/16 9:58:20 ET
Table 'Desiderata' 6-max Seat #6 is the button
Seat 2: Scheubi88 ($44.94 in chips)
Seat 6: sienvan ($132.02 in chips)
sienvan: posts small blind $1
Scheubi88: posts big blind $3
*** HOLE CARDS ***
sienvan: folds
Uncalled bet ($2) returned to Scheubi88
Scheubi88 collected $2 from pot
Scheubi88: doesn't show hand
*** SUMMARY ***
Total pot $2 | Rake $0
Seat 2: Scheubi88 (big blind) collected ($2)
Seat 6: sienvan (button) (small blind) folded before Flop


PokerStars Hand #170492499957:  Hold'em Limit ($3/$6 USD) - 2017/05/16 9:58:00 ET
Table 'Desiderata' 6-max Seat #2 is the button
Seat 2: Scheubi88 ($30.44 in chips)
Seat 6: sienvan ($147.02 in chips)
Scheubi88: posts small blind $1
sienvan: posts big blind $3
*** HOLE CARDS ***
Scheubi88: raises $3 to $6
sienvan: calls $3
*** FLOP *** [9h Js 4d]
sienvan: checks
Scheubi88: bets $3
sienvan: calls $3
*** TURN *** [9h Js 4d] [Qc]
sienvan: checks
Scheubi88: bets $6
sienvan: calls $6
*** RIVER *** [9h Js 4d Qc] [8h]
sienvan: checks
Scheubi88: bets $6
sienvan: folds
Uncalled bet ($6) returned to Scheubi88
Scheubi88 collected $29.50 from pot
Scheubi88: doesn't show hand
*** SUMMARY ***
Total pot $30 | Rake $0.50
Board [9h Js 4d Qc 8h]
Seat 2: Scheubi88 (button) (small blind) collected ($29.50)
Seat 6: sienvan (big blind) folded on the River


PokerStars Hand #170492513043:  Hold'em Limit ($3/$6 USD) - 2017/05/16 9:58:26 ET
Table 'Desiderata' 6-max Seat #2 is the button
Seat 2: Scheubi88 ($45.94 in chips)
Seat 6: sienvan ($131.02 in chips)
Scheubi88: posts small blind $1
sienvan: posts big blind $3
*** HOLE CARDS ***
Scheubi88: raises $3 to $6
sienvan: raises $3 to $9
Scheubi88: calls $3
*** FLOP *** [Ad 8d 8s]
sienvan: bets $3
Scheubi88: folds
Uncalled bet ($3) returned to sienvan
sienvan collected $17.64 from pot
sienvan: doesn't show hand
*** SUMMARY ***
Total pot $18 | Rake $0.36
Board [Ad 8d 8s]
Seat 2: Scheubi88 (button) (small blind) folded on the Flop
Seat 6: sienvan (big blind) collected ($17.64)


PokerStars Hand #170492541126:  Hold'em Limit ($3/$6 USD) - 2017/05/16 9:59:23 ET
Table 'Desiderata' 6-max Seat #6 is the button
Seat 2: Scheubi88 ($34.58 in chips)
Seat 6: sienvan ($131.66 in chips)
sienvan: posts small blind $1
Scheubi88: posts big blind $3
*** HOLE CARDS ***
sienvan: folds
Uncalled bet ($2) returned to Scheubi88
Scheubi88 collected $2 from pot
Scheubi88: doesn't show hand
*** SUMMARY ***
Total pot $2 | Rake $0
Seat 2: Scheubi88 (big blind) collected ($2)
Seat 6: sienvan (button) (small blind) folded before Flop


PokerStars Hand #170492538341:  Hold'em Limit ($3/$6 USD) - 2017/05/16 9:59:17 ET
Table 'Desiderata' 6-max Seat #2 is the button
Seat 2: Scheubi88 ($31.58 in chips)
Seat 6: sienvan ($134.66 in chips)
Scheubi88: posts small blind $1
Master60002: is sitting out
sienvan: posts big blind $3
*** HOLE CARDS ***
Scheubi88: raises $3 to $6
sienvan: folds
Uncalled bet ($3) returned to Scheubi88
Scheubi88 collected $6 from pot
Scheubi88: doesn't show hand
*** SUMMARY ***
Total pot $6 | Rake $0
Seat 2: Scheubi88 (button) (small blind) collected ($6)
Seat 6: sienvan (big blind) folded before Flop


PokerStars Hand #170492543162:  Hold'em Limit ($3/$6 USD) - 2017/05/16 9:59:27 ET
Table 'Desiderata' 6-max Seat #2 is the button
Seat 2: Scheubi88 ($35.58 in chips)
Seat 6: sienvan ($130.66 in chips)
Scheubi88: posts small blind $1
sienvan: posts big blind $3
*** HOLE CARDS ***
kolaz03 joins the table at seat #1
Scheubi88: raises $3 to $6
sienvan: calls $3
*** FLOP *** [Qs 5h 3d]
sienvan: checks
Scheubi88: bets $3
sienvan: calls $3
*** TURN *** [Qs 5h 3d] [6h]
sienvan: checks
Scheubi88: checks
*** RIVER *** [Qs 5h 3d 6h] [Ac]
sienvan: bets $6
Scheubi88: folds
Uncalled bet ($6) returned to sienvan
sienvan collected $17.64 from pot
sienvan: doesn't show hand
*** SUMMARY ***
Total pot $18 | Rake $0.36
Board [Qs 5h 3d 6h Ac]
Seat 2: Scheubi88 (button) (small blind) folded on the River
Seat 6: sienvan (big blind) collected ($17.64)


PokerStars Hand #170492869073:  Hold'em Limit ($3/$6 USD) - 2017/05/16 10:09:10 ET
Table 'Desiderata' 6-max Seat #3 is the button
Seat 1: kolaz03 ($108.08 in chips)
Seat 3: Iron152rus ($45 in chips)
Iron152rus: posts small blind $1
kolaz03: posts big blind $3
*** HOLE CARDS ***
Iron152rus: folds
Uncalled bet ($2) returned to kolaz03
kolaz03 collected $2 from pot
kolaz03: doesn't show hand
*** SUMMARY ***
Total pot $2 | Rake $0
Seat 1: kolaz03 (big blind) collected ($2)
Seat 3: Iron152rus (button) (small blind) folded before Flop


PokerStars Hand #170492871983:  Hold'em Limit ($3/$6 USD) - 2017/05/16 10:09:15 ET
Table 'Desiderata' 6-max Seat #1 is the button
Seat 1: kolaz03 ($109.08 in chips)
Seat 3: Iron152rus ($44 in chips)
kolaz03: posts small blind $1
Iron152rus: posts big blind $3
*** HOLE CARDS ***
kolaz03: raises $3 to $6
Iron152rus: calls $3
*** FLOP *** [2d 5h Qc]
sienvan leaves the table
Iron152rus: bets $3
sienvan joins the table at seat #6
kolaz03: calls $3
*** TURN *** [2d 5h Qc] [Tc]
Iron152rus: checks
kolaz03: checks
*** RIVER *** [2d 5h Qc Tc] [3h]
Iron152rus: checks
kolaz03: checks
*** SHOW DOWN ***
Iron152rus: shows [2h As] (a pair of Deuces)
kolaz03: mucks hand
Iron152rus collected $17.64 from pot
*** SUMMARY ***
Total pot $18 | Rake $0.36
Board [2d 5h Qc Tc 3h]
Seat 1: kolaz03 (button) (small blind) mucked
Seat 3: Iron152rus (big blind) showed [2h As] and won ($17.64) with a pair of Deuces


PokerStars Hand #170493021314:  Hold'em Limit ($3/$6 USD) - 2017/05/16 10:13:34 ET
Table 'Desiderata' 6-max Seat #4 is the button
Seat 4: PayMyAudiR8 ($80 in chips)
Seat 6: sienvan ($44.64 in chips)
PayMyAudiR8: posts small blind $1
sienvan: posts big blind $3
*** HOLE CARDS ***
PayMyAudiR8: raises $3 to $6
sienvan: calls $3
*** FLOP *** [Qd 7h 3c]
sienvan: checks
PayMyAudiR8: bets $3
sienvan: calls $3
*** TURN *** [Qd 7h 3c] [Ks]
Iron152rus joins the table at seat #2
sienvan: checks
PayMyAudiR8: bets $6
sienvan: folds
Uncalled bet ($6) returned to PayMyAudiR8
PayMyAudiR8 collected $17.64 from pot
PayMyAudiR8: doesn't show hand
*** SUMMARY ***
Total pot $18 | Rake $0.36
Board [Qd 7h 3c Ks]
Seat 4: PayMyAudiR8 (button) (small blind) collected ($17.64)
Seat 6: sienvan (big blind) folded on the Turn


PokerStars Hand #170493010874:  Hold'em Limit ($3/$6 USD) - 2017/05/16 10:13:15 ET
Table 'Desiderata' 6-max Seat #6 is the button
Seat 4: PayMyAudiR8 ($89 in chips)
Seat 6: sienvan ($36 in chips)
sienvan: posts small blind $1
kolaz03: is sitting out
PayMyAudiR8: posts big blind $3
*** HOLE CARDS ***
sienvan: raises $3 to $6
PayMyAudiR8: calls $3
*** FLOP *** [4c 6s 7c]
PayMyAudiR8: checks
sienvan: bets $3
PayMyAudiR8: calls $3
*** TURN *** [4c 6s 7c] [Qs]
PayMyAudiR8: checks
sienvan: bets $6
PayMyAudiR8: folds
Uncalled bet ($6) returned to sienvan
sienvan collected $17.64 from pot
sienvan: doesn't show hand
*** SUMMARY ***
Total pot $18 | Rake $0.36
Board [4c 6s 7c Qs]
Seat 4: PayMyAudiR8 (big blind) folded on the Turn
Seat 6: sienvan (button) (small blind) collected ($17.64)


PokerStars Hand #170493873335:  Hold'em Limit ($3/$6 USD) - 2017/05/16 10:37:51 ET
Table 'Desiderata' 6-max Seat #4 is the button
Seat 3: 40 ft cliff ($233.72 in chips)
Seat 4: dobber888 ($86.84 in chips)
dobber888: posts small blind $1
belik555: is sitting out
40 ft cliff: posts big blind $3
*** HOLE CARDS ***
dobber888: folds
Uncalled bet ($2) returned to 40 ft cliff
40 ft cliff collected $2 from pot
40 ft cliff: doesn't show hand
*** SUMMARY ***
Total pot $2 | Rake $0
Seat 3: 40 ft cliff (big blind) collected ($2)
Seat 4: dobber888 (button) (small blind) folded before Flop


PokerStars Hand #170493876584:  Hold'em Limit ($3/$6 USD) - 2017/05/16 10:37:56 ET
Table 'Desiderata' 6-max Seat #3 is the button
Seat 3: 40 ft cliff ($234.72 in chips)
Seat 4: dobber888 ($85.84 in chips)
40 ft cliff: posts small blind $1
dobber888: posts big blind $3
*** HOLE CARDS ***
belik555 leaves the table
40 ft cliff: raises $3 to $6
dobber888: calls $3
*** FLOP *** [7c 5c 7h]
dobber888: checks
40 ft cliff: checks
*** TURN *** [7c 5c 7h] [4c]
dobber888: bets $6
40 ft cliff: calls $6
*** RIVER *** [7c 5c 7h 4c] [9c]
dobber888: checks
40 ft cliff: checks
*** SHOW DOWN ***
dobber888: shows [3c 3h] (a flush, Nine high)
40 ft cliff: mucks hand
dobber888 collected $23.52 from pot
*** SUMMARY ***
Total pot $24 | Rake $0.48
Board [7c 5c 7h 4c 9c]
Seat 3: 40 ft cliff (button) (small blind) mucked
Seat 4: dobber888 (big blind) showed [3c 3h] and won ($23.52) with a flush, Nine high


PokerStars Hand #170493900316:  Hold'em Limit ($3/$6 USD) - 2017/05/16 10:38:37 ET
Table 'Desiderata' 6-max Seat #3 is the button
Seat 3: 40 ft cliff ($219.72 in chips)
Seat 4: dobber888 ($100.24 in chips)
40 ft cliff: posts small blind $1
dobber888: posts big blind $3
*** HOLE CARDS ***
40 ft cliff: folds
Uncalled bet ($2) returned to dobber888
dobber888 collected $2 from pot
dobber888: doesn't show hand
*** SUMMARY ***
Total pot $2 | Rake $0
Seat 3: 40 ft cliff (button) (small blind) folded before Flop
Seat 4: dobber888 (big blind) collected ($2)


PokerStars Hand #170493889309:  Hold'em Limit ($3/$6 USD) - 2017/05/16 10:38:18 ET
Table 'Desiderata' 6-max Seat #4 is the button
Seat 3: 40 ft cliff ($222.72 in chips)
Seat 4: dobber888 ($97.36 in chips)
dobber888: posts small blind $1
40 ft cliff: posts big blind $3
*** HOLE CARDS ***
dobber888: calls $2
40 ft cliff: checks
*** FLOP *** [2c Jh Th]
40 ft cliff: checks
dobber888: bets $3
40 ft cliff: folds
Uncalled bet ($3) returned to dobber888
dobber888 collected $5.88 from pot
dobber888: doesn't show hand
*** SUMMARY ***
Total pot $6 | Rake $0.12
Board [2c Jh Th]
Seat 3: 40 ft cliff (big blind) folded on the Flop
Seat 4: dobber888 (button) (small blind) collected ($5.88)


