PokerStars Hand #156278967050:  Hold'em Limit ($3/$6 USD) - 2016/07/21 20:27:19 ET
Table 'Desiderata' 6-max Seat #3 is the button
Seat 2: TinaTurner72 ($111 in chips)
Seat 3: xcgxcg2005 ($128.64 in chips)
xcgxcg2005: posts small blind $1
TinaTurner72: posts big blind $3
*** HOLE CARDS ***
xcgxcg2005: folds
Uncalled bet ($2) returned to TinaTurner72
TinaTurner72 collected $2 from pot
TinaTurner72: doesn't show hand
*** SUMMARY ***
Total pot $2 | Rake $0
Seat 2: TinaTurner72 (big blind) collected ($2)
Seat 3: xcgxcg2005 (button) (small blind) folded before Flop


PokerStars Hand #156278950674:  Hold'em Limit ($3/$6 USD) - 2016/07/21 20:26:42 ET
Table 'Desiderata' 6-max Seat #2 is the button
Seat 2: TinaTurner72 ($120 in chips)
Seat 3: xcgxcg2005 ($120 in chips)
TinaTurner72: posts small blind $1
xcgxcg2005: posts big blind $3
*** HOLE CARDS ***
TinaTurner72: raises $3 to $6
xcgxcg2005: raises $3 to $9
TinaTurner72: calls $3
*** FLOP *** [Qs 8h 7c]
xcgxcg2005: bets $3
TinaTurner72: folds
Uncalled bet ($3) returned to xcgxcg2005
xcgxcg2005 collected $17.64 from pot
xcgxcg2005: doesn't show hand
*** SUMMARY ***
Total pot $18 | Rake $0.36
Board [Qs 8h 7c]
Seat 2: TinaTurner72 (button) (small blind) folded on the Flop
Seat 3: xcgxcg2005 (big blind) collected ($17.64)


PokerStars Hand #156278976600:  Hold'em Limit ($3/$6 USD) - 2016/07/21 20:27:41 ET
Table 'Desiderata' 6-max Seat #2 is the button
Seat 2: TinaTurner72 ($112 in chips)
Seat 3: xcgxcg2005 ($127.64 in chips)
TinaTurner72: posts small blind $1
xcgxcg2005: posts big blind $3
*** HOLE CARDS ***
TinaTurner72: folds
Uncalled bet ($2) returned to xcgxcg2005
xcgxcg2005 collected $2 from pot
xcgxcg2005: doesn't show hand
*** SUMMARY ***
Total pot $2 | Rake $0
Seat 2: TinaTurner72 (button) (small blind) folded before Flop
Seat 3: xcgxcg2005 (big blind) collected ($2)


PokerStars Hand #156278974225:  Hold'em Limit ($3/$6 USD) - 2016/07/21 20:27:35 ET
Table 'Desiderata' 6-max Seat #3 is the button
Seat 2: TinaTurner72 ($111 in chips)
Seat 3: xcgxcg2005 ($128.64 in chips)
xcgxcg2005: posts small blind $1
TinaTurner72: posts big blind $3
*** HOLE CARDS ***
xcgxcg2005: folds
Uncalled bet ($2) returned to TinaTurner72
TinaTurner72 collected $2 from pot
TinaTurner72: doesn't show hand
*** SUMMARY ***
Total pot $2 | Rake $0
Seat 2: TinaTurner72 (big blind) collected ($2)
Seat 3: xcgxcg2005 (button) (small blind) folded before Flop


PokerStars Hand #156278969373:  Hold'em Limit ($3/$6 USD) - 2016/07/21 20:27:25 ET
Table 'Desiderata' 6-max Seat #2 is the button
Seat 2: TinaTurner72 ($112 in chips)
Seat 3: xcgxcg2005 ($127.64 in chips)
TinaTurner72: posts small blind $1
xcgxcg2005: posts big blind $3
*** HOLE CARDS ***
TinaTurner72: folds
Uncalled bet ($2) returned to xcgxcg2005
xcgxcg2005 collected $2 from pot
xcgxcg2005: doesn't show hand
*** SUMMARY ***
Total pot $2 | Rake $0
Seat 2: TinaTurner72 (button) (small blind) folded before Flop
Seat 3: xcgxcg2005 (big blind) collected ($2)


