PokerStars Hand #170101498299:  Hold'em Limit ($3/$6 USD) - 2017/05/07 17:30:50 ET
Table 'Detre' 6-max Seat #1 is the button
Seat 1: kumarmoh ($38.49 in chips)
Seat 4: TinaTurner72 ($132.26 in chips)
kumarmoh: posts small blind $1
TinaTurner72: posts big blind $3
*** HOLE CARDS ***
kumarmoh: raises $3 to $6
TinaTurner72: calls $3
*** FLOP *** [Ts 5d Jh]
TinaTurner72: checks
kumarmoh: bets $3
TinaTurner72: folds
Uncalled bet ($3) returned to kumarmoh
kumarmoh collected $11.76 from pot
kumarmoh: doesn't show hand
*** SUMMARY ***
Total pot $12 | Rake $0.24
Board [Ts 5d Jh]
Seat 1: kumarmoh (button) (small blind) collected ($11.76)
Seat 4: TinaTurner72 (big blind) folded on the Flop


PokerStars Hand #170101489023:  Hold'em Limit ($3/$6 USD) - 2017/05/07 17:30:40 ET
Table 'Detre' 6-max Seat #4 is the button
Seat 1: kumarmoh ($29.85 in chips)
Seat 4: TinaTurner72 ($141.26 in chips)
TinaTurner72: posts small blind $1
kumarmoh: posts big blind $3
*** HOLE CARDS ***
TinaTurner72: raises $3 to $6
kumarmoh: raises $3 to $9
TinaTurner72: calls $3
*** FLOP *** [Ac 5s Ah]
kumarmoh: bets $3
TinaTurner72: folds
Uncalled bet ($3) returned to kumarmoh
kumarmoh collected $17.64 from pot
kumarmoh: doesn't show hand
*** SUMMARY ***
Total pot $18 | Rake $0.36
Board [Ac 5s Ah]
Seat 1: kumarmoh (big blind) collected ($17.64)
Seat 4: TinaTurner72 (button) (small blind) folded on the Flop


PokerStars Hand #170101484404:  Hold'em Limit ($3/$6 USD) - 2017/05/07 17:30:35 ET
Table 'Detre' 6-max Seat #1 is the button
Seat 1: kumarmoh ($30.85 in chips)
Seat 4: TinaTurner72 ($140.26 in chips)
kumarmoh: posts small blind $1
TinaTurner72: posts big blind $3
*** HOLE CARDS ***
kumarmoh: folds
Uncalled bet ($2) returned to TinaTurner72
TinaTurner72 collected $2 from pot
TinaTurner72: doesn't show hand
*** SUMMARY ***
Total pot $2 | Rake $0
Seat 1: kumarmoh (button) (small blind) folded before Flop
Seat 4: TinaTurner72 (big blind) collected ($2)


PokerStars Hand #170101568190:  Hold'em Limit ($3/$6 USD) - 2017/05/07 17:32:07 ET
Table 'Detre' 6-max Seat #4 is the button
Seat 1: kumarmoh ($64.41 in chips)
Seat 4: TinaTurner72 ($105.26 in chips)
TinaTurner72: posts small blind $1
kumarmoh: posts big blind $3
*** HOLE CARDS ***
TinaTurner72: raises $3 to $6
kumarmoh: calls $3
*** FLOP *** [8c 2c Tc]
kumarmoh: checks
TinaTurner72: bets $3
kumarmoh: folds
Uncalled bet ($3) returned to TinaTurner72
TinaTurner72 collected $11.76 from pot
TinaTurner72: doesn't show hand
*** SUMMARY ***
Total pot $12 | Rake $0.24
Board [8c 2c Tc]
Seat 1: kumarmoh (big blind) folded on the Flop
Seat 4: TinaTurner72 (button) (small blind) collected ($11.76)


PokerStars Hand #170101541606:  Hold'em Limit ($3/$6 USD) - 2017/05/07 17:31:38 ET
Table 'Detre' 6-max Seat #1 is the button
Seat 1: kumarmoh ($55.77 in chips)
Seat 4: TinaTurner72 ($114.26 in chips)
kumarmoh: posts small blind $1
TinaTurner72: posts big blind $3
*** HOLE CARDS ***
kumarmoh: raises $3 to $6
TinaTurner72: calls $3
*** FLOP *** [2h Qd 8s]
TinaTurner72: checks
kumarmoh: bets $3
TinaTurner72: calls $3
*** TURN *** [2h Qd 8s] [Jh]
TinaTurner72: checks
kumarmoh: bets $6
TinaTurner72: folds
Uncalled bet ($6) returned to kumarmoh
kumarmoh collected $17.64 from pot
kumarmoh: doesn't show hand
*** SUMMARY ***
Total pot $18 | Rake $0.36
Board [2h Qd 8s Jh]
Seat 1: kumarmoh (button) (small blind) collected ($17.64)
Seat 4: TinaTurner72 (big blind) folded on the Turn


PokerStars Hand #170101512766:  Hold'em Limit ($3/$6 USD) - 2017/05/07 17:31:06 ET
Table 'Detre' 6-max Seat #4 is the button
Seat 1: kumarmoh ($44.25 in chips)
Seat 4: TinaTurner72 ($126.26 in chips)
TinaTurner72: posts small blind $1
kumarmoh: posts big blind $3
*** HOLE CARDS ***
TinaTurner72: raises $3 to $6
kumarmoh: calls $3
*** FLOP *** [3c 3d 2h]
kumarmoh: checks
TinaTurner72: bets $3
kumarmoh: raises $3 to $6
TinaTurner72: calls $3
*** TURN *** [3c 3d 2h] [Th]
kumarmoh: checks
TinaTurner72: checks
*** RIVER *** [3c 3d 2h Th] [8s]
kumarmoh: bets $6
TinaTurner72: folds
Uncalled bet ($6) returned to kumarmoh
kumarmoh collected $23.52 from pot
kumarmoh: doesn't show hand
*** SUMMARY ***
Total pot $24 | Rake $0.48
Board [3c 3d 2h Th 8s]
Seat 1: kumarmoh (big blind) collected ($23.52)
Seat 4: TinaTurner72 (button) (small blind) folded on the River


PokerStars Hand #170101586324:  Hold'em Limit ($3/$6 USD) - 2017/05/07 17:32:27 ET
Table 'Detre' 6-max Seat #1 is the button
Seat 1: kumarmoh ($58.41 in chips)
Seat 4: TinaTurner72 ($111.02 in chips)
kumarmoh: posts small blind $1
TinaTurner72: posts big blind $3
*** HOLE CARDS ***
kumarmoh: raises $3 to $6
TinaTurner72: raises $3 to $9
kumarmoh: calls $3
*** FLOP *** [8d 4h 6d]
TinaTurner72: bets $3
kumarmoh: raises $3 to $6
TinaTurner72: calls $3
*** TURN *** [8d 4h 6d] [4c]
TinaTurner72: checks
kumarmoh: bets $6
TinaTurner72: calls $6
*** RIVER *** [8d 4h 6d 4c] [7s]
TinaTurner72: checks
Scheubi88 joins the table at seat #2
kumarmoh: bets $6
TinaTurner72: calls $6
*** SHOW DOWN ***
kumarmoh: shows [Kd 6c] (two pair, Sixes and Fours)
TinaTurner72: mucks hand
kumarmoh collected $53.50 from pot
*** SUMMARY ***
Total pot $54 | Rake $0.50
Board [8d 4h 6d 4c 7s]
Seat 1: kumarmoh (button) (small blind) showed [Kd 6c] and won ($53.50) with two pair, Sixes and Fours
Seat 4: TinaTurner72 (big blind) mucked


PokerStars Hand #170101614232:  Hold'em Limit ($3/$6 USD) - 2017/05/07 17:32:58 ET
Table 'Detre' 6-max Seat #4 is the button
Seat 1: kumarmoh ($84.91 in chips)
Seat 4: TinaTurner72 ($84.02 in chips)
TinaTurner72: posts small blind $1
kumarmoh: posts big blind $3
*** HOLE CARDS ***
TinaTurner72: raises $3 to $6
kumarmoh: raises $3 to $9
TinaTurner72: calls $3
*** FLOP *** [6c Kd Kc]
kumarmoh: bets $3
TinaTurner72: calls $3
*** TURN *** [6c Kd Kc] [Jc]
kumarmoh: checks
TinaTurner72: bets $6
kumarmoh: folds
Uncalled bet ($6) returned to TinaTurner72
TinaTurner72 collected $23.52 from pot
TinaTurner72: doesn't show hand
*** SUMMARY ***
Total pot $24 | Rake $0.48
Board [6c Kd Kc Jc]
Seat 1: kumarmoh (big blind) folded on the Turn
Seat 4: TinaTurner72 (button) (small blind) collected ($23.52)


PokerStars Hand #170103797774:  Hold'em Limit ($3/$6 USD) - 2017/05/07 18:17:38 ET
Table 'Detre' 6-max Seat #5 is the button
Seat 3: RIGPIG79 ($45.23 in chips)
Seat 5: PycV ($114.38 in chips)
PycV: posts small blind $1
RIGPIG79: posts big blind $3
*** HOLE CARDS ***
PycV: folds
Uncalled bet ($2) returned to RIGPIG79
RIGPIG79 collected $2 from pot
RIGPIG79: doesn't show hand
*** SUMMARY ***
Total pot $2 | Rake $0
Seat 3: RIGPIG79 (big blind) collected ($2)
Seat 5: PycV (button) (small blind) folded before Flop


PokerStars Hand #170103793611:  Hold'em Limit ($3/$6 USD) - 2017/05/07 18:17:33 ET
Table 'Detre' 6-max Seat #3 is the button
Seat 3: RIGPIG79 ($46.23 in chips)
Seat 5: PycV ($113.38 in chips)
RIGPIG79: posts small blind $1
PycV: posts big blind $3
*** HOLE CARDS ***
RIGPIG79: folds
Uncalled bet ($2) returned to PycV
PycV collected $2 from pot
PycV: doesn't show hand
*** SUMMARY ***
Total pot $2 | Rake $0
Seat 3: RIGPIG79 (button) (small blind) folded before Flop
Seat 5: PycV (big blind) collected ($2)


PokerStars Hand #170103782364:  Hold'em Limit ($3/$6 USD) - 2017/05/07 18:17:19 ET
Table 'Detre' 6-max Seat #5 is the button
Seat 3: RIGPIG79 ($45.23 in chips)
Seat 5: PycV ($114.38 in chips)
PycV: posts small blind $1
RIGPIG79: posts big blind $3
*** HOLE CARDS ***
PycV: folds
Uncalled bet ($2) returned to RIGPIG79
RIGPIG79 collected $2 from pot
RIGPIG79: doesn't show hand
*** SUMMARY ***
Total pot $2 | Rake $0
Seat 3: RIGPIG79 (big blind) collected ($2)
Seat 5: PycV (button) (small blind) folded before Flop


PokerStars Hand #170103819084:  Hold'em Limit ($3/$6 USD) - 2017/05/07 18:18:05 ET
Table 'Detre' 6-max Seat #5 is the button
Seat 3: RIGPIG79 ($37.23 in chips)
Seat 5: PycV ($122.02 in chips)
PycV: posts small blind $1
RIGPIG79: posts big blind $3
*** HOLE CARDS ***
PycV: raises $3 to $6
RIGPIG79: calls $3
*** FLOP *** [Kc As 6h]
RIGPIG79: checks
PycV: checks
*** TURN *** [Kc As 6h] [8c]
RIGPIG79: checks
PycV: checks
*** RIVER *** [Kc As 6h 8c] [7h]
RIGPIG79: checks
PycV: checks
*** SHOW DOWN ***
RIGPIG79: shows [Jd 5d] (high card Ace)
PycV: shows [Jh 4h] (high card Ace)
RIGPIG79 collected $5.88 from pot
PycV collected $5.88 from pot
*** SUMMARY ***
Total pot $12 | Rake $0.24
Board [Kc As 6h 8c 7h]
Seat 3: RIGPIG79 (big blind) showed [Jd 5d] and won ($5.88) with high card Ace
Seat 5: PycV (button) (small blind) showed [Jh 4h] and won ($5.88) with high card Ace


PokerStars Hand #170103804865:  Hold'em Limit ($3/$6 USD) - 2017/05/07 18:17:47 ET
Table 'Detre' 6-max Seat #3 is the button
Seat 3: RIGPIG79 ($46.23 in chips)
Seat 5: PycV ($113.38 in chips)
RIGPIG79: posts small blind $1
PycV: posts big blind $3
*** HOLE CARDS ***
RIGPIG79: raises $3 to $6
PycV: raises $3 to $9
RIGPIG79: calls $3
*** FLOP *** [8d 2d 3d]
PycV: bets $3
RIGPIG79: folds
Uncalled bet ($3) returned to PycV
PycV collected $17.64 from pot
PycV: doesn't show hand
*** SUMMARY ***
Total pot $18 | Rake $0.36
Board [8d 2d 3d]
Seat 3: RIGPIG79 (button) (small blind) folded on the Flop
Seat 5: PycV (big blind) collected ($17.64)


PokerStars Hand #170103876984:  Hold'em Limit ($3/$6 USD) - 2017/05/07 18:19:19 ET
Table 'Detre' 6-max Seat #5 is the button
Seat 3: RIGPIG79 ($22.11 in chips)
Seat 5: PycV ($136.40 in chips)
PycV: posts small blind $1
RIGPIG79: posts big blind $3
*** HOLE CARDS ***
PycV: raises $3 to $6
RIGPIG79: folds
Uncalled bet ($3) returned to PycV
PycV collected $6 from pot
PycV: doesn't show hand
*** SUMMARY ***
Total pot $6 | Rake $0
Seat 3: RIGPIG79 (big blind) folded before Flop
Seat 5: PycV (button) (small blind) collected ($6)


PokerStars Hand #170103872774:  Hold'em Limit ($3/$6 USD) - 2017/05/07 18:19:13 ET
Table 'Detre' 6-max Seat #3 is the button
Seat 3: RIGPIG79 ($23.11 in chips)
Seat 5: PycV ($135.40 in chips)
RIGPIG79: posts small blind $1
PycV: posts big blind $3
*** HOLE CARDS ***
RIGPIG79: folds
Uncalled bet ($2) returned to PycV
PycV collected $2 from pot
PycV: doesn't show hand
*** SUMMARY ***
Total pot $2 | Rake $0
Seat 3: RIGPIG79 (button) (small blind) folded before Flop
Seat 5: PycV (big blind) collected ($2)


PokerStars Hand #170103857303:  Hold'em Limit ($3/$6 USD) - 2017/05/07 18:18:54 ET
Table 'Detre' 6-max Seat #5 is the button
Seat 3: RIGPIG79 ($22.11 in chips)
Seat 5: PycV ($136.40 in chips)
PycV: posts small blind $1
RIGPIG79: posts big blind $3
*** HOLE CARDS ***
PycV: folds
Uncalled bet ($2) returned to RIGPIG79
RIGPIG79 collected $2 from pot
RIGPIG79: doesn't show hand
*** SUMMARY ***
Total pot $2 | Rake $0
Seat 3: RIGPIG79 (big blind) collected ($2)
Seat 5: PycV (button) (small blind) folded before Flop


PokerStars Hand #170103837229:  Hold'em Limit ($3/$6 USD) - 2017/05/07 18:18:28 ET
Table 'Detre' 6-max Seat #3 is the button
Seat 3: RIGPIG79 ($37.11 in chips)
Seat 5: PycV ($121.90 in chips)
RIGPIG79: posts small blind $1
PycV: posts big blind $3
*** HOLE CARDS ***
RIGPIG79: raises $3 to $6
PycV: calls $3
*** FLOP *** [2h 7h 4c]
PycV: checks
RIGPIG79: bets $3
PycV: calls $3
*** TURN *** [2h 7h 4c] [9c]
PycV: checks
RIGPIG79: bets $6
PycV: raises $6 to $12
RIGPIG79: folds
Uncalled bet ($6) returned to PycV
PycV collected $29.50 from pot
PycV: doesn't show hand
*** SUMMARY ***
Total pot $30 | Rake $0.50
Board [2h 7h 4c 9c]
Seat 3: RIGPIG79 (button) (small blind) folded on the Turn
Seat 5: PycV (big blind) collected ($29.50)


PokerStars Hand #170103926327:  Hold'em Limit ($3/$6 USD) - 2017/05/07 18:20:22 ET
Table 'Detre' 6-max Seat #5 is the button
Seat 3: RIGPIG79 ($93.72 in chips)
Seat 5: PycV ($124.29 in chips)
PycV: posts small blind $1
RIGPIG79: posts big blind $3
*** HOLE CARDS ***
PycV: raises $3 to $6
RIGPIG79: folds
Uncalled bet ($3) returned to PycV
PycV collected $6 from pot
PycV: doesn't show hand
*** SUMMARY ***
Total pot $6 | Rake $0
Seat 3: RIGPIG79 (big blind) folded before Flop
Seat 5: PycV (button) (small blind) collected ($6)


PokerStars Hand #170103930709:  Hold'em Limit ($3/$6 USD) - 2017/05/07 18:20:27 ET
Table 'Detre' 6-max Seat #3 is the button
Seat 3: RIGPIG79 ($90.72 in chips)
Seat 5: PycV ($127.29 in chips)
RIGPIG79: posts small blind $1
PycV: posts big blind $3
*** HOLE CARDS ***
RIGPIG79: raises $3 to $6
PycV: folds
Uncalled bet ($3) returned to RIGPIG79
RIGPIG79 collected $6 from pot
EVBET joins the table at seat #2
RIGPIG79: doesn't show hand
*** SUMMARY ***
Total pot $6 | Rake $0
Seat 3: RIGPIG79 (button) (small blind) collected ($6)
Seat 5: PycV (big blind) folded before Flop


PokerStars Hand #170103921572:  Hold'em Limit ($3/$6 USD) - 2017/05/07 18:20:16 ET
Table 'Detre' 6-max Seat #3 is the button
Seat 3: RIGPIG79 ($94.72 in chips)
Seat 5: PycV ($123.29 in chips)
RIGPIG79: posts small blind $1
PycV: posts big blind $3
*** HOLE CARDS ***
RIGPIG79: folds
Uncalled bet ($2) returned to PycV
PycV collected $2 from pot
PycV: doesn't show hand
*** SUMMARY ***
Total pot $2 | Rake $0
Seat 3: RIGPIG79 (button) (small blind) folded before Flop
Seat 5: PycV (big blind) collected ($2)


PokerStars Hand #170103907362:  Hold'em Limit ($3/$6 USD) - 2017/05/07 18:19:57 ET
Table 'Detre' 6-max Seat #5 is the button
Seat 3: RIGPIG79 ($97.72 in chips)
Seat 5: PycV ($120.29 in chips)
PycV: posts small blind $1
RIGPIG79: posts big blind $3
*** HOLE CARDS ***
PycV: raises $3 to $6
RIGPIG79: folds
Uncalled bet ($3) returned to PycV
PycV collected $6 from pot
PycV: doesn't show hand
*** SUMMARY ***
Total pot $6 | Rake $0
Seat 3: RIGPIG79 (big blind) folded before Flop
Seat 5: PycV (button) (small blind) collected ($6)


PokerStars Hand #170103967858:  Hold'em Limit ($3/$6 USD) - 2017/05/07 18:21:14 ET
Table 'Detre' 6-max Seat #3 is the button
Seat 2: EVBET ($146.53 in chips)
Seat 3: RIGPIG79 ($66.72 in chips)
RIGPIG79: posts small blind $1
PycV: is sitting out
EVBET: posts big blind $3
*** HOLE CARDS ***
RIGPIG79: raises $3 to $6
PycV leaves the table
EVBET: calls $3
*** FLOP *** [4s 9d 7d]
EVBET: checks
RIGPIG79: bets $3
simper11 joins the table at seat #4
EVBET: folds
Uncalled bet ($3) returned to RIGPIG79
RIGPIG79 collected $11.76 from pot
RIGPIG79: doesn't show hand
*** SUMMARY ***
Total pot $12 | Rake $0.24
Board [4s 9d 7d]
Seat 2: EVBET (big blind) folded on the Flop
Seat 3: RIGPIG79 (button) (small blind) collected ($11.76)


PokerStars Hand #170103985124:  Hold'em Limit ($3/$6 USD) - 2017/05/07 18:21:37 ET
Table 'Detre' 6-max Seat #2 is the button
Seat 2: EVBET ($140.53 in chips)
Seat 3: RIGPIG79 ($72.48 in chips)
EVBET: posts small blind $1
RIGPIG79: posts big blind $3
*** HOLE CARDS ***
EVBET: folds
Uncalled bet ($2) returned to RIGPIG79
RIGPIG79 collected $2 from pot
RIGPIG79: doesn't show hand
*** SUMMARY ***
Total pot $2 | Rake $0
Seat 2: EVBET (button) (small blind) folded before Flop
Seat 3: RIGPIG79 (big blind) collected ($2)


