PokerStars Hand #172762012092:  Hold'em Limit ($3/$6 USD) - 2017/07/08 10:36:44 ET
Table 'Detre' 6-max Seat #4 is the button
Seat 1: gorcea_vs ($125.42 in chips)
Seat 4: VolkovDmitri ($121 in chips)
VolkovDmitri: posts small blind $1
gorcea_vs: posts big blind $3
*** HOLE CARDS ***
VolkovDmitri: raises $3 to $6
vlaprok joins the table at seat #3
gorcea_vs: calls $3
*** FLOP *** [Ts Ac 2c]
gorcea_vs: checks
VolkovDmitri: bets $3
gorcea_vs: folds
Uncalled bet ($3) returned to VolkovDmitri
VolkovDmitri collected $11.76 from pot
VolkovDmitri: doesn't show hand
*** SUMMARY ***
Total pot $12 | Rake $0.24
Board [Ts Ac 2c]
Seat 1: gorcea_vs (big blind) folded on the Flop
Seat 4: VolkovDmitri (button) (small blind) collected ($11.76)


PokerStars Hand #172762006880:  Hold'em Limit ($3/$6 USD) - 2017/07/08 10:36:35 ET
Table 'Detre' 6-max Seat #1 is the button
Seat 1: gorcea_vs ($126.42 in chips)
Seat 4: VolkovDmitri ($120 in chips)
gorcea_vs: posts small blind $1
VolkovDmitri: posts big blind $3
*** HOLE CARDS ***
gorcea_vs: folds
Uncalled bet ($2) returned to VolkovDmitri
VolkovDmitri collected $2 from pot
VolkovDmitri: doesn't show hand
Anchig joins the table at seat #2
*** SUMMARY ***
Total pot $2 | Rake $0
Seat 1: gorcea_vs (button) (small blind) folded before Flop
Seat 4: VolkovDmitri (big blind) collected ($2)


PokerStars Hand #172762213949:  Hold'em Limit ($3/$6 USD) - 2017/07/08 10:42:26 ET
Table 'Detre' 6-max Seat #3 is the button
Seat 1: gorcea_vs ($122.92 in chips)
Seat 3: vlaprok ($83.57 in chips)
Anchig will be allowed to play after the button
vlaprok: posts small blind $1
gorcea_vs: posts big blind $3
*** HOLE CARDS ***
vlaprok: raises $3 to $6
gorcea_vs: raises $3 to $9
vlaprok: raises $3 to $12
Betting is capped
gorcea_vs: calls $3
*** FLOP *** [Ad Kd 8s]
gorcea_vs: checks
vlaprok: bets $3
gorcea_vs: calls $3
*** TURN *** [Ad Kd 8s] [Qc]
gorcea_vs: checks
vlaprok: checks
*** RIVER *** [Ad Kd 8s Qc] [6h]
gorcea_vs: bets $6
vlaprok: calls $6
*** SHOW DOWN ***
gorcea_vs: shows [2c 2d] (a pair of Deuces)
vlaprok: shows [Js Jc] (a pair of Jacks)
vlaprok collected $41.50 from pot
*** SUMMARY ***
Total pot $42 | Rake $0.50
Board [Ad Kd 8s Qc 6h]
Seat 1: gorcea_vs (big blind) showed [2c 2d] and lost with a pair of Deuces
Seat 3: vlaprok (button) (small blind) showed [Js Jc] and won ($41.50) with a pair of Jacks


PokerStars Hand #172765693403:  Hold'em Limit ($3/$6 USD) - 2017/07/08 12:18:00 ET
Table 'Detre' 6-max Seat #6 is the button
Seat 5: Zebelon74 ($113 in chips)
Seat 6: vlaprok ($178.89 in chips)
vlaprok: posts small blind $1
Zebelon74: posts big blind $3
*** HOLE CARDS ***
vlaprok: folds
Uncalled bet ($2) returned to Zebelon74
Zebelon74 collected $2 from pot
Zebelon74: doesn't show hand
*** SUMMARY ***
Total pot $2 | Rake $0
Seat 5: Zebelon74 (big blind) collected ($2)
Seat 6: vlaprok (button) (small blind) folded before Flop


PokerStars Hand #172765689983:  Hold'em Limit ($3/$6 USD) - 2017/07/08 12:17:54 ET
Table 'Detre' 6-max Seat #5 is the button
Seat 5: Zebelon74 ($114 in chips)
Seat 6: vlaprok ($177.89 in chips)
Zebelon74: posts small blind $1
vlaprok: posts big blind $3
*** HOLE CARDS ***
Zebelon74: folds
Uncalled bet ($2) returned to vlaprok
vlaprok collected $2 from pot
vlaprok: doesn't show hand
*** SUMMARY ***
Total pot $2 | Rake $0
Seat 5: Zebelon74 (button) (small blind) folded before Flop
Seat 6: vlaprok (big blind) collected ($2)


PokerStars Hand #172765677260:  Hold'em Limit ($3/$6 USD) - 2017/07/08 12:17:34 ET
Table 'Detre' 6-max Seat #6 is the button
Seat 5: Zebelon74 ($120 in chips)
Seat 6: vlaprok ($172.13 in chips)
vlaprok: posts small blind $1
BunnyFizness: is sitting out
Zebelon74: posts big blind $3
*** HOLE CARDS ***
vlaprok: raises $3 to $6
BunnyFizness leaves the table
Zebelon74: calls $3
*** FLOP *** [Jd Ts 9s]
Zebelon74: checks
vlaprok: bets $3
Zebelon74: folds
Uncalled bet ($3) returned to vlaprok
vlaprok collected $11.76 from pot
vlaprok: doesn't show hand
*** SUMMARY ***
Total pot $12 | Rake $0.24
Board [Jd Ts 9s]
Seat 5: Zebelon74 (big blind) folded on the Flop
Seat 6: vlaprok (button) (small blind) collected ($11.76)


