PokerStars Hand #161278781777:  Hold'em Limit ($3/$6 USD) - 2016/11/12 6:51:30 ET
Table 'Detre' 6-max Seat #1 is the button
Seat 1: IwilldropU ($120 in chips)
Seat 4: VolkovDmitri ($120 in chips)
IwilldropU: posts small blind $1
VolkovDmitri: posts big blind $3
*** HOLE CARDS ***
IwilldropU: raises $3 to $6
VolkovDmitri: calls $3
*** FLOP *** [Jc 9h 5d]
VolkovDmitri: checks
IwilldropU: bets $3
VolkovDmitri: folds
Uncalled bet ($3) returned to IwilldropU
IwilldropU collected $11.76 from pot
IwilldropU: doesn't show hand
*** SUMMARY ***
Total pot $12 | Rake $0.24
Board [Jc 9h 5d]
Seat 1: IwilldropU (button) (small blind) collected ($11.76)
Seat 4: VolkovDmitri (big blind) folded on the Flop


PokerStars Hand #161278812964:  Hold'em Limit ($3/$6 USD) - 2016/11/12 6:52:29 ET
Table 'Detre' 6-max Seat #1 is the button
Seat 1: IwilldropU ($110.76 in chips)
Seat 4: VolkovDmitri ($134.50 in chips)
IwilldropU: posts small blind $1
VolkovDmitri: posts big blind $3
*** HOLE CARDS ***
IwilldropU: folds
Uncalled bet ($2) returned to VolkovDmitri
VolkovDmitri collected $2 from pot
VolkovDmitri: doesn't show hand
*** SUMMARY ***
Total pot $2 | Rake $0
Seat 1: IwilldropU (button) (small blind) folded before Flop
Seat 4: VolkovDmitri (big blind) collected ($2)


PokerStars Hand #161278792881:  Hold'em Limit ($3/$6 USD) - 2016/11/12 6:51:51 ET
Table 'Detre' 6-max Seat #4 is the button
Seat 1: IwilldropU ($125.76 in chips)
Seat 4: VolkovDmitri ($120 in chips)
VolkovDmitri: posts small blind $1
IwilldropU: posts big blind $3
*** HOLE CARDS ***
VolkovDmitri: raises $3 to $6
IwilldropU: calls $3
*** FLOP *** [Qd 7s Ad]
IwilldropU: checks
VolkovDmitri: bets $3
IwilldropU: calls $3
*** TURN *** [Qd 7s Ad] [5h]
IwilldropU: checks
VolkovDmitri: checks
*** RIVER *** [Qd 7s Ad 5h] [Th]
IwilldropU: checks
VolkovDmitri: bets $6
IwilldropU: calls $6
*** SHOW DOWN ***
VolkovDmitri: shows [Td Ks] (a pair of Tens)
IwilldropU: mucks hand
VolkovDmitri collected $29.50 from pot
*** SUMMARY ***
Total pot $30 | Rake $0.50
Board [Qd 7s Ad 5h Th]
Seat 1: IwilldropU (big blind) mucked
Seat 4: VolkovDmitri (button) (small blind) showed [Td Ks] and won ($29.50) with a pair of Tens


PokerStars Hand #161278863372:  Hold'em Limit ($3/$6 USD) - 2016/11/12 6:54:04 ET
Table 'Detre' 6-max Seat #4 is the button
Seat 1: IwilldropU ($130.02 in chips)
Seat 4: VolkovDmitri ($120 in chips)
VolkovDmitri: posts small blind $1
IwilldropU: posts big blind $3
*** HOLE CARDS ***
VolkovDmitri: raises $3 to $6
IwilldropU: raises $3 to $9
VolkovDmitri: calls $3
*** FLOP *** [Ts 5h Kc]
IwilldropU: bets $3
VolkovDmitri: folds
Uncalled bet ($3) returned to IwilldropU
IwilldropU collected $17.64 from pot
IwilldropU: doesn't show hand
*** SUMMARY ***
Total pot $18 | Rake $0.36
Board [Ts 5h Kc]
Seat 1: IwilldropU (big blind) collected ($17.64)
Seat 4: VolkovDmitri (button) (small blind) folded on the Flop


PokerStars Hand #161278914462:  Hold'em Limit ($3/$6 USD) - 2016/11/12 6:55:43 ET
Table 'Detre' 6-max Seat #4 is the button
Seat 1: IwilldropU ($102.66 in chips)
Seat 4: VolkovDmitri ($155 in chips)
VolkovDmitri: posts small blind $1
IwilldropU: posts big blind $3
*** HOLE CARDS ***
VolkovDmitri: folds
Uncalled bet ($2) returned to IwilldropU
IwilldropU collected $2 from pot
IwilldropU: doesn't show hand
*** SUMMARY ***
Total pot $2 | Rake $0
Seat 1: IwilldropU (big blind) collected ($2)
Seat 4: VolkovDmitri (button) (small blind) folded before Flop


PokerStars Hand #161278895941:  Hold'em Limit ($3/$6 USD) - 2016/11/12 6:55:05 ET
Table 'Detre' 6-max Seat #1 is the button
Seat 1: IwilldropU ($117.66 in chips)
Seat 4: VolkovDmitri ($140.50 in chips)
IwilldropU: posts small blind $1
VolkovDmitri: posts big blind $3
*** HOLE CARDS ***
IwilldropU: raises $3 to $6
VolkovDmitri: calls $3
*** FLOP *** [3h Tc 7h]
VolkovDmitri: checks
IwilldropU: bets $3
VolkovDmitri: calls $3
*** TURN *** [3h Tc 7h] [Jh]
VolkovDmitri: checks
IwilldropU: bets $6
VolkovDmitri: calls $6
*** RIVER *** [3h Tc 7h Jh] [Kh]
VolkovDmitri: bets $6
IwilldropU: folds [Jd 7c]
Uncalled bet ($6) returned to VolkovDmitri
VolkovDmitri collected $29.50 from pot
*** SUMMARY ***
Total pot $30 | Rake $0.50
Board [3h Tc 7h Jh Kh]
Seat 1: IwilldropU (button) (small blind) folded on the River
Seat 4: VolkovDmitri (big blind) collected ($29.50)


PokerStars Hand #161278890096:  Hold'em Limit ($3/$6 USD) - 2016/11/12 6:54:54 ET
Table 'Detre' 6-max Seat #4 is the button
Seat 1: IwilldropU ($120.66 in chips)
Seat 4: VolkovDmitri ($137.50 in chips)
VolkovDmitri: posts small blind $1
IwilldropU: posts big blind $3
*** HOLE CARDS ***
VolkovDmitri: raises $3 to $6
IwilldropU: folds
Uncalled bet ($3) returned to VolkovDmitri
VolkovDmitri collected $6 from pot
VolkovDmitri: doesn't show hand
*** SUMMARY ***
Total pot $6 | Rake $0
Seat 1: IwilldropU (big blind) folded before Flop
Seat 4: VolkovDmitri (button) (small blind) collected ($6)


PokerStars Hand #161278874396:  Hold'em Limit ($3/$6 USD) - 2016/11/12 6:54:24 ET
Table 'Detre' 6-max Seat #1 is the button
Seat 1: IwilldropU ($138.66 in chips)
Seat 4: VolkovDmitri ($120 in chips)
IwilldropU: posts small blind $1
VolkovDmitri: posts big blind $3
*** HOLE CARDS ***
IwilldropU: raises $3 to $6
VolkovDmitri: raises $3 to $9
IwilldropU: calls $3
*** FLOP *** [Tc Qs 9c]
VolkovDmitri: bets $3
IwilldropU: calls $3
*** TURN *** [Tc Qs 9c] [3c]
VolkovDmitri: bets $6
IwilldropU: calls $6
*** RIVER *** [Tc Qs 9c 3c] [Kc]
VolkovDmitri: bets $6
IwilldropU: folds
Uncalled bet ($6) returned to VolkovDmitri
VolkovDmitri collected $35.50 from pot
VolkovDmitri: doesn't show hand
*** SUMMARY ***
Total pot $36 | Rake $0.50
Board [Tc Qs 9c 3c Kc]
Seat 1: IwilldropU (button) (small blind) folded on the River
Seat 4: VolkovDmitri (big blind) collected ($35.50)


PokerStars Hand #161278816275:  Hold'em Limit ($3/$6 USD) - 2016/11/12 6:52:35 ET
Table 'Detre' 6-max Seat #4 is the button
Seat 1: IwilldropU ($109.76 in chips)
Seat 4: VolkovDmitri ($135.50 in chips)
VolkovDmitri: posts small blind $1
IwilldropU: posts big blind $3
*** HOLE CARDS ***
VolkovDmitri: raises $3 to $6
IwilldropU: calls $3
*** FLOP *** [3d 9s 5c]
IwilldropU: bets $3
VolkovDmitri: calls $3
*** TURN *** [3d 9s 5c] [8h]
IwilldropU: checks
VolkovDmitri: checks
*** RIVER *** [3d 9s 5c 8h] [8s]
IwilldropU: bets $6
VolkovDmitri: calls $6
*** SHOW DOWN ***
IwilldropU: shows [Kd 5h] (two pair, Eights and Fives)
VolkovDmitri: mucks hand
IwilldropU collected $29.50 from pot
*** SUMMARY ***
Total pot $30 | Rake $0.50
Board [3d 9s 5c 8h 8s]
Seat 1: IwilldropU (big blind) showed [Kd 5h] and won ($29.50) with two pair, Eights and Fives
Seat 4: VolkovDmitri (button) (small blind) mucked


PokerStars Hand #161278918645:  Hold'em Limit ($3/$6 USD) - 2016/11/12 6:55:52 ET
Table 'Detre' 6-max Seat #1 is the button
Seat 1: IwilldropU ($103.66 in chips)
Seat 4: VolkovDmitri ($154 in chips)
IwilldropU: posts small blind $1
VolkovDmitri: posts big blind $3
*** HOLE CARDS ***
IwilldropU: raises $3 to $6
VolkovDmitri: folds
Uncalled bet ($3) returned to IwilldropU
IwilldropU collected $6 from pot
IwilldropU: doesn't show hand
*** SUMMARY ***
Total pot $6 | Rake $0
Seat 1: IwilldropU (button) (small blind) collected ($6)
Seat 4: VolkovDmitri (big blind) folded before Flop


PokerStars Hand #161278949798:  Hold'em Limit ($3/$6 USD) - 2016/11/12 6:56:58 ET
Table 'Detre' 6-max Seat #1 is the button
Seat 1: IwilldropU ($73.66 in chips)
Seat 4: VolkovDmitri ($183.50 in chips)
IwilldropU: posts small blind $1
VolkovDmitri: posts big blind $3
*** HOLE CARDS ***
IwilldropU: calls $2
VolkovDmitri: raises $3 to $6
IwilldropU: folds
Uncalled bet ($3) returned to VolkovDmitri
VolkovDmitri collected $6 from pot
VolkovDmitri: doesn't show hand
*** SUMMARY ***
Total pot $6 | Rake $0
Seat 1: IwilldropU (button) (small blind) folded before Flop
Seat 4: VolkovDmitri (big blind) collected ($6)


PokerStars Hand #161278931590:  Hold'em Limit ($3/$6 USD) - 2016/11/12 6:56:19 ET
Table 'Detre' 6-max Seat #4 is the button
Seat 1: IwilldropU ($106.66 in chips)
Seat 4: VolkovDmitri ($151 in chips)
VolkovDmitri: posts small blind $1
IwilldropU: posts big blind $3
*** HOLE CARDS ***
VolkovDmitri: raises $3 to $6
IwilldropU: calls $3
*** FLOP *** [6d 5d Th]
IwilldropU: checks
VolkovDmitri: bets $3
IwilldropU: calls $3
*** TURN *** [6d 5d Th] [7c]
IwilldropU: checks
VolkovDmitri: bets $6
IwilldropU: calls $6
*** RIVER *** [6d 5d Th 7c] [7d]
IwilldropU: checks
VolkovDmitri: bets $6
IwilldropU: raises $6 to $12
VolkovDmitri: raises $6 to $18
IwilldropU: calls $6
*** SHOW DOWN ***
VolkovDmitri: shows [6h 6s] (a full house, Sixes full of Sevens)
IwilldropU: mucks hand
VolkovDmitri collected $65.50 from pot
*** SUMMARY ***
Total pot $66 | Rake $0.50
Board [6d 5d Th 7c 7d]
Seat 1: IwilldropU (big blind) mucked
Seat 4: VolkovDmitri (button) (small blind) showed [6h 6s] and won ($65.50) with a full house, Sixes full of Sevens


