PokerStars Hand #170530320061:  Hold'em Limit ($3/$6 USD) - 2017/05/17 5:27:14 ET
Table 'Devosa II' 6-max Seat #4 is the button
Seat 4: VolkovDmitri ($160.27 in chips)
Seat 6: dobber888 ($38 in chips)
pro_gosy will be allowed to play after the button
VolkovDmitri: posts small blind $1
Ale4o: is sitting out
dobber888: posts big blind $3
*** HOLE CARDS ***
kolaz03 joins the table at seat #3
VolkovDmitri: raises $3 to $6
dobber888: calls $3
*** FLOP *** [Ks Qd 8s]
dobber888: checks
VolkovDmitri: bets $3
dobber888: calls $3
*** TURN *** [Ks Qd 8s] [4d]
dobber888: checks
VolkovDmitri: bets $6
dobber888: raises $6 to $12
VolkovDmitri: folds
Uncalled bet ($6) returned to dobber888
dobber888 collected $29.50 from pot
dobber888: doesn't show hand
*** SUMMARY ***
Total pot $30 | Rake $0.50
Board [Ks Qd 8s 4d]
Seat 4: VolkovDmitri (button) (small blind) folded on the Turn
Seat 6: dobber888 (big blind) collected ($29.50)


PokerStars Hand #170530620805:  Hold'em Limit ($3/$6 USD) - 2017/05/17 5:40:56 ET
Table 'Devosa II' 6-max Seat #1 is the button
Seat 1: Krazy90 ($167.40 in chips)
Seat 6: dobber888 ($97.16 in chips)
Krazy90: posts small blind $1
Ale4o: is sitting out
dobber888: posts big blind $3
*** HOLE CARDS ***
Ale4o leaves the table
Krazy90: raises $3 to $6
dobber888: calls $3
*** FLOP *** [8h 9d 3h]
dobber888: checks
Krazy90: checks
*** TURN *** [8h 9d 3h] [3c]
dobber888: bets $6
Krazy90: folds
Uncalled bet ($6) returned to dobber888
dobber888 collected $11.76 from pot
dobber888: doesn't show hand
*** SUMMARY ***
Total pot $12 | Rake $0.24
Board [8h 9d 3h 3c]
Seat 1: Krazy90 (button) (small blind) folded on the Turn
Seat 6: dobber888 (big blind) collected ($11.76)


PokerStars Hand #170530626338:  Hold'em Limit ($3/$6 USD) - 2017/05/17 5:41:11 ET
Table 'Devosa II' 6-max Seat #6 is the button
Seat 1: Krazy90 ($161.40 in chips)
Seat 6: dobber888 ($102.92 in chips)
dobber888: posts small blind $1
Krazy90: posts big blind $3
*** HOLE CARDS ***
dobber888: folds
Uncalled bet ($2) returned to Krazy90
dobber888 leaves the table
Krazy90 collected $2 from pot
Krazy90: doesn't show hand
*** SUMMARY ***
Total pot $2 | Rake $0
Seat 1: Krazy90 (big blind) collected ($2)
Seat 6: dobber888 (button) (small blind) folded before Flop


