PokerStars Hand #168555619617:  Hold'em Limit ($3/$6 USD) - 2017/04/04 5:24:25 ET
Table 'Devosa' 6-max Seat #1 is the button
Seat 1: iupeli ($202.67 in chips)
Seat 2: kolaz03 ($72 in chips)
iupeli: posts small blind $1
kolaz03: posts big blind $3
*** HOLE CARDS ***
iupeli: raises $3 to $6
kolaz03: calls $3
*** FLOP *** [7c Qs Jc]
kolaz03: checks
iupeli: bets $3
kolaz03: folds
Uncalled bet ($3) returned to iupeli
iupeli collected $11.76 from pot
iupeli: doesn't show hand
*** SUMMARY ***
Total pot $12 | Rake $0.24
Board [7c Qs Jc]
Seat 1: iupeli (button) (small blind) collected ($11.76)
Seat 2: kolaz03 (big blind) folded on the Flop


PokerStars Hand #168555594838:  Hold'em Limit ($3/$6 USD) - 2017/04/04 5:23:20 ET
Table 'Devosa' 6-max Seat #2 is the button
Seat 1: iupeli ($188.17 in chips)
Seat 2: kolaz03 ($72 in chips)
kolaz03: posts small blind $1
MTails has timed out
MTails: is sitting out
iupeli: posts big blind $3
*** HOLE CARDS ***
kolaz03: raises $3 to $6
iupeli: calls $3
*** FLOP *** [Kc Js 6d]
Whatze Phuck joins the table at seat #3
iupeli: checks
kolaz03: bets $3
iupeli: calls $3
*** TURN *** [Kc Js 6d] [Qc]
MTails leaves the table
iupeli: checks
kolaz03: bets $6
iupeli: raises $6 to $12
kolaz03: folds
Uncalled bet ($6) returned to iupeli
iupeli collected $29.50 from pot
iupeli: doesn't show hand
*** SUMMARY ***
Total pot $30 | Rake $0.50
Board [Kc Js 6d Qc]
Seat 1: iupeli (big blind) collected ($29.50)
Seat 2: kolaz03 (button) (small blind) folded on the Turn


PokerStars Hand #168555679957:  Hold'em Limit ($3/$6 USD) - 2017/04/04 5:27:03 ET
Table 'Devosa' 6-max Seat #1 is the button
Seat 1: iupeli ($210.14 in chips)
Seat 3: Whatze Phuck ($129.46 in chips)
iupeli: posts small blind $1
Whatze Phuck: posts big blind $3
*** HOLE CARDS ***
iupeli: calls $2
Whatze Phuck: raises $3 to $6
iupeli: calls $3
*** FLOP *** [9s 4c Jc]
Whatze Phuck: bets $3
iupeli: folds
Uncalled bet ($3) returned to Whatze Phuck
Whatze Phuck collected $11.76 from pot
Whatze Phuck: doesn't show hand
*** SUMMARY ***
Total pot $12 | Rake $0.24
Board [9s 4c Jc]
Seat 1: iupeli (button) (small blind) folded on the Flop
Seat 3: Whatze Phuck (big blind) collected ($11.76)


PokerStars Hand #168555687625:  Hold'em Limit ($3/$6 USD) - 2017/04/04 5:27:23 ET
Table 'Devosa' 6-max Seat #3 is the button
Seat 1: iupeli ($204.14 in chips)
Seat 3: Whatze Phuck ($135.22 in chips)
Whatze Phuck: posts small blind $1
iupeli: posts big blind $3
*** HOLE CARDS ***
Whatze Phuck: raises $3 to $6
iupeli: calls $3
*** FLOP *** [6d Ac 9h]
iupeli: checks
Whatze Phuck: bets $3
iupeli: folds
Uncalled bet ($3) returned to Whatze Phuck
Whatze Phuck collected $11.76 from pot
Whatze Phuck: doesn't show hand
*** SUMMARY ***
Total pot $12 | Rake $0.24
Board [6d Ac 9h]
Seat 1: iupeli (big blind) folded on the Flop
Seat 3: Whatze Phuck (button) (small blind) collected ($11.76)


PokerStars Hand #168555692921:  Hold'em Limit ($3/$6 USD) - 2017/04/04 5:27:37 ET
Table 'Devosa' 6-max Seat #1 is the button
Seat 1: iupeli ($198.14 in chips)
Seat 3: Whatze Phuck ($140.98 in chips)
iupeli: posts small blind $1
Whatze Phuck: posts big blind $3
*** HOLE CARDS ***
iupeli: raises $3 to $6
Whatze Phuck: calls $3
*** FLOP *** [Tc 2c 4d]
Whatze Phuck: checks
iupeli: bets $3
Whatze Phuck: raises $3 to $6
iupeli: folds
Uncalled bet ($3) returned to Whatze Phuck
Whatze Phuck collected $17.64 from pot
Whatze Phuck: doesn't show hand
*** SUMMARY ***
Total pot $18 | Rake $0.36
Board [Tc 2c 4d]
Seat 1: iupeli (button) (small blind) folded on the Flop
Seat 3: Whatze Phuck (big blind) collected ($17.64)


PokerStars Hand #168555720047:  Hold'em Limit ($3/$6 USD) - 2017/04/04 5:28:47 ET
Table 'Devosa' 6-max Seat #1 is the button
Seat 1: iupeli ($174.14 in chips)
Seat 3: Whatze Phuck ($164.14 in chips)
iupeli: posts small blind $1
Whatze Phuck: posts big blind $3
*** HOLE CARDS ***
iupeli: folds
Uncalled bet ($2) returned to Whatze Phuck
Whatze Phuck collected $2 from pot
Whatze Phuck: doesn't show hand
*** SUMMARY ***
Total pot $2 | Rake $0
Seat 1: iupeli (button) (small blind) folded before Flop
Seat 3: Whatze Phuck (big blind) collected ($2)


PokerStars Hand #168555699764:  Hold'em Limit ($3/$6 USD) - 2017/04/04 5:27:55 ET
Table 'Devosa' 6-max Seat #3 is the button
Seat 1: iupeli ($189.14 in chips)
Seat 3: Whatze Phuck ($149.62 in chips)
Whatze Phuck: posts small blind $1
iupeli: posts big blind $3
*** HOLE CARDS ***
Whatze Phuck: raises $3 to $6
iupeli: calls $3
*** FLOP *** [Qd 9h 8s]
iupeli: checks
Whatze Phuck: bets $3
iupeli: folds
Uncalled bet ($3) returned to Whatze Phuck
Whatze Phuck collected $11.76 from pot
Whatze Phuck: doesn't show hand
*** SUMMARY ***
Total pot $12 | Rake $0.24
Board [Qd 9h 8s]
Seat 1: iupeli (big blind) folded on the Flop
Seat 3: Whatze Phuck (button) (small blind) collected ($11.76)


PokerStars Hand #168555717730:  Hold'em Limit ($3/$6 USD) - 2017/04/04 5:28:41 ET
Table 'Devosa' 6-max Seat #3 is the button
Seat 1: iupeli ($173.14 in chips)
Seat 3: Whatze Phuck ($165.14 in chips)
Whatze Phuck: posts small blind $1
iupeli: posts big blind $3
*** HOLE CARDS ***
Whatze Phuck: folds
Uncalled bet ($2) returned to iupeli
iupeli collected $2 from pot
iupeli: doesn't show hand
*** SUMMARY ***
Total pot $2 | Rake $0
Seat 1: iupeli (big blind) collected ($2)
Seat 3: Whatze Phuck (button) (small blind) folded before Flop


PokerStars Hand #168555715379:  Hold'em Limit ($3/$6 USD) - 2017/04/04 5:28:36 ET
Table 'Devosa' 6-max Seat #1 is the button
Seat 1: iupeli ($174.14 in chips)
Seat 3: Whatze Phuck ($164.14 in chips)
iupeli: posts small blind $1
Whatze Phuck: posts big blind $3
*** HOLE CARDS ***
iupeli: folds
Uncalled bet ($2) returned to Whatze Phuck
Whatze Phuck collected $2 from pot
Whatze Phuck: doesn't show hand
*** SUMMARY ***
Total pot $2 | Rake $0
Seat 1: iupeli (button) (small blind) folded before Flop
Seat 3: Whatze Phuck (big blind) collected ($2)


PokerStars Hand #168555713182:  Hold'em Limit ($3/$6 USD) - 2017/04/04 5:28:30 ET
Table 'Devosa' 6-max Seat #3 is the button
Seat 1: iupeli ($177.14 in chips)
Seat 3: Whatze Phuck ($161.14 in chips)
Whatze Phuck: posts small blind $1
iupeli: posts big blind $3
*** HOLE CARDS ***
Whatze Phuck: raises $3 to $6
iupeli: folds
Uncalled bet ($3) returned to Whatze Phuck
Whatze Phuck collected $6 from pot
Whatze Phuck: doesn't show hand
*** SUMMARY ***
Total pot $6 | Rake $0
Seat 1: iupeli (big blind) folded before Flop
Seat 3: Whatze Phuck (button) (small blind) collected ($6)


PokerStars Hand #168555705934:  Hold'em Limit ($3/$6 USD) - 2017/04/04 5:28:11 ET
Table 'Devosa' 6-max Seat #1 is the button
Seat 1: iupeli ($183.14 in chips)
Seat 3: Whatze Phuck ($155.38 in chips)
iupeli: posts small blind $1
Whatze Phuck: posts big blind $3
*** HOLE CARDS ***
iupeli: calls $2
Whatze Phuck: raises $3 to $6
iupeli: calls $3
*** FLOP *** [8d 2d Jd]
Whatze Phuck: bets $3
iupeli: folds
Uncalled bet ($3) returned to Whatze Phuck
Whatze Phuck collected $11.76 from pot
Whatze Phuck: doesn't show hand
*** SUMMARY ***
Total pot $12 | Rake $0.24
Board [8d 2d Jd]
Seat 1: iupeli (button) (small blind) folded on the Flop
Seat 3: Whatze Phuck (big blind) collected ($11.76)


PokerStars Hand #168555738679:  Hold'em Limit ($3/$6 USD) - 2017/04/04 5:29:36 ET
Table 'Devosa' 6-max Seat #3 is the button
Seat 1: iupeli ($190.42 in chips)
Seat 3: Whatze Phuck ($147.14 in chips)
Whatze Phuck: posts small blind $1
iupeli: posts big blind $3
*** HOLE CARDS ***
Whatze Phuck: raises $3 to $6
iupeli: calls $3
*** FLOP *** [3h 5c Kh]
iupeli: checks
Whatze Phuck: checks
*** TURN *** [3h 5c Kh] [8d]
iupeli: checks
Whatze Phuck: bets $6
iupeli: calls $6
*** RIVER *** [3h 5c Kh 8d] [2d]
iupeli: checks
Whatze Phuck: bets $6
iupeli: calls $6
*** SHOW DOWN ***
Whatze Phuck: shows [3d Ks] (two pair, Kings and Threes)
iupeli: mucks hand
Whatze Phuck collected $35.50 from pot
*** SUMMARY ***
Total pot $36 | Rake $0.50
Board [3h 5c Kh 8d 2d]
Seat 1: iupeli (big blind) mucked
Seat 3: Whatze Phuck (button) (small blind) showed [3d Ks] and won ($35.50) with two pair, Kings and Threes


PokerStars Hand #168555722187:  Hold'em Limit ($3/$6 USD) - 2017/04/04 5:28:53 ET
Table 'Devosa' 6-max Seat #3 is the button
Seat 1: iupeli ($173.14 in chips)
Seat 3: Whatze Phuck ($165.14 in chips)
Whatze Phuck: posts small blind $1
iupeli: posts big blind $3
*** HOLE CARDS ***
Whatze Phuck: raises $3 to $6
iupeli: calls $3
*** FLOP *** [Kc 7d 7h]
iupeli: checks
Whatze Phuck: bets $3
iupeli: calls $3
*** TURN *** [Kc 7d 7h] [Qs]
iupeli: checks
Whatze Phuck: checks
*** RIVER *** [Kc 7d 7h Qs] [9c]
iupeli: bets $6
Whatze Phuck: folds
Uncalled bet ($6) returned to iupeli
iupeli collected $17.64 from pot
iupeli: doesn't show hand
*** SUMMARY ***
Total pot $18 | Rake $0.36
Board [Kc 7d 7h Qs 9c]
Seat 1: iupeli (big blind) collected ($17.64)
Seat 3: Whatze Phuck (button) (small blind) folded on the River


PokerStars Hand #168555730967:  Hold'em Limit ($3/$6 USD) - 2017/04/04 5:29:16 ET
Table 'Devosa' 6-max Seat #1 is the button
Seat 1: iupeli ($181.78 in chips)
Seat 3: Whatze Phuck ($156.14 in chips)
iupeli: posts small blind $1
Whatze Phuck: posts big blind $3
*** HOLE CARDS ***
iupeli: raises $3 to $6
Whatze Phuck: calls $3
*** FLOP *** [2c 2d Qc]
Whatze Phuck: checks
iupeli: bets $3
Whatze Phuck: calls $3
*** TURN *** [2c 2d Qc] [9h]
Whatze Phuck: checks
iupeli: bets $6
Whatze Phuck: folds
Uncalled bet ($6) returned to iupeli
iupeli collected $17.64 from pot
iupeli: doesn't show hand
*** SUMMARY ***
Total pot $18 | Rake $0.36
Board [2c 2d Qc 9h]
Seat 1: iupeli (button) (small blind) collected ($17.64)
Seat 3: Whatze Phuck (big blind) folded on the Turn


PokerStars Hand #168555749590:  Hold'em Limit ($3/$6 USD) - 2017/04/04 5:30:04 ET
Table 'Devosa' 6-max Seat #3 is the button
Seat 1: iupeli ($171.42 in chips)
Seat 3: Whatze Phuck ($165.64 in chips)
Whatze Phuck: posts small blind $1
iupeli: posts big blind $3
*** HOLE CARDS ***
Whatze Phuck: folds
Uncalled bet ($2) returned to iupeli
iupeli collected $2 from pot
iupeli: doesn't show hand
*** SUMMARY ***
Total pot $2 | Rake $0
Seat 1: iupeli (big blind) collected ($2)
Seat 3: Whatze Phuck (button) (small blind) folded before Flop


PokerStars Hand #168555747509:  Hold'em Limit ($3/$6 USD) - 2017/04/04 5:29:59 ET
Table 'Devosa' 6-max Seat #1 is the button
Seat 1: iupeli ($172.42 in chips)
Seat 3: Whatze Phuck ($164.64 in chips)
iupeli: posts small blind $1
Whatze Phuck: posts big blind $3
*** HOLE CARDS ***
iupeli: folds
Uncalled bet ($2) returned to Whatze Phuck
Whatze Phuck collected $2 from pot
Whatze Phuck: doesn't show hand
*** SUMMARY ***
Total pot $2 | Rake $0
Seat 1: iupeli (button) (small blind) folded before Flop
Seat 3: Whatze Phuck (big blind) collected ($2)


PokerStars Hand #168555762212:  Hold'em Limit ($3/$6 USD) - 2017/04/04 5:30:39 ET
Table 'Devosa' 6-max Seat #1 is the button
Seat 1: iupeli ($156.42 in chips)
Seat 3: Whatze Phuck ($180.14 in chips)
iupeli: posts small blind $1
Whatze Phuck: posts big blind $3
*** HOLE CARDS ***
iupeli: raises $3 to $6
Whatze Phuck: folds
Uncalled bet ($3) returned to iupeli
iupeli collected $6 from pot
iupeli: doesn't show hand
*** SUMMARY ***
Total pot $6 | Rake $0
Seat 1: iupeli (button) (small blind) collected ($6)
Seat 3: Whatze Phuck (big blind) folded before Flop


PokerStars Hand #168555764627:  Hold'em Limit ($3/$6 USD) - 2017/04/04 5:30:46 ET
Table 'Devosa' 6-max Seat #3 is the button
Seat 1: iupeli ($159.42 in chips)
Seat 3: Whatze Phuck ($177.14 in chips)
Whatze Phuck: posts small blind $1
iupeli: posts big blind $3
*** HOLE CARDS ***
Whatze Phuck: folds
Uncalled bet ($2) returned to iupeli
iupeli collected $2 from pot
iupeli: doesn't show hand
*** SUMMARY ***
Total pot $2 | Rake $0
Seat 1: iupeli (big blind) collected ($2)
Seat 3: Whatze Phuck (button) (small blind) folded before Flop


PokerStars Hand #168555751692:  Hold'em Limit ($3/$6 USD) - 2017/04/04 5:30:09 ET
Table 'Devosa' 6-max Seat #1 is the button
Seat 1: iupeli ($172.42 in chips)
Seat 3: Whatze Phuck ($164.64 in chips)
iupeli: posts small blind $1
Whatze Phuck: posts big blind $3
*** HOLE CARDS ***
iupeli: folds
Uncalled bet ($2) returned to Whatze Phuck
Whatze Phuck collected $2 from pot
Whatze Phuck: doesn't show hand
*** SUMMARY ***
Total pot $2 | Rake $0
Seat 1: iupeli (button) (small blind) folded before Flop
Seat 3: Whatze Phuck (big blind) collected ($2)


PokerStars Hand #168555753685:  Hold'em Limit ($3/$6 USD) - 2017/04/04 5:30:14 ET
Table 'Devosa' 6-max Seat #3 is the button
Seat 1: iupeli ($171.42 in chips)
Seat 3: Whatze Phuck ($165.64 in chips)
Whatze Phuck: posts small blind $1
iupeli: posts big blind $3
*** HOLE CARDS ***
Whatze Phuck: raises $3 to $6
iupeli: calls $3
*** FLOP *** [5c Ac 9c]
iupeli: checks
Whatze Phuck: bets $3
iupeli: calls $3
*** TURN *** [5c Ac 9c] [3d]
iupeli: checks
Whatze Phuck: bets $6
iupeli: calls $6
*** RIVER *** [5c Ac 9c 3d] [Ks]
iupeli: checks
Whatze Phuck: bets $6
iupeli: folds
Uncalled bet ($6) returned to Whatze Phuck
Whatze Phuck collected $29.50 from pot
Whatze Phuck: doesn't show hand
*** SUMMARY ***
Total pot $30 | Rake $0.50
Board [5c Ac 9c 3d Ks]
Seat 1: iupeli (big blind) folded on the River
Seat 3: Whatze Phuck (button) (small blind) collected ($29.50)


PokerStars Hand #168555766644:  Hold'em Limit ($3/$6 USD) - 2017/04/04 5:30:51 ET
Table 'Devosa' 6-max Seat #1 is the button
Seat 1: iupeli ($160.42 in chips)
Seat 3: Whatze Phuck ($176.14 in chips)
iupeli: posts small blind $1
Whatze Phuck: posts big blind $3
*** HOLE CARDS ***
iupeli: raises $3 to $6
Whatze Phuck: raises $3 to $9
iupeli: calls $3
*** FLOP *** [6h Qh 9c]
Whatze Phuck: bets $3
iupeli: calls $3
*** TURN *** [6h Qh 9c] [3s]
Whatze Phuck: bets $6
iupeli: calls $6
*** RIVER *** [6h Qh 9c 3s] [2d]
Whatze Phuck: bets $6
iupeli: calls $6
*** SHOW DOWN ***
Whatze Phuck: shows [Kh Qc] (a pair of Queens)
iupeli: mucks hand
Whatze Phuck collected $47.50 from pot
*** SUMMARY ***
Total pot $48 | Rake $0.50
Board [6h Qh 9c 3s 2d]
Seat 1: iupeli (button) (small blind) mucked
Seat 3: Whatze Phuck (big blind) showed [Kh Qc] and won ($47.50) with a pair of Queens


PokerStars Hand #168555779482:  Hold'em Limit ($3/$6 USD) - 2017/04/04 5:31:25 ET
Table 'Devosa' 6-max Seat #1 is the button
Seat 1: iupeli ($145.06 in chips)
Seat 3: Whatze Phuck ($190.64 in chips)
iupeli: posts small blind $1
Whatze Phuck: posts big blind $3
*** HOLE CARDS ***
iupeli: raises $3 to $6
Whatze Phuck: folds
Uncalled bet ($3) returned to iupeli
iupeli collected $6 from pot
iupeli: doesn't show hand
*** SUMMARY ***
Total pot $6 | Rake $0
Seat 1: iupeli (button) (small blind) collected ($6)
Seat 3: Whatze Phuck (big blind) folded before Flop


PokerStars Hand #168555774729:  Hold'em Limit ($3/$6 USD) - 2017/04/04 5:31:13 ET
Table 'Devosa' 6-max Seat #3 is the button
Seat 1: iupeli ($136.42 in chips)
Seat 3: Whatze Phuck ($199.64 in chips)
Whatze Phuck: posts small blind $1
iupeli: posts big blind $3
*** HOLE CARDS ***
Whatze Phuck: raises $3 to $6
iupeli: raises $3 to $9
Whatze Phuck: calls $3
*** FLOP *** [9c Qc 4h]
iupeli: bets $3
Whatze Phuck: folds
Uncalled bet ($3) returned to iupeli
iupeli collected $17.64 from pot
iupeli: doesn't show hand
*** SUMMARY ***
Total pot $18 | Rake $0.36
Board [9c Qc 4h]
Seat 1: iupeli (big blind) collected ($17.64)
Seat 3: Whatze Phuck (button) (small blind) folded on the Flop


PokerStars Hand #168555796435:  Hold'em Limit ($3/$6 USD) - 2017/04/04 5:32:11 ET
Table 'Devosa' 6-max Seat #3 is the button
Seat 1: iupeli ($162.58 in chips)
Seat 3: Whatze Phuck ($172.64 in chips)
Whatze Phuck: posts small blind $1
iupeli: posts big blind $3
*** HOLE CARDS ***
Whatze Phuck: folds
Uncalled bet ($2) returned to iupeli
iupeli collected $2 from pot
iupeli: doesn't show hand
*** SUMMARY ***
Total pot $2 | Rake $0
Seat 1: iupeli (big blind) collected ($2)
Seat 3: Whatze Phuck (button) (small blind) folded before Flop


PokerStars Hand #168555793717:  Hold'em Limit ($3/$6 USD) - 2017/04/04 5:32:04 ET
Table 'Devosa' 6-max Seat #1 is the button
Seat 1: iupeli ($159.58 in chips)
Seat 3: Whatze Phuck ($175.64 in chips)
iupeli: posts small blind $1
Whatze Phuck: posts big blind $3
*** HOLE CARDS ***
iupeli: raises $3 to $6
Whatze Phuck: folds
Uncalled bet ($3) returned to iupeli
iupeli collected $6 from pot
iupeli: doesn't show hand
*** SUMMARY ***
Total pot $6 | Rake $0
Seat 1: iupeli (button) (small blind) collected ($6)
Seat 3: Whatze Phuck (big blind) folded before Flop


PokerStars Hand #168555781942:  Hold'em Limit ($3/$6 USD) - 2017/04/04 5:31:32 ET
Table 'Devosa' 6-max Seat #3 is the button
Seat 1: iupeli ($148.06 in chips)
Seat 3: Whatze Phuck ($187.64 in chips)
Whatze Phuck: posts small blind $1
iupeli: posts big blind $3
*** HOLE CARDS ***
Whatze Phuck: raises $3 to $6
iupeli: raises $3 to $9
Whatze Phuck: calls $3
*** FLOP *** [7s Qs 4c]
iupeli: bets $3
Whatze Phuck: calls $3
*** TURN *** [7s Qs 4c] [4d]
iupeli: checks
Whatze Phuck: checks
*** RIVER *** [7s Qs 4c 4d] [3h]
iupeli: checks
Whatze Phuck: checks
*** SHOW DOWN ***
iupeli: shows [6h Ah] (a pair of Fours)
Whatze Phuck: mucks hand
iupeli collected $23.52 from pot
*** SUMMARY ***
Total pot $24 | Rake $0.48
Board [7s Qs 4c 4d 3h]
Seat 1: iupeli (big blind) showed [6h Ah] and won ($23.52) with a pair of Fours
Seat 3: Whatze Phuck (button) (small blind) mucked


PokerStars Hand #168555800980:  Hold'em Limit ($3/$6 USD) - 2017/04/04 5:32:23 ET
Table 'Devosa' 6-max Seat #3 is the button
Seat 1: iupeli ($166.58 in chips)
Seat 3: Whatze Phuck ($168.64 in chips)
Whatze Phuck: posts small blind $1
iupeli: posts big blind $3
*** HOLE CARDS ***
Whatze Phuck: raises $3 to $6
iupeli: folds
Uncalled bet ($3) returned to Whatze Phuck
Whatze Phuck collected $6 from pot
Whatze Phuck: doesn't show hand
*** SUMMARY ***
Total pot $6 | Rake $0
Seat 1: iupeli (big blind) folded before Flop
Seat 3: Whatze Phuck (button) (small blind) collected ($6)


PokerStars Hand #168555798344:  Hold'em Limit ($3/$6 USD) - 2017/04/04 5:32:16 ET
Table 'Devosa' 6-max Seat #1 is the button
Seat 1: iupeli ($163.58 in chips)
Seat 3: Whatze Phuck ($171.64 in chips)
iupeli: posts small blind $1
Whatze Phuck: posts big blind $3
*** HOLE CARDS ***
iupeli: raises $3 to $6
Whatze Phuck: folds
Uncalled bet ($3) returned to iupeli
iupeli collected $6 from pot
iupeli: doesn't show hand
*** SUMMARY ***
Total pot $6 | Rake $0
Seat 1: iupeli (button) (small blind) collected ($6)
Seat 3: Whatze Phuck (big blind) folded before Flop


PokerStars Hand #168555803586:  Hold'em Limit ($3/$6 USD) - 2017/04/04 5:32:30 ET
Table 'Devosa' 6-max Seat #1 is the button
Seat 1: iupeli ($163.58 in chips)
Seat 3: Whatze Phuck ($171.64 in chips)
iupeli: posts small blind $1
Whatze Phuck: posts big blind $3
*** HOLE CARDS ***
iupeli: raises $3 to $6
Whatze Phuck: calls $3
*** FLOP *** [Ts Ac 4d]
Whatze Phuck: checks
iupeli: bets $3
Whatze Phuck: folds
Uncalled bet ($3) returned to iupeli
iupeli collected $11.76 from pot
iupeli: doesn't show hand
*** SUMMARY ***
Total pot $12 | Rake $0.24
Board [Ts Ac 4d]
Seat 1: iupeli (button) (small blind) collected ($11.76)
Seat 3: Whatze Phuck (big blind) folded on the Flop


PokerStars Hand #168555810183:  Hold'em Limit ($3/$6 USD) - 2017/04/04 5:32:47 ET
Table 'Devosa' 6-max Seat #3 is the button
Seat 1: iupeli ($169.34 in chips)
Seat 3: Whatze Phuck ($165.64 in chips)
Whatze Phuck: posts small blind $1
iupeli: posts big blind $3
*** HOLE CARDS ***
Whatze Phuck: raises $3 to $6
iupeli: calls $3
*** FLOP *** [Ac Js Qc]
iupeli: checks
Whatze Phuck: bets $3
iupeli: calls $3
*** TURN *** [Ac Js Qc] [4d]
iupeli: checks
SilaSoNi joins the table at seat #4
Whatze Phuck: checks
*** RIVER *** [Ac Js Qc 4d] [Tc]
iupeli: checks
Whatze Phuck: bets $6
iupeli: folds
Uncalled bet ($6) returned to Whatze Phuck
Whatze Phuck collected $17.64 from pot
Whatze Phuck: doesn't show hand
*** SUMMARY ***
Total pot $18 | Rake $0.36
Board [Ac Js Qc 4d Tc]
Seat 1: iupeli (big blind) folded on the River
Seat 3: Whatze Phuck (button) (small blind) collected ($17.64)


PokerStars Hand #168555818335:  Hold'em Limit ($3/$6 USD) - 2017/04/04 5:33:08 ET
Table 'Devosa' 6-max Seat #1 is the button
Seat 1: iupeli ($160.34 in chips)
Seat 3: Whatze Phuck ($174.28 in chips)
iupeli: posts small blind $1
Whatze Phuck: posts big blind $3
*** HOLE CARDS ***
iupeli: raises $3 to $6
Whatze Phuck: raises $3 to $9
iupeli: calls $3
*** FLOP *** [3c 5d 2c]
Whatze Phuck: bets $3
iupeli: raises $3 to $6
Whatze Phuck: calls $3
*** TURN *** [3c 5d 2c] [4h]
Whatze Phuck: checks
Jigorek1989 joins the table at seat #5
iupeli: bets $6
Whatze Phuck: calls $6
*** RIVER *** [3c 5d 2c 4h] [Ah]
Whatze Phuck: checks
HAL9QQQ joins the table at seat #6
iupeli: checks
*** SHOW DOWN ***
Whatze Phuck: shows [7d Ad] (a straight, Ace to Five)
iupeli: shows [4c Ac] (a straight, Ace to Five)
Whatze Phuck collected $20.75 from pot
iupeli collected $20.75 from pot
*** SUMMARY ***
Total pot $42 | Rake $0.50
Board [3c 5d 2c 4h Ah]
Seat 1: iupeli (button) (small blind) showed [4c Ac] and won ($20.75) with a straight, Ace to Five
Seat 3: Whatze Phuck (big blind) showed [7d Ad] and won ($20.75) with a straight, Ace to Five


PokerStars Hand #168556183591:  Hold'em Limit ($3/$6 USD) - 2017/04/04 5:48:55 ET
Table 'Devosa' 6-max Seat #6 is the button
Seat 1: Krazy90 ($120 in chips)
Seat 6: HAL9QQQ ($204.63 in chips)
HAL9QQQ: posts small blind $1
Krazy90: posts big blind $3
*** HOLE CARDS ***
HAL9QQQ: folds
Uncalled bet ($2) returned to Krazy90
Krazy90 collected $2 from pot
Krazy90: doesn't show hand
*** SUMMARY ***
Total pot $2 | Rake $0
Seat 1: Krazy90 (big blind) collected ($2)
Seat 6: HAL9QQQ (button) (small blind) folded before Flop


PokerStars Hand #168556158087:  Hold'em Limit ($3/$6 USD) - 2017/04/04 5:47:49 ET
Table 'Devosa' 6-max Seat #1 is the button
Seat 1: Krazy90 ($121 in chips)
Seat 6: HAL9QQQ ($201.63 in chips)
Krazy90: posts small blind $1
HAL9QQQ: posts big blind $3
*** HOLE CARDS ***
Krazy90: calls $2
HAL9QQQ: raises $3 to $6
Krazy90 has timed out
Krazy90: folds
Uncalled bet ($3) returned to HAL9QQQ
HAL9QQQ collected $6 from pot
HAL9QQQ: doesn't show hand
*** SUMMARY ***
Total pot $6 | Rake $0
Seat 1: Krazy90 (button) (small blind) folded before Flop
Seat 6: HAL9QQQ (big blind) collected ($6)


PokerStars Hand #168556369718:  Hold'em Limit ($3/$6 USD) - 2017/04/04 5:57:00 ET
Table 'Devosa' 6-max Seat #2 is the button
Seat 1: Krazy90 ($120 in chips)
Seat 2: apx0surry9 ($89.44 in chips)
apx0surry9: posts small blind $1
SilaSoNi was removed from the table for failing to post
Krazy90: posts big blind $3
*** HOLE CARDS ***
apx0surry9: calls $2
Krazy90: raises $3 to $6
apx0surry9: calls $3
*** FLOP *** [9c 6h 3h]
Krazy90: bets $3
apx0surry9: calls $3
*** TURN *** [9c 6h 3h] [7d]
Krazy90: checks
apx0surry9: bets $6
Krazy90: calls $6
*** RIVER *** [9c 6h 3h 7d] [Td]
Krazy90: checks
apx0surry9: checks
*** SHOW DOWN ***
Krazy90: shows [Kh Qh] (high card King)
apx0surry9: shows [4c 7c] (a pair of Sevens)
apx0surry9 collected $29.50 from pot
*** SUMMARY ***
Total pot $30 | Rake $0.50
Board [9c 6h 3h 7d Td]
Seat 1: Krazy90 (big blind) showed [Kh Qh] and lost with high card King
Seat 2: apx0surry9 (button) (small blind) showed [4c 7c] and won ($29.50) with a pair of Sevens


PokerStars Hand #168556388295:  Hold'em Limit ($3/$6 USD) - 2017/04/04 5:57:53 ET
Table 'Devosa' 6-max Seat #2 is the button
Seat 1: Krazy90 ($115.74 in chips)
Seat 2: apx0surry9 ($109.70 in chips)
apx0surry9: posts small blind $1
Krazy90: posts big blind $3
*** HOLE CARDS ***
apx0surry9: folds
Uncalled bet ($2) returned to Krazy90
Krazy90 collected $2 from pot
Krazy90: doesn't show hand
*** SUMMARY ***
Total pot $2 | Rake $0
Seat 1: Krazy90 (big blind) collected ($2)
Seat 2: apx0surry9 (button) (small blind) folded before Flop


PokerStars Hand #168556390992:  Hold'em Limit ($3/$6 USD) - 2017/04/04 5:58:00 ET
Table 'Devosa' 6-max Seat #1 is the button
Seat 1: Krazy90 ($116.74 in chips)
Seat 2: apx0surry9 ($108.70 in chips)
Krazy90: posts small blind $1
apx0surry9: posts big blind $3
*** HOLE CARDS ***
Krazy90: folds
Uncalled bet ($2) returned to apx0surry9
apx0surry9 collected $2 from pot
apx0surry9: doesn't show hand
*** SUMMARY ***
Total pot $2 | Rake $0
Seat 1: Krazy90 (button) (small blind) folded before Flop
Seat 2: apx0surry9 (big blind) collected ($2)


PokerStars Hand #168556379323:  Hold'em Limit ($3/$6 USD) - 2017/04/04 5:57:27 ET
Table 'Devosa' 6-max Seat #1 is the button
Seat 1: Krazy90 ($120 in chips)
Seat 2: apx0surry9 ($103.94 in chips)
Krazy90: posts small blind $1
apx0surry9: posts big blind $3
*** HOLE CARDS ***
Krazy90: raises $3 to $6
apx0surry9: calls $3
*** FLOP *** [7c 3h Kd]
apx0surry9: bets $3
Krazy90: folds
Uncalled bet ($3) returned to apx0surry9
apx0surry9 collected $11.76 from pot
apx0surry9: doesn't show hand
*** SUMMARY ***
Total pot $12 | Rake $0.24
Board [7c 3h Kd]
Seat 1: Krazy90 (button) (small blind) folded on the Flop
Seat 2: apx0surry9 (big blind) collected ($11.76)


PokerStars Hand #168556394910:  Hold'em Limit ($3/$6 USD) - 2017/04/04 5:58:11 ET
Table 'Devosa' 6-max Seat #2 is the button
Seat 1: Krazy90 ($115.74 in chips)
Seat 2: apx0surry9 ($109.70 in chips)
apx0surry9: posts small blind $1
Krazy90: posts big blind $3
*** HOLE CARDS ***
apx0surry9: raises $3 to $6
Krazy90: calls $3
*** FLOP *** [5s 4s Js]
Krazy90: checks
apx0surry9: bets $3
Krazy90: raises $3 to $6
apx0surry9: calls $3
*** TURN *** [5s 4s Js] [5c]
Krazy90: checks
apx0surry9: checks
*** RIVER *** [5s 4s Js 5c] [Qh]
Krazy90: bets $6
apx0surry9: folds
Uncalled bet ($6) returned to Krazy90
Krazy90 collected $23.52 from pot
Krazy90: doesn't show hand
*** SUMMARY ***
Total pot $24 | Rake $0.48
Board [5s 4s Js 5c Qh]
Seat 1: Krazy90 (big blind) collected ($23.52)
Seat 2: apx0surry9 (button) (small blind) folded on the River


PokerStars Hand #168556412255:  Hold'em Limit ($3/$6 USD) - 2017/04/04 5:59:00 ET
Table 'Devosa' 6-max Seat #1 is the button
Seat 1: Krazy90 ($127.26 in chips)
Seat 2: apx0surry9 ($97.70 in chips)
Krazy90: posts small blind $1
apx0surry9: posts big blind $3
*** HOLE CARDS ***
Krazy90: raises $3 to $6
apx0surry9: folds
Uncalled bet ($3) returned to Krazy90
Krazy90 collected $6 from pot
Krazy90: doesn't show hand
*** SUMMARY ***
Total pot $6 | Rake $0
Seat 1: Krazy90 (button) (small blind) collected ($6)
Seat 2: apx0surry9 (big blind) folded before Flop


PokerStars Hand #168556417019:  Hold'em Limit ($3/$6 USD) - 2017/04/04 5:59:14 ET
Table 'Devosa' 6-max Seat #2 is the button
Seat 1: Krazy90 ($130.26 in chips)
Seat 2: apx0surry9 ($94.70 in chips)
apx0surry9: posts small blind $1
Krazy90: posts big blind $3
*** HOLE CARDS ***
apx0surry9: raises $3 to $6
Krazy90: calls $3
*** FLOP *** [Jc 6c 4h]
Krazy90: checks
apx0surry9: bets $3
Krazy90: raises $3 to $6
apx0surry9: calls $3
*** TURN *** [Jc 6c 4h] [9d]
Krazy90: bets $6
apx0surry9: calls $6
*** RIVER *** [Jc 6c 4h 9d] [Ts]
Krazy90: bets $6
apx0surry9: folds
Uncalled bet ($6) returned to Krazy90
Krazy90 collected $35.50 from pot
Krazy90: doesn't show hand
*** SUMMARY ***
Total pot $36 | Rake $0.50
Board [Jc 6c 4h 9d Ts]
Seat 1: Krazy90 (big blind) collected ($35.50)
Seat 2: apx0surry9 (button) (small blind) folded on the River


PokerStars Hand #168556427976:  Hold'em Limit ($3/$6 USD) - 2017/04/04 5:59:45 ET
Table 'Devosa' 6-max Seat #1 is the button
Seat 1: Krazy90 ($147.76 in chips)
Seat 2: apx0surry9 ($76.70 in chips)
Krazy90: posts small blind $1
apx0surry9: posts big blind $3
*** HOLE CARDS ***
Krazy90: raises $3 to $6
apx0surry9: calls $3
*** FLOP *** [Kh As 2h]
apx0surry9: checks
Krazy90: checks
*** TURN *** [Kh As 2h] [7d]
apx0surry9: bets $6
Krazy90: calls $6
*** RIVER *** [Kh As 2h 7d] [4c]
apx0surry9: bets $6
Krazy90: raises $6 to $12
apx0surry9: folds
Uncalled bet ($6) returned to Krazy90
davyyyyyyy joins the table at seat #6
Krazy90 collected $35.50 from pot
Krazy90: doesn't show hand
*** SUMMARY ***
Total pot $36 | Rake $0.50
Board [Kh As 2h 7d 4c]
Seat 1: Krazy90 (button) (small blind) collected ($35.50)
Seat 2: apx0surry9 (big blind) folded on the River


PokerStars Hand #168557481369:  Hold'em Limit ($3/$6 USD) - 2017/04/04 6:42:24 ET
Table 'Devosa' 6-max Seat #3 is the button
Seat 3: Rednaxela05 ($107.38 in chips)
Seat 6: kolaz03 ($194.79 in chips)
Rednaxela05: posts small blind $1
Great_Kang: is sitting out
kolaz03: posts big blind $3
*** HOLE CARDS ***
Great_Kang leaves the table
alfredg leaves the table
Rednaxela05: folds
Uncalled bet ($2) returned to kolaz03
kolaz03 collected $2 from pot
kolaz03: doesn't show hand
*** SUMMARY ***
Total pot $2 | Rake $0
Seat 3: Rednaxela05 (button) (small blind) folded before Flop
Seat 6: kolaz03 (big blind) collected ($2)


