PokerStars Hand #146439591310:  Hold'em Limit ($3/$6 USD) - 2016/01/04 5:31:15 ET
Table 'Devota' 6-max Seat #1 is the button
Seat 1: VolkovDmitri ($121 in chips)
Seat 2: oregordog ($142.50 in chips)
VolkovDmitri: posts small blind $1
oregordog: posts big blind $3
*** HOLE CARDS ***
VolkovDmitri: folds
Uncalled bet ($2) returned to oregordog
oregordog collected $2 from pot
oregordog: doesn't show hand
*** SUMMARY ***
Total pot $2 | Rake $0
Seat 1: VolkovDmitri (button) (small blind) folded before Flop
Seat 2: oregordog (big blind) collected ($2)


PokerStars Hand #146439587225:  Hold'em Limit ($3/$6 USD) - 2016/01/04 5:31:06 ET
Table 'Devota' 6-max Seat #2 is the button
Seat 1: VolkovDmitri ($120 in chips)
Seat 2: oregordog ($143.50 in chips)
oregordog: posts small blind $1
VolkovDmitri: posts big blind $3
*** HOLE CARDS ***
oregordog: folds
Uncalled bet ($2) returned to VolkovDmitri
VolkovDmitri collected $2 from pot
VolkovDmitri: doesn't show hand
*** SUMMARY ***
Total pot $2 | Rake $0
Seat 1: VolkovDmitri (big blind) collected ($2)
Seat 2: oregordog (button) (small blind) folded before Flop


PokerStars Hand #146439563282:  Hold'em Limit ($3/$6 USD) - 2016/01/04 5:30:17 ET
Table 'Devota' 6-max Seat #1 is the button
Seat 1: VolkovDmitri ($120 in chips)
Seat 2: oregordog ($120 in chips)
VolkovDmitri: posts small blind $1
oregordog: posts big blind $3
*** HOLE CARDS ***
VolkovDmitri: raises $3 to $6
oregordog: calls $3
*** FLOP *** [Th 4h 8d]
oregordog: checks
VolkovDmitri: bets $3
oregordog: raises $3 to $6
VolkovDmitri: calls $3
*** TURN *** [Th 4h 8d] [Jd]
oregordog: checks
VolkovDmitri: bets $6
oregordog: calls $6
*** RIVER *** [Th 4h 8d Jd] [9s]
oregordog: bets $6
VolkovDmitri: calls $6
*** SHOW DOWN ***
oregordog: shows [4d Qc] (a straight, Eight to Queen)
VolkovDmitri: mucks hand
oregordog collected $47.50 from pot
*** SUMMARY ***
Total pot $48 | Rake $0.50
Board [Th 4h 8d Jd 9s]
Seat 1: VolkovDmitri (button) (small blind) mucked
Seat 2: oregordog (big blind) showed [4d Qc] and won ($47.50) with a straight, Eight to Queen


PokerStars Hand #146439624728:  Hold'em Limit ($3/$6 USD) - 2016/01/04 5:32:23 ET
Table 'Devota' 6-max Seat #2 is the button
Seat 1: VolkovDmitri ($120 in chips)
Seat 2: oregordog ($155.14 in chips)
oregordog: posts small blind $1
VolkovDmitri: posts big blind $3
*** HOLE CARDS ***
oregordog: folds
Uncalled bet ($2) returned to VolkovDmitri
VolkovDmitri collected $2 from pot
VolkovDmitri: doesn't show hand
*** SUMMARY ***
Total pot $2 | Rake $0
Seat 1: VolkovDmitri (big blind) collected ($2)
Seat 2: oregordog (button) (small blind) folded before Flop


PokerStars Hand #146439603663:  Hold'em Limit ($3/$6 USD) - 2016/01/04 5:31:40 ET
Table 'Devota' 6-max Seat #1 is the button
Seat 1: VolkovDmitri ($120 in chips)
Seat 2: oregordog ($146.50 in chips)
VolkovDmitri: posts small blind $1
oregordog: posts big blind $3
*** HOLE CARDS ***
VolkovDmitri: raises $3 to $6
oregordog: calls $3
*** FLOP *** [3c 5c 3s]
oregordog: checks
VolkovDmitri: bets $3
oregordog: calls $3
*** TURN *** [3c 5c 3s] [Ks]
oregordog: checks
VolkovDmitri: checks
*** RIVER *** [3c 5c 3s Ks] [7h]
oregordog: bets $6
VolkovDmitri: folds
Uncalled bet ($6) returned to oregordog
oregordog collected $17.64 from pot
oregordog: doesn't show hand
*** SUMMARY ***
Total pot $18 | Rake $0.36
Board [3c 5c 3s Ks 7h]
Seat 1: VolkovDmitri (button) (small blind) folded on the River
Seat 2: oregordog (big blind) collected ($17.64)


PokerStars Hand #146439597208:  Hold'em Limit ($3/$6 USD) - 2016/01/04 5:31:27 ET
Table 'Devota' 6-max Seat #2 is the button
Seat 1: VolkovDmitri ($120 in chips)
Seat 2: oregordog ($143.50 in chips)
oregordog: posts small blind $1
VolkovDmitri: posts big blind $3
*** HOLE CARDS ***
oregordog: raises $3 to $6
VolkovDmitri: folds
Uncalled bet ($3) returned to oregordog
oregordog collected $6 from pot
oregordog: doesn't show hand
*** SUMMARY ***
Total pot $6 | Rake $0
Seat 1: VolkovDmitri (big blind) folded before Flop
Seat 2: oregordog (button) (small blind) collected ($6)


PokerStars Hand #146439627004:  Hold'em Limit ($3/$6 USD) - 2016/01/04 5:32:27 ET
Table 'Devota' 6-max Seat #1 is the button
Seat 1: VolkovDmitri ($121 in chips)
Seat 2: oregordog ($154.14 in chips)
VolkovDmitri: posts small blind $1
oregordog: posts big blind $3
*** HOLE CARDS ***
VolkovDmitri: raises $3 to $6
oregordog: raises $3 to $9
VolkovDmitri: calls $3
*** FLOP *** [8s 7h Ac]
oregordog: bets $3
VolkovDmitri: calls $3
*** TURN *** [8s 7h Ac] [2d]
oregordog: bets $6
VolkovDmitri: calls $6
*** RIVER *** [8s 7h Ac 2d] [6c]
oregordog: bets $6
VolkovDmitri: calls $6
*** SHOW DOWN ***
oregordog: shows [Jh Th] (high card Ace)
VolkovDmitri: shows [8h 9d] (a pair of Eights)
VolkovDmitri collected $47.50 from pot
*** SUMMARY ***
Total pot $48 | Rake $0.50
Board [8s 7h Ac 2d 6c]
Seat 1: VolkovDmitri (button) (small blind) showed [8h 9d] and won ($47.50) with a pair of Eights
Seat 2: oregordog (big blind) showed [Jh Th] and lost with high card Ace


PokerStars Hand #146439665242:  Hold'em Limit ($3/$6 USD) - 2016/01/04 5:33:46 ET
Table 'Devota' 6-max Seat #1 is the button
Seat 1: VolkovDmitri ($120 in chips)
Seat 2: oregordog ($156.64 in chips)
VolkovDmitri: posts small blind $1
oregordog: posts big blind $3
*** HOLE CARDS ***
VolkovDmitri: raises $3 to $6
oregordog: folds
Uncalled bet ($3) returned to VolkovDmitri
VolkovDmitri collected $6 from pot
VolkovDmitri: doesn't show hand
*** SUMMARY ***
Total pot $6 | Rake $0
Seat 1: VolkovDmitri (button) (small blind) collected ($6)
Seat 2: oregordog (big blind) folded before Flop


PokerStars Hand #146439677341:  Hold'em Limit ($3/$6 USD) - 2016/01/04 5:34:10 ET
Table 'Devota' 6-max Seat #2 is the button
Seat 1: VolkovDmitri ($123 in chips)
Seat 2: oregordog ($153.64 in chips)
oregordog: posts small blind $1
VolkovDmitri: posts big blind $3
*** HOLE CARDS ***
oregordog: raises $3 to $6
VolkovDmitri: calls $3
*** FLOP *** [5s Jh 8d]
VolkovDmitri: checks
oregordog: bets $3
VolkovDmitri: folds
Uncalled bet ($3) returned to oregordog
oregordog collected $11.76 from pot
oregordog: doesn't show hand
*** SUMMARY ***
Total pot $12 | Rake $0.24
Board [5s Jh 8d]
Seat 1: VolkovDmitri (big blind) folded on the Flop
Seat 2: oregordog (button) (small blind) collected ($11.76)


PokerStars Hand #146439644144:  Hold'em Limit ($3/$6 USD) - 2016/01/04 5:33:03 ET
Table 'Devota' 6-max Seat #2 is the button
Seat 1: VolkovDmitri ($144.50 in chips)
Seat 2: oregordog ($130.14 in chips)
oregordog: posts small blind $1
VolkovDmitri: posts big blind $3
*** HOLE CARDS ***
oregordog: raises $3 to $6
VolkovDmitri: raises $3 to $9
oregordog: raises $3 to $12
Betting is capped
VolkovDmitri: calls $3
*** FLOP *** [Jh 2h 5c]
VolkovDmitri: checks
oregordog: bets $3
VolkovDmitri: calls $3
*** TURN *** [Jh 2h 5c] [Jd]
VolkovDmitri: checks
oregordog: bets $6
VolkovDmitri: calls $6
*** RIVER *** [Jh 2h 5c Jd] [Th]
VolkovDmitri: checks
oregordog: bets $6
VolkovDmitri: calls $6
*** SHOW DOWN ***
oregordog: shows [Td Qh] (two pair, Jacks and Tens)
VolkovDmitri: mucks hand
oregordog collected $53.50 from pot
*** SUMMARY ***
Total pot $54 | Rake $0.50
Board [Jh 2h 5c Jd Th]
Seat 1: VolkovDmitri (big blind) mucked
Seat 2: oregordog (button) (small blind) showed [Td Qh] and won ($53.50) with two pair, Jacks and Tens


PokerStars Hand #146439687172:  Hold'em Limit ($3/$6 USD) - 2016/01/04 5:34:30 ET
Table 'Devota' 6-max Seat #1 is the button
Seat 1: VolkovDmitri ($120 in chips)
Seat 2: oregordog ($159.40 in chips)
VolkovDmitri: posts small blind $1
oregordog: posts big blind $3
*** HOLE CARDS ***
VolkovDmitri: raises $3 to $6
oregordog: calls $3
*** FLOP *** [Kh Th 4d]
oregordog: checks
VolkovDmitri: bets $3
oregordog: calls $3
*** TURN *** [Kh Th 4d] [5d]
oregordog: checks
VolkovDmitri: checks
*** RIVER *** [Kh Th 4d 5d] [3c]
oregordog: bets $6
VolkovDmitri: folds
Uncalled bet ($6) returned to oregordog
oregordog collected $17.64 from pot
oregordog: doesn't show hand
*** SUMMARY ***
Total pot $18 | Rake $0.36
Board [Kh Th 4d 5d 3c]
Seat 1: VolkovDmitri (button) (small blind) folded on the River
Seat 2: oregordog (big blind) collected ($17.64)


PokerStars Hand #146439703242:  Hold'em Limit ($3/$6 USD) - 2016/01/04 5:35:02 ET
Table 'Devota' 6-max Seat #2 is the button
Seat 1: VolkovDmitri ($120 in chips)
Seat 2: oregordog ($168.04 in chips)
oregordog: posts small blind $1
VolkovDmitri: posts big blind $3
*** HOLE CARDS ***
oregordog: raises $3 to $6
VolkovDmitri: folds
Uncalled bet ($3) returned to oregordog
oregordog collected $6 from pot
oregordog: doesn't show hand
*** SUMMARY ***
Total pot $6 | Rake $0
Seat 1: VolkovDmitri (big blind) folded before Flop
Seat 2: oregordog (button) (small blind) collected ($6)


PokerStars Hand #146439708767:  Hold'em Limit ($3/$6 USD) - 2016/01/04 5:35:14 ET
Table 'Devota' 6-max Seat #1 is the button
Seat 1: VolkovDmitri ($120 in chips)
Seat 2: oregordog ($171.04 in chips)
VolkovDmitri: posts small blind $1
oregordog: posts big blind $3
*** HOLE CARDS ***
VolkovDmitri: raises $3 to $6
oregordog: calls $3
*** FLOP *** [7c 6d 4c]
oregordog: checks
VolkovDmitri: bets $3
oregordog: calls $3
*** TURN *** [7c 6d 4c] [2s]
oregordog: checks
VolkovDmitri: bets $6
oregordog: calls $6
*** RIVER *** [7c 6d 4c 2s] [8s]
oregordog: checks
VolkovDmitri: checks
*** SHOW DOWN ***
oregordog: shows [4s Qs] (a pair of Fours)
VolkovDmitri: shows [Kd 6s] (a pair of Sixes)
VolkovDmitri collected $29.50 from pot
*** SUMMARY ***
Total pot $30 | Rake $0.50
Board [7c 6d 4c 2s 8s]
Seat 1: VolkovDmitri (button) (small blind) showed [Kd 6s] and won ($29.50) with a pair of Sixes
Seat 2: oregordog (big blind) showed [4s Qs] and lost with a pair of Fours


