PokerStars Hand #167848491877:  Hold'em Limit ($3/$6 USD) - 2017/03/20 8:00:57 ET
Table 'Devosa II' 6-max Seat #4 is the button
Seat 3: Gautamtam ($807.76 in chips)
Seat 4: Agrotait ($74.88 in chips)
Agrotait: posts small blind $1
Gautamtam: posts big blind $3
*** HOLE CARDS ***
Agrotait: folds
Uncalled bet ($2) returned to Gautamtam
Gautamtam collected $2 from pot
Gautamtam: doesn't show hand
*** SUMMARY ***
Total pot $2 | Rake $0
Seat 3: Gautamtam (big blind) collected ($2)
Seat 4: Agrotait (button) (small blind) folded before Flop


PokerStars Hand #167848475818:  Hold'em Limit ($3/$6 USD) - 2017/03/20 8:00:22 ET
Table 'Devosa II' 6-max Seat #3 is the button
Seat 3: Gautamtam ($810.76 in chips)
Seat 4: Agrotait ($72 in chips)
Gautamtam: posts small blind $1
Agrotait: posts big blind $3
*** HOLE CARDS ***
Gautamtam: calls $2
Agrotait: checks
*** FLOP *** [7d 4d 6d]
Agrotait: checks
Gautamtam: checks
*** TURN *** [7d 4d 6d] [6c]
Agrotait: bets $6
Gautamtam: folds
Uncalled bet ($6) returned to Agrotait
Agrotait collected $5.88 from pot
Agrotait: doesn't show hand
*** SUMMARY ***
Total pot $6 | Rake $0.12
Board [7d 4d 6d 6c]
Seat 3: Gautamtam (button) (small blind) folded on the Turn
Seat 4: Agrotait (big blind) collected ($5.88)


PokerStars Hand #167848531947:  Hold'em Limit ($3/$6 USD) - 2017/03/20 8:02:23 ET
Table 'Devosa II' 6-max Seat #3 is the button
Seat 3: Gautamtam ($820.26 in chips)
Seat 4: Agrotait ($75 in chips)
Gautamtam: posts small blind $1
Agrotait: posts big blind $3
*** HOLE CARDS ***
Gautamtam: raises $3 to $6
Agrotait: calls $3
*** FLOP *** [Qc Kc 8s]
Agrotait: checks
Gautamtam: bets $3
Agrotait: folds
Uncalled bet ($3) returned to Gautamtam
Gautamtam collected $11.76 from pot
Gautamtam: doesn't show hand
*** SUMMARY ***
Total pot $12 | Rake $0.24
Board [Qc Kc 8s]
Seat 3: Gautamtam (button) (small blind) collected ($11.76)
Seat 4: Agrotait (big blind) folded on the Flop


PokerStars Hand #167848527893:  Hold'em Limit ($3/$6 USD) - 2017/03/20 8:02:14 ET
Table 'Devosa II' 6-max Seat #4 is the button
Seat 3: Gautamtam ($823.26 in chips)
Seat 4: Agrotait ($72 in chips)
Agrotait: posts small blind $1
Gautamtam: posts big blind $3
*** HOLE CARDS ***
Agrotait: raises $3 to $6
Gautamtam: folds
Uncalled bet ($3) returned to Agrotait
Agrotait collected $6 from pot
Agrotait: doesn't show hand
*** SUMMARY ***
Total pot $6 | Rake $0
Seat 3: Gautamtam (big blind) folded before Flop
Seat 4: Agrotait (button) (small blind) collected ($6)


PokerStars Hand #167848496270:  Hold'em Limit ($3/$6 USD) - 2017/03/20 8:01:07 ET
Table 'Devosa II' 6-max Seat #3 is the button
Seat 3: Gautamtam ($808.76 in chips)
Seat 4: Agrotait ($73.88 in chips)
Gautamtam: posts small blind $1
Agrotait: posts big blind $3
*** HOLE CARDS ***
Gautamtam: raises $3 to $6
Agrotait: calls $3
*** FLOP *** [8d 5d 7s]
Agrotait: checks
Gautamtam: bets $3
Agrotait: calls $3
*** TURN *** [8d 5d 7s] [8c]
Agrotait: checks
Gautamtam: bets $6
Agrotait: calls $6
*** RIVER *** [8d 5d 7s 8c] [9d]
Agrotait: checks
Gautamtam: bets $6
Agrotait: folds
Uncalled bet ($6) returned to Gautamtam
Gautamtam collected $29.50 from pot
Gautamtam: doesn't show hand
*** SUMMARY ***
Total pot $30 | Rake $0.50
Board [8d 5d 7s 8c 9d]
Seat 3: Gautamtam (button) (small blind) collected ($29.50)
Seat 4: Agrotait (big blind) folded on the River


PokerStars Hand #167848554824:  Hold'em Limit ($3/$6 USD) - 2017/03/20 8:03:12 ET
Table 'Devosa II' 6-max Seat #4 is the button
Seat 3: Gautamtam ($819.02 in chips)
Seat 4: Agrotait ($75.76 in chips)
Agrotait: posts small blind $1
Gautamtam: posts big blind $3
*** HOLE CARDS ***
Agrotait: raises $3 to $6
Gautamtam: calls $3
*** FLOP *** [6c 3d 2c]
Gautamtam: bets $3
Agrotait: calls $3
*** TURN *** [6c 3d 2c] [8c]
Gautamtam: checks
Agrotait: checks
*** RIVER *** [6c 3d 2c 8c] [Ac]
Gautamtam: checks
Agrotait: bets $6
Gautamtam: folds
Uncalled bet ($6) returned to Agrotait
Agrotait collected $17.64 from pot
Agrotait: doesn't show hand
*** SUMMARY ***
Total pot $18 | Rake $0.36
Board [6c 3d 2c 8c Ac]
Seat 3: Gautamtam (big blind) folded on the River
Seat 4: Agrotait (button) (small blind) collected ($17.64)


PokerStars Hand #167848551434:  Hold'em Limit ($3/$6 USD) - 2017/03/20 8:03:04 ET
Table 'Devosa II' 6-max Seat #3 is the button
Seat 3: Gautamtam ($820.02 in chips)
Seat 4: Agrotait ($74.76 in chips)
Gautamtam: posts small blind $1
Agrotait: posts big blind $3
*** HOLE CARDS ***
Gautamtam: folds
Uncalled bet ($2) returned to Agrotait
Agrotait collected $2 from pot
Agrotait: doesn't show hand
*** SUMMARY ***
Total pot $2 | Rake $0
Seat 3: Gautamtam (button) (small blind) folded before Flop
Seat 4: Agrotait (big blind) collected ($2)


PokerStars Hand #167848539367:  Hold'em Limit ($3/$6 USD) - 2017/03/20 8:02:39 ET
Table 'Devosa II' 6-max Seat #4 is the button
Seat 3: Gautamtam ($826.02 in chips)
Seat 4: Agrotait ($69 in chips)
Agrotait: posts small blind $1
Gautamtam: posts big blind $3
*** HOLE CARDS ***
Agrotait: raises $3 to $6
Gautamtam: calls $3
*** FLOP *** [Kc Qs 4d]
Gautamtam: checks
Agrotait: bets $3
Gautamtam: folds
Uncalled bet ($3) returned to Agrotait
Agrotait collected $11.76 from pot
Agrotait: doesn't show hand
*** SUMMARY ***
Total pot $12 | Rake $0.24
Board [Kc Qs 4d]
Seat 3: Gautamtam (big blind) folded on the Flop
Seat 4: Agrotait (button) (small blind) collected ($11.76)


PokerStars Hand #167848579248:  Hold'em Limit ($3/$6 USD) - 2017/03/20 8:04:03 ET
Table 'Devosa II' 6-max Seat #4 is the button
Seat 3: Gautamtam ($809.02 in chips)
Seat 4: Agrotait ($85.40 in chips)
Agrotait: posts small blind $1
Gautamtam: posts big blind $3
*** HOLE CARDS ***
Agrotait: raises $3 to $6
Gautamtam: calls $3
*** FLOP *** [2s 7c 4h]
Gautamtam: bets $3
Agrotait: calls $3
*** TURN *** [2s 7c 4h] [Ah]
Gautamtam: bets $6
Agrotait: calls $6
*** RIVER *** [2s 7c 4h Ah] [Jc]
Gautamtam: bets $6
Agrotait: calls $6
*** SHOW DOWN ***
Gautamtam: shows [6h 8s] (high card Ace)
Agrotait: shows [5d 5h] (a pair of Fives)
Agrotait collected $41.50 from pot
*** SUMMARY ***
Total pot $42 | Rake $0.50
Board [2s 7c 4h Ah Jc]
Seat 3: Gautamtam (big blind) showed [6h 8s] and lost with high card Ace
Seat 4: Agrotait (button) (small blind) showed [5d 5h] and won ($41.50) with a pair of Fives


PokerStars Hand #167848573776:  Hold'em Limit ($3/$6 USD) - 2017/03/20 8:03:52 ET
Table 'Devosa II' 6-max Seat #3 is the button
Seat 3: Gautamtam ($810.02 in chips)
Seat 4: Agrotait ($84.40 in chips)
Gautamtam: posts small blind $1
Agrotait: posts big blind $3
*** HOLE CARDS ***
Gautamtam: folds
Uncalled bet ($2) returned to Agrotait
Agrotait collected $2 from pot
Agrotait: doesn't show hand
*** SUMMARY ***
Total pot $2 | Rake $0
Seat 3: Gautamtam (button) (small blind) folded before Flop
Seat 4: Agrotait (big blind) collected ($2)


PokerStars Hand #167848594384:  Hold'em Limit ($3/$6 USD) - 2017/03/20 8:04:35 ET
Table 'Devosa II' 6-max Seat #3 is the button
Seat 3: Gautamtam ($788.02 in chips)
Seat 4: Agrotait ($105.90 in chips)
Gautamtam: posts small blind $1
Agrotait: posts big blind $3
*** HOLE CARDS ***
procooda joins the table at seat #2
Gautamtam: calls $2
Hi Im Alexey joins the table at seat #5
Agrotait: raises $3 to $6
Gautamtam: calls $3
*** FLOP *** [5h 6d Ad]
Agrotait: bets $3
Gautamtam: calls $3
*** TURN *** [5h 6d Ad] [Qs]
Agrotait: checks
Gautamtam: checks
*** RIVER *** [5h 6d Ad Qs] [5s]
Agrotait: checks
Gautamtam: checks
*** SHOW DOWN ***
Agrotait: shows [Qh Js] (two pair, Queens and Fives)
Gautamtam: mucks hand
Agrotait collected $17.64 from pot
*** SUMMARY ***
Total pot $18 | Rake $0.36
Board [5h 6d Ad Qs 5s]
Seat 3: Gautamtam (button) (small blind) mucked
Seat 4: Agrotait (big blind) showed [Qh Js] and won ($17.64) with two pair, Queens and Fives


