PokerStars Hand #159548672543:  Hold'em Limit ($3/$6 USD) - 2016/10/06 8:16:24 ET
Table 'Dheneb II' 6-max Seat #3 is the button
Seat 3: Sad Joker 00 ($120 in chips)
Seat 4: Agrotait ($72 in chips)
Sad Joker 00: posts small blind $1
Agrotait: posts big blind $3
*** HOLE CARDS ***
Sad Joker 00: folds
Uncalled bet ($2) returned to Agrotait
Agrotait collected $2 from pot
*** SUMMARY ***
Total pot $2 | Rake $0
Seat 3: Sad Joker 00 (button) (small blind) folded before Flop
Seat 4: Agrotait (big blind) collected ($2)


PokerStars Hand #159548692842:  Hold'em Limit ($3/$6 USD) - 2016/10/06 8:17:05 ET
Table 'Dheneb II' 6-max Seat #3 is the button
Seat 3: Sad Joker 00 ($98 in chips)
Seat 4: Agrotait ($93.50 in chips)
Sad Joker 00: posts small blind $1
Agrotait: posts big blind $3
*** HOLE CARDS ***
Sad Joker 00: folds
Uncalled bet ($2) returned to Agrotait
Agrotait collected $2 from pot
Agrotait: doesn't show hand
*** SUMMARY ***
Total pot $2 | Rake $0
Seat 3: Sad Joker 00 (button) (small blind) folded before Flop
Seat 4: Agrotait (big blind) collected ($2)


PokerStars Hand #159548676653:  Hold'em Limit ($3/$6 USD) - 2016/10/06 8:16:33 ET
Table 'Dheneb II' 6-max Seat #4 is the button
Seat 3: Sad Joker 00 ($119 in chips)
Seat 4: Agrotait ($73 in chips)
Agrotait: posts small blind $1
Sad Joker 00: posts big blind $3
*** HOLE CARDS ***
Agrotait: raises $3 to $6
Sad Joker 00: calls $3
*** FLOP *** [4h 5h Kc]
Sad Joker 00: bets $3
Agrotait: calls $3
*** TURN *** [4h 5h Kc] [4s]
Sad Joker 00: bets $6
Agrotait: calls $6
*** RIVER *** [4h 5h Kc 4s] [6c]
Sad Joker 00: bets $6
Agrotait: calls $6
*** SHOW DOWN ***
Sad Joker 00: shows [9c 3c] (a pair of Fours)
Agrotait: shows [8d Ad] (a pair of Fours - Ace kicker)
Agrotait collected $41.50 from pot
*** SUMMARY ***
Total pot $42 | Rake $0.50
Board [4h 5h Kc 4s 6c]
Seat 3: Sad Joker 00 (big blind) showed [9c 3c] and lost with a pair of Fours
Seat 4: Agrotait (button) (small blind) showed [8d Ad] and won ($41.50) with a pair of Fours


PokerStars Hand #159548727837:  Hold'em Limit ($3/$6 USD) - 2016/10/06 8:18:16 ET
Table 'Dheneb II' 6-max Seat #4 is the button
Seat 3: Sad Joker 00 ($81 in chips)
Seat 4: Agrotait ($110 in chips)
Agrotait: posts small blind $1
Sad Joker 00: posts big blind $3
*** HOLE CARDS ***
Agrotait: raises $3 to $6
Sad Joker 00: calls $3
*** FLOP *** [8s 9d Kd]
Sad Joker 00: bets $3
Agrotait: raises $3 to $6
Sad Joker 00: folds
Uncalled bet ($3) returned to Agrotait
Agrotait collected $17.64 from pot
Agrotait: doesn't show hand
*** SUMMARY ***
Total pot $18 | Rake $0.36
Board [8s 9d Kd]
Seat 3: Sad Joker 00 (big blind) folded on the Flop
Seat 4: Agrotait (button) (small blind) collected ($17.64)


PokerStars Hand #159548724366:  Hold'em Limit ($3/$6 USD) - 2016/10/06 8:18:09 ET
Table 'Dheneb II' 6-max Seat #3 is the button
Seat 3: Sad Joker 00 ($82 in chips)
Seat 4: Agrotait ($109 in chips)
Sad Joker 00: posts small blind $1
Agrotait: posts big blind $3
*** HOLE CARDS ***
Sad Joker 00: folds
Uncalled bet ($2) returned to Agrotait
Agrotait collected $2 from pot
Agrotait: doesn't show hand
*** SUMMARY ***
Total pot $2 | Rake $0
Seat 3: Sad Joker 00 (button) (small blind) folded before Flop
Seat 4: Agrotait (big blind) collected ($2)


PokerStars Hand #159548695374:  Hold'em Limit ($3/$6 USD) - 2016/10/06 8:17:10 ET
Table 'Dheneb II' 6-max Seat #4 is the button
Seat 3: Sad Joker 00 ($97 in chips)
Seat 4: Agrotait ($94.50 in chips)
Agrotait: posts small blind $1
Sad Joker 00: posts big blind $3
*** HOLE CARDS ***
Agrotait: raises $3 to $6
Sad Joker 00: calls $3
*** FLOP *** [6s Th Ks]
Sad Joker 00: checks
Agrotait: bets $3
Sad Joker 00: calls $3
*** TURN *** [6s Th Ks] [5d]
Sad Joker 00: checks
Agrotait: checks
*** RIVER *** [6s Th Ks 5d] [9c]
Sad Joker 00: bets $6
Agrotait: calls $6
*** SHOW DOWN ***
Sad Joker 00: shows [Jc Ac] (high card Ace)
Agrotait: shows [9s Jh] (a pair of Nines)
Agrotait collected $29.50 from pot
*** SUMMARY ***
Total pot $30 | Rake $0.50
Board [6s Th Ks 5d 9c]
Seat 3: Sad Joker 00 (big blind) showed [Jc Ac] and lost with high card Ace
Seat 4: Agrotait (button) (small blind) showed [9s Jh] and won ($29.50) with a pair of Nines


PokerStars Hand #159548739793:  Hold'em Limit ($3/$6 USD) - 2016/10/06 8:18:40 ET
Table 'Dheneb II' 6-max Seat #3 is the button
Seat 3: Sad Joker 00 ($72 in chips)
Seat 4: Agrotait ($118.64 in chips)
Sad Joker 00: posts small blind $1
Agrotait: posts big blind $3
*** HOLE CARDS ***
Sad Joker 00: raises $3 to $6
Agrotait: calls $3
*** FLOP *** [Ks Qd Qc]
Agrotait: checks
Sad Joker 00: bets $3
Agrotait: calls $3
*** TURN *** [Ks Qd Qc] [9c]
Agrotait: checks
Sad Joker 00: bets $6
Agrotait: raises $6 to $12
Sad Joker 00: calls $6
*** RIVER *** [Ks Qd Qc 9c] [Jd]
Agrotait: checks
Ilham7715 joins the table at seat #6
Sad Joker 00: bets $6
Agrotait: calls $6
*** SHOW DOWN ***
Sad Joker 00: shows [9h Kd] (two pair, Kings and Queens)
Agrotait: shows [7h Qs] (three of a kind, Queens)
Agrotait collected $53.50 from pot
*** SUMMARY ***
Total pot $54 | Rake $0.50
Board [Ks Qd Qc 9c Jd]
Seat 3: Sad Joker 00 (button) (small blind) showed [9h Kd] and lost with two pair, Kings and Queens
Seat 4: Agrotait (big blind) showed [7h Qs] and won ($53.50) with three of a kind, Queens


PokerStars Hand #159548856344:  Hold'em Limit ($3/$6 USD) - 2016/10/06 8:22:32 ET
Table 'Dheneb II' 6-max Seat #1 is the button
Seat 1: VolkovDmitri ($121 in chips)
Seat 6: Ilham7715 ($138.94 in chips)
VolkovDmitri: posts small blind $1
Ilham7715: posts big blind $3
*** HOLE CARDS ***
VolkovDmitri: raises $3 to $6
Ilham7715: calls $3
*** FLOP *** [Kh 5d 6c]
Ilham7715: checks
VolkovDmitri: bets $3
Ilham7715: calls $3
*** TURN *** [Kh 5d 6c] [Jh]
Ilham7715: checks
VolkovDmitri: bets $6
Ilham7715: folds
Uncalled bet ($6) returned to VolkovDmitri
VolkovDmitri collected $17.64 from pot
VolkovDmitri: doesn't show hand
*** SUMMARY ***
Total pot $18 | Rake $0.36
Board [Kh 5d 6c Jh]
Seat 1: VolkovDmitri (button) (small blind) collected ($17.64)
Seat 6: Ilham7715 (big blind) folded on the Turn


PokerStars Hand #159548853256:  Hold'em Limit ($3/$6 USD) - 2016/10/06 8:22:26 ET
Table 'Dheneb II' 6-max Seat #6 is the button
Seat 1: VolkovDmitri ($120 in chips)
Seat 6: Ilham7715 ($139.94 in chips)
Ilham7715: posts small blind $1
VolkovDmitri: posts big blind $3
*** HOLE CARDS ***
Ilham7715: folds
Uncalled bet ($2) returned to VolkovDmitri
VolkovDmitri collected $2 from pot
VolkovDmitri: doesn't show hand
*** SUMMARY ***
Total pot $2 | Rake $0
Seat 1: VolkovDmitri (big blind) collected ($2)
Seat 6: Ilham7715 (button) (small blind) folded before Flop


PokerStars Hand #159548841483:  Hold'em Limit ($3/$6 USD) - 2016/10/06 8:22:02 ET
Table 'Dheneb II' 6-max Seat #1 is the button
Seat 1: VolkovDmitri ($121 in chips)
Seat 6: Ilham7715 ($116.44 in chips)
VolkovDmitri: posts small blind $1
Ilham7715: posts big blind $3
*** HOLE CARDS ***
VolkovDmitri: raises $3 to $6
Ilham7715: calls $3
*** FLOP *** [4c Jh 6c]
Ilham7715: checks
VolkovDmitri: bets $3
Ilham7715: raises $3 to $6
VolkovDmitri: calls $3
*** TURN *** [4c Jh 6c] [Js]
Ilham7715: bets $6
VolkovDmitri: calls $6
*** RIVER *** [4c Jh 6c Js] [Jc]
Ilham7715: bets $6
VolkovDmitri: calls $6
*** SHOW DOWN ***
Ilham7715: shows [8c Ac] (a flush, Ace high)
VolkovDmitri: mucks hand
Ilham7715 collected $47.50 from pot
*** SUMMARY ***
Total pot $48 | Rake $0.50
Board [4c Jh 6c Js Jc]
Seat 1: VolkovDmitri (button) (small blind) mucked
Seat 6: Ilham7715 (big blind) showed [8c Ac] and won ($47.50) with a flush, Ace high


PokerStars Hand #159548838483:  Hold'em Limit ($3/$6 USD) - 2016/10/06 8:21:56 ET
Table 'Dheneb II' 6-max Seat #6 is the button
Seat 1: VolkovDmitri ($120 in chips)
Seat 6: Ilham7715 ($117.44 in chips)
Ilham7715: posts small blind $1
VolkovDmitri: posts big blind $3
*** HOLE CARDS ***
Ilham7715: folds
Uncalled bet ($2) returned to VolkovDmitri
VolkovDmitri collected $2 from pot
VolkovDmitri: doesn't show hand
*** SUMMARY ***
Total pot $2 | Rake $0
Seat 1: VolkovDmitri (big blind) collected ($2)
Seat 6: Ilham7715 (button) (small blind) folded before Flop


PokerStars Hand #159548865680:  Hold'em Limit ($3/$6 USD) - 2016/10/06 8:22:50 ET
Table 'Dheneb II' 6-max Seat #6 is the button
Seat 1: VolkovDmitri ($129.64 in chips)
Seat 6: Ilham7715 ($129.94 in chips)
Ilham7715: posts small blind $1
VolkovDmitri: posts big blind $3
*** HOLE CARDS ***
Ilham7715: raises $3 to $6
VolkovDmitri: raises $3 to $9
Ilham7715: calls $3
*** FLOP *** [6s 2s Qc]
VolkovDmitri: bets $3
Ilham7715: calls $3
*** TURN *** [6s 2s Qc] [Th]
VolkovDmitri: bets $6
Ilham7715: calls $6
*** RIVER *** [6s 2s Qc Th] [Tc]
Mordnilap joins the table at seat #2
VolkovDmitri: bets $6
Ilham7715: raises $6 to $12
VolkovDmitri: raises $6 to $18
Ilham7715: calls $6
*** SHOW DOWN ***
VolkovDmitri: shows [Ts As] (three of a kind, Tens)
Ilham7715: mucks hand
VolkovDmitri collected $71.50 from pot
*** SUMMARY ***
Total pot $72 | Rake $0.50
Board [6s 2s Qc Th Tc]
Seat 1: VolkovDmitri (big blind) showed [Ts As] and won ($71.50) with three of a kind, Tens
Seat 6: Ilham7715 (button) (small blind) mucked


PokerStars Hand #159548917413:  Hold'em Limit ($3/$6 USD) - 2016/10/06 8:24:34 ET
Table 'Dheneb II' 6-max Seat #1 is the button
Seat 1: VolkovDmitri ($173.57 in chips)
Seat 6: Ilham7715 ($66.94 in chips)
VolkovDmitri: posts small blind $1
Mordnilap: is sitting out
Ilham7715: posts big blind $3
*** HOLE CARDS ***
VolkovDmitri: raises $3 to $6
Ilham7715: calls $3
*** FLOP *** [3d 7c 6c]
Ilham7715: checks
VolkovDmitri: bets $3
Ilham7715: calls $3
*** TURN *** [3d 7c 6c] [8s]
Ilham7715: checks
VolkovDmitri: bets $6
Ilham7715: calls $6
*** RIVER *** [3d 7c 6c 8s] [2s]
Ilham7715: checks
VolkovDmitri: bets $6
Ilham7715: calls $6
*** SHOW DOWN ***
VolkovDmitri: shows [9c Td] (a straight, Six to Ten)
Ilham7715: mucks hand
VolkovDmitri collected $41.50 from pot
*** SUMMARY ***
Total pot $42 | Rake $0.50
Board [3d 7c 6c 8s 2s]
Seat 1: VolkovDmitri (button) (small blind) showed [9c Td] and won ($41.50) with a straight, Six to Ten
Seat 6: Ilham7715 (big blind) mucked


PokerStars Hand #159548927757:  Hold'em Limit ($3/$6 USD) - 2016/10/06 8:24:55 ET
Table 'Dheneb II' 6-max Seat #6 is the button
Seat 1: VolkovDmitri ($194.07 in chips)
Seat 6: Ilham7715 ($45.94 in chips)
Ilham7715: posts small blind $1
VolkovDmitri: posts big blind $3
*** HOLE CARDS ***
Ilham7715: calls $2
VolkovDmitri: checks
*** FLOP *** [5d Ah Kh]
VolkovDmitri: bets $3
Ilham7715: calls $3
*** TURN *** [5d Ah Kh] [Kd]
VolkovDmitri: checks
Ilham7715: bets $6
VolkovDmitri: calls $6
*** RIVER *** [5d Ah Kh Kd] [2d]
VolkovDmitri: checks
Ilham7715: bets $6
VolkovDmitri: calls $6
*** SHOW DOWN ***
Ilham7715: shows [As 2h] (two pair, Aces and Kings)
VolkovDmitri: mucks hand
Ilham7715 collected $35.50 from pot
*** SUMMARY ***
Total pot $36 | Rake $0.50
Board [5d Ah Kh Kd 2d]
Seat 1: VolkovDmitri (big blind) mucked
Seat 6: Ilham7715 (button) (small blind) showed [As 2h] and won ($35.50) with two pair, Aces and Kings


