PokerStars Hand #152465222674:  Hold'em Limit ($3/$6 USD) - 2016/04/26 7:10:41 ET
Table 'Dheneb' 6-max Seat #3 is the button
Seat 3: Jokkez 85 ($120 in chips)
Seat 4: Agrotait ($72 in chips)
Jokkez 85: posts small blind $1
Agrotait: posts big blind $3
*** HOLE CARDS ***
Jokkez 85: raises $3 to $6
Agrotait: calls $3
*** FLOP *** [7d Jd 9h]
RockKillerTY joins the table at seat #5
Agrotait: checks
Jokkez 85: bets $3
Agrotait: raises $3 to $6
Jokkez 85: calls $3
*** TURN *** [7d Jd 9h] [7s]
Agrotait: bets $6
Jokkez 85: calls $6
*** RIVER *** [7d Jd 9h 7s] [Ts]
Agrotait: checks
Jokkez 85: checks
*** SHOW DOWN ***
Agrotait: shows [Tc Qh] (two pair, Tens and Sevens)
Jokkez 85: shows [Qc Td] (two pair, Tens and Sevens)
Agrotait collected $17.75 from pot
Jokkez 85 collected $17.75 from pot
*** SUMMARY ***
Total pot $36 | Rake $0.50
Board [7d Jd 9h 7s Ts]
Seat 3: Jokkez 85 (button) (small blind) showed [Qc Td] and won ($17.75) with two pair, Tens and Sevens
Seat 4: Agrotait (big blind) showed [Tc Qh] and won ($17.75) with two pair, Tens and Sevens


PokerStars Hand #152466381615:  Hold'em Limit ($3/$6 USD) - 2016/04/26 7:49:46 ET
Table 'Dheneb' 6-max Seat #3 is the button
Seat 2: BábaPapa ($270.63 in chips)
Seat 3: liolilove ($72 in chips)
liolilove: posts small blind $1
BábaPapa: posts big blind $3
*** HOLE CARDS ***
liolilove: raises $3 to $6
BábaPapa: folds
Uncalled bet ($3) returned to liolilove
liolilove collected $6 from pot
liolilove: doesn't show hand
*** SUMMARY ***
Total pot $6 | Rake $0
Seat 2: BábaPapa (big blind) folded before Flop
Seat 3: liolilove (button) (small blind) collected ($6)


PokerStars Hand #152466407009:  Hold'em Limit ($3/$6 USD) - 2016/04/26 7:50:36 ET
Table 'Dheneb' 6-max Seat #2 is the button
Seat 2: BábaPapa ($246.63 in chips)
Seat 3: liolilove ($95.50 in chips)
BábaPapa: posts small blind $1
liolilove: posts big blind $3
*** HOLE CARDS ***
BábaPapa: folds
Uncalled bet ($2) returned to liolilove
BábaPapa leaves the table
liolilove collected $2 from pot
liolilove: doesn't show hand
*** SUMMARY ***
Total pot $2 | Rake $0
Seat 2: BábaPapa (button) (small blind) folded before Flop
Seat 3: liolilove (big blind) collected ($2)


PokerStars Hand #152466403322:  Hold'em Limit ($3/$6 USD) - 2016/04/26 7:50:28 ET
Table 'Dheneb' 6-max Seat #3 is the button
Seat 2: BábaPapa ($249.63 in chips)
Seat 3: liolilove ($92.50 in chips)
liolilove: posts small blind $1
BábaPapa: posts big blind $3
*** HOLE CARDS ***
liolilove: raises $3 to $6
BábaPapa: folds
Uncalled bet ($3) returned to liolilove
liolilove collected $6 from pot
liolilove: doesn't show hand
*** SUMMARY ***
Total pot $6 | Rake $0
Seat 2: BábaPapa (big blind) folded before Flop
Seat 3: liolilove (button) (small blind) collected ($6)


PokerStars Hand #152466386627:  Hold'em Limit ($3/$6 USD) - 2016/04/26 7:49:56 ET
Table 'Dheneb' 6-max Seat #2 is the button
Seat 2: BábaPapa ($267.63 in chips)
Seat 3: liolilove ($75 in chips)
BábaPapa: posts small blind $1
liolilove: posts big blind $3
*** HOLE CARDS ***
BábaPapa: raises $3 to $6
liolilove: calls $3
*** FLOP *** [3d 7s 6d]
liolilove: checks
BábaPapa: bets $3
liolilove: raises $3 to $6
BábaPapa: calls $3
*** TURN *** [3d 7s 6d] [9c]
liolilove: bets $6
BábaPapa: calls $6
*** RIVER *** [3d 7s 6d 9c] [7h]
liolilove: bets $6
BábaPapa: folds
Uncalled bet ($6) returned to liolilove
liolilove collected $35.50 from pot
liolilove: doesn't show hand
*** SUMMARY ***
Total pot $36 | Rake $0.50
Board [3d 7s 6d 9c 7h]
Seat 2: BábaPapa (button) (small blind) folded on the River
Seat 3: liolilove (big blind) collected ($35.50)


