PokerStars Hand #163225317692:  Hold'em Limit ($3/$6 USD) - 2016/12/19 23:21:28 ET
Table 'Diadem' 6-max Seat #2 is the button
Seat 2: Bakenbaster ($301.90 in chips)
Seat 4: denn69 ($237.75 in chips)
Bakenbaster: posts small blind $1
denn69: posts big blind $3
*** HOLE CARDS ***
Bakenbaster: folds
Uncalled bet ($2) returned to denn69
denn69 collected $2 from pot
denn69: doesn't show hand
*** SUMMARY ***
Total pot $2 | Rake $0
Seat 2: Bakenbaster (button) (small blind) folded before Flop
Seat 4: denn69 (big blind) collected ($2)


PokerStars Hand #163225313802:  Hold'em Limit ($3/$6 USD) - 2016/12/19 23:21:16 ET
Table 'Diadem' 6-max Seat #4 is the button
Seat 2: Bakenbaster ($307.90 in chips)
Seat 4: denn69 ($231.99 in chips)
denn69: posts small blind $1
s s h: is sitting out
Bakenbaster: posts big blind $3
*** HOLE CARDS ***
denn69: raises $3 to $6
Bakenbaster: calls $3
*** FLOP *** [Ks 9s Ac]
Bakenbaster: checks
denn69: bets $3
Bakenbaster: folds
Uncalled bet ($3) returned to denn69
denn69 collected $11.76 from pot
denn69: doesn't show hand
*** SUMMARY ***
Total pot $12 | Rake $0.24
Board [Ks 9s Ac]
Seat 2: Bakenbaster (big blind) folded on the Flop
Seat 4: denn69 (button) (small blind) collected ($11.76)


