PokerStars Hand #156633652609:  Hold'em Limit ($3/$6 USD) - 2016/07/30 10:15:12 ET
Table 'Diadem' 10-max Seat #7 is the button
Seat 6: **Geka**555 ($29 in chips)
Seat 7: Airbag999 ($121 in chips)
Airbag999: posts small blind $1
**Geka**555: posts big blind $3
*** HOLE CARDS ***
Airbag999: raises $3 to $6
**Geka**555: calls $3
*** FLOP *** [Ah 5c 4h]
**Geka**555: checks
Airbag999: bets $3
**Geka**555: calls $3
*** TURN *** [Ah 5c 4h] [4d]
**Geka**555: checks
Airbag999: checks
*** RIVER *** [Ah 5c 4h 4d] [6s]
**Geka**555: checks
Airbag999: checks
*** SHOW DOWN ***
**Geka**555: shows [2h 8c] (a pair of Fours)
Airbag999: shows [Qs 9c] (a pair of Fours - Ace+Queen kicker)
Airbag999 collected $17.64 from pot
*** SUMMARY ***
Total pot $18 | Rake $0.36
Board [Ah 5c 4h 4d 6s]
Seat 6: **Geka**555 (big blind) showed [2h 8c] and lost with a pair of Fours
Seat 7: Airbag999 (button) (small blind) showed [Qs 9c] and won ($17.64) with a pair of Fours


PokerStars Hand #156633683976:  Hold'em Limit ($3/$6 USD) - 2016/07/30 10:16:06 ET
Table 'Diadem' 10-max Seat #6 is the button
Seat 6: **Geka**555 ($17 in chips)
Seat 7: Airbag999 ($132.40 in chips)
**Geka**555: posts small blind $1
Airbag999: posts big blind $3
*** HOLE CARDS ***
**Geka**555: folds
Uncalled bet ($2) returned to Airbag999
Airbag999 collected $2 from pot
Airbag999: doesn't show hand
*** SUMMARY ***
Total pot $2 | Rake $0
Seat 6: **Geka**555 (button) (small blind) folded before Flop
Seat 7: Airbag999 (big blind) collected ($2)


PokerStars Hand #156633672535:  Hold'em Limit ($3/$6 USD) - 2016/07/30 10:15:46 ET
Table 'Diadem' 10-max Seat #7 is the button
Seat 6: **Geka**555 ($23 in chips)
Seat 7: Airbag999 ($126.64 in chips)
Airbag999: posts small blind $1
**Geka**555: posts big blind $3
*** HOLE CARDS ***
Airbag999: raises $3 to $6
**Geka**555: calls $3
*** FLOP *** [Ac Th Tc]
**Geka**555: checks
Airbag999: bets $3
**Geka**555: folds
Uncalled bet ($3) returned to Airbag999
Airbag999 collected $11.76 from pot
Airbag999: doesn't show hand
*** SUMMARY ***
Total pot $12 | Rake $0.24
Board [Ac Th Tc]
Seat 6: **Geka**555 (big blind) folded on the Flop
Seat 7: Airbag999 (button) (small blind) collected ($11.76)


PokerStars Hand #156633668697:  Hold'em Limit ($3/$6 USD) - 2016/07/30 10:15:39 ET
Table 'Diadem' 10-max Seat #6 is the button
Seat 6: **Geka**555 ($20 in chips)
Seat 7: Airbag999 ($129.64 in chips)
**Geka**555: posts small blind $1
Airbag999: posts big blind $3
*** HOLE CARDS ***
**Geka**555: raises $3 to $6
Airbag999: folds
Uncalled bet ($3) returned to **Geka**555
**Geka**555 collected $6 from pot
**Geka**555: doesn't show hand
*** SUMMARY ***
Total pot $6 | Rake $0
Seat 6: **Geka**555 (button) (small blind) collected ($6)
Seat 7: Airbag999 (big blind) folded before Flop


PokerStars Hand #156633687032:  Hold'em Limit ($3/$6 USD) - 2016/07/30 10:16:11 ET
Table 'Diadem' 10-max Seat #7 is the button
Seat 6: **Geka**555 ($16 in chips)
Seat 7: Airbag999 ($133.40 in chips)
Airbag999: posts small blind $1
**Geka**555: posts big blind $3
*** HOLE CARDS ***
Airbag999: raises $3 to $6
**Geka**555: raises $3 to $9
Airbag999: calls $3
*** FLOP *** [5c Js 8h]
**Geka**555: bets $3
Airbag999: calls $3
*** TURN *** [5c Js 8h] [Jd]
**Geka**555: bets $4 and is all-in
Airbag999: calls $4
*** RIVER *** [5c Js 8h Jd] [9s]
*** SHOW DOWN ***
**Geka**555: shows [9c 8s] (two pair, Jacks and Nines)
Airbag999: shows [Qs 5d] (two pair, Jacks and Fives)
**Geka**555 collected $31.50 from pot
*** SUMMARY ***
Total pot $32 | Rake $0.50
Board [5c Js 8h Jd 9s]
Seat 6: **Geka**555 (big blind) showed [9c 8s] and won ($31.50) with two pair, Jacks and Nines
Seat 7: Airbag999 (button) (small blind) showed [Qs 5d] and lost with two pair, Jacks and Fives


PokerStars Hand #156633649379:  Hold'em Limit ($3/$6 USD) - 2016/07/30 10:15:07 ET
Table 'Diadem' 10-max Seat #6 is the button
Seat 6: **Geka**555 ($30 in chips)
Seat 7: Airbag999 ($120 in chips)
**Geka**555: posts small blind $1
Airbag999: posts big blind $3
*** HOLE CARDS ***
**Geka**555: folds
Uncalled bet ($2) returned to Airbag999
Airbag999 collected $2 from pot
Airbag999: doesn't show hand
*** SUMMARY ***
Total pot $2 | Rake $0
Seat 6: **Geka**555 (button) (small blind) folded before Flop
Seat 7: Airbag999 (big blind) collected ($2)


PokerStars Hand #156633701696:  Hold'em Limit ($3/$6 USD) - 2016/07/30 10:16:36 ET
Table 'Diadem' 10-max Seat #6 is the button
Seat 6: **Geka**555 ($31.50 in chips)
Seat 7: Airbag999 ($117.40 in chips)
**Geka**555: posts small blind $1
Airbag999: posts big blind $3
*** HOLE CARDS ***
**Geka**555: raises $3 to $6
Airbag999: calls $3
*** FLOP *** [9s 2h 5d]
Airbag999: checks
**Geka**555: bets $3
Airbag999: raises $3 to $6
**Geka**555: raises $3 to $9
Airbag999: calls $3
*** TURN *** [9s 2h 5d] [6c]
Airbag999: checks
**Geka**555: bets $6
Airbag999: raises $6 to $12
**Geka**555: raises $4.50 to $16.50 and is all-in
Airbag999: calls $4.50
*** RIVER *** [9s 2h 5d 6c] [4s]
*** SHOW DOWN ***
Airbag999: shows [6s 9d] (two pair, Nines and Sixes)
**Geka**555: shows [7h 7s] (a pair of Sevens)
Airbag999 collected $62.50 from pot
*** SUMMARY ***
Total pot $63 | Rake $0.50
Board [9s 2h 5d 6c 4s]
Seat 6: **Geka**555 (button) (small blind) showed [7h 7s] and lost with a pair of Sevens
Seat 7: Airbag999 (big blind) showed [6s 9d] and won ($62.50) with two pair, Nines and Sixes


PokerStars Hand #156644875413:  Hold'em Limit ($3/$6 USD) - 2016/07/30 14:55:24 ET
Table 'Diadem' 10-max Seat #7 is the button
Seat 6: zetje187 ($68.39 in chips)
Seat 7: BuzovaPro ($73 in chips)
BuzovaPro: posts small blind $1
zetje187: posts big blind $3
*** HOLE CARDS ***
BuzovaPro: raises $3 to $6
zetje187: calls $3
*** FLOP *** [9h Td Qc]
zetje187: checks
B_loJkl joins the table at seat #8
BuzovaPro: checks
*** TURN *** [9h Td Qc] [2h]
zetje187: bets $6
BuzovaPro: calls $6
*** RIVER *** [9h Td Qc 2h] [6h]
zetje187: bets $6
BuzovaPro: calls $6
*** SHOW DOWN ***
zetje187: shows [8s Ts] (a pair of Tens)
BuzovaPro: mucks hand
zetje187 collected $35.50 from pot
*** SUMMARY ***
Total pot $36 | Rake $0.50
Board [9h Td Qc 2h 6h]
Seat 6: zetje187 (big blind) showed [8s Ts] and won ($35.50) with a pair of Tens
Seat 7: BuzovaPro (button) (small blind) mucked


PokerStars Hand #156644885469:  Hold'em Limit ($3/$6 USD) - 2016/07/30 14:55:44 ET
Table 'Diadem' 10-max Seat #6 is the button
Seat 6: zetje187 ($85.89 in chips)
Seat 7: BuzovaPro ($72 in chips)
zetje187: posts small blind $1
BuzovaPro: posts big blind $3
*** HOLE CARDS ***
zetje187: raises $3 to $6
BuzovaPro: calls $3
*** FLOP *** [Tc 6h 6s]
BuzovaPro: checks
zetje187: bets $3
BuzovaPro: folds
Uncalled bet ($3) returned to zetje187
zetje187 collected $11.76 from pot
zetje187: doesn't show hand
*** SUMMARY ***
Total pot $12 | Rake $0.24
Board [Tc 6h 6s]
Seat 6: zetje187 (button) (small blind) collected ($11.76)
Seat 7: BuzovaPro (big blind) folded on the Flop


PokerStars Hand #156645952188:  Hold'em Limit ($3/$6 USD) - 2016/07/30 15:20:23 ET
Table 'Diadem' 10-max Seat #7 is the button
Seat 6: Hopihomber ($220 in chips)
Seat 7: kolaz03 ($72 in chips)
kolaz03: posts small blind $1
Hopihomber: posts big blind $3
*** HOLE CARDS ***
B_loJkl joins the table at seat #8
kolaz03: folds
Uncalled bet ($2) returned to Hopihomber
zischepc joins the table at seat #5
Hopihomber collected $2 from pot
Hopihomber: doesn't show hand
*** SUMMARY ***
Total pot $2 | Rake $0
Seat 6: Hopihomber (big blind) collected ($2)
Seat 7: kolaz03 (button) (small blind) folded before Flop


PokerStars Hand #156646585908:  Hold'em Limit ($3/$6 USD) - 2016/07/30 15:34:12 ET
Table 'Diadem' 10-max Seat #4 is the button
Seat 4: Kajind ($87.43 in chips)
Seat 5: zischepc ($197.91 in chips)
**Geka**555 will be allowed to play after the button
B_loJkl will be allowed to play after the button
Fantomet will be allowed to play after the button
benfica7676 will be allowed to play after the button
Kajind: posts small blind $1
zischepc: posts big blind $3
*** HOLE CARDS ***
Kajind: raises $3 to $6
zischepc: folds
Uncalled bet ($3) returned to Kajind
Kajind collected $6 from pot
Kajind: doesn't show hand
*** SUMMARY ***
Total pot $6 | Rake $0
Seat 4: Kajind (button) (small blind) collected ($6)
Seat 5: zischepc (big blind) folded before Flop


