PokerStars Hand #156661405529:  Hold'em Limit ($3/$6 USD) - 2016/07/30 22:56:34 ET
Table 'Diadem' 10-max Seat #5 is the button
Seat 3: RaisemyNut$ ($198.81 in chips)
Seat 5: komornik ($454.26 in chips)
komornik: posts small blind $1
Masqb: is sitting out
RaisemyNut$: posts big blind $3
*** HOLE CARDS ***
Masqb leaves the table
komornik: raises $3 to $6
RaisemyNut$: calls $3
*** FLOP *** [3h Jd Qs]
RaisemyNut$: checks
komornik: bets $3
RaisemyNut$: folds
Uncalled bet ($3) returned to komornik
komornik collected $11.76 from pot
komornik: doesn't show hand
*** SUMMARY ***
Total pot $12 | Rake $0.24
Board [3h Jd Qs]
Seat 3: RaisemyNut$ (big blind) folded on the Flop
Seat 5: komornik (button) (small blind) collected ($11.76)


PokerStars Hand #156664743565:  Hold'em Limit ($3/$6 USD) - 2016/07/31 2:26:23 ET
Table 'Diadem' 10-max Seat #10 is the button
Seat 3: Agrotait ($302.53 in chips)
Seat 10: madcap77 ($83.65 in chips)
madcap77: posts small blind $1
Agrotait: posts big blind $3
*** HOLE CARDS ***
madcap77: folds
Uncalled bet ($2) returned to Agrotait
Agrotait collected $2 from pot
Agrotait: doesn't show hand
*** SUMMARY ***
Total pot $2 | Rake $0
Seat 3: Agrotait (big blind) collected ($2)
Seat 10: madcap77 (button) (small blind) folded before Flop


PokerStars Hand #156664741438:  Hold'em Limit ($3/$6 USD) - 2016/07/31 2:26:14 ET
Table 'Diadem' 10-max Seat #3 is the button
Seat 3: Agrotait ($303.53 in chips)
Seat 10: madcap77 ($82.65 in chips)
Agrotait: posts small blind $1
madcap77: posts big blind $3
*** HOLE CARDS ***
Agrotait: folds
Uncalled bet ($2) returned to madcap77
madcap77 collected $2 from pot
madcap77: doesn't show hand
*** SUMMARY ***
Total pot $2 | Rake $0
Seat 3: Agrotait (button) (small blind) folded before Flop
Seat 10: madcap77 (big blind) collected ($2)


PokerStars Hand #156664746818:  Hold'em Limit ($3/$6 USD) - 2016/07/31 2:26:35 ET
Table 'Diadem' 10-max Seat #10 is the button
Seat 3: Agrotait ($302.53 in chips)
Seat 10: madcap77 ($83.65 in chips)
madcap77: posts small blind $1
Agrotait: posts big blind $3
*** HOLE CARDS ***
madcap77: folds
Uncalled bet ($2) returned to Agrotait
Agrotait collected $2 from pot
Agrotait: doesn't show hand
*** SUMMARY ***
Total pot $2 | Rake $0
Seat 3: Agrotait (big blind) collected ($2)
Seat 10: madcap77 (button) (small blind) folded before Flop


PokerStars Hand #156664745260:  Hold'em Limit ($3/$6 USD) - 2016/07/31 2:26:29 ET
Table 'Diadem' 10-max Seat #3 is the button
Seat 3: Agrotait ($303.53 in chips)
Seat 10: madcap77 ($82.65 in chips)
Agrotait: posts small blind $1
madcap77: posts big blind $3
*** HOLE CARDS ***
Agrotait: folds
Uncalled bet ($2) returned to madcap77
madcap77 collected $2 from pot
madcap77: doesn't show hand
*** SUMMARY ***
Total pot $2 | Rake $0
Seat 3: Agrotait (button) (small blind) folded before Flop
Seat 10: madcap77 (big blind) collected ($2)


PokerStars Hand #156664748729:  Hold'em Limit ($3/$6 USD) - 2016/07/31 2:26:43 ET
Table 'Diadem' 10-max Seat #3 is the button
Seat 3: Agrotait ($303.53 in chips)
Seat 10: madcap77 ($82.65 in chips)
Agrotait: posts small blind $1
madcap77: posts big blind $3
*** HOLE CARDS ***
Agrotait: raises $3 to $6
madcap77: raises $3 to $9
Agrotait: calls $3
*** FLOP *** [Qs 8d 4h]
madcap77: bets $3
Agrotait: calls $3
*** TURN *** [Qs 8d 4h] [7d]
madcap77: bets $6
Agrotait: calls $6
*** RIVER *** [Qs 8d 4h 7d] [Th]
madcap77: bets $6
Agrotait: calls $6
*** SHOW DOWN ***
madcap77: shows [Ks Qh] (a pair of Queens)
Agrotait: mucks hand
madcap77 collected $47.50 from pot
*** SUMMARY ***
Total pot $48 | Rake $0.50
Board [Qs 8d 4h 7d Th]
Seat 3: Agrotait (button) (small blind) mucked
Seat 10: madcap77 (big blind) showed [Ks Qh] and won ($47.50) with a pair of Queens


PokerStars Hand #156664772211:  Hold'em Limit ($3/$6 USD) - 2016/07/31 2:28:11 ET
Table 'Diadem' 10-max Seat #10 is the button
Seat 3: Agrotait ($291.03 in chips)
Seat 10: madcap77 ($94.15 in chips)
madcap77: posts small blind $1
Agrotait: posts big blind $3
*** HOLE CARDS ***
madcap77: folds
Uncalled bet ($2) returned to Agrotait
Agrotait collected $2 from pot
Agrotait: doesn't show hand
*** SUMMARY ***
Total pot $2 | Rake $0
Seat 3: Agrotait (big blind) collected ($2)
Seat 10: madcap77 (button) (small blind) folded before Flop


PokerStars Hand #156664762774:  Hold'em Limit ($3/$6 USD) - 2016/07/31 2:27:35 ET
Table 'Diadem' 10-max Seat #3 is the button
Seat 3: Agrotait ($276.53 in chips)
Seat 10: madcap77 ($109.15 in chips)
Agrotait: posts small blind $1
madcap77: posts big blind $3
*** HOLE CARDS ***
Agrotait: raises $3 to $6
madcap77: calls $3
*** FLOP *** [8s Qc 8d]
madcap77: checks
Agrotait: bets $3
madcap77: calls $3
*** TURN *** [8s Qc 8d] [Jh]
madcap77: checks
Agrotait: checks
*** RIVER *** [8s Qc 8d Jh] [2s]
madcap77: bets $6
Agrotait: calls $6
*** SHOW DOWN ***
madcap77: shows [Th Js] (two pair, Jacks and Eights)
Agrotait: shows [Qd 5s] (two pair, Queens and Eights)
Agrotait collected $29.50 from pot
*** SUMMARY ***
Total pot $30 | Rake $0.50
Board [8s Qc 8d Jh 2s]
Seat 3: Agrotait (button) (small blind) showed [Qd 5s] and won ($29.50) with two pair, Queens and Eights
Seat 10: madcap77 (big blind) showed [Th Js] and lost with two pair, Jacks and Eights


PokerStars Hand #156664759406:  Hold'em Limit ($3/$6 USD) - 2016/07/31 2:27:22 ET
Table 'Diadem' 10-max Seat #10 is the button
Seat 3: Agrotait ($279.53 in chips)
Seat 10: madcap77 ($106.15 in chips)
madcap77: posts small blind $1
Agrotait: posts big blind $3
*** HOLE CARDS ***
madcap77: raises $3 to $6
Agrotait: folds
Uncalled bet ($3) returned to madcap77
madcap77 collected $6 from pot
madcap77: doesn't show hand
*** SUMMARY ***
Total pot $6 | Rake $0
Seat 3: Agrotait (big blind) folded before Flop
Seat 10: madcap77 (button) (small blind) collected ($6)


PokerStars Hand #156664773653:  Hold'em Limit ($3/$6 USD) - 2016/07/31 2:28:17 ET
Table 'Diadem' 10-max Seat #3 is the button
Seat 3: Agrotait ($292.03 in chips)
Seat 10: madcap77 ($93.15 in chips)
Agrotait: posts small blind $1
madcap77: posts big blind $3
*** HOLE CARDS ***
Agrotait: folds
Uncalled bet ($2) returned to madcap77
madcap77 collected $2 from pot
madcap77: doesn't show hand
*** SUMMARY ***
Total pot $2 | Rake $0
Seat 3: Agrotait (button) (small blind) folded before Flop
Seat 10: madcap77 (big blind) collected ($2)


PokerStars Hand #156664783357:  Hold'em Limit ($3/$6 USD) - 2016/07/31 2:28:55 ET
Table 'Diadem' 10-max Seat #3 is the button
Seat 3: Agrotait ($276.03 in chips)
Seat 10: madcap77 ($108.65 in chips)
Agrotait: posts small blind $1
madcap77: posts big blind $3
*** HOLE CARDS ***
Agrotait: folds
Uncalled bet ($2) returned to madcap77
madcap77 collected $2 from pot
madcap77: doesn't show hand
*** SUMMARY ***
Total pot $2 | Rake $0
Seat 3: Agrotait (button) (small blind) folded before Flop
Seat 10: madcap77 (big blind) collected ($2)


PokerStars Hand #156664774833:  Hold'em Limit ($3/$6 USD) - 2016/07/31 2:28:22 ET
Table 'Diadem' 10-max Seat #10 is the button
Seat 3: Agrotait ($291.03 in chips)
Seat 10: madcap77 ($94.15 in chips)
madcap77: posts small blind $1
Agrotait: posts big blind $3
*** HOLE CARDS ***
madcap77: raises $3 to $6
Agrotait: calls $3
*** FLOP *** [9c 5d 7c]
Agrotait: checks
madcap77: bets $3
Agrotait: calls $3
*** TURN *** [9c 5d 7c] [Qh]
Agrotait: checks
madcap77: checks
*** RIVER *** [9c 5d 7c Qh] [2c]
Agrotait: bets $6
madcap77: calls $6
*** SHOW DOWN ***
Agrotait: shows [6c Td] (high card Queen)
madcap77: shows [Jd Ah] (high card Ace)
madcap77 collected $29.50 from pot
*** SUMMARY ***
Total pot $30 | Rake $0.50
Board [9c 5d 7c Qh 2c]
Seat 3: Agrotait (big blind) showed [6c Td] and lost with high card Queen
Seat 10: madcap77 (button) (small blind) showed [Jd Ah] and won ($29.50) with high card Ace


PokerStars Hand #156664785261:  Hold'em Limit ($3/$6 USD) - 2016/07/31 2:29:02 ET
Table 'Diadem' 10-max Seat #10 is the button
Seat 3: Agrotait ($275.03 in chips)
Seat 10: madcap77 ($109.65 in chips)
madcap77: posts small blind $1
Agrotait: posts big blind $3
*** HOLE CARDS ***
madcap77: raises $3 to $6
Agrotait: calls $3
*** FLOP *** [Td 5d 9s]
hairy1961 joins the table at seat #9
Agrotait: checks
madcap77: bets $3
Agrotait: folds
Uncalled bet ($3) returned to madcap77
madcap77 collected $11.76 from pot
madcap77: doesn't show hand
*** SUMMARY ***
Total pot $12 | Rake $0.24
Board [Td 5d 9s]
Seat 3: Agrotait (big blind) folded on the Flop
Seat 10: madcap77 (button) (small blind) collected ($11.76)


PokerStars Hand #156664847082:  Hold'em Limit ($3/$6 USD) - 2016/07/31 2:32:33 ET
Table 'Diadem' 10-max Seat #3 is the button
Seat 3: Agrotait ($266.03 in chips)
Seat 10: madcap77 ($99.25 in chips)
Agrotait: posts small blind $1
madcap77: posts big blind $3
*** HOLE CARDS ***
Agrotait: raises $3 to $6
madcap77: folds
Uncalled bet ($3) returned to Agrotait
Agrotait collected $6 from pot
Agrotait: doesn't show hand
*** SUMMARY ***
Total pot $6 | Rake $0
Seat 3: Agrotait (button) (small blind) collected ($6)
Seat 10: madcap77 (big blind) folded before Flop


PokerStars Hand #156664860203:  Hold'em Limit ($3/$6 USD) - 2016/07/31 2:33:24 ET
Table 'Diadem' 10-max Seat #3 is the button
Seat 3: Agrotait ($283.53 in chips)
Seat 10: madcap77 ($81.25 in chips)
Agrotait: posts small blind $1
madcap77: posts big blind $3
*** HOLE CARDS ***
Agrotait: raises $3 to $6
madcap77: calls $3
*** FLOP *** [9c 4s 8s]
madcap77: checks
Agrotait: bets $3
madcap77: calls $3
*** TURN *** [9c 4s 8s] [3c]
madcap77: checks
Agrotait: bets $6
madcap77: folds
Uncalled bet ($6) returned to Agrotait
Agrotait collected $17.64 from pot
Agrotait: doesn't show hand
*** SUMMARY ***
Total pot $18 | Rake $0.36
Board [9c 4s 8s 3c]
Seat 3: Agrotait (button) (small blind) collected ($17.64)
Seat 10: madcap77 (big blind) folded on the Turn


PokerStars Hand #156664849310:  Hold'em Limit ($3/$6 USD) - 2016/07/31 2:32:42 ET
Table 'Diadem' 10-max Seat #10 is the button
Seat 3: Agrotait ($269.03 in chips)
Seat 10: madcap77 ($96.25 in chips)
madcap77: posts small blind $1
Agrotait: posts big blind $3
*** HOLE CARDS ***
madcap77: raises $3 to $6
Agrotait: calls $3
*** FLOP *** [3c Qc Tc]
Agrotait: checks
madcap77: bets $3
Agrotait: raises $3 to $6
madcap77: raises $3 to $9
Agrotait: raises $3 to $12
Betting is capped
madcap77: folds
Uncalled bet ($3) returned to Agrotait
Agrotait collected $29.50 from pot
Agrotait: doesn't show hand
*** SUMMARY ***
Total pot $30 | Rake $0.50
Board [3c Qc Tc]
Seat 3: Agrotait (big blind) collected ($29.50)
Seat 10: madcap77 (button) (small blind) folded on the Flop


PokerStars Hand #156664882878:  Hold'em Limit ($3/$6 USD) - 2016/07/31 2:34:52 ET
Table 'Diadem' 10-max Seat #3 is the button
Seat 3: Agrotait ($290.17 in chips)
Seat 10: madcap77 ($74.01 in chips)
Agrotait: posts small blind $1
madcap77: posts big blind $3
*** HOLE CARDS ***
Agrotait: raises $3 to $6
madcap77: calls $3
*** FLOP *** [Qc 2c Ks]
madcap77: checks
Agrotait: bets $3
madcap77: raises $3 to $6
Agrotait: folds
Uncalled bet ($3) returned to madcap77
madcap77 collected $17.64 from pot
madcap77: doesn't show hand
*** SUMMARY ***
Total pot $18 | Rake $0.36
Board [Qc 2c Ks]
Seat 3: Agrotait (button) (small blind) folded on the Flop
Seat 10: madcap77 (big blind) collected ($17.64)


PokerStars Hand #156664877523:  Hold'em Limit ($3/$6 USD) - 2016/07/31 2:34:31 ET
Table 'Diadem' 10-max Seat #3 is the button
Seat 3: Agrotait ($286.17 in chips)
Seat 10: madcap77 ($78.01 in chips)
Agrotait: posts small blind $1
madcap77: posts big blind $3
*** HOLE CARDS ***
Agrotait: raises $3 to $6
madcap77: folds
Uncalled bet ($3) returned to Agrotait
Agrotait collected $6 from pot
Agrotait: doesn't show hand
*** SUMMARY ***
Total pot $6 | Rake $0
Seat 3: Agrotait (button) (small blind) collected ($6)
Seat 10: madcap77 (big blind) folded before Flop


PokerStars Hand #156664881088:  Hold'em Limit ($3/$6 USD) - 2016/07/31 2:34:45 ET
Table 'Diadem' 10-max Seat #10 is the button
Seat 3: Agrotait ($289.17 in chips)
Seat 10: madcap77 ($75.01 in chips)
madcap77: posts small blind $1
Agrotait: posts big blind $3
*** HOLE CARDS ***
madcap77: folds
Uncalled bet ($2) returned to Agrotait
Agrotait collected $2 from pot
Agrotait: doesn't show hand
*** SUMMARY ***
Total pot $2 | Rake $0
Seat 3: Agrotait (big blind) collected ($2)
Seat 10: madcap77 (button) (small blind) folded before Flop


PokerStars Hand #156664871378:  Hold'em Limit ($3/$6 USD) - 2016/07/31 2:34:08 ET
Table 'Diadem' 10-max Seat #10 is the button
Seat 3: Agrotait ($292.17 in chips)
Seat 10: madcap77 ($72.25 in chips)
madcap77: posts small blind $1
Agrotait: posts big blind $3
*** HOLE CARDS ***
madcap77: raises $3 to $6
Agrotait: calls $3
*** FLOP *** [8d 4c 3c]
Agrotait: checks
madcap77: bets $3
Agrotait: folds
Uncalled bet ($3) returned to madcap77
madcap77 collected $11.76 from pot
madcap77: doesn't show hand
*** SUMMARY ***
Total pot $12 | Rake $0.24
Board [8d 4c 3c]
Seat 3: Agrotait (big blind) folded on the Flop
Seat 10: madcap77 (button) (small blind) collected ($11.76)


PokerStars Hand #156664890960:  Hold'em Limit ($3/$6 USD) - 2016/07/31 2:35:23 ET
Table 'Diadem' 10-max Seat #3 is the button
Seat 3: Agrotait ($282.17 in chips)
Seat 10: madcap77 ($81.65 in chips)
Agrotait: posts small blind $1
madcap77: posts big blind $3
*** HOLE CARDS ***
Agrotait: raises $3 to $6
madcap77: raises $3 to $9
Agrotait: calls $3
*** FLOP *** [As Jh 6s]
madcap77: bets $3
Agrotait: folds
Uncalled bet ($3) returned to madcap77
madcap77 collected $17.64 from pot
madcap77: doesn't show hand
*** SUMMARY ***
Total pot $18 | Rake $0.36
Board [As Jh 6s]
Seat 3: Agrotait (button) (small blind) folded on the Flop
Seat 10: madcap77 (big blind) collected ($17.64)


PokerStars Hand #156664889627:  Hold'em Limit ($3/$6 USD) - 2016/07/31 2:35:18 ET
Table 'Diadem' 10-max Seat #10 is the button
Seat 3: Agrotait ($281.17 in chips)
Seat 10: madcap77 ($82.65 in chips)
madcap77: posts small blind $1
Agrotait: posts big blind $3
*** HOLE CARDS ***
madcap77: folds
Uncalled bet ($2) returned to Agrotait
Agrotait collected $2 from pot
Agrotait: doesn't show hand
*** SUMMARY ***
Total pot $2 | Rake $0
Seat 3: Agrotait (big blind) collected ($2)
Seat 10: madcap77 (button) (small blind) folded before Flop


PokerStars Hand #156664907997:  Hold'em Limit ($3/$6 USD) - 2016/07/31 2:36:29 ET
Table 'Diadem' 10-max Seat #3 is the button
Seat 3: Agrotait ($264.17 in chips)
Seat 10: madcap77 ($98.93 in chips)
Agrotait: posts small blind $1
madcap77: posts big blind $3
*** HOLE CARDS ***
Agrotait: raises $3 to $6
madcap77: folds
Uncalled bet ($3) returned to Agrotait
Agrotait collected $6 from pot
Agrotait: doesn't show hand
*** SUMMARY ***
Total pot $6 | Rake $0
Seat 3: Agrotait (button) (small blind) collected ($6)
Seat 10: madcap77 (big blind) folded before Flop


PokerStars Hand #156664895032:  Hold'em Limit ($3/$6 USD) - 2016/07/31 2:35:39 ET
Table 'Diadem' 10-max Seat #10 is the button
Seat 3: Agrotait ($273.17 in chips)
Seat 10: madcap77 ($90.29 in chips)
madcap77: posts small blind $1
Agrotait: posts big blind $3
*** HOLE CARDS ***
madcap77: raises $3 to $6
Agrotait: calls $3
*** FLOP *** [Qc 7s 5h]
Agrotait: checks
madcap77: bets $3
Agrotait: calls $3
*** TURN *** [Qc 7s 5h] [Td]
Agrotait: checks
madcap77: checks
*** RIVER *** [Qc 7s 5h Td] [Jh]
Agrotait: checks
madcap77: checks
*** SHOW DOWN ***
Agrotait: shows [6c As] (high card Ace)
madcap77: shows [7h Ah] (a pair of Sevens)
madcap77 collected $17.64 from pot
*** SUMMARY ***
Total pot $18 | Rake $0.36
Board [Qc 7s 5h Td Jh]
Seat 3: Agrotait (big blind) showed [6c As] and lost with high card Ace
Seat 10: madcap77 (button) (small blind) showed [7h Ah] and won ($17.64) with a pair of Sevens


PokerStars Hand #156664916603:  Hold'em Limit ($3/$6 USD) - 2016/07/31 2:37:02 ET
Table 'Diadem' 10-max Seat #3 is the button
Seat 3: Agrotait ($278.69 in chips)
Seat 10: madcap77 ($83.93 in chips)
Agrotait: posts small blind $1
madcap77: posts big blind $3
*** HOLE CARDS ***
Agrotait: raises $3 to $6
madcap77: folds
Uncalled bet ($3) returned to Agrotait
Agrotait collected $6 from pot
Agrotait: doesn't show hand
*** SUMMARY ***
Total pot $6 | Rake $0
Seat 3: Agrotait (button) (small blind) collected ($6)
Seat 10: madcap77 (big blind) folded before Flop


PokerStars Hand #156664910111:  Hold'em Limit ($3/$6 USD) - 2016/07/31 2:36:37 ET
Table 'Diadem' 10-max Seat #10 is the button
Seat 3: Agrotait ($267.17 in chips)
Seat 10: madcap77 ($95.93 in chips)
madcap77: posts small blind $1
Agrotait: posts big blind $3
*** HOLE CARDS ***
madcap77: raises $3 to $6
Agrotait: calls $3
*** FLOP *** [6d 7s 6s]
Agrotait: checks
madcap77: bets $3
Agrotait: raises $3 to $6
madcap77: calls $3
*** TURN *** [6d 7s 6s] [7d]
Agrotait: bets $6
madcap77: folds
Uncalled bet ($6) returned to Agrotait
Agrotait collected $23.52 from pot
Agrotait: doesn't show hand
*** SUMMARY ***
Total pot $24 | Rake $0.48
Board [6d 7s 6s 7d]
Seat 3: Agrotait (big blind) collected ($23.52)
Seat 10: madcap77 (button) (small blind) folded on the Turn


PokerStars Hand #156664919572:  Hold'em Limit ($3/$6 USD) - 2016/07/31 2:37:13 ET
Table 'Diadem' 10-max Seat #10 is the button
Seat 3: Agrotait ($281.69 in chips)
Seat 10: madcap77 ($80.93 in chips)
madcap77: posts small blind $1
Agrotait: posts big blind $3
*** HOLE CARDS ***
madcap77: raises $3 to $6
Agrotait: calls $3
*** FLOP *** [6c 9c Tc]
Agrotait: checks
madcap77: bets $3
Agrotait: calls $3
*** TURN *** [6c 9c Tc] [2c]
Agrotait: checks
madcap77: checks
*** RIVER *** [6c 9c Tc 2c] [3h]
Agrotait: checks
madcap77: checks
*** SHOW DOWN ***
Agrotait: shows [Ks 8c] (a flush, Ten high)
madcap77: mucks hand
Agrotait collected $17.64 from pot
*** SUMMARY ***
Total pot $18 | Rake $0.36
Board [6c 9c Tc 2c 3h]
Seat 3: Agrotait (big blind) showed [Ks 8c] and won ($17.64) with a flush, Ten high
Seat 10: madcap77 (button) (small blind) mucked


PokerStars Hand #156664932486:  Hold'em Limit ($3/$6 USD) - 2016/07/31 2:38:03 ET
Table 'Diadem' 10-max Seat #10 is the button
Seat 3: Agrotait ($310.83 in chips)
Seat 10: madcap77 ($50.93 in chips)
madcap77: posts small blind $1
Agrotait: posts big blind $3
*** HOLE CARDS ***
madcap77: raises $3 to $6
Agrotait: raises $3 to $9
madcap77: calls $3
*** FLOP *** [Kc 8s 2d]
Agrotait: bets $3
madcap77: folds
Uncalled bet ($3) returned to Agrotait
Agrotait collected $17.64 from pot
Agrotait: doesn't show hand
*** SUMMARY ***
Total pot $18 | Rake $0.36
Board [Kc 8s 2d]
Seat 3: Agrotait (big blind) collected ($17.64)
Seat 10: madcap77 (button) (small blind) folded on the Flop


PokerStars Hand #156664945259:  Hold'em Limit ($3/$6 USD) - 2016/07/31 2:38:51 ET
Table 'Diadem' 10-max Seat #10 is the button
Seat 3: Agrotait ($325.23 in chips)
Seat 10: madcap77 ($35.93 in chips)
madcap77: posts small blind $1
Agrotait: posts big blind $3
*** HOLE CARDS ***
madcap77: raises $3 to $6
Agrotait: calls $3
*** FLOP *** [Kc Js 8h]
Agrotait: checks
madcap77: bets $3
Agrotait: folds
Uncalled bet ($3) returned to madcap77
madcap77 collected $11.76 from pot
madcap77: doesn't show hand
*** SUMMARY ***
Total pot $12 | Rake $0.24
Board [Kc Js 8h]
Seat 3: Agrotait (big blind) folded on the Flop
Seat 10: madcap77 (button) (small blind) collected ($11.76)


PokerStars Hand #156664935692:  Hold'em Limit ($3/$6 USD) - 2016/07/31 2:38:15 ET
Table 'Diadem' 10-max Seat #3 is the button
Seat 3: Agrotait ($319.47 in chips)
Seat 10: madcap77 ($41.93 in chips)
Agrotait: posts small blind $1
madcap77: posts big blind $3
*** HOLE CARDS ***
Agrotait: raises $3 to $6
madcap77: folds
Uncalled bet ($3) returned to Agrotait
Agrotait collected $6 from pot
Agrotait: doesn't show hand
*** SUMMARY ***
Total pot $6 | Rake $0
Seat 3: Agrotait (button) (small blind) collected ($6)
Seat 10: madcap77 (big blind) folded before Flop


PokerStars Hand #156664938104:  Hold'em Limit ($3/$6 USD) - 2016/07/31 2:38:24 ET
Table 'Diadem' 10-max Seat #10 is the button
Seat 3: Agrotait ($322.47 in chips)
Seat 10: madcap77 ($38.93 in chips)
madcap77: posts small blind $1
Agrotait: posts big blind $3
*** HOLE CARDS ***
madcap77: raises $3 to $6
Agrotait: folds
Uncalled bet ($3) returned to madcap77
madcap77 collected $6 from pot
madcap77: doesn't show hand
*** SUMMARY ***
Total pot $6 | Rake $0
Seat 3: Agrotait (big blind) folded before Flop
Seat 10: madcap77 (button) (small blind) collected ($6)


PokerStars Hand #156664940358:  Hold'em Limit ($3/$6 USD) - 2016/07/31 2:38:33 ET
Table 'Diadem' 10-max Seat #3 is the button
Seat 3: Agrotait ($319.47 in chips)
Seat 10: madcap77 ($41.93 in chips)
Agrotait: posts small blind $1
madcap77: posts big blind $3
*** HOLE CARDS ***
Agrotait: raises $3 to $6
madcap77: calls $3
*** FLOP *** [4s 2d 8h]
madcap77: checks
Agrotait: bets $3
madcap77: folds
Uncalled bet ($3) returned to Agrotait
Agrotait collected $11.76 from pot
Agrotait: doesn't show hand
*** SUMMARY ***
Total pot $12 | Rake $0.24
Board [4s 2d 8h]
Seat 3: Agrotait (button) (small blind) collected ($11.76)
Seat 10: madcap77 (big blind) folded on the Flop


PokerStars Hand #156664951015:  Hold'em Limit ($3/$6 USD) - 2016/07/31 2:39:13 ET
Table 'Diadem' 10-max Seat #3 is the button
Seat 3: Agrotait ($319.23 in chips)
Seat 10: madcap77 ($41.69 in chips)
Agrotait: posts small blind $1
madcap77: posts big blind $3
*** HOLE CARDS ***
Agrotait: raises $3 to $6
madcap77: calls $3
*** FLOP *** [3s Ah 2h]
madcap77: checks
Agrotait: bets $3
madcap77: folds
Uncalled bet ($3) returned to Agrotait
Agrotait collected $11.76 from pot
Agrotait: doesn't show hand
*** SUMMARY ***
Total pot $12 | Rake $0.24
Board [3s Ah 2h]
Seat 3: Agrotait (button) (small blind) collected ($11.76)
Seat 10: madcap77 (big blind) folded on the Flop


PokerStars Hand #156664954512:  Hold'em Limit ($3/$6 USD) - 2016/07/31 2:39:26 ET
Table 'Diadem' 10-max Seat #10 is the button
Seat 3: Agrotait ($324.99 in chips)
Seat 10: madcap77 ($35.69 in chips)
madcap77: posts small blind $1
Agrotait: posts big blind $3
*** HOLE CARDS ***
madcap77: raises $3 to $6
Agrotait: calls $3
*** FLOP *** [9h As 9s]
Agrotait: checks
madcap77: bets $3
Agrotait: raises $3 to $6
madcap77: folds
Uncalled bet ($3) returned to Agrotait
Agrotait collected $17.64 from pot
Agrotait: doesn't show hand
*** SUMMARY ***
Total pot $18 | Rake $0.36
Board [9h As 9s]
Seat 3: Agrotait (big blind) collected ($17.64)
Seat 10: madcap77 (button) (small blind) folded on the Flop


PokerStars Hand #156664958188:  Hold'em Limit ($3/$6 USD) - 2016/07/31 2:39:40 ET
Table 'Diadem' 10-max Seat #3 is the button
Seat 3: Agrotait ($333.63 in chips)
Seat 10: madcap77 ($26.69 in chips)
Agrotait: posts small blind $1
madcap77: posts big blind $3
*** HOLE CARDS ***
Agrotait: raises $3 to $6
madcap77: calls $3
*** FLOP *** [3h Kc Qh]
madcap77: checks
Agrotait: bets $3
madcap77: calls $3
*** TURN *** [3h Kc Qh] [8h]
madcap77: checks
Agrotait: checks
*** RIVER *** [3h Kc Qh 8h] [Tc]
madcap77: bets $6
Agrotait: folds
Uncalled bet ($6) returned to madcap77
madcap77 collected $17.64 from pot
madcap77: doesn't show hand
*** SUMMARY ***
Total pot $18 | Rake $0.36
Board [3h Kc Qh 8h Tc]
Seat 3: Agrotait (button) (small blind) folded on the River
Seat 10: madcap77 (big blind) collected ($17.64)


PokerStars Hand #156664963340:  Hold'em Limit ($3/$6 USD) - 2016/07/31 2:39:59 ET
Table 'Diadem' 10-max Seat #10 is the button
Seat 3: Agrotait ($324.63 in chips)
Seat 10: madcap77 ($35.33 in chips)
madcap77: posts small blind $1
Agrotait: posts big blind $3
*** HOLE CARDS ***
madcap77: raises $3 to $6
Agrotait: calls $3
*** FLOP *** [Js 9s 5d]
Agrotait: checks
madcap77: checks
*** TURN *** [Js 9s 5d] [7d]
Agrotait: checks
madcap77: bets $6
Agrotait: folds
Uncalled bet ($6) returned to madcap77
madcap77 collected $11.76 from pot
madcap77: doesn't show hand
*** SUMMARY ***
Total pot $12 | Rake $0.24
Board [Js 9s 5d 7d]
Seat 3: Agrotait (big blind) folded on the Turn
Seat 10: madcap77 (button) (small blind) collected ($11.76)


PokerStars Hand #156664969423:  Hold'em Limit ($3/$6 USD) - 2016/07/31 2:40:22 ET
Table 'Diadem' 10-max Seat #3 is the button
Seat 3: Agrotait ($318.63 in chips)
Seat 10: madcap77 ($41.09 in chips)
Agrotait: posts small blind $1
madcap77: posts big blind $3
*** HOLE CARDS ***
Agrotait: raises $3 to $6
madcap77: folds
Uncalled bet ($3) returned to Agrotait
Agrotait collected $6 from pot
Agrotait: doesn't show hand
*** SUMMARY ***
Total pot $6 | Rake $0
Seat 3: Agrotait (button) (small blind) collected ($6)
Seat 10: madcap77 (big blind) folded before Flop


PokerStars Hand #156664972547:  Hold'em Limit ($3/$6 USD) - 2016/07/31 2:40:34 ET
Table 'Diadem' 10-max Seat #3 is the button
Seat 3: Agrotait ($322.63 in chips)
Seat 10: madcap77 ($37.09 in chips)
Agrotait: posts small blind $1
madcap77: posts big blind $3
*** HOLE CARDS ***
Agrotait: raises $3 to $6
madcap77: raises $3 to $9
Agrotait: calls $3
*** FLOP *** [2h Tc 5s]
madcap77: bets $3
Agrotait: calls $3
*** TURN *** [2h Tc 5s] [7h]
madcap77: bets $6
Agrotait: calls $6
*** RIVER *** [2h Tc 5s 7h] [Qh]
madcap77: checks
Agrotait: checks
*** SHOW DOWN ***
madcap77: shows [Ac 6c] (high card Ace)
Agrotait: shows [2d 4d] (a pair of Deuces)
Agrotait collected $35.50 from pot
*** SUMMARY ***
Total pot $36 | Rake $0.50
Board [2h Tc 5s 7h Qh]
Seat 3: Agrotait (button) (small blind) showed [2d 4d] and won ($35.50) with a pair of Deuces
Seat 10: madcap77 (big blind) showed [Ac 6c] and lost with high card Ace


PokerStars Hand #156664983661:  Hold'em Limit ($3/$6 USD) - 2016/07/31 2:41:16 ET
Table 'Diadem' 10-max Seat #3 is the button
Seat 3: Agrotait ($337.13 in chips)
Seat 10: madcap77 ($22.09 in chips)
Agrotait: posts small blind $1
madcap77: posts big blind $3
*** HOLE CARDS ***
Agrotait: folds
Uncalled bet ($2) returned to madcap77
madcap77 collected $2 from pot
madcap77: doesn't show hand
*** SUMMARY ***
Total pot $2 | Rake $0
Seat 3: Agrotait (button) (small blind) folded before Flop
Seat 10: madcap77 (big blind) collected ($2)


PokerStars Hand #156664981244:  Hold'em Limit ($3/$6 USD) - 2016/07/31 2:41:07 ET
Table 'Diadem' 10-max Seat #10 is the button
Seat 3: Agrotait ($340.13 in chips)
Seat 10: madcap77 ($19.09 in chips)
madcap77: posts small blind $1
Agrotait: posts big blind $3
*** HOLE CARDS ***
madcap77: raises $3 to $6
Agrotait: folds
Uncalled bet ($3) returned to madcap77
madcap77 collected $6 from pot
madcap77: doesn't show hand
*** SUMMARY ***
Total pot $6 | Rake $0
Seat 3: Agrotait (big blind) folded before Flop
Seat 10: madcap77 (button) (small blind) collected ($6)


PokerStars Hand #156664971093:  Hold'em Limit ($3/$6 USD) - 2016/07/31 2:40:28 ET
Table 'Diadem' 10-max Seat #10 is the button
Seat 3: Agrotait ($321.63 in chips)
Seat 10: madcap77 ($38.09 in chips)
madcap77: posts small blind $1
Agrotait: posts big blind $3
*** HOLE CARDS ***
madcap77: folds
Uncalled bet ($2) returned to Agrotait
Agrotait collected $2 from pot
Agrotait: doesn't show hand
*** SUMMARY ***
Total pot $2 | Rake $0
Seat 3: Agrotait (big blind) collected ($2)
Seat 10: madcap77 (button) (small blind) folded before Flop


PokerStars Hand #156664985008:  Hold'em Limit ($3/$6 USD) - 2016/07/31 2:41:21 ET
Table 'Diadem' 10-max Seat #10 is the button
Seat 3: Agrotait ($336.13 in chips)
Seat 10: madcap77 ($23.09 in chips)
madcap77: posts small blind $1
Agrotait: posts big blind $3
*** HOLE CARDS ***
madcap77: raises $3 to $6
Agrotait: calls $3
*** FLOP *** [2h 4s 9s]
Agrotait: checks
madcap77: bets $3
Agrotait: raises $3 to $6
madcap77: raises $3 to $9
Agrotait: raises $3 to $12
Betting is capped
madcap77: calls $3
*** TURN *** [2h 4s 9s] [5s]
Agrotait: bets $6
madcap77: calls $5.09 and is all-in
Uncalled bet ($0.91) returned to Agrotait
*** RIVER *** [2h 4s 9s 5s] [8h]
*** SHOW DOWN ***
Agrotait: shows [Jd 9h] (a pair of Nines)
madcap77: shows [Kh 2s] (a pair of Deuces)
Agrotait collected $45.68 from pot
*** SUMMARY ***
Total pot $46.18 | Rake $0.50
Board [2h 4s 9s 5s 8h]
Seat 3: Agrotait (big blind) showed [Jd 9h] and won ($45.68) with a pair of Nines
Seat 10: madcap77 (button) (small blind) showed [Kh 2s] and lost with a pair of Deuces


