PokerStars Hand #154130076862:  Hold'em Limit ($3/$6 USD) - 2016/06/01 5:02:16 ET
Table 'Diadem' 10-max Seat #8 is the button
Seat 7: VolkovDmitri ($126.76 in chips)
Seat 8: shalomrum ($165.47 in chips)
shalomrum: posts small blind $1
VolkovDmitri: posts big blind $3
*** HOLE CARDS ***
shalomrum: folds
Uncalled bet ($2) returned to VolkovDmitri
VolkovDmitri collected $2 from pot
VolkovDmitri: doesn't show hand
*** SUMMARY ***
Total pot $2 | Rake $0
Seat 7: VolkovDmitri (big blind) collected ($2)
Seat 8: shalomrum (button) (small blind) folded before Flop


PokerStars Hand #154130075254:  Hold'em Limit ($3/$6 USD) - 2016/06/01 5:02:11 ET
Table 'Diadem' 10-max Seat #7 is the button
Seat 7: VolkovDmitri ($127.76 in chips)
Seat 8: shalomrum ($164.47 in chips)
VolkovDmitri: posts small blind $1
shalomrum: posts big blind $3
*** HOLE CARDS ***
VolkovDmitri: folds
Uncalled bet ($2) returned to shalomrum
shalomrum collected $2 from pot
shalomrum: doesn't show hand
*** SUMMARY ***
Total pot $2 | Rake $0
Seat 7: VolkovDmitri (button) (small blind) folded before Flop
Seat 8: shalomrum (big blind) collected ($2)


PokerStars Hand #154130073514:  Hold'em Limit ($3/$6 USD) - 2016/06/01 5:02:06 ET
Table 'Diadem' 10-max Seat #8 is the button
Seat 7: VolkovDmitri ($126.76 in chips)
Seat 8: shalomrum ($165.47 in chips)
shalomrum: posts small blind $1
VolkovDmitri: posts big blind $3
*** HOLE CARDS ***
shalomrum: folds
Uncalled bet ($2) returned to VolkovDmitri
VolkovDmitri collected $2 from pot
VolkovDmitri: doesn't show hand
*** SUMMARY ***
Total pot $2 | Rake $0
Seat 7: VolkovDmitri (big blind) collected ($2)
Seat 8: shalomrum (button) (small blind) folded before Flop


PokerStars Hand #154130069235:  Hold'em Limit ($3/$6 USD) - 2016/06/01 5:01:53 ET
Table 'Diadem' 10-max Seat #7 is the button
Seat 7: VolkovDmitri ($121 in chips)
Seat 8: shalomrum ($171.47 in chips)
VolkovDmitri: posts small blind $1
shalomrum: posts big blind $3
*** HOLE CARDS ***
VolkovDmitri: raises $3 to $6
shalomrum: calls $3
*** FLOP *** [3h 6s Kd]
shalomrum: checks
VolkovDmitri: bets $3
shalomrum: folds
Uncalled bet ($3) returned to VolkovDmitri
VolkovDmitri collected $11.76 from pot
VolkovDmitri: doesn't show hand
*** SUMMARY ***
Total pot $12 | Rake $0.24
Board [3h 6s Kd]
Seat 7: VolkovDmitri (button) (small blind) collected ($11.76)
Seat 8: shalomrum (big blind) folded on the Flop


PokerStars Hand #154130066356:  Hold'em Limit ($3/$6 USD) - 2016/06/01 5:01:44 ET
Table 'Diadem' 10-max Seat #8 is the button
Seat 7: VolkovDmitri ($120 in chips)
Seat 8: shalomrum ($172.47 in chips)
shalomrum: posts small blind $1
VolkovDmitri: posts big blind $3
*** HOLE CARDS ***
shalomrum: folds
Uncalled bet ($2) returned to VolkovDmitri
VolkovDmitri collected $2 from pot
VolkovDmitri: doesn't show hand
*** SUMMARY ***
Total pot $2 | Rake $0
Seat 7: VolkovDmitri (big blind) collected ($2)
Seat 8: shalomrum (button) (small blind) folded before Flop


PokerStars Hand #154130058185:  Hold'em Limit ($3/$6 USD) - 2016/06/01 5:01:20 ET
Table 'Diadem' 10-max Seat #7 is the button
Seat 7: VolkovDmitri ($120 in chips)
Seat 8: shalomrum ($154.97 in chips)
VolkovDmitri: posts small blind $1
shalomrum: posts big blind $3
*** HOLE CARDS ***
VolkovDmitri: raises $3 to $6
shalomrum: calls $3
*** FLOP *** [2h Jh 3h]
shalomrum: checks
VolkovDmitri: bets $3
shalomrum: raises $3 to $6
VolkovDmitri: calls $3
*** TURN *** [2h Jh 3h] [Jd]
shalomrum: bets $6
VolkovDmitri: calls $6
*** RIVER *** [2h Jh 3h Jd] [6h]
shalomrum: checks
VolkovDmitri: checks
*** SHOW DOWN ***
shalomrum: shows [7h Js] (a flush, Jack high)
VolkovDmitri: mucks hand
shalomrum collected $35.50 from pot
*** SUMMARY ***
Total pot $36 | Rake $0.50
Board [2h Jh 3h Jd 6h]
Seat 7: VolkovDmitri (button) (small blind) mucked
Seat 8: shalomrum (big blind) showed [7h Js] and won ($35.50) with a flush, Jack high


PokerStars Hand #154130098512:  Hold'em Limit ($3/$6 USD) - 2016/06/01 5:03:20 ET
Table 'Diadem' 10-max Seat #8 is the button
Seat 7: VolkovDmitri ($120 in chips)
Seat 8: shalomrum ($187.51 in chips)
shalomrum: posts small blind $1
VolkovDmitri: posts big blind $3
*** HOLE CARDS ***
shalomrum: folds
Uncalled bet ($2) returned to VolkovDmitri
VolkovDmitri collected $2 from pot
VolkovDmitri: doesn't show hand
*** SUMMARY ***
Total pot $2 | Rake $0
Seat 7: VolkovDmitri (big blind) collected ($2)
Seat 8: shalomrum (button) (small blind) folded before Flop


PokerStars Hand #154130092367:  Hold'em Limit ($3/$6 USD) - 2016/06/01 5:03:02 ET
Table 'Diadem' 10-max Seat #7 is the button
Seat 7: VolkovDmitri ($120 in chips)
Seat 8: shalomrum ($178.87 in chips)
VolkovDmitri: posts small blind $1
shalomrum: posts big blind $3
*** HOLE CARDS ***
VolkovDmitri: raises $3 to $6
shalomrum: calls $3
*** FLOP *** [9c 5c 5h]
shalomrum: checks
VolkovDmitri: bets $3
shalomrum: raises $3 to $6
VolkovDmitri: folds
Uncalled bet ($3) returned to shalomrum
shalomrum collected $17.64 from pot
shalomrum: doesn't show hand
*** SUMMARY ***
Total pot $18 | Rake $0.36
Board [9c 5c 5h]
Seat 7: VolkovDmitri (button) (small blind) folded on the Flop
Seat 8: shalomrum (big blind) collected ($17.64)


PokerStars Hand #154130085985:  Hold'em Limit ($3/$6 USD) - 2016/06/01 5:02:43 ET
Table 'Diadem' 10-max Seat #8 is the button
Seat 7: VolkovDmitri ($120 in chips)
Seat 8: shalomrum ($173.11 in chips)
shalomrum: posts small blind $1
VolkovDmitri: posts big blind $3
*** HOLE CARDS ***
shalomrum: raises $3 to $6
VolkovDmitri: calls $3
*** FLOP *** [Ks Tc Jc]
VolkovDmitri: checks
shalomrum: bets $3
VolkovDmitri: folds
Uncalled bet ($3) returned to shalomrum
shalomrum collected $11.76 from pot
shalomrum: doesn't show hand
*** SUMMARY ***
Total pot $12 | Rake $0.24
Board [Ks Tc Jc]
Seat 7: VolkovDmitri (big blind) folded on the Flop
Seat 8: shalomrum (button) (small blind) collected ($11.76)


PokerStars Hand #154130078486:  Hold'em Limit ($3/$6 USD) - 2016/06/01 5:02:21 ET
Table 'Diadem' 10-max Seat #7 is the button
Seat 7: VolkovDmitri ($127.76 in chips)
Seat 8: shalomrum ($164.47 in chips)
VolkovDmitri: posts small blind $1
shalomrum: posts big blind $3
*** HOLE CARDS ***
VolkovDmitri: raises $3 to $6
shalomrum: calls $3
*** FLOP *** [As 6d 9h]
shalomrum: checks
VolkovDmitri: bets $3
shalomrum: calls $3
*** TURN *** [As 6d 9h] [8d]
shalomrum: checks
VolkovDmitri: checks
*** RIVER *** [As 6d 9h 8d] [Js]
shalomrum: bets $6
VolkovDmitri: folds
Uncalled bet ($6) returned to shalomrum
shalomrum collected $17.64 from pot
shalomrum: doesn't show hand
*** SUMMARY ***
Total pot $18 | Rake $0.36
Board [As 6d 9h 8d Js]
Seat 7: VolkovDmitri (button) (small blind) folded on the River
Seat 8: shalomrum (big blind) collected ($17.64)


PokerStars Hand #154130100211:  Hold'em Limit ($3/$6 USD) - 2016/06/01 5:03:25 ET
Table 'Diadem' 10-max Seat #7 is the button
Seat 7: VolkovDmitri ($121 in chips)
Seat 8: shalomrum ($186.51 in chips)
VolkovDmitri: posts small blind $1
shalomrum: posts big blind $3
*** HOLE CARDS ***
VolkovDmitri: raises $3 to $6
shalomrum: calls $3
*** FLOP *** [Qh Ks Jd]
shalomrum: checks
VolkovDmitri: bets $3
shalomrum: raises $3 to $6
VolkovDmitri: folds
Uncalled bet ($3) returned to shalomrum
shalomrum collected $17.64 from pot
shalomrum: doesn't show hand
*** SUMMARY ***
Total pot $18 | Rake $0.36
Board [Qh Ks Jd]
Seat 7: VolkovDmitri (button) (small blind) folded on the Flop
Seat 8: shalomrum (big blind) collected ($17.64)


PokerStars Hand #154130126046:  Hold'em Limit ($3/$6 USD) - 2016/06/01 5:04:41 ET
Table 'Diadem' 10-max Seat #7 is the button
Seat 7: VolkovDmitri ($128.64 in chips)
Seat 8: shalomrum ($186.15 in chips)
VolkovDmitri: posts small blind $1
shalomrum: posts big blind $3
*** HOLE CARDS ***
VolkovDmitri: raises $3 to $6
shalomrum: folds
Uncalled bet ($3) returned to VolkovDmitri
VolkovDmitri collected $6 from pot
VolkovDmitri: doesn't show hand
*** SUMMARY ***
Total pot $6 | Rake $0
Seat 7: VolkovDmitri (button) (small blind) collected ($6)
Seat 8: shalomrum (big blind) folded before Flop


PokerStars Hand #154130109116:  Hold'em Limit ($3/$6 USD) - 2016/06/01 5:03:52 ET
Table 'Diadem' 10-max Seat #8 is the button
Seat 7: VolkovDmitri ($120 in chips)
Seat 8: shalomrum ($195.15 in chips)
shalomrum: posts small blind $1
VolkovDmitri: posts big blind $3
*** HOLE CARDS ***
shalomrum: raises $3 to $6
VolkovDmitri: calls $3
*** FLOP *** [3h Th 9s]
VolkovDmitri: bets $3
shalomrum: calls $3
*** TURN *** [3h Th 9s] [Jd]
VolkovDmitri: checks
shalomrum: checks
*** RIVER *** [3h Th 9s Jd] [9c]
VolkovDmitri: checks
shalomrum: checks
*** SHOW DOWN ***
VolkovDmitri: shows [3s 7s] (two pair, Nines and Threes)
shalomrum: mucks hand
VolkovDmitri collected $17.64 from pot
*** SUMMARY ***
Total pot $18 | Rake $0.36
Board [3h Th 9s Jd 9c]
Seat 7: VolkovDmitri (big blind) showed [3s 7s] and won ($17.64) with two pair, Nines and Threes
Seat 8: shalomrum (button) (small blind) mucked


PokerStars Hand #154130153891:  Hold'em Limit ($3/$6 USD) - 2016/06/01 5:06:03 ET
Table 'Diadem' 10-max Seat #7 is the button
Seat 7: VolkovDmitri ($155.14 in chips)
Seat 8: shalomrum ($159.15 in chips)
VolkovDmitri: posts small blind $1
shalomrum: posts big blind $3
*** HOLE CARDS ***
VolkovDmitri: raises $3 to $6
shalomrum: raises $3 to $9
VolkovDmitri: calls $3
*** FLOP *** [Jh 4d 2h]
shalomrum: bets $3
VolkovDmitri: folds
Uncalled bet ($3) returned to shalomrum
shalomrum collected $17.64 from pot
shalomrum: doesn't show hand
*** SUMMARY ***
Total pot $18 | Rake $0.36
Board [Jh 4d 2h]
Seat 7: VolkovDmitri (button) (small blind) folded on the Flop
Seat 8: shalomrum (big blind) collected ($17.64)


PokerStars Hand #154130128804:  Hold'em Limit ($3/$6 USD) - 2016/06/01 5:04:49 ET
Table 'Diadem' 10-max Seat #8 is the button
Seat 7: VolkovDmitri ($131.64 in chips)
Seat 8: shalomrum ($183.15 in chips)
shalomrum: posts small blind $1
VolkovDmitri: posts big blind $3
*** HOLE CARDS ***
shalomrum: raises $3 to $6
VolkovDmitri: calls $3
*** FLOP *** [Kh Kd 4d]
VolkovDmitri: checks
shalomrum: bets $3
VolkovDmitri: raises $3 to $6
shalomrum: calls $3
*** TURN *** [Kh Kd 4d] [Th]
VolkovDmitri: bets $6
shalomrum: calls $6
*** RIVER *** [Kh Kd 4d Th] [As]
VolkovDmitri: checks
shalomrum: bets $6
VolkovDmitri: calls $6
*** SHOW DOWN ***
shalomrum: shows [6h 5h] (a pair of Kings)
VolkovDmitri: shows [Ts 5d] (two pair, Kings and Tens)
VolkovDmitri collected $47.50 from pot
*** SUMMARY ***
Total pot $48 | Rake $0.50
Board [Kh Kd 4d Th As]
Seat 7: VolkovDmitri (big blind) showed [Ts 5d] and won ($47.50) with two pair, Kings and Tens
Seat 8: shalomrum (button) (small blind) showed [6h 5h] and lost with a pair of Kings


PokerStars Hand #154130170631:  Hold'em Limit ($3/$6 USD) - 2016/06/01 5:06:52 ET
Table 'Diadem' 10-max Seat #7 is the button
Seat 7: VolkovDmitri ($140.14 in chips)
Seat 8: shalomrum ($173.55 in chips)
VolkovDmitri: posts small blind $1
shalomrum: posts big blind $3
*** HOLE CARDS ***
VolkovDmitri: raises $3 to $6
shalomrum: calls $3
*** FLOP *** [9h Ad 5d]
shalomrum: checks
VolkovDmitri: bets $3
shalomrum: calls $3
*** TURN *** [9h Ad 5d] [Jc]
Punkyfee joins the table at seat #9
shalomrum: checks
VolkovDmitri: bets $6
shalomrum: calls $6
*** RIVER *** [9h Ad 5d Jc] [5s]
shalomrum: checks
VolkovDmitri: checks
*** SHOW DOWN ***
shalomrum: shows [8h 7c] (a pair of Fives)
VolkovDmitri: shows [Qc Jh] (two pair, Jacks and Fives)
VolkovDmitri collected $29.50 from pot
*** SUMMARY ***
Total pot $30 | Rake $0.50
Board [9h Ad 5d Jc 5s]
Seat 7: VolkovDmitri (button) (small blind) showed [Qc Jh] and won ($29.50) with two pair, Jacks and Fives
Seat 8: shalomrum (big blind) showed [8h 7c] and lost with a pair of Fives


PokerStars Hand #154130164967:  Hold'em Limit ($3/$6 USD) - 2016/06/01 5:06:36 ET
Table 'Diadem' 10-max Seat #8 is the button
Seat 7: VolkovDmitri ($146.14 in chips)
Seat 8: shalomrum ($167.79 in chips)
shalomrum: posts small blind $1
VolkovDmitri: posts big blind $3
*** HOLE CARDS ***
shalomrum: raises $3 to $6
VolkovDmitri: calls $3
*** FLOP *** [4s Jh 9d]
VolkovDmitri: checks
shalomrum: bets $3
VolkovDmitri: folds
Uncalled bet ($3) returned to shalomrum
shalomrum collected $11.76 from pot
shalomrum: doesn't show hand
*** SUMMARY ***
Total pot $12 | Rake $0.24
Board [4s Jh 9d]
Seat 7: VolkovDmitri (big blind) folded on the Flop
Seat 8: shalomrum (button) (small blind) collected ($11.76)


PokerStars Hand #154130249550:  Hold'em Limit ($3/$6 USD) - 2016/06/01 5:10:42 ET
Table 'Diadem' 10-max Seat #9 is the button
Seat 8: shalomrum ($99.37 in chips)
Seat 9: Punkyfee ($96.42 in chips)
Punkyfee: posts small blind $1
shalomrum: posts big blind $3
*** HOLE CARDS ***
Punkyfee: calls $2
shalomrum: raises $3 to $6
Punkyfee: calls $3
*** FLOP *** [Ts Td 6h]
shalomrum: bets $3
Punkyfee: calls $3
*** TURN *** [Ts Td 6h] [5h]
shalomrum: bets $6
Punkyfee: calls $6
*** RIVER *** [Ts Td 6h 5h] [9h]
shalomrum: checks
Punkyfee: checks
*** SHOW DOWN ***
shalomrum: shows [As 5s] (two pair, Tens and Fives)
Punkyfee: shows [5c Ad] (two pair, Tens and Fives)
shalomrum collected $14.75 from pot
Punkyfee collected $14.75 from pot
*** SUMMARY ***
Total pot $30 | Rake $0.50
Board [Ts Td 6h 5h 9h]
Seat 8: shalomrum (big blind) showed [As 5s] and won ($14.75) with two pair, Tens and Fives
Seat 9: Punkyfee (button) (small blind) showed [5c Ad] and won ($14.75) with two pair, Tens and Fives


PokerStars Hand #154130244058:  Hold'em Limit ($3/$6 USD) - 2016/06/01 5:10:26 ET
Table 'Diadem' 10-max Seat #8 is the button
Seat 8: shalomrum ($99.55 in chips)
Seat 9: Punkyfee ($96.60 in chips)
shalomrum: posts small blind $1
Punkyfee: posts big blind $3
*** HOLE CARDS ***
shalomrum: raises $3 to $6
Punkyfee: calls $3
*** FLOP *** [5d 7s 3c]
Punkyfee: checks
shalomrum: bets $3
Punkyfee: calls $3
*** TURN *** [5d 7s 3c] [4s]
Punkyfee: checks
shalomrum: checks
*** RIVER *** [5d 7s 3c 4s] [6h]
Punkyfee: checks
VolkovDmitri leaves the table
shalomrum: checks
*** SHOW DOWN ***
Punkyfee: shows [2s Ac] (a straight, Three to Seven)
shalomrum: shows [Qd Kd] (a straight, Three to Seven)
Punkyfee collected $8.82 from pot
shalomrum collected $8.82 from pot
*** SUMMARY ***
Total pot $18 | Rake $0.36
Board [5d 7s 3c 4s 6h]
Seat 8: shalomrum (button) (small blind) showed [Qd Kd] and won ($8.82) with a straight, Three to Seven
Seat 9: Punkyfee (big blind) showed [2s Ac] and won ($8.82) with a straight, Three to Seven


