PokerStars Hand #170628864581:  Hold'em Limit ($3/$6 USD) - 2017/05/19 11:37:26 ET
Table 'Diadem II' 6-max Seat #3 is the button
Seat 3: DimaZips ($150 in chips)
Seat 4: VolkovDmitri ($120 in chips)
DimaZips: posts small blind $1
VolkovDmitri: posts big blind $3
*** HOLE CARDS ***
DimaZips: folds
Uncalled bet ($2) returned to VolkovDmitri
VolkovDmitri collected $2 from pot
VolkovDmitri: doesn't show hand
*** SUMMARY ***
Total pot $2 | Rake $0
Seat 3: DimaZips (button) (small blind) folded before Flop
Seat 4: VolkovDmitri (big blind) collected ($2)


PokerStars Hand #170628870135:  Hold'em Limit ($3/$6 USD) - 2017/05/19 11:37:35 ET
Table 'Diadem II' 6-max Seat #4 is the button
Seat 3: DimaZips ($149 in chips)
Seat 4: VolkovDmitri ($121 in chips)
VolkovDmitri: posts small blind $1
DimaZips: posts big blind $3
*** HOLE CARDS ***
VolkovDmitri: raises $3 to $6
DimaZips: folds
Uncalled bet ($3) returned to VolkovDmitri
VolkovDmitri collected $6 from pot
VolkovDmitri: doesn't show hand
*** SUMMARY ***
Total pot $6 | Rake $0
Seat 3: DimaZips (big blind) folded before Flop
Seat 4: VolkovDmitri (button) (small blind) collected ($6)


PokerStars Hand #170628881373:  Hold'em Limit ($3/$6 USD) - 2017/05/19 11:37:53 ET
Table 'Diadem II' 6-max Seat #3 is the button
Seat 3: DimaZips ($146 in chips)
Seat 4: VolkovDmitri ($124 in chips)
DimaZips: posts small blind $1
VolkovDmitri: posts big blind $3
*** HOLE CARDS ***
DimaZips: folds
Uncalled bet ($2) returned to VolkovDmitri
VolkovDmitri collected $2 from pot
VolkovDmitri: doesn't show hand
*** SUMMARY ***
Total pot $2 | Rake $0
Seat 3: DimaZips (button) (small blind) folded before Flop
Seat 4: VolkovDmitri (big blind) collected ($2)


PokerStars Hand #170628885698:  Hold'em Limit ($3/$6 USD) - 2017/05/19 11:38:00 ET
Table 'Diadem II' 6-max Seat #4 is the button
Seat 3: DimaZips ($145 in chips)
Seat 4: VolkovDmitri ($125 in chips)
VolkovDmitri: posts small blind $1
DimaZips: posts big blind $3
*** HOLE CARDS ***
VolkovDmitri: raises $3 to $6
DimaZips: calls $3
*** FLOP *** [Ad Jd 6d]
DimaZips: checks
VolkovDmitri: bets $3
DimaZips: folds
Uncalled bet ($3) returned to VolkovDmitri
VolkovDmitri collected $11.76 from pot
VolkovDmitri: doesn't show hand
*** SUMMARY ***
Total pot $12 | Rake $0.24
Board [Ad Jd 6d]
Seat 3: DimaZips (big blind) folded on the Flop
Seat 4: VolkovDmitri (button) (small blind) collected ($11.76)


PokerStars Hand #170628905414:  Hold'em Limit ($3/$6 USD) - 2017/05/19 11:38:31 ET
Table 'Diadem II' 6-max Seat #3 is the button
Seat 3: DimaZips ($139 in chips)
Seat 4: VolkovDmitri ($130.76 in chips)
DimaZips: posts small blind $1
VolkovDmitri: posts big blind $3
*** HOLE CARDS ***
DimaZips: raises $3 to $6
VolkovDmitri: raises $3 to $9
DimaZips: calls $3
*** FLOP *** [Jd 5d 9c]
VolkovDmitri: bets $3
DimaZips: calls $3
*** TURN *** [Jd 5d 9c] [7c]
VolkovDmitri: checks
DimaZips: checks
*** RIVER *** [Jd 5d 9c 7c] [Qc]
VolkovDmitri: bets $6
DimaZips: raises $6 to $12
VolkovDmitri: calls $6
*** SHOW DOWN ***
DimaZips: shows [Kc 3c] (a flush, King high)
VolkovDmitri: mucks hand
DimaZips collected $47.50 from pot
*** SUMMARY ***
Total pot $48 | Rake $0.50
Board [Jd 5d 9c 7c Qc]
Seat 3: DimaZips (button) (small blind) showed [Kc 3c] and won ($47.50) with a flush, King high
Seat 4: VolkovDmitri (big blind) mucked


PokerStars Hand #170628937175:  Hold'em Limit ($3/$6 USD) - 2017/05/19 11:39:22 ET
Table 'Diadem II' 6-max Seat #4 is the button
Seat 3: DimaZips ($162.50 in chips)
Seat 4: VolkovDmitri ($120 in chips)
VolkovDmitri: posts small blind $1
DimaZips: posts big blind $3
*** HOLE CARDS ***
VolkovDmitri: raises $3 to $6
DimaZips: calls $3
*** FLOP *** [4c Qh 2d]
DimaZips: checks
VolkovDmitri: bets $3
DimaZips: calls $3
*** TURN *** [4c Qh 2d] [2s]
DimaZips: checks
VolkovDmitri: bets $6
DimaZips: folds
Uncalled bet ($6) returned to VolkovDmitri
VolkovDmitri collected $17.64 from pot
VolkovDmitri: doesn't show hand
*** SUMMARY ***
Total pot $18 | Rake $0.36
Board [4c Qh 2d 2s]
Seat 3: DimaZips (big blind) folded on the Turn
Seat 4: VolkovDmitri (button) (small blind) collected ($17.64)


PokerStars Hand #170628957036:  Hold'em Limit ($3/$6 USD) - 2017/05/19 11:39:54 ET
Table 'Diadem II' 6-max Seat #4 is the button
Seat 3: DimaZips ($152.50 in chips)
Seat 4: VolkovDmitri ($129.64 in chips)
VolkovDmitri: posts small blind $1
DimaZips: posts big blind $3
*** HOLE CARDS ***
VolkovDmitri: raises $3 to $6
DimaZips: calls $3
*** FLOP *** [Kd 3d 3s]
DimaZips: checks
VolkovDmitri: bets $3
DimaZips: folds
Uncalled bet ($3) returned to VolkovDmitri
VolkovDmitri collected $11.76 from pot
VolkovDmitri: doesn't show hand
*** SUMMARY ***
Total pot $12 | Rake $0.24
Board [Kd 3d 3s]
Seat 3: DimaZips (big blind) folded on the Flop
Seat 4: VolkovDmitri (button) (small blind) collected ($11.76)


PokerStars Hand #170628953745:  Hold'em Limit ($3/$6 USD) - 2017/05/19 11:39:48 ET
Table 'Diadem II' 6-max Seat #3 is the button
Seat 3: DimaZips ($153.50 in chips)
Seat 4: VolkovDmitri ($128.64 in chips)
DimaZips: posts small blind $1
VolkovDmitri: posts big blind $3
*** HOLE CARDS ***
DimaZips: folds
Uncalled bet ($2) returned to VolkovDmitri
VolkovDmitri collected $2 from pot
VolkovDmitri: doesn't show hand
*** SUMMARY ***
Total pot $2 | Rake $0
Seat 3: DimaZips (button) (small blind) folded before Flop
Seat 4: VolkovDmitri (big blind) collected ($2)


PokerStars Hand #170628971756:  Hold'em Limit ($3/$6 USD) - 2017/05/19 11:40:17 ET
Table 'Diadem II' 6-max Seat #3 is the button
Seat 3: DimaZips ($146.50 in chips)
Seat 4: VolkovDmitri ($135.40 in chips)
DimaZips: posts small blind $1
VolkovDmitri: posts big blind $3
*** HOLE CARDS ***
DimaZips: raises $3 to $6
VolkovDmitri: calls $3
*** FLOP *** [2d 3h 2c]
VolkovDmitri: checks
DimaZips: bets $3
VolkovDmitri: raises $3 to $6
DimaZips: calls $3
*** TURN *** [2d 3h 2c] [7h]
VolkovDmitri: checks
DimaZips: checks
*** RIVER *** [2d 3h 2c 7h] [Qc]
VolkovDmitri: checks
DimaZips: checks
*** SHOW DOWN ***
VolkovDmitri: shows [9d 4d] (a pair of Deuces)
DimaZips: shows [Ad 5d] (a pair of Deuces - Ace kicker)
DimaZips collected $23.52 from pot
*** SUMMARY ***
Total pot $24 | Rake $0.48
Board [2d 3h 2c 7h Qc]
Seat 3: DimaZips (button) (small blind) showed [Ad 5d] and won ($23.52) with a pair of Deuces
Seat 4: VolkovDmitri (big blind) showed [9d 4d] and lost with a pair of Deuces


PokerStars Hand #170629017943:  Hold'em Limit ($3/$6 USD) - 2017/05/19 11:41:31 ET
Table 'Diadem II' 6-max Seat #4 is the button
Seat 3: DimaZips ($158.02 in chips)
Seat 4: VolkovDmitri ($123.40 in chips)
VolkovDmitri: posts small blind $1
DimaZips: posts big blind $3
*** HOLE CARDS ***
VolkovDmitri: raises $3 to $6
DimaZips: calls $3
*** FLOP *** [8s Ad 6h]
DimaZips: checks
VolkovDmitri: bets $3
DimaZips: raises $3 to $6
VolkovDmitri: calls $3
*** TURN *** [8s Ad 6h] [Ah]
DimaZips: bets $6
VolkovDmitri: calls $6
*** RIVER *** [8s Ad 6h Ah] [2h]
DimaZips: bets $6
VolkovDmitri: calls $6
*** SHOW DOWN ***
DimaZips: shows [Kc Ts] (a pair of Aces)
VolkovDmitri: shows [4d 8h] (two pair, Aces and Eights)
VolkovDmitri collected $47.50 from pot
*** SUMMARY ***
Total pot $48 | Rake $0.50
Board [8s Ad 6h Ah 2h]
Seat 3: DimaZips (big blind) showed [Kc Ts] and lost with a pair of Aces
Seat 4: VolkovDmitri (button) (small blind) showed [4d 8h] and won ($47.50) with two pair, Aces and Eights


PokerStars Hand #170629060827:  Hold'em Limit ($3/$6 USD) - 2017/05/19 11:42:39 ET
Table 'Diadem II' 6-max Seat #3 is the button
Seat 3: DimaZips ($134.02 in chips)
Seat 4: VolkovDmitri ($146.90 in chips)
DimaZips: posts small blind $1
VolkovDmitri: posts big blind $3
*** HOLE CARDS ***
DimaZips: raises $3 to $6
VolkovDmitri: raises $3 to $9
DimaZips: calls $3
*** FLOP *** [8s 4s Jd]
VolkovDmitri: bets $3
DimaZips: calls $3
*** TURN *** [8s 4s Jd] [Jc]
sienvan joins the table at seat #6
VolkovDmitri: bets $6
DimaZips: calls $6
*** RIVER *** [8s 4s Jd Jc] [6d]
VolkovDmitri: bets $6
DimaZips: folds
Uncalled bet ($6) returned to VolkovDmitri
VolkovDmitri collected $35.50 from pot
VolkovDmitri: doesn't show hand
*** SUMMARY ***
Total pot $36 | Rake $0.50
Board [8s 4s Jd Jc 6d]
Seat 3: DimaZips (button) (small blind) folded on the River
Seat 4: VolkovDmitri (big blind) collected ($35.50)


PokerStars Hand #170633988972:  Hold'em Limit ($3/$6 USD) - 2017/05/19 13:43:54 ET
Table 'Diadem II' 6-max Seat #5 is the button
Seat 2: Velbor107 ($142.27 in chips)
Seat 5: rascal_319 ($22.34 in chips)
rascal_319: posts small blind $1
Velbor107: posts big blind $3
*** HOLE CARDS ***
wrxgibby leaves the table
rascal_319: folds
Uncalled bet ($2) returned to Velbor107
Velbor107 collected $2 from pot
*** SUMMARY ***
Total pot $2 | Rake $0
Seat 2: Velbor107 (big blind) collected ($2)
Seat 5: rascal_319 (button) (small blind) folded before Flop


