PokerStars Hand #157566611103:  Hold'em Limit ($3/$6 USD) - 2016/08/21 15:32:00 ET
Table 'Diana' 6-max Seat #6 is the button
Seat 2: Actionni13 ($190.95 in chips)
Seat 6: Kajind ($144.46 in chips)
Kajind: posts small blind $1
Actionni13: posts big blind $3
*** HOLE CARDS ***
Kajind: raises $3 to $6
Actionni13: calls $3
*** FLOP *** [3s 6d Kh]
Actionni13: checks
Kajind: bets $3
Actionni13: calls $3
*** TURN *** [3s 6d Kh] [5c]
Actionni13: checks
Kajind: bets $6
Actionni13: calls $6
*** RIVER *** [3s 6d Kh 5c] [9c]
Actionni13: checks
Kajind: checks
*** SHOW DOWN ***
Actionni13: shows [3d Qd] (a pair of Threes)
Kajind: shows [5d 8h] (a pair of Fives)
Kajind collected $29.50 from pot
*** SUMMARY ***
Total pot $30 | Rake $0.50
Board [3s 6d Kh 5c 9c]
Seat 2: Actionni13 (big blind) showed [3d Qd] and lost with a pair of Threes
Seat 6: Kajind (button) (small blind) showed [5d 8h] and won ($29.50) with a pair of Fives


PokerStars Hand #157566685092:  Hold'em Limit ($3/$6 USD) - 2016/08/21 15:33:26 ET
Table 'Diana' 6-max Seat #4 is the button
Seat 4: oregordog ($268.05 in chips)
Seat 6: Kajind ($158.96 in chips)
oregordog: posts small blind $1
Kajind: posts big blind $3
*** HOLE CARDS ***
oregordog: raises $3 to $6
Kajind: calls $3
*** FLOP *** [2c Th 8c]
Kajind: checks
oregordog: bets $3
Kajind: calls $3
*** TURN *** [2c Th 8c] [5d]
Kajind: checks
oregordog: bets $6
yayaya joins the table at seat #2
Kajind: folds
Uncalled bet ($6) returned to oregordog
oregordog collected $17.64 from pot
*** SUMMARY ***
Total pot $18 | Rake $0.36
Board [2c Th 8c 5d]
Seat 4: oregordog (button) (small blind) collected ($17.64)
Seat 6: Kajind (big blind) folded on the Turn


PokerStars Hand #157571464537:  Hold'em Limit ($3/$6 USD) - 2016/08/21 17:11:10 ET
Table 'Diana' 6-max Seat #5 is the button
Seat 2: Koraseg ($267.18 in chips)
Seat 5: jackRizzar ($458.89 in chips)
Kaukadiginte will be allowed to play after the button
jackRizzar: posts small blind $1
$polu4atel*$: is sitting out
Koraseg: posts big blind $3
*** HOLE CARDS ***
jackRizzar: raises $3 to $6
Koraseg: calls $3
*** FLOP *** [Ad 3c Ks]
Koraseg: checks
jackRizzar: bets $3
Koraseg: folds
Uncalled bet ($3) returned to jackRizzar
jackRizzar collected $11.76 from pot
*** SUMMARY ***
Total pot $12 | Rake $0.24
Board [Ad 3c Ks]
Seat 2: Koraseg (big blind) folded on the Flop
Seat 5: jackRizzar (button) (small blind) collected ($11.76)


PokerStars Hand #157571533577:  Hold'em Limit ($3/$6 USD) - 2016/08/21 17:12:35 ET
Table 'Diana' 6-max Seat #5 is the button
Seat 3: Kaukadiginte ($57.73 in chips)
Seat 5: jackRizzar ($484.57 in chips)
jackRizzar: posts small blind $1
Koraseg: is sitting out
Kaukadiginte: posts big blind $3
*** HOLE CARDS ***
jackRizzar: raises $3 to $6
Kaukadiginte: calls $3
*** FLOP *** [3s Js 5d]
Kaukadiginte: bets $3
jackRizzar: folds
Uncalled bet ($3) returned to Kaukadiginte
Kaukadiginte collected $11.76 from pot
Kaukadiginte: doesn't show hand
*** SUMMARY ***
Total pot $12 | Rake $0.24
Board [3s Js 5d]
Seat 3: Kaukadiginte (big blind) collected ($11.76)
Seat 5: jackRizzar (button) (small blind) folded on the Flop


PokerStars Hand #157571548830:  Hold'em Limit ($3/$6 USD) - 2016/08/21 17:12:54 ET
Table 'Diana' 6-max Seat #5 is the button
Seat 3: Kaukadiginte ($62.49 in chips)
Seat 5: jackRizzar ($479.57 in chips)
jackRizzar: posts small blind $1
Kaukadiginte: posts big blind $3
*** HOLE CARDS ***
jackRizzar said, "leave if you dont want to play"
jackRizzar: raises $3 to $6
Kaukadiginte: calls $3
*** FLOP *** [Kh 6c 3h]
Kaukadiginte: checks
jackRizzar: bets $3
Kaukadiginte: calls $3
*** TURN *** [Kh 6c 3h] [Th]
Kaukadiginte: checks
jackRizzar: bets $6
Kaukadiginte: calls $6
*** RIVER *** [Kh 6c 3h Th] [6s]
Kaukadiginte: checks
jackRizzar: bets $6
Kaukadiginte: calls $6
*** SHOW DOWN ***
jackRizzar: shows [4s 5s] (a pair of Sixes)
Kaukadiginte: shows [As Jd] (a pair of Sixes - Ace kicker)
Kaukadiginte collected $41.50 from pot
*** SUMMARY ***
Total pot $42 | Rake $0.50
Board [Kh 6c 3h Th 6s]
Seat 3: Kaukadiginte (big blind) showed [As Jd] and won ($41.50) with a pair of Sixes
Seat 5: jackRizzar (button) (small blind) showed [4s 5s] and lost with a pair of Sixes


PokerStars Hand #157571602386:  Hold'em Limit ($3/$6 USD) - 2016/08/21 17:14:00 ET
Table 'Diana' 6-max Seat #3 is the button
Seat 3: Kaukadiginte ($82.99 in chips)
Seat 5: jackRizzar ($458.57 in chips)
Kaukadiginte: posts small blind $1
jackRizzar: posts big blind $3
*** HOLE CARDS ***
Kaukadiginte: calls $2
jackRizzar: checks
*** FLOP *** [5h 6c 5s]
jackRizzar: bets $3
Kaukadiginte: calls $3
*** TURN *** [5h 6c 5s] [7d]
jackRizzar: bets $6
Kaukadiginte: calls $6
*** RIVER *** [5h 6c 5s 7d] [9h]
jackRizzar: checks
Kaukadiginte: bets $6
jackRizzar: calls $6
*** SHOW DOWN ***
Kaukadiginte: shows [Ts 9s] (two pair, Nines and Fives)
jackRizzar: mucks hand
Kaukadiginte collected $35.50 from pot
*** SUMMARY ***
Total pot $36 | Rake $0.50
Board [5h 6c 5s 7d 9h]
Seat 3: Kaukadiginte (button) (small blind) showed [Ts 9s] and won ($35.50) with two pair, Nines and Fives
Seat 5: jackRizzar (big blind) mucked


PokerStars Hand #157571627307:  Hold'em Limit ($3/$6 USD) - 2016/08/21 17:14:31 ET
Table 'Diana' 6-max Seat #5 is the button
Seat 3: Kaukadiginte ($100.49 in chips)
Seat 5: jackRizzar ($440.57 in chips)
jackRizzar: posts small blind $1
Kaukadiginte: posts big blind $3
*** HOLE CARDS ***
jackRizzar: raises $3 to $6
Kaukadiginte: calls $3
*** FLOP *** [Ad Qd As]
Kaukadiginte: checks
jackRizzar: bets $3
Kaukadiginte: folds
Uncalled bet ($3) returned to jackRizzar
jackRizzar collected $11.76 from pot
*** SUMMARY ***
Total pot $12 | Rake $0.24
Board [Ad Qd As]
Seat 3: Kaukadiginte (big blind) folded on the Flop
Seat 5: jackRizzar (button) (small blind) collected ($11.76)


