PokerStars Hand #146600352205:  Hold'em Limit ($3/$6 USD) - 2016/01/06 20:25:50 ET
Table 'Diana' 6-max Seat #3 is the button
Seat 3: Azrarn ($72 in chips)
Seat 6: 123ok ($128.64 in chips)
Azrarn: posts small blind $1
123ok: posts big blind $3
*** HOLE CARDS ***
Azrarn: raises $3 to $6
yayaya joins the table at seat #4
123ok: calls $3
*** FLOP *** [9h Td 9d]
123ok: checks
Azrarn: bets $3
123ok: folds
Uncalled bet ($3) returned to Azrarn
Azrarn collected $11.76 from pot
Azrarn: doesn't show hand
*** SUMMARY ***
Total pot $12 | Rake $0.24
Board [9h Td 9d]
Seat 3: Azrarn (button) (small blind) collected ($11.76)
Seat 6: 123ok (big blind) folded on the Flop


PokerStars Hand #146600332500:  Hold'em Limit ($3/$6 USD) - 2016/01/06 20:25:16 ET
Table 'Diana' 6-max Seat #6 is the button
Seat 3: Azrarn ($72 in chips)
Seat 6: 123ok ($120 in chips)
123ok: posts small blind $1
Azrarn: posts big blind $3
*** HOLE CARDS ***
123ok: calls $2
Azrarn: raises $3 to $6
123ok: calls $3
*** FLOP *** [2c 3d 3c]
Azrarn: checks
123ok: bets $3
Azrarn: calls $3
*** TURN *** [2c 3d 3c] [5s]
Azrarn: checks
123ok: checks
*** RIVER *** [2c 3d 3c 5s] [9c]
Azrarn: checks
123ok: checks
*** SHOW DOWN ***
Azrarn: shows [Kd Tc] (a pair of Threes)
123ok: shows [Ks Jc] (a pair of Threes - King+Jack kicker)
123ok collected $17.64 from pot
*** SUMMARY ***
Total pot $18 | Rake $0.36
Board [2c 3d 3c 5s 9c]
Seat 3: Azrarn (big blind) showed [Kd Tc] and lost with a pair of Threes
Seat 6: 123ok (button) (small blind) showed [Ks Jc] and won ($17.64) with a pair of Threes


PokerStars Hand #146600370969:  Hold'em Limit ($3/$6 USD) - 2016/01/06 20:26:21 ET
Table 'Diana' 6-max Seat #6 is the button
Seat 3: Azrarn ($77.76 in chips)
Seat 6: 123ok ($122.64 in chips)
123ok: posts small blind $1
Azrarn: posts big blind $3
*** HOLE CARDS ***
123ok: raises $3 to $6
Azrarn: folds
Uncalled bet ($3) returned to 123ok
123ok collected $6 from pot
123ok: doesn't show hand
*** SUMMARY ***
Total pot $6 | Rake $0
Seat 3: Azrarn (big blind) folded before Flop
Seat 6: 123ok (button) (small blind) collected ($6)


PokerStars Hand #146600773991:  Hold'em Limit ($3/$6 USD) - 2016/01/06 20:37:56 ET
Table 'Diana' 6-max Seat #5 is the button
Seat 4: yayaya ($132.17 in chips)
Seat 5: ede56 ($135.51 in chips)
ede56: posts small blind $1
donjuanmt: is sitting out
Azrarn: is sitting out
yayaya: posts big blind $3
*** HOLE CARDS ***
ede56: raises $3 to $6
yayaya: folds
Uncalled bet ($3) returned to ede56
Azrarn leaves the table
ede56 collected $6 from pot
ede56: doesn't show hand
*** SUMMARY ***
Total pot $6 | Rake $0
Seat 4: yayaya (big blind) folded before Flop
Seat 5: ede56 (button) (small blind) collected ($6)


PokerStars Hand #146600778146:  Hold'em Limit ($3/$6 USD) - 2016/01/06 20:38:03 ET
Table 'Diana' 6-max Seat #4 is the button
Seat 4: yayaya ($129.17 in chips)
Seat 5: ede56 ($138.51 in chips)
yayaya: posts small blind $1
ede56: posts big blind $3
*** HOLE CARDS ***
yayaya: raises $3 to $6
ede56: calls $3
*** FLOP *** [3s Td 3c]
ede56: checks
yayaya: bets $3
ede56: folds
Uncalled bet ($3) returned to yayaya
yayaya collected $11.76 from pot
yayaya: doesn't show hand
*** SUMMARY ***
Total pot $12 | Rake $0.24
Board [3s Td 3c]
Seat 4: yayaya (button) (small blind) collected ($11.76)
Seat 5: ede56 (big blind) folded on the Flop


PokerStars Hand #146600785231:  Hold'em Limit ($3/$6 USD) - 2016/01/06 20:38:16 ET
Table 'Diana' 6-max Seat #5 is the button
Seat 4: yayaya ($134.93 in chips)
Seat 5: ede56 ($132.51 in chips)
ede56: posts small blind $1
yayaya: posts big blind $3
*** HOLE CARDS ***
ede56: folds
Uncalled bet ($2) returned to yayaya
yayaya collected $2 from pot
yayaya: doesn't show hand
donjuanmt leaves the table
*** SUMMARY ***
Total pot $2 | Rake $0
Seat 4: yayaya (big blind) collected ($2)
Seat 5: ede56 (button) (small blind) folded before Flop


