PokerStars Hand #144498058142:  Hold'em Limit ($3/$6 USD) - 2015/11/28 5:22:25 ET
Table 'Dibaj II' 6-max Seat #4 is the button
Seat 3: trapDK ($65.74 in chips)
Seat 4: TbIP-TbIP 88 ($72 in chips)
TbIP-TbIP 88: posts small blind $1
trapDK: posts big blind $3
*** HOLE CARDS ***
TbIP-TbIP 88: raises $3 to $6
trapDK: calls $3
*** FLOP *** [3c Th 5h]
trapDK: checks
TbIP-TbIP 88: bets $3
trapDK: raises $3 to $6
TbIP-TbIP 88: calls $3
*** TURN *** [3c Th 5h] [8h]
trapDK: bets $6
TbIP-TbIP 88: calls $6
*** RIVER *** [3c Th 5h 8h] [7d]
trapDK: bets $6
TbIP-TbIP 88: calls $6
*** SHOW DOWN ***
trapDK: shows [Tc 9d] (a pair of Tens)
TbIP-TbIP 88: shows [Ts 9h] (a pair of Tens)
trapDK collected $23.75 from pot
TbIP-TbIP 88 collected $23.75 from pot
*** SUMMARY ***
Total pot $48 | Rake $0.50
Board [3c Th 5h 8h 7d]
Seat 3: trapDK (big blind) showed [Tc 9d] and won ($23.75) with a pair of Tens
Seat 4: TbIP-TbIP 88 (button) (small blind) showed [Ts 9h] and won ($23.75) with a pair of Tens


PokerStars Hand #144498045783:  Hold'em Limit ($3/$6 USD) - 2015/11/28 5:21:58 ET
Table 'Dibaj II' 6-max Seat #3 is the button
Seat 3: trapDK ($36.24 in chips)
Seat 4: TbIP-TbIP 88 ($72 in chips)
trapDK: posts small blind $1
TbIP-TbIP 88: posts big blind $3
*** HOLE CARDS ***
trapDK: raises $3 to $6
TbIP-TbIP 88: raises $3 to $9
trapDK: calls $3
*** FLOP *** [6s 4s Ac]
TbIP-TbIP 88: bets $3
trapDK: calls $3
*** TURN *** [6s 4s Ac] [3h]
TbIP-TbIP 88: bets $6
trapDK: raises $6 to $12
TbIP-TbIP 88: calls $6
*** RIVER *** [6s 4s Ac 3h] [9d]
TbIP-TbIP 88: checks
trapDK: bets $6
TbIP-TbIP 88: calls $6
*** SHOW DOWN ***
trapDK: shows [2d 5d] (a straight, Deuce to Six)
TbIP-TbIP 88: mucks hand
trapDK collected $59.50 from pot
*** SUMMARY ***
Total pot $60 | Rake $0.50
Board [6s 4s Ac 3h 9d]
Seat 3: trapDK (button) (small blind) showed [2d 5d] and won ($59.50) with a straight, Deuce to Six
Seat 4: TbIP-TbIP 88 (big blind) mucked


PokerStars Hand #144498090204:  Hold'em Limit ($3/$6 USD) - 2015/11/28 5:23:38 ET
Table 'Dibaj II' 6-max Seat #4 is the button
Seat 3: trapDK ($23.25 in chips)
Seat 4: TbIP-TbIP 88 ($113 in chips)
TbIP-TbIP 88: posts small blind $1
trapDK: posts big blind $3
*** HOLE CARDS ***
TbIP-TbIP 88: folds
Uncalled bet ($2) returned to trapDK
trapDK collected $2 from pot
trapDK: doesn't show hand
*** SUMMARY ***
Total pot $2 | Rake $0
Seat 3: trapDK (big blind) collected ($2)
Seat 4: TbIP-TbIP 88 (button) (small blind) folded before Flop


PokerStars Hand #144498080893:  Hold'em Limit ($3/$6 USD) - 2015/11/28 5:23:17 ET
Table 'Dibaj II' 6-max Seat #3 is the button
Seat 3: trapDK ($50.25 in chips)
Seat 4: TbIP-TbIP 88 ($86.50 in chips)
trapDK: posts small blind $1
TbIP-TbIP 88: posts big blind $3
*** HOLE CARDS ***
trapDK: raises $3 to $6
TbIP-TbIP 88: raises $3 to $9
trapDK: raises $3 to $12
Betting is capped
TbIP-TbIP 88: calls $3
*** FLOP *** [6d 9d Ts]
TbIP-TbIP 88: bets $3
trapDK: calls $3
*** TURN *** [6d 9d Ts] [5h]
TbIP-TbIP 88: bets $6
trapDK: calls $6
*** RIVER *** [6d 9d Ts 5h] [4s]
TbIP-TbIP 88: bets $6
trapDK: calls $6
*** SHOW DOWN ***
TbIP-TbIP 88: shows [Td Th] (three of a kind, Tens)
trapDK: mucks hand
TbIP-TbIP 88 collected $53.50 from pot
*** SUMMARY ***
Total pot $54 | Rake $0.50
Board [6d 9d Ts 5h 4s]
Seat 3: trapDK (button) (small blind) mucked
Seat 4: TbIP-TbIP 88 (big blind) showed [Td Th] and won ($53.50) with three of a kind, Tens


PokerStars Hand #144498075070:  Hold'em Limit ($3/$6 USD) - 2015/11/28 5:23:04 ET
Table 'Dibaj II' 6-max Seat #4 is the button
Seat 3: trapDK ($44.49 in chips)
Seat 4: TbIP-TbIP 88 ($92.50 in chips)
TbIP-TbIP 88: posts small blind $1
trapDK: posts big blind $3
*** HOLE CARDS ***
TbIP-TbIP 88: raises $3 to $6
trapDK: calls $3
*** FLOP *** [9h 5s 8h]
trapDK: checks
TbIP-TbIP 88: checks
*** TURN *** [9h 5s 8h] [4c]
trapDK: bets $6
TbIP-TbIP 88: folds
Uncalled bet ($6) returned to trapDK
trapDK collected $11.76 from pot
trapDK: doesn't show hand
*** SUMMARY ***
Total pot $12 | Rake $0.24
Board [9h 5s 8h 4c]
Seat 3: trapDK (big blind) collected ($11.76)
Seat 4: TbIP-TbIP 88 (button) (small blind) folded on the Turn


PokerStars Hand #144498065266:  Hold'em Limit ($3/$6 USD) - 2015/11/28 5:22:42 ET
Table 'Dibaj II' 6-max Seat #3 is the button
Seat 3: trapDK ($65.49 in chips)
Seat 4: TbIP-TbIP 88 ($72 in chips)
trapDK: posts small blind $1
TbIP-TbIP 88: posts big blind $3
*** HOLE CARDS ***
trapDK: raises $3 to $6
TbIP-TbIP 88: calls $3
*** FLOP *** [9s Jc 8h]
TbIP-TbIP 88: checks
trapDK: bets $3
TbIP-TbIP 88: raises $3 to $6
trapDK: raises $3 to $9
TbIP-TbIP 88: calls $3
*** TURN *** [9s Jc 8h] [Jd]
TbIP-TbIP 88: checks
trapDK: bets $6
TbIP-TbIP 88: calls $6
*** RIVER *** [9s Jc 8h Jd] [Ah]
TbIP-TbIP 88: checks
trapDK: checks
*** SHOW DOWN ***
TbIP-TbIP 88: shows [Jh Td] (three of a kind, Jacks)
trapDK: mucks hand
TbIP-TbIP 88 collected $41.50 from pot
*** SUMMARY ***
Total pot $42 | Rake $0.50
Board [9s Jc 8h Jd Ah]
Seat 3: trapDK (button) (small blind) mucked
Seat 4: TbIP-TbIP 88 (big blind) showed [Jh Td] and won ($41.50) with three of a kind, Jacks


PokerStars Hand #144502237424:  Hold'em Limit ($3/$6 USD) - 2015/11/28 7:42:45 ET
Table 'Dibaj II' 2-max Seat #2 is the button
Seat 1: simper11 ($125.50 in chips)
Seat 2: stockgnat ($93.52 in chips)
stockgnat: posts small blind $1
simper11: posts big blind $3
*** HOLE CARDS ***
stockgnat: raises $3 to $6
simper11: calls $3
*** FLOP *** [Kh 2c 6c]
simper11: checks
stockgnat: bets $3
simper11: folds
Uncalled bet ($3) returned to stockgnat
stockgnat collected $11.76 from pot
stockgnat: doesn't show hand
*** SUMMARY ***
Total pot $12 | Rake $0.24
Board [Kh 2c 6c]
Seat 1: simper11 (big blind) folded on the Flop
Seat 2: stockgnat (button) (small blind) collected ($11.76)


PokerStars Hand #144502251599:  Hold'em Limit ($3/$6 USD) - 2015/11/28 7:43:10 ET
Table 'Dibaj II' 2-max Seat #1 is the button
Seat 1: simper11 ($122.76 in chips)
Seat 2: stockgnat ($96.28 in chips)
simper11: posts small blind $1
stockgnat: posts big blind $3
*** HOLE CARDS ***
simper11: raises $3 to $6
stockgnat: calls $3
*** FLOP *** [4s As 6c]
stockgnat: checks
simper11: bets $3
stockgnat: raises $3 to $6
simper11: folds
Uncalled bet ($3) returned to stockgnat
stockgnat collected $17.64 from pot
stockgnat: doesn't show hand
*** SUMMARY ***
Total pot $18 | Rake $0.36
Board [4s As 6c]
Seat 1: simper11 (button) (small blind) folded on the Flop
Seat 2: stockgnat (big blind) collected ($17.64)


PokerStars Hand #144502257236:  Hold'em Limit ($3/$6 USD) - 2015/11/28 7:43:20 ET
Table 'Dibaj II' 2-max Seat #2 is the button
Seat 1: simper11 ($120 in chips)
Seat 2: stockgnat ($104.92 in chips)
stockgnat: posts small blind $1
simper11: posts big blind $3
*** HOLE CARDS ***
stockgnat: raises $3 to $6
simper11: calls $3
*** FLOP *** [6h 7h Ks]
simper11: checks
stockgnat: bets $3
simper11: calls $3
*** TURN *** [6h 7h Ks] [Tc]
simper11: checks
stockgnat: bets $6
simper11: calls $6
*** RIVER *** [6h 7h Ks Tc] [3h]
simper11: checks
stockgnat: bets $6
simper11: folds
Uncalled bet ($6) returned to stockgnat
stockgnat collected $29.50 from pot
stockgnat: doesn't show hand
*** SUMMARY ***
Total pot $30 | Rake $0.50
Board [6h 7h Ks Tc 3h]
Seat 1: simper11 (big blind) folded on the River
Seat 2: stockgnat (button) (small blind) collected ($29.50)


PokerStars Hand #144502267906:  Hold'em Limit ($3/$6 USD) - 2015/11/28 7:43:38 ET
Table 'Dibaj II' 2-max Seat #1 is the button
Seat 1: simper11 ($120 in chips)
Seat 2: stockgnat ($119.42 in chips)
simper11: posts small blind $1
stockgnat: posts big blind $3
*** HOLE CARDS ***
simper11: raises $3 to $6
stockgnat: calls $3
*** FLOP *** [Kc Ad Jc]
stockgnat: checks
simper11: bets $3
stockgnat: calls $3
*** TURN *** [Kc Ad Jc] [4h]
stockgnat: checks
simper11: checks
*** RIVER *** [Kc Ad Jc 4h] [2d]
stockgnat: checks
simper11: bets $6
stockgnat: calls $6
*** SHOW DOWN ***
simper11: shows [2s Js] (two pair, Jacks and Deuces)
stockgnat: mucks hand
simper11 collected $29.50 from pot
*** SUMMARY ***
Total pot $30 | Rake $0.50
Board [Kc Ad Jc 4h 2d]
Seat 1: simper11 (button) (small blind) showed [2s Js] and won ($29.50) with two pair, Jacks and Deuces
Seat 2: stockgnat (big blind) mucked


PokerStars Hand #144502247909:  Hold'em Limit ($3/$6 USD) - 2015/11/28 7:43:03 ET
Table 'Dibaj II' 2-max Seat #2 is the button
Seat 1: simper11 ($125.76 in chips)
Seat 2: stockgnat ($93.28 in chips)
stockgnat: posts small blind $1
simper11: posts big blind $3
*** HOLE CARDS ***
stockgnat: raises $3 to $6
simper11: folds
Uncalled bet ($3) returned to stockgnat
stockgnat collected $6 from pot
stockgnat: doesn't show hand
*** SUMMARY ***
Total pot $6 | Rake $0
Seat 1: simper11 (big blind) folded before Flop
Seat 2: stockgnat (button) (small blind) collected ($6)


PokerStars Hand #144502242553:  Hold'em Limit ($3/$6 USD) - 2015/11/28 7:42:54 ET
Table 'Dibaj II' 2-max Seat #1 is the button
Seat 1: simper11 ($120 in chips)
Seat 2: stockgnat ($99.28 in chips)
simper11: posts small blind $1
stockgnat: posts big blind $3
*** HOLE CARDS ***
simper11: raises $3 to $6
stockgnat: calls $3
*** FLOP *** [Tc Qs 7d]
stockgnat: checks
simper11: bets $3
stockgnat: folds
Uncalled bet ($3) returned to simper11
simper11 collected $11.76 from pot
simper11: doesn't show hand
*** SUMMARY ***
Total pot $12 | Rake $0.24
Board [Tc Qs 7d]
Seat 1: simper11 (button) (small blind) collected ($11.76)
Seat 2: stockgnat (big blind) folded on the Flop


PokerStars Hand #144502294550:  Hold'em Limit ($3/$6 USD) - 2015/11/28 7:44:25 ET
Table 'Dibaj II' 2-max Seat #1 is the button
Seat 1: simper11 ($133.14 in chips)
Seat 2: stockgnat ($105.06 in chips)
simper11: posts small blind $1
stockgnat: posts big blind $3
*** HOLE CARDS ***
simper11: folds
Uncalled bet ($2) returned to stockgnat
stockgnat collected $2 from pot
stockgnat: doesn't show hand
*** SUMMARY ***
Total pot $2 | Rake $0
Seat 1: simper11 (button) (small blind) folded before Flop
Seat 2: stockgnat (big blind) collected ($2)


PokerStars Hand #144502287163:  Hold'em Limit ($3/$6 USD) - 2015/11/28 7:44:12 ET
Table 'Dibaj II' 2-max Seat #2 is the button
Seat 1: simper11 ($142.14 in chips)
Seat 2: stockgnat ($96.42 in chips)
stockgnat: posts small blind $1
simper11: posts big blind $3
*** HOLE CARDS ***
stockgnat: raises $3 to $6
simper11: calls $3
*** FLOP *** [9h 3c 3s]
simper11: checks
stockgnat: bets $3
simper11: calls $3
*** TURN *** [9h 3c 3s] [Jd]
simper11: checks
stockgnat: bets $6
simper11: folds
Uncalled bet ($6) returned to stockgnat
stockgnat collected $17.64 from pot
stockgnat: doesn't show hand
*** SUMMARY ***
Total pot $18 | Rake $0.36
Board [9h 3c 3s Jd]
Seat 1: simper11 (big blind) folded on the Turn
Seat 2: stockgnat (button) (small blind) collected ($17.64)


PokerStars Hand #144502297472:  Hold'em Limit ($3/$6 USD) - 2015/11/28 7:44:30 ET
Table 'Dibaj II' 2-max Seat #2 is the button
Seat 1: simper11 ($132.14 in chips)
Seat 2: stockgnat ($106.06 in chips)
stockgnat: posts small blind $1
simper11: posts big blind $3
*** HOLE CARDS ***
stockgnat: folds
Uncalled bet ($2) returned to simper11
simper11 collected $2 from pot
simper11: doesn't show hand
*** SUMMARY ***
Total pot $2 | Rake $0
Seat 1: simper11 (big blind) collected ($2)
Seat 2: stockgnat (button) (small blind) folded before Flop


PokerStars Hand #144502309014:  Hold'em Limit ($3/$6 USD) - 2015/11/28 7:44:50 ET
Table 'Dibaj II' 2-max Seat #2 is the button
Seat 1: simper11 ($141.78 in chips)
Seat 2: stockgnat ($96.06 in chips)
stockgnat: posts small blind $1
simper11: posts big blind $3
*** HOLE CARDS ***
stockgnat: raises $3 to $6
simper11: folds
Uncalled bet ($3) returned to stockgnat
stockgnat collected $6 from pot
stockgnat: doesn't show hand
*** SUMMARY ***
Total pot $6 | Rake $0
Seat 1: simper11 (big blind) folded before Flop
Seat 2: stockgnat (button) (small blind) collected ($6)


PokerStars Hand #144502276262:  Hold'em Limit ($3/$6 USD) - 2015/11/28 7:43:53 ET
Table 'Dibaj II' 2-max Seat #2 is the button
Seat 1: simper11 ($134.50 in chips)
Seat 2: stockgnat ($104.42 in chips)
stockgnat: posts small blind $1
simper11: posts big blind $3
*** HOLE CARDS ***
stockgnat: raises $3 to $6
simper11: calls $3
*** FLOP *** [5h 6c 2d]
simper11: checks
stockgnat: bets $3
simper11: calls $3
*** TURN *** [5h 6c 2d] [6h]
simper11: checks
stockgnat: checks
*** RIVER *** [5h 6c 2d 6h] [4c]
simper11: bets $6
stockgnat: folds
Uncalled bet ($6) returned to simper11
simper11 collected $17.64 from pot
simper11: doesn't show hand
*** SUMMARY ***
Total pot $18 | Rake $0.36
Board [5h 6c 2d 6h 4c]
Seat 1: simper11 (big blind) collected ($17.64)
Seat 2: stockgnat (button) (small blind) folded on the River


PokerStars Hand #144502300416:  Hold'em Limit ($3/$6 USD) - 2015/11/28 7:44:35 ET
Table 'Dibaj II' 2-max Seat #1 is the button
Seat 1: simper11 ($133.14 in chips)
Seat 2: stockgnat ($105.06 in chips)
simper11: posts small blind $1
stockgnat: posts big blind $3
*** HOLE CARDS ***
simper11: raises $3 to $6
stockgnat: calls $3
*** FLOP *** [Jc 6c 3s]
stockgnat: checks
simper11: bets $3
stockgnat: calls $3
*** TURN *** [Jc 6c 3s] [9d]
stockgnat: checks
simper11: checks
*** RIVER *** [Jc 6c 3s 9d] [7s]
stockgnat: checks
simper11: checks
*** SHOW DOWN ***
stockgnat: shows [5d Kd] (high card King)
simper11: shows [4h 4c] (a pair of Fours)
simper11 collected $17.64 from pot
*** SUMMARY ***
Total pot $18 | Rake $0.36
Board [Jc 6c 3s 9d 7s]
Seat 1: simper11 (button) (small blind) showed [4h 4c] and won ($17.64) with a pair of Fours
Seat 2: stockgnat (big blind) showed [5d Kd] and lost with high card King


PokerStars Hand #144502320154:  Hold'em Limit ($3/$6 USD) - 2015/11/28 7:45:10 ET
Table 'Dibaj II' 2-max Seat #1 is the button
Seat 1: simper11 ($150.42 in chips)
Seat 2: stockgnat ($87.06 in chips)
simper11: posts small blind $1
stockgnat: posts big blind $3
*** HOLE CARDS ***
simper11: raises $3 to $6
stockgnat: calls $3
*** FLOP *** [9s Jh 3s]
stockgnat: checks
simper11: checks
*** TURN *** [9s Jh 3s] [6d]
stockgnat: checks
simper11: checks
*** RIVER *** [9s Jh 3s 6d] [Ts]
stockgnat: bets $6
simper11: folds
Uncalled bet ($6) returned to stockgnat
stockgnat collected $11.76 from pot
stockgnat: doesn't show hand
*** SUMMARY ***
Total pot $12 | Rake $0.24
Board [9s Jh 3s 6d Ts]
Seat 1: simper11 (button) (small blind) folded on the River
Seat 2: stockgnat (big blind) collected ($11.76)


PokerStars Hand #144502334482:  Hold'em Limit ($3/$6 USD) - 2015/11/28 7:45:35 ET
Table 'Dibaj II' 2-max Seat #1 is the button
Seat 1: simper11 ($138.42 in chips)
Seat 2: stockgnat ($98.58 in chips)
simper11: posts small blind $1
stockgnat: posts big blind $3
*** HOLE CARDS ***
simper11: raises $3 to $6
stockgnat: calls $3
*** FLOP *** [Jc Jh Tc]
stockgnat: checks
simper11: bets $3
stockgnat: calls $3
*** TURN *** [Jc Jh Tc] [3d]
stockgnat: checks
simper11: bets $6
stockgnat: calls $6
*** RIVER *** [Jc Jh Tc 3d] [6h]
stockgnat: checks
simper11: bets $6
stockgnat: calls $6
*** SHOW DOWN ***
simper11: shows [5h 9d] (a pair of Jacks)
stockgnat: shows [9c Ah] (a pair of Jacks - Ace kicker)
stockgnat collected $41.50 from pot
*** SUMMARY ***
Total pot $42 | Rake $0.50
Board [Jc Jh Tc 3d 6h]
Seat 1: simper11 (button) (small blind) showed [5h 9d] and lost with a pair of Jacks
Seat 2: stockgnat (big blind) showed [9c Ah] and won ($41.50) with a pair of Jacks


PokerStars Hand #144502342507:  Hold'em Limit ($3/$6 USD) - 2015/11/28 7:45:49 ET
Table 'Dibaj II' 2-max Seat #2 is the button
Seat 1: simper11 ($120 in chips)
Seat 2: stockgnat ($119.08 in chips)
stockgnat: posts small blind $1
simper11: posts big blind $3
*** HOLE CARDS ***
stockgnat: folds
Uncalled bet ($2) returned to simper11
simper11 collected $2 from pot
simper11: doesn't show hand
*** SUMMARY ***
Total pot $2 | Rake $0
Seat 1: simper11 (big blind) collected ($2)
Seat 2: stockgnat (button) (small blind) folded before Flop


PokerStars Hand #144502315059:  Hold'em Limit ($3/$6 USD) - 2015/11/28 7:45:01 ET
Table 'Dibaj II' 2-max Seat #2 is the button
Seat 1: simper11 ($141.78 in chips)
Seat 2: stockgnat ($96.06 in chips)
stockgnat: posts small blind $1
simper11: posts big blind $3
*** HOLE CARDS ***
stockgnat: raises $3 to $6
simper11: raises $3 to $9
stockgnat: calls $3
*** FLOP *** [Jh Kh 8d]
simper11: bets $3
stockgnat: folds
Uncalled bet ($3) returned to simper11
simper11 collected $17.64 from pot
simper11: doesn't show hand
*** SUMMARY ***
Total pot $18 | Rake $0.36
Board [Jh Kh 8d]
Seat 1: simper11 (big blind) collected ($17.64)
Seat 2: stockgnat (button) (small blind) folded on the Flop


PokerStars Hand #144502329134:  Hold'em Limit ($3/$6 USD) - 2015/11/28 7:45:25 ET
Table 'Dibaj II' 2-max Seat #2 is the button
Seat 1: simper11 ($144.42 in chips)
Seat 2: stockgnat ($92.82 in chips)
stockgnat: posts small blind $1
simper11: posts big blind $3
*** HOLE CARDS ***
stockgnat: raises $3 to $6
simper11: calls $3
*** FLOP *** [7h 2d Ah]
simper11: checks
stockgnat: bets $3
simper11: folds
Uncalled bet ($3) returned to stockgnat
stockgnat collected $11.76 from pot
stockgnat: doesn't show hand
*** SUMMARY ***
Total pot $12 | Rake $0.24
Board [7h 2d Ah]
Seat 1: simper11 (big blind) folded on the Flop
Seat 2: stockgnat (button) (small blind) collected ($11.76)


PokerStars Hand #144502365167:  Hold'em Limit ($3/$6 USD) - 2015/11/28 7:46:29 ET
Table 'Dibaj II' 2-max Seat #2 is the button
Seat 1: simper11 ($120 in chips)
Seat 2: stockgnat ($131.48 in chips)
stockgnat: posts small blind $1
simper11: posts big blind $3
*** HOLE CARDS ***
stockgnat: folds
Uncalled bet ($2) returned to simper11
simper11 collected $2 from pot
simper11: doesn't show hand
*** SUMMARY ***
Total pot $2 | Rake $0
Seat 1: simper11 (big blind) collected ($2)
Seat 2: stockgnat (button) (small blind) folded before Flop


PokerStars Hand #144502345381:  Hold'em Limit ($3/$6 USD) - 2015/11/28 7:45:54 ET
Table 'Dibaj II' 2-max Seat #1 is the button
Seat 1: simper11 ($121 in chips)
Seat 2: stockgnat ($118.08 in chips)
simper11: posts small blind $1
stockgnat: posts big blind $3
*** HOLE CARDS ***
simper11: raises $3 to $6
stockgnat: calls $3
*** FLOP *** [6h 7c Kc]
stockgnat: checks
simper11: bets $3
stockgnat: calls $3
*** TURN *** [6h 7c Kc] [8h]
stockgnat: checks
simper11: checks
*** RIVER *** [6h 7c Kc 8h] [Ts]
stockgnat: checks
simper11: checks
*** SHOW DOWN ***
stockgnat: shows [6d Jd] (a pair of Sixes)
simper11: mucks hand
stockgnat collected $17.64 from pot
*** SUMMARY ***
Total pot $18 | Rake $0.36
Board [6h 7c Kc 8h Ts]
Seat 1: simper11 (button) (small blind) mucked
Seat 2: stockgnat (big blind) showed [6d Jd] and won ($17.64) with a pair of Sixes


PokerStars Hand #144502353367:  Hold'em Limit ($3/$6 USD) - 2015/11/28 7:46:08 ET
Table 'Dibaj II' 2-max Seat #2 is the button
Seat 1: simper11 ($120 in chips)
Seat 2: stockgnat ($126.72 in chips)
stockgnat: posts small blind $1
simper11: posts big blind $3
*** HOLE CARDS ***
stockgnat: folds
Uncalled bet ($2) returned to simper11
simper11 collected $2 from pot
simper11: doesn't show hand
*** SUMMARY ***
Total pot $2 | Rake $0
Seat 1: simper11 (big blind) collected ($2)
Seat 2: stockgnat (button) (small blind) folded before Flop


PokerStars Hand #144502368217:  Hold'em Limit ($3/$6 USD) - 2015/11/28 7:46:34 ET
Table 'Dibaj II' 2-max Seat #1 is the button
Seat 1: simper11 ($121 in chips)
Seat 2: stockgnat ($130.48 in chips)
simper11: posts small blind $1
stockgnat: posts big blind $3
*** HOLE CARDS ***
simper11: raises $3 to $6
stockgnat: calls $3
*** FLOP *** [Qs 6d Tc]
stockgnat: checks
simper11: bets $3
stockgnat: calls $3
*** TURN *** [Qs 6d Tc] [5s]
stockgnat: checks
simper11: bets $6
stockgnat: calls $6
*** RIVER *** [Qs 6d Tc 5s] [9c]
stockgnat: checks
simper11: checks
*** SHOW DOWN ***
stockgnat: shows [6s Kh] (a pair of Sixes)
simper11: shows [9s Kc] (a pair of Nines)
simper11 collected $29.50 from pot
*** SUMMARY ***
Total pot $30 | Rake $0.50
Board [Qs 6d Tc 5s 9c]
Seat 1: simper11 (button) (small blind) showed [9s Kc] and won ($29.50) with a pair of Nines
Seat 2: stockgnat (big blind) showed [6s Kh] and lost with a pair of Sixes


PokerStars Hand #144502356187:  Hold'em Limit ($3/$6 USD) - 2015/11/28 7:46:13 ET
Table 'Dibaj II' 2-max Seat #1 is the button
Seat 1: simper11 ($121 in chips)
Seat 2: stockgnat ($125.72 in chips)
simper11: posts small blind $1
stockgnat: posts big blind $3
*** HOLE CARDS ***
simper11: raises $3 to $6
stockgnat: calls $3
*** FLOP *** [5s 4c 2h]
stockgnat: checks
simper11: checks
*** TURN *** [5s 4c 2h] [Qd]
stockgnat: checks
simper11: checks
*** RIVER *** [5s 4c 2h Qd] [Kh]
stockgnat: bets $6
simper11: folds
Uncalled bet ($6) returned to stockgnat
stockgnat collected $11.76 from pot
stockgnat: doesn't show hand
*** SUMMARY ***
Total pot $12 | Rake $0.24
Board [5s 4c 2h Qd Kh]
Seat 1: simper11 (button) (small blind) folded on the River
Seat 2: stockgnat (big blind) collected ($11.76)


PokerStars Hand #144502376369:  Hold'em Limit ($3/$6 USD) - 2015/11/28 7:46:49 ET
Table 'Dibaj II' 2-max Seat #2 is the button
Seat 1: simper11 ($135.50 in chips)
Seat 2: stockgnat ($115.48 in chips)
stockgnat: posts small blind $1
simper11: posts big blind $3
*** HOLE CARDS ***
stockgnat: raises $3 to $6
simper11: calls $3
*** FLOP *** [6h Qc Qd]
simper11: checks
stockgnat: bets $3
simper11: folds
Uncalled bet ($3) returned to stockgnat
stockgnat collected $11.76 from pot
stockgnat: doesn't show hand
*** SUMMARY ***
Total pot $12 | Rake $0.24
Board [6h Qc Qd]
Seat 1: simper11 (big blind) folded on the Flop
Seat 2: stockgnat (button) (small blind) collected ($11.76)


PokerStars Hand #144502381121:  Hold'em Limit ($3/$6 USD) - 2015/11/28 7:46:57 ET
Table 'Dibaj II' 2-max Seat #1 is the button
Seat 1: simper11 ($129.50 in chips)
Seat 2: stockgnat ($121.24 in chips)
simper11: posts small blind $1
stockgnat: posts big blind $3
*** HOLE CARDS ***
simper11: raises $3 to $6
stockgnat: calls $3
*** FLOP *** [Jd 2s Jh]
stockgnat: checks
simper11: bets $3
stockgnat: calls $3
*** TURN *** [Jd 2s Jh] [Jc]
stockgnat: checks
simper11: bets $6
stockgnat: folds
Uncalled bet ($6) returned to simper11
simper11 collected $17.64 from pot
simper11: doesn't show hand
*** SUMMARY ***
Total pot $18 | Rake $0.36
Board [Jd 2s Jh Jc]
Seat 1: simper11 (button) (small blind) collected ($17.64)
Seat 2: stockgnat (big blind) folded on the Turn


PokerStars Hand #144502387471:  Hold'em Limit ($3/$6 USD) - 2015/11/28 7:47:08 ET
Table 'Dibaj II' 2-max Seat #2 is the button
Seat 1: simper11 ($138.14 in chips)
Seat 2: stockgnat ($112.24 in chips)
stockgnat: posts small blind $1
simper11: posts big blind $3
*** HOLE CARDS ***
stockgnat: raises $3 to $6
simper11: calls $3
*** FLOP *** [Kc Ks 6s]
simper11: checks
stockgnat: bets $3
simper11: calls $3
*** TURN *** [Kc Ks 6s] [3h]
simper11: checks
stockgnat: bets $6
simper11: folds
Uncalled bet ($6) returned to stockgnat
stockgnat collected $17.64 from pot
stockgnat: doesn't show hand
*** SUMMARY ***
Total pot $18 | Rake $0.36
Board [Kc Ks 6s 3h]
Seat 1: simper11 (big blind) folded on the Turn
Seat 2: stockgnat (button) (small blind) collected ($17.64)


PokerStars Hand #144502410870:  Hold'em Limit ($3/$6 USD) - 2015/11/28 7:47:49 ET
Table 'Dibaj II' 2-max Seat #2 is the button
Seat 1: simper11 ($125.76 in chips)
Seat 2: stockgnat ($126.52 in chips)
stockgnat: posts small blind $1
simper11: posts big blind $3
*** HOLE CARDS ***
stockgnat: folds
Uncalled bet ($2) returned to simper11
simper11 collected $2 from pot
simper11: doesn't show hand
*** SUMMARY ***
Total pot $2 | Rake $0
Seat 1: simper11 (big blind) collected ($2)
Seat 2: stockgnat (button) (small blind) folded before Flop


PokerStars Hand #144502403446:  Hold'em Limit ($3/$6 USD) - 2015/11/28 7:47:36 ET
Table 'Dibaj II' 2-max Seat #2 is the button
Seat 1: simper11 ($120.14 in chips)
Seat 2: stockgnat ($129.52 in chips)
stockgnat: posts small blind $1
simper11: posts big blind $3
*** HOLE CARDS ***
stockgnat: raises $3 to $6
simper11: folds
Uncalled bet ($3) returned to stockgnat
stockgnat collected $6 from pot
stockgnat: doesn't show hand
*** SUMMARY ***
Total pot $6 | Rake $0
Seat 1: simper11 (big blind) folded before Flop
Seat 2: stockgnat (button) (small blind) collected ($6)


PokerStars Hand #144502406241:  Hold'em Limit ($3/$6 USD) - 2015/11/28 7:47:41 ET
Table 'Dibaj II' 2-max Seat #1 is the button
Seat 1: simper11 ($120 in chips)
Seat 2: stockgnat ($132.52 in chips)
simper11: posts small blind $1
stockgnat: posts big blind $3
*** HOLE CARDS ***
simper11: raises $3 to $6
stockgnat: calls $3
*** FLOP *** [8d Kd 6h]
stockgnat: checks
simper11: bets $3
stockgnat: folds
Uncalled bet ($3) returned to simper11
simper11 collected $11.76 from pot
simper11: doesn't show hand
*** SUMMARY ***
Total pot $12 | Rake $0.24
Board [8d Kd 6h]
Seat 1: simper11 (button) (small blind) collected ($11.76)
Seat 2: stockgnat (big blind) folded on the Flop


PokerStars Hand #144502413627:  Hold'em Limit ($3/$6 USD) - 2015/11/28 7:47:54 ET
Table 'Dibaj II' 2-max Seat #1 is the button
Seat 1: simper11 ($126.76 in chips)
Seat 2: stockgnat ($125.52 in chips)
simper11: posts small blind $1
stockgnat: posts big blind $3
*** HOLE CARDS ***
simper11: raises $3 to $6
stockgnat: calls $3
*** FLOP *** [8c As 4d]
stockgnat: checks
simper11: bets $3
stockgnat: folds
Uncalled bet ($3) returned to simper11
simper11 collected $11.76 from pot
simper11: doesn't show hand
*** SUMMARY ***
Total pot $12 | Rake $0.24
Board [8c As 4d]
Seat 1: simper11 (button) (small blind) collected ($11.76)
Seat 2: stockgnat (big blind) folded on the Flop


PokerStars Hand #144502423397:  Hold'em Limit ($3/$6 USD) - 2015/11/28 7:48:11 ET
Table 'Dibaj II' 2-max Seat #1 is the button
Seat 1: simper11 ($126.52 in chips)
Seat 2: stockgnat ($125.28 in chips)
simper11: posts small blind $1
stockgnat: posts big blind $3
*** HOLE CARDS ***
simper11: raises $3 to $6
stockgnat: folds
Uncalled bet ($3) returned to simper11
simper11 collected $6 from pot
simper11: doesn't show hand
*** SUMMARY ***
Total pot $6 | Rake $0
Seat 1: simper11 (button) (small blind) collected ($6)
Seat 2: stockgnat (big blind) folded before Flop


PokerStars Hand #144502418266:  Hold'em Limit ($3/$6 USD) - 2015/11/28 7:48:02 ET
Table 'Dibaj II' 2-max Seat #2 is the button
Seat 1: simper11 ($132.52 in chips)
Seat 2: stockgnat ($119.52 in chips)
stockgnat: posts small blind $1
simper11: posts big blind $3
*** HOLE CARDS ***
stockgnat: raises $3 to $6
simper11: calls $3
*** FLOP *** [Kc 8c Jh]
simper11: checks
stockgnat: bets $3
simper11: folds
Uncalled bet ($3) returned to stockgnat
stockgnat collected $11.76 from pot
stockgnat: doesn't show hand
*** SUMMARY ***
Total pot $12 | Rake $0.24
Board [Kc 8c Jh]
Seat 1: simper11 (big blind) folded on the Flop
Seat 2: stockgnat (button) (small blind) collected ($11.76)


PokerStars Hand #144502426451:  Hold'em Limit ($3/$6 USD) - 2015/11/28 7:48:17 ET
Table 'Dibaj II' 2-max Seat #2 is the button
Seat 1: simper11 ($129.52 in chips)
Seat 2: stockgnat ($122.28 in chips)
stockgnat: posts small blind $1
simper11: posts big blind $3
*** HOLE CARDS ***
stockgnat: raises $3 to $6
simper11: calls $3
*** FLOP *** [Qc Ad 7s]
simper11: checks
stockgnat: bets $3
simper11: calls $3
*** TURN *** [Qc Ad 7s] [4d]
simper11: checks
stockgnat: bets $6
simper11: folds
Uncalled bet ($6) returned to stockgnat
stockgnat collected $17.64 from pot
stockgnat: doesn't show hand
*** SUMMARY ***
Total pot $18 | Rake $0.36
Board [Qc Ad 7s 4d]
Seat 1: simper11 (big blind) folded on the Turn
Seat 2: stockgnat (button) (small blind) collected ($17.64)


PokerStars Hand #144502445884:  Hold'em Limit ($3/$6 USD) - 2015/11/28 7:48:51 ET
Table 'Dibaj II' 2-max Seat #2 is the button
Seat 1: simper11 ($123 in chips)
Seat 2: stockgnat ($130.68 in chips)
stockgnat: posts small blind $1
simper11: posts big blind $3
*** HOLE CARDS ***
stockgnat: folds
Uncalled bet ($2) returned to simper11
simper11 collected $2 from pot
simper11: doesn't show hand
*** SUMMARY ***
Total pot $2 | Rake $0
Seat 1: simper11 (big blind) collected ($2)
Seat 2: stockgnat (button) (small blind) folded before Flop


PokerStars Hand #144502433157:  Hold'em Limit ($3/$6 USD) - 2015/11/28 7:48:29 ET
Table 'Dibaj II' 2-max Seat #1 is the button
Seat 1: simper11 ($120.52 in chips)
Seat 2: stockgnat ($130.92 in chips)
simper11: posts small blind $1
stockgnat: posts big blind $3
*** HOLE CARDS ***
simper11: raises $3 to $6
stockgnat: folds
Uncalled bet ($3) returned to simper11
simper11 collected $6 from pot
simper11: doesn't show hand
*** SUMMARY ***
Total pot $6 | Rake $0
Seat 1: simper11 (button) (small blind) collected ($6)
Seat 2: stockgnat (big blind) folded before Flop


PokerStars Hand #144502442771:  Hold'em Limit ($3/$6 USD) - 2015/11/28 7:48:46 ET
Table 'Dibaj II' 2-max Seat #1 is the button
Seat 1: simper11 ($120 in chips)
Seat 2: stockgnat ($133.68 in chips)
simper11: posts small blind $1
stockgnat: posts big blind $3
*** HOLE CARDS ***
simper11: raises $3 to $6
stockgnat: folds
Uncalled bet ($3) returned to simper11
simper11 collected $6 from pot
simper11: doesn't show hand
*** SUMMARY ***
Total pot $6 | Rake $0
Seat 1: simper11 (button) (small blind) collected ($6)
Seat 2: stockgnat (big blind) folded before Flop


PokerStars Hand #144502436374:  Hold'em Limit ($3/$6 USD) - 2015/11/28 7:48:34 ET
Table 'Dibaj II' 2-max Seat #2 is the button
Seat 1: simper11 ($123.52 in chips)
Seat 2: stockgnat ($127.92 in chips)
stockgnat: posts small blind $1
simper11: posts big blind $3
*** HOLE CARDS ***
stockgnat: raises $3 to $6
simper11: calls $3
*** FLOP *** [3s Kd Ts]
simper11: checks
stockgnat: bets $3
simper11: folds
Uncalled bet ($3) returned to stockgnat
stockgnat collected $11.76 from pot
stockgnat: doesn't show hand
*** SUMMARY ***
Total pot $12 | Rake $0.24
Board [3s Kd Ts]
Seat 1: simper11 (big blind) folded on the Flop
Seat 2: stockgnat (button) (small blind) collected ($11.76)


PokerStars Hand #144502476604:  Hold'em Limit ($3/$6 USD) - 2015/11/28 7:49:46 ET
Table 'Dibaj II' 2-max Seat #1 is the button
Seat 1: simper11 ($120 in chips)
Seat 2: stockgnat ($136.93 in chips)
simper11: posts small blind $1
stockgnat: posts big blind $3
*** HOLE CARDS ***
simper11: raises $3 to $6
stockgnat: calls $3
*** FLOP *** [Qs 5h 8d]
stockgnat: checks
simper11: bets $3
stockgnat: calls $3
*** TURN *** [Qs 5h 8d] [5s]
stockgnat: checks
simper11: bets $6
stockgnat: calls $6
*** RIVER *** [Qs 5h 8d 5s] [Kd]
stockgnat: checks
simper11: checks
*** SHOW DOWN ***
stockgnat: shows [Kc 4h] (two pair, Kings and Fives)
simper11: mucks hand
stockgnat collected $29.50 from pot
*** SUMMARY ***
Total pot $30 | Rake $0.50
Board [Qs 5h 8d 5s Kd]
Seat 1: simper11 (button) (small blind) mucked
Seat 2: stockgnat (big blind) showed [Kc 4h] and won ($29.50) with two pair, Kings and Fives


PokerStars Hand #144502457536:  Hold'em Limit ($3/$6 USD) - 2015/11/28 7:49:12 ET
Table 'Dibaj II' 2-max Seat #2 is the button
Seat 1: simper11 ($123.75 in chips)
Seat 2: stockgnat ($129.43 in chips)
stockgnat: posts small blind $1
simper11: posts big blind $3
*** HOLE CARDS ***
stockgnat: folds
Uncalled bet ($2) returned to simper11
simper11 collected $2 from pot
simper11: doesn't show hand
*** SUMMARY ***
Total pot $2 | Rake $0
Seat 1: simper11 (big blind) collected ($2)
Seat 2: stockgnat (button) (small blind) folded before Flop


PokerStars Hand #144502460362:  Hold'em Limit ($3/$6 USD) - 2015/11/28 7:49:17 ET
Table 'Dibaj II' 2-max Seat #1 is the button
Seat 1: simper11 ($124.75 in chips)
Seat 2: stockgnat ($128.43 in chips)
simper11: posts small blind $1
stockgnat: posts big blind $3
*** HOLE CARDS ***
simper11: raises $3 to $6
stockgnat: calls $3
*** FLOP *** [6s Js 6d]
stockgnat: checks
simper11: bets $3
stockgnat: calls $3
*** TURN *** [6s Js 6d] [Th]
stockgnat: checks
simper11: bets $6
stockgnat: folds
Uncalled bet ($6) returned to simper11
simper11 collected $17.64 from pot
simper11: doesn't show hand
*** SUMMARY ***
Total pot $18 | Rake $0.36
Board [6s Js 6d Th]
Seat 1: simper11 (button) (small blind) collected ($17.64)
Seat 2: stockgnat (big blind) folded on the Turn


PokerStars Hand #144502466614:  Hold'em Limit ($3/$6 USD) - 2015/11/28 7:49:28 ET
Table 'Dibaj II' 2-max Seat #2 is the button
Seat 1: simper11 ($133.39 in chips)
Seat 2: stockgnat ($119.43 in chips)
stockgnat: posts small blind $1
simper11: posts big blind $3
*** HOLE CARDS ***
stockgnat: raises $3 to $6
simper11: calls $3
*** FLOP *** [2c 9d 4s]
simper11: checks
stockgnat: checks
*** TURN *** [2c 9d 4s] [Ah]
simper11: checks
stockgnat: bets $6
simper11: calls $6
*** RIVER *** [2c 9d 4s Ah] [7h]
simper11: checks
stockgnat: bets $6
simper11: calls $6
*** SHOW DOWN ***
stockgnat: shows [As 6h] (a pair of Aces)
simper11: mucks hand
stockgnat collected $35.50 from pot
*** SUMMARY ***
Total pot $36 | Rake $0.50
Board [2c 9d 4s Ah 7h]
Seat 1: simper11 (big blind) mucked
Seat 2: stockgnat (button) (small blind) showed [As 6h] and won ($35.50) with a pair of Aces


PokerStars Hand #144502448701:  Hold'em Limit ($3/$6 USD) - 2015/11/28 7:48:56 ET
Table 'Dibaj II' 2-max Seat #1 is the button
Seat 1: simper11 ($124 in chips)
Seat 2: stockgnat ($129.68 in chips)
simper11: posts small blind $1
stockgnat: posts big blind $3
*** HOLE CARDS ***
simper11: raises $3 to $6
stockgnat: calls $3
*** FLOP *** [Jc Qh Th]
stockgnat: checks
simper11: bets $3
stockgnat: calls $3
*** TURN *** [Jc Qh Th] [Jh]
stockgnat: checks
simper11: checks
*** RIVER *** [Jc Qh Th Jh] [Ks]
stockgnat: bets $6
simper11: raises $6 to $12
stockgnat: raises $6 to $18
simper11: calls $6
*** SHOW DOWN ***
stockgnat: shows [Kd As] (a straight, Ten to Ace)
simper11: shows [2d Ad] (a straight, Ten to Ace)
stockgnat collected $26.75 from pot
simper11 collected $26.75 from pot
*** SUMMARY ***
Total pot $54 | Rake $0.50
Board [Jc Qh Th Jh Ks]
Seat 1: simper11 (button) (small blind) showed [2d Ad] and won ($26.75) with a straight, Ten to Ace
Seat 2: stockgnat (big blind) showed [Kd As] and won ($26.75) with a straight, Ten to Ace


PokerStars Hand #144502484814:  Hold'em Limit ($3/$6 USD) - 2015/11/28 7:50:00 ET
Table 'Dibaj II' 2-max Seat #2 is the button
Seat 1: simper11 ($120 in chips)
Seat 2: stockgnat ($151.43 in chips)
stockgnat: posts small blind $1
simper11: posts big blind $3
*** HOLE CARDS ***
stockgnat: raises $3 to $6
simper11 said, "omg"
simper11: calls $3
*** FLOP *** [Qc 4c 6c]
simper11: checks
stockgnat: bets $3
simper11: calls $3
*** TURN *** [Qc 4c 6c] [6s]
simper11: checks
stockgnat: bets $6
simper11: calls $6
*** RIVER *** [Qc 4c 6c 6s] [3s]
simper11: checks
stockgnat: bets $6
simper11: folds
Uncalled bet ($6) returned to stockgnat
stockgnat collected $29.50 from pot
stockgnat: doesn't show hand
*** SUMMARY ***
Total pot $30 | Rake $0.50
Board [Qc 4c 6c 6s 3s]
Seat 1: simper11 (big blind) folded on the River
Seat 2: stockgnat (button) (small blind) collected ($29.50)


PokerStars Hand #144502497035:  Hold'em Limit ($3/$6 USD) - 2015/11/28 7:50:22 ET
Table 'Dibaj II' 2-max Seat #1 is the button
Seat 1: simper11 ($120 in chips)
Seat 2: stockgnat ($165.93 in chips)
simper11: posts small blind $1
stockgnat: posts big blind $3
*** HOLE CARDS ***
simper11: folds
Uncalled bet ($2) returned to stockgnat
stockgnat collected $2 from pot
stockgnat: doesn't show hand
*** SUMMARY ***
Total pot $2 | Rake $0
Seat 1: simper11 (button) (small blind) folded before Flop
Seat 2: stockgnat (big blind) collected ($2)


PokerStars Hand #144502499655:  Hold'em Limit ($3/$6 USD) - 2015/11/28 7:50:27 ET
Table 'Dibaj II' 2-max Seat #2 is the button
Seat 1: simper11 ($120 in chips)
Seat 2: stockgnat ($166.93 in chips)
stockgnat: posts small blind $1
simper11: posts big blind $3
*** HOLE CARDS ***
stockgnat: raises $3 to $6
simper11: calls $3
*** FLOP *** [5d As Qc]
simper11: checks
stockgnat: bets $3
simper11: raises $3 to $6
stockgnat: calls $3
*** TURN *** [5d As Qc] [Jc]
simper11: bets $6
stockgnat: raises $6 to $12
simper11: calls $6
*** RIVER *** [5d As Qc Jc] [8h]
simper11: checks
stockgnat: bets $6
simper11: calls $6
*** SHOW DOWN ***
stockgnat: shows [Jd 5c] (two pair, Jacks and Fives)
simper11: shows [5s Qh] (two pair, Queens and Fives)
simper11 collected $59.50 from pot
*** SUMMARY ***
Total pot $60 | Rake $0.50
Board [5d As Qc Jc 8h]
Seat 1: simper11 (big blind) showed [5s Qh] and won ($59.50) with two pair, Queens and Fives
Seat 2: stockgnat (button) (small blind) showed [Jd 5c] and lost with two pair, Jacks and Fives


PokerStars Hand #144502513906:  Hold'em Limit ($3/$6 USD) - 2015/11/28 7:50:52 ET
Table 'Dibaj II' 2-max Seat #1 is the button
Seat 1: simper11 ($149.50 in chips)
Seat 2: stockgnat ($136.93 in chips)
simper11: posts small blind $1
stockgnat: posts big blind $3
*** HOLE CARDS ***
simper11: folds
Uncalled bet ($2) returned to stockgnat
stockgnat collected $2 from pot
stockgnat: doesn't show hand
*** SUMMARY ***
Total pot $2 | Rake $0
Seat 1: simper11 (button) (small blind) folded before Flop
Seat 2: stockgnat (big blind) collected ($2)


PokerStars Hand #144502523023:  Hold'em Limit ($3/$6 USD) - 2015/11/28 7:51:08 ET
Table 'Dibaj II' 2-max Seat #1 is the button
Seat 1: simper11 ($142.50 in chips)
Seat 2: stockgnat ($143.69 in chips)
simper11: posts small blind $1
stockgnat: posts big blind $3
*** HOLE CARDS ***
simper11: raises $3 to $6
stockgnat: calls $3
*** FLOP *** [8d 6s 2h]
stockgnat: checks
simper11: bets $3
stockgnat: calls $3
*** TURN *** [8d 6s 2h] [3c]
stockgnat: checks
simper11: bets $6
stockgnat: calls $6
*** RIVER *** [8d 6s 2h 3c] [Td]
stockgnat: checks
simper11: bets $6
stockgnat: calls $6
*** SHOW DOWN ***
simper11: shows [Tc 9s] (a pair of Tens)
stockgnat: mucks hand
simper11 collected $41.50 from pot
*** SUMMARY ***
Total pot $42 | Rake $0.50
Board [8d 6s 2h 3c Td]
Seat 1: simper11 (button) (small blind) showed [Tc 9s] and won ($41.50) with a pair of Tens
Seat 2: stockgnat (big blind) mucked


PokerStars Hand #144502532105:  Hold'em Limit ($3/$6 USD) - 2015/11/28 7:51:25 ET
Table 'Dibaj II' 2-max Seat #2 is the button
Seat 1: simper11 ($163 in chips)
Seat 2: stockgnat ($122.69 in chips)
stockgnat: posts small blind $1
simper11: posts big blind $3
*** HOLE CARDS ***
stockgnat: raises $3 to $6
simper11: calls $3
*** FLOP *** [5c 4h Tc]
simper11: checks
stockgnat: bets $3
simper11: calls $3
*** TURN *** [5c 4h Tc] [7c]
simper11: checks
stockgnat: checks
*** RIVER *** [5c 4h Tc 7c] [9d]
simper11: checks
stockgnat: checks
*** SHOW DOWN ***
simper11: shows [As 6s] (high card Ace)
stockgnat: shows [2c 2s] (a pair of Deuces)
stockgnat collected $17.64 from pot
*** SUMMARY ***
Total pot $18 | Rake $0.36
Board [5c 4h Tc 7c 9d]
Seat 1: simper11 (big blind) showed [As 6s] and lost with high card Ace
Seat 2: stockgnat (button) (small blind) showed [2c 2s] and won ($17.64) with a pair of Deuces


PokerStars Hand #144502538937:  Hold'em Limit ($3/$6 USD) - 2015/11/28 7:51:37 ET
Table 'Dibaj II' 2-max Seat #1 is the button
Seat 1: simper11 ($154 in chips)
Seat 2: stockgnat ($131.33 in chips)
simper11: posts small blind $1
stockgnat: posts big blind $3
*** HOLE CARDS ***
simper11: raises $3 to $6
stockgnat: calls $3
*** FLOP *** [2c Tc Jc]
stockgnat: checks
simper11: bets $3
stockgnat: calls $3
*** TURN *** [2c Tc Jc] [4s]
stockgnat: checks
simper11: bets $6
stockgnat: calls $6
*** RIVER *** [2c Tc Jc 4s] [Th]
stockgnat: checks
simper11: bets $6
stockgnat: calls $6
*** SHOW DOWN ***
simper11: shows [Kd Kc] (two pair, Kings and Tens)
stockgnat: mucks hand
simper11 collected $41.50 from pot
*** SUMMARY ***
Total pot $42 | Rake $0.50
Board [2c Tc Jc 4s Th]
Seat 1: simper11 (button) (small blind) showed [Kd Kc] and won ($41.50) with two pair, Kings and Tens
Seat 2: stockgnat (big blind) mucked


PokerStars Hand #144502516610:  Hold'em Limit ($3/$6 USD) - 2015/11/28 7:50:57 ET
Table 'Dibaj II' 2-max Seat #2 is the button
Seat 1: simper11 ($148.50 in chips)
Seat 2: stockgnat ($137.93 in chips)
stockgnat: posts small blind $1
simper11: posts big blind $3
*** HOLE CARDS ***
stockgnat: raises $3 to $6
simper11: calls $3
*** FLOP *** [As 3h Qd]
simper11: checks
stockgnat: bets $3
simper11: folds
Uncalled bet ($3) returned to stockgnat
stockgnat collected $11.76 from pot
stockgnat: doesn't show hand
*** SUMMARY ***
Total pot $12 | Rake $0.24
Board [As 3h Qd]
Seat 1: simper11 (big blind) folded on the Flop
Seat 2: stockgnat (button) (small blind) collected ($11.76)


PokerStars Hand #144502569095:  Hold'em Limit ($3/$6 USD) - 2015/11/28 7:52:31 ET
Table 'Dibaj II' 2-max Seat #1 is the button
Seat 1: simper11 ($120 in chips)
Seat 2: stockgnat ($166.09 in chips)
simper11: posts small blind $1
stockgnat: posts big blind $3
*** HOLE CARDS ***
simper11: raises $3 to $6
stockgnat: calls $3
*** FLOP *** [As 3d Jd]
stockgnat: checks
simper11: bets $3
stockgnat: folds
Uncalled bet ($3) returned to simper11
simper11 collected $11.76 from pot
simper11: doesn't show hand
*** SUMMARY ***
Total pot $12 | Rake $0.24
Board [As 3d Jd]
Seat 1: simper11 (button) (small blind) collected ($11.76)
Seat 2: stockgnat (big blind) folded on the Flop


PokerStars Hand #144502555571:  Hold'em Limit ($3/$6 USD) - 2015/11/28 7:52:07 ET
Table 'Dibaj II' 2-max Seat #1 is the button
Seat 1: simper11 ($144.50 in chips)
Seat 2: stockgnat ($139.83 in chips)
simper11: posts small blind $1
stockgnat: posts big blind $3
*** HOLE CARDS ***
simper11: raises $3 to $6
stockgnat: calls $3
*** FLOP *** [9s 4c Ad]
stockgnat: checks
simper11: bets $3
stockgnat: calls $3
*** TURN *** [9s 4c Ad] [Js]
stockgnat: checks
simper11: bets $6
stockgnat: raises $6 to $12
simper11: calls $6
*** RIVER *** [9s 4c Ad Js] [8s]
stockgnat: bets $6
simper11: folds
Uncalled bet ($6) returned to stockgnat
stockgnat collected $41.50 from pot
stockgnat: doesn't show hand
*** SUMMARY ***
Total pot $42 | Rake $0.50
Board [9s 4c Ad Js 8s]
Seat 1: simper11 (button) (small blind) folded on the River
Seat 2: stockgnat (big blind) collected ($41.50)


PokerStars Hand #144502563226:  Hold'em Limit ($3/$6 USD) - 2015/11/28 7:52:20 ET
Table 'Dibaj II' 2-max Seat #2 is the button
Seat 1: simper11 ($123.50 in chips)
Seat 2: stockgnat ($160.33 in chips)
stockgnat: posts small blind $1
simper11: posts big blind $3
*** HOLE CARDS ***
stockgnat: raises $3 to $6
simper11: calls $3
*** FLOP *** [Ad 4h 6h]
simper11: checks
stockgnat: bets $3
simper11: folds
Uncalled bet ($3) returned to stockgnat
stockgnat collected $11.76 from pot
stockgnat: doesn't show hand
*** SUMMARY ***
Total pot $12 | Rake $0.24
Board [Ad 4h 6h]
Seat 1: simper11 (big blind) folded on the Flop
Seat 2: stockgnat (button) (small blind) collected ($11.76)


PokerStars Hand #144502546881:  Hold'em Limit ($3/$6 USD) - 2015/11/28 7:51:51 ET
Table 'Dibaj II' 2-max Seat #2 is the button
Seat 1: simper11 ($174.50 in chips)
Seat 2: stockgnat ($110.33 in chips)
stockgnat: posts small blind $1
simper11: posts big blind $3
*** HOLE CARDS ***
stockgnat: raises $3 to $6
simper11: calls $3
*** FLOP *** [Th 9c Tc]
simper11: checks
stockgnat: bets $3
simper11: raises $3 to $6
stockgnat: calls $3
*** TURN *** [Th 9c Tc] [Ac]
simper11: bets $6
stockgnat: raises $6 to $12
simper11: calls $6
*** RIVER *** [Th 9c Tc Ac] [3s]
simper11: checks
stockgnat: bets $6
simper11: calls $6
*** SHOW DOWN ***
stockgnat: shows [3c Ts] (a full house, Tens full of Threes)
simper11: mucks hand
stockgnat collected $59.50 from pot
*** SUMMARY ***
Total pot $60 | Rake $0.50
Board [Th 9c Tc Ac 3s]
Seat 1: simper11 (big blind) mucked
Seat 2: stockgnat (button) (small blind) showed [3c Ts] and won ($59.50) with a full house, Tens full of Threes


PokerStars Hand #144505337783:  Hold'em Limit ($3/$6 USD) - 2015/11/28 9:07:39 ET
Table 'Dibaj II' 2-max Seat #1 is the button
Seat 1: simper11 ($122.76 in chips)
Seat 2: stockgnat ($103 in chips)
simper11: posts small blind $1
stockgnat: posts big blind $3
*** HOLE CARDS ***
simper11: raises $3 to $6
stockgnat: calls $3
*** FLOP *** [2d 4c Qd]
stockgnat: checks
simper11: bets $3
stockgnat: raises $3 to $6
simper11: folds
Uncalled bet ($3) returned to stockgnat
stockgnat collected $17.64 from pot
stockgnat: doesn't show hand
*** SUMMARY ***
Total pot $18 | Rake $0.36
Board [2d 4c Qd]
Seat 1: simper11 (button) (small blind) folded on the Flop
Seat 2: stockgnat (big blind) collected ($17.64)


PokerStars Hand #144505355821:  Hold'em Limit ($3/$6 USD) - 2015/11/28 9:08:05 ET
Table 'Dibaj II' 2-max Seat #2 is the button
Seat 1: simper11 ($120 in chips)
Seat 2: stockgnat ($111.64 in chips)
stockgnat: posts small blind $1
simper11: posts big blind $3
*** HOLE CARDS ***
stockgnat: raises $3 to $6
simper11: calls $3
*** FLOP *** [8h 4h 2s]
simper11: checks
stockgnat: checks
*** TURN *** [8h 4h 2s] [7s]
simper11: bets $6
stockgnat: calls $6
*** RIVER *** [8h 4h 2s 7s] [9h]
simper11: checks
stockgnat: checks
*** SHOW DOWN ***
simper11: shows [4d Qh] (a pair of Fours)
stockgnat: mucks hand
simper11 collected $23.52 from pot
*** SUMMARY ***
Total pot $24 | Rake $0.48
Board [8h 4h 2s 7s 9h]
Seat 1: simper11 (big blind) showed [4d Qh] and won ($23.52) with a pair of Fours
Seat 2: stockgnat (button) (small blind) mucked


PokerStars Hand #144505366739:  Hold'em Limit ($3/$6 USD) - 2015/11/28 9:08:21 ET
Table 'Dibaj II' 2-max Seat #1 is the button
Seat 1: simper11 ($131.52 in chips)
Seat 2: stockgnat ($99.64 in chips)
simper11: posts small blind $1
stockgnat: posts big blind $3
*** HOLE CARDS ***
simper11: raises $3 to $6
stockgnat: calls $3
*** FLOP *** [5d 4d Qh]
stockgnat: checks
simper11: bets $3
stockgnat: raises $3 to $6
simper11: calls $3
*** TURN *** [5d 4d Qh] [3c]
stockgnat: bets $6
simper11: raises $6 to $12
stockgnat: calls $6
*** RIVER *** [5d 4d Qh 3c] [2c]
stockgnat: checks
simper11: bets $6
stockgnat: calls $6
*** SHOW DOWN ***
simper11: shows [Jd Kd] (high card King)
stockgnat: shows [Qs 8c] (a pair of Queens)
stockgnat collected $59.50 from pot
*** SUMMARY ***
Total pot $60 | Rake $0.50
Board [5d 4d Qh 3c 2c]
Seat 1: simper11 (button) (small blind) showed [Jd Kd] and lost with high card King
Seat 2: stockgnat (big blind) showed [Qs 8c] and won ($59.50) with a pair of Queens


PokerStars Hand #144505382348:  Hold'em Limit ($3/$6 USD) - 2015/11/28 9:08:43 ET
Table 'Dibaj II' 2-max Seat #1 is the button
Seat 1: simper11 ($121 in chips)
Seat 2: stockgnat ($128.14 in chips)
simper11: posts small blind $1
stockgnat: posts big blind $3
*** HOLE CARDS ***
simper11: raises $3 to $6
stockgnat: folds
Uncalled bet ($3) returned to simper11
simper11 collected $6 from pot
simper11: doesn't show hand
*** SUMMARY ***
Total pot $6 | Rake $0
Seat 1: simper11 (button) (small blind) collected ($6)
Seat 2: stockgnat (big blind) folded before Flop


PokerStars Hand #144505378609:  Hold'em Limit ($3/$6 USD) - 2015/11/28 9:08:38 ET
Table 'Dibaj II' 2-max Seat #2 is the button
Seat 1: simper11 ($120 in chips)
Seat 2: stockgnat ($129.14 in chips)
stockgnat: posts small blind $1
simper11: posts big blind $3
*** HOLE CARDS ***
stockgnat: folds
Uncalled bet ($2) returned to simper11
simper11 collected $2 from pot
simper11: doesn't show hand
*** SUMMARY ***
Total pot $2 | Rake $0
Seat 1: simper11 (big blind) collected ($2)
Seat 2: stockgnat (button) (small blind) folded before Flop


PokerStars Hand #144505386890:  Hold'em Limit ($3/$6 USD) - 2015/11/28 9:08:50 ET
Table 'Dibaj II' 2-max Seat #2 is the button
Seat 1: simper11 ($124 in chips)
Seat 2: stockgnat ($125.14 in chips)
stockgnat: posts small blind $1
simper11: posts big blind $3
*** HOLE CARDS ***
stockgnat: raises $3 to $6
simper11: calls $3
*** FLOP *** [5h 4d 7d]
simper11: checks
stockgnat: bets $3
simper11: calls $3
*** TURN *** [5h 4d 7d] [5s]
simper11: checks
stockgnat: bets $6
simper11: calls $6
*** RIVER *** [5h 4d 7d 5s] [2d]
simper11: checks
stockgnat: bets $6
simper11: folds
Uncalled bet ($6) returned to stockgnat
stockgnat collected $29.50 from pot
stockgnat: doesn't show hand
*** SUMMARY ***
Total pot $30 | Rake $0.50
Board [5h 4d 7d 5s 2d]
Seat 1: simper11 (big blind) folded on the River
Seat 2: stockgnat (button) (small blind) collected ($29.50)


PokerStars Hand #144505399195:  Hold'em Limit ($3/$6 USD) - 2015/11/28 9:09:08 ET
Table 'Dibaj II' 2-max Seat #1 is the button
Seat 1: simper11 ($120 in chips)
Seat 2: stockgnat ($139.64 in chips)
simper11: posts small blind $1
stockgnat: posts big blind $3
*** HOLE CARDS ***
simper11: raises $3 to $6
stockgnat: calls $3
*** FLOP *** [9c 5c Td]
stockgnat: checks
simper11: bets $3
stockgnat: calls $3
*** TURN *** [9c 5c Td] [Ad]
stockgnat: checks
simper11: bets $6
stockgnat: calls $6
*** RIVER *** [9c 5c Td Ad] [Ac]
stockgnat: checks
simper11: bets $6
stockgnat: calls $6
*** SHOW DOWN ***
simper11: shows [Kd Ks] (two pair, Aces and Kings)
stockgnat: mucks hand
simper11 collected $41.50 from pot
*** SUMMARY ***
Total pot $42 | Rake $0.50
Board [9c 5c Td Ad Ac]
Seat 1: simper11 (button) (small blind) showed [Kd Ks] and won ($41.50) with two pair, Aces and Kings
Seat 2: stockgnat (big blind) mucked


PokerStars Hand #144505417668:  Hold'em Limit ($3/$6 USD) - 2015/11/28 9:09:34 ET
Table 'Dibaj II' 2-max Seat #1 is the button
Seat 1: simper11 ($137.50 in chips)
Seat 2: stockgnat ($121.64 in chips)
simper11: posts small blind $1
stockgnat: posts big blind $3
*** HOLE CARDS ***
simper11: folds
Uncalled bet ($2) returned to stockgnat
stockgnat collected $2 from pot
stockgnat: doesn't show hand
*** SUMMARY ***
Total pot $2 | Rake $0
Seat 1: simper11 (button) (small blind) folded before Flop
Seat 2: stockgnat (big blind) collected ($2)


PokerStars Hand #144505412549:  Hold'em Limit ($3/$6 USD) - 2015/11/28 9:09:27 ET
Table 'Dibaj II' 2-max Seat #2 is the button
Seat 1: simper11 ($140.50 in chips)
Seat 2: stockgnat ($118.64 in chips)
stockgnat: posts small blind $1
simper11: posts big blind $3
*** HOLE CARDS ***
stockgnat: raises $3 to $6
simper11: folds
Uncalled bet ($3) returned to stockgnat
stockgnat collected $6 from pot
stockgnat: doesn't show hand
*** SUMMARY ***
Total pot $6 | Rake $0
Seat 1: simper11 (big blind) folded before Flop
Seat 2: stockgnat (button) (small blind) collected ($6)


PokerStars Hand #144505421474:  Hold'em Limit ($3/$6 USD) - 2015/11/28 9:09:40 ET
Table 'Dibaj II' 2-max Seat #2 is the button
Seat 1: simper11 ($136.50 in chips)
Seat 2: stockgnat ($122.64 in chips)
stockgnat: posts small blind $1
simper11: posts big blind $3
*** HOLE CARDS ***
stockgnat: raises $3 to $6
simper11: folds
Uncalled bet ($3) returned to stockgnat
stockgnat collected $6 from pot
stockgnat: doesn't show hand
*** SUMMARY ***
Total pot $6 | Rake $0
Seat 1: simper11 (big blind) folded before Flop
Seat 2: stockgnat (button) (small blind) collected ($6)


PokerStars Hand #144505425515:  Hold'em Limit ($3/$6 USD) - 2015/11/28 9:09:46 ET
Table 'Dibaj II' 2-max Seat #1 is the button
Seat 1: simper11 ($133.50 in chips)
Seat 2: stockgnat ($125.64 in chips)
simper11: posts small blind $1
stockgnat: posts big blind $3
*** HOLE CARDS ***
simper11: raises $3 to $6
stockgnat: calls $3
*** FLOP *** [2s Qd Th]
stockgnat: checks
simper11: bets $3
stockgnat: raises $3 to $6
simper11: calls $3
*** TURN *** [2s Qd Th] [Ah]
stockgnat: bets $6
simper11: calls $6
*** RIVER *** [2s Qd Th Ah] [6d]
stockgnat: bets $6
simper11: calls $6
*** SHOW DOWN ***
stockgnat: shows [Js Qh] (a pair of Queens)
simper11: mucks hand
stockgnat collected $47.50 from pot
*** SUMMARY ***
Total pot $48 | Rake $0.50
Board [2s Qd Th Ah 6d]
Seat 1: simper11 (button) (small blind) mucked
Seat 2: stockgnat (big blind) showed [Js Qh] and won ($47.50) with a pair of Queens


PokerStars Hand #144505437544:  Hold'em Limit ($3/$6 USD) - 2015/11/28 9:10:03 ET
Table 'Dibaj II' 2-max Seat #2 is the button
Seat 1: simper11 ($120 in chips)
Seat 2: stockgnat ($149.14 in chips)
stockgnat: posts small blind $1
simper11: posts big blind $3
*** HOLE CARDS ***
stockgnat: raises $3 to $6
simper11: calls $3
*** FLOP *** [4c 6s Kh]
simper11: checks
stockgnat: bets $3
simper11: calls $3
*** TURN *** [4c 6s Kh] [7d]
simper11: checks
stockgnat: bets $6
simper11: calls $6
*** RIVER *** [4c 6s Kh 7d] [3d]
simper11: checks
stockgnat: bets $6
simper11: folds
Uncalled bet ($6) returned to stockgnat
stockgnat collected $29.50 from pot
stockgnat: doesn't show hand
*** SUMMARY ***
Total pot $30 | Rake $0.50
Board [4c 6s Kh 7d 3d]
Seat 1: simper11 (big blind) folded on the River
Seat 2: stockgnat (button) (small blind) collected ($29.50)


PokerStars Hand #144505451609:  Hold'em Limit ($3/$6 USD) - 2015/11/28 9:10:24 ET
Table 'Dibaj II' 2-max Seat #2 is the button
Seat 1: simper11 ($120 in chips)
Seat 2: stockgnat ($164.64 in chips)
stockgnat: posts small blind $1
simper11: posts big blind $3
*** HOLE CARDS ***
stockgnat: raises $3 to $6
simper11: folds
Uncalled bet ($3) returned to stockgnat
stockgnat collected $6 from pot
stockgnat: doesn't show hand
*** SUMMARY ***
Total pot $6 | Rake $0
Seat 1: simper11 (big blind) folded before Flop
Seat 2: stockgnat (button) (small blind) collected ($6)


PokerStars Hand #144505447943:  Hold'em Limit ($3/$6 USD) - 2015/11/28 9:10:18 ET
Table 'Dibaj II' 2-max Seat #1 is the button
Seat 1: simper11 ($120 in chips)
Seat 2: stockgnat ($163.64 in chips)
simper11: posts small blind $1
stockgnat: posts big blind $3
*** HOLE CARDS ***
simper11: folds
Uncalled bet ($2) returned to stockgnat
stockgnat collected $2 from pot
stockgnat: doesn't show hand
*** SUMMARY ***
Total pot $2 | Rake $0
Seat 1: simper11 (button) (small blind) folded before Flop
Seat 2: stockgnat (big blind) collected ($2)


PokerStars Hand #144505455612:  Hold'em Limit ($3/$6 USD) - 2015/11/28 9:10:29 ET
Table 'Dibaj II' 2-max Seat #1 is the button
Seat 1: simper11 ($120 in chips)
Seat 2: stockgnat ($167.64 in chips)
simper11: posts small blind $1
stockgnat: posts big blind $3
*** HOLE CARDS ***
simper11: raises $3 to $6
stockgnat: calls $3
*** FLOP *** [Th 8s 2c]
stockgnat: checks
simper11: bets $3
stockgnat: calls $3
*** TURN *** [Th 8s 2c] [4c]
stockgnat: checks
simper11: bets $6
stockgnat: folds
Uncalled bet ($6) returned to simper11
simper11 collected $17.64 from pot
simper11: doesn't show hand
*** SUMMARY ***
Total pot $18 | Rake $0.36
Board [Th 8s 2c 4c]
Seat 1: simper11 (button) (small blind) collected ($17.64)
Seat 2: stockgnat (big blind) folded on the Turn


PokerStars Hand #144505465077:  Hold'em Limit ($3/$6 USD) - 2015/11/28 9:10:43 ET
Table 'Dibaj II' 2-max Seat #2 is the button
Seat 1: simper11 ($128.64 in chips)
Seat 2: stockgnat ($158.64 in chips)
stockgnat: posts small blind $1
simper11: posts big blind $3
*** HOLE CARDS ***
stockgnat: raises $3 to $6
simper11: calls $3
*** FLOP *** [7h 2s Ac]
simper11: checks
stockgnat: bets $3
simper11: folds
Uncalled bet ($3) returned to stockgnat
stockgnat collected $11.76 from pot
*** SUMMARY ***
Total pot $12 | Rake $0.24
Board [7h 2s Ac]
Seat 1: simper11 (big blind) folded on the Flop
Seat 2: stockgnat (button) (small blind) collected ($11.76)


PokerStars Hand #144505478250:  Hold'em Limit ($3/$6 USD) - 2015/11/28 9:11:02 ET
Table 'Dibaj II' 2-max Seat #2 is the button
Seat 1: simper11 ($128.40 in chips)
Seat 2: stockgnat ($158.40 in chips)
stockgnat: posts small blind $1
simper11: posts big blind $3
*** HOLE CARDS ***
stockgnat: folds
Uncalled bet ($2) returned to simper11
simper11 collected $2 from pot
simper11: doesn't show hand
*** SUMMARY ***
Total pot $2 | Rake $0
Seat 1: simper11 (big blind) collected ($2)
Seat 2: stockgnat (button) (small blind) folded before Flop


PokerStars Hand #144505471291:  Hold'em Limit ($3/$6 USD) - 2015/11/28 9:10:52 ET
Table 'Dibaj II' 2-max Seat #1 is the button
Seat 1: simper11 ($122.64 in chips)
Seat 2: stockgnat ($164.40 in chips)
simper11: posts small blind $1
stockgnat: posts big blind $3
*** HOLE CARDS ***
simper11: raises $3 to $6
stockgnat: calls $3
*** FLOP *** [Qd Ks 3d]
stockgnat: checks
simper11: bets $3
stockgnat: folds
Uncalled bet ($3) returned to simper11
simper11 collected $11.76 from pot
simper11: doesn't show hand
*** SUMMARY ***
Total pot $12 | Rake $0.24
Board [Qd Ks 3d]
Seat 1: simper11 (button) (small blind) collected ($11.76)
Seat 2: stockgnat (big blind) folded on the Flop


PokerStars Hand #144505485215:  Hold'em Limit ($3/$6 USD) - 2015/11/28 9:11:12 ET
Table 'Dibaj II' 2-max Seat #2 is the button
Seat 1: simper11 ($128.40 in chips)
Seat 2: stockgnat ($158.40 in chips)
stockgnat: posts small blind $1
simper11: posts big blind $3
*** HOLE CARDS ***
stockgnat: raises $3 to $6
simper11: folds
Uncalled bet ($3) returned to stockgnat
stockgnat collected $6 from pot
stockgnat: doesn't show hand
*** SUMMARY ***
Total pot $6 | Rake $0
Seat 1: simper11 (big blind) folded before Flop
Seat 2: stockgnat (button) (small blind) collected ($6)


PokerStars Hand #144505481921:  Hold'em Limit ($3/$6 USD) - 2015/11/28 9:11:07 ET
Table 'Dibaj II' 2-max Seat #1 is the button
Seat 1: simper11 ($129.40 in chips)
Seat 2: stockgnat ($157.40 in chips)
simper11: posts small blind $1
stockgnat: posts big blind $3
*** HOLE CARDS ***
simper11: folds
Uncalled bet ($2) returned to stockgnat
stockgnat collected $2 from pot
stockgnat: doesn't show hand
*** SUMMARY ***
Total pot $2 | Rake $0
Seat 1: simper11 (button) (small blind) folded before Flop
Seat 2: stockgnat (big blind) collected ($2)


PokerStars Hand #144505489307:  Hold'em Limit ($3/$6 USD) - 2015/11/28 9:11:18 ET
Table 'Dibaj II' 2-max Seat #1 is the button
Seat 1: simper11 ($125.40 in chips)
Seat 2: stockgnat ($161.40 in chips)
simper11: posts small blind $1
stockgnat: posts big blind $3
*** HOLE CARDS ***
simper11: folds
Uncalled bet ($2) returned to stockgnat
stockgnat collected $2 from pot
*** SUMMARY ***
Total pot $2 | Rake $0
Seat 1: simper11 (button) (small blind) folded before Flop
Seat 2: stockgnat (big blind) collected ($2)


PokerStars Hand #144505494396:  Hold'em Limit ($3/$6 USD) - 2015/11/28 9:11:25 ET
Table 'Dibaj II' 2-max Seat #2 is the button
Seat 1: simper11 ($124.40 in chips)
Seat 2: stockgnat ($162.40 in chips)
stockgnat: posts small blind $1
simper11: posts big blind $3
*** HOLE CARDS ***
stockgnat: raises $3 to $6
simper11: calls $3
*** FLOP *** [4d 7s Tc]
simper11: checks
stockgnat: bets $3
simper11: calls $3
*** TURN *** [4d 7s Tc] [5d]
simper11: checks
stockgnat: bets $6
simper11: raises $6 to $12
stockgnat: calls $6
*** RIVER *** [4d 7s Tc 5d] [Qh]
simper11: bets $6
stockgnat: calls $6
*** SHOW DOWN ***
simper11: shows [Qs Th] (two pair, Queens and Tens)
stockgnat: mucks hand
simper11 collected $53.50 from pot
*** SUMMARY ***
Total pot $54 | Rake $0.50
Board [4d 7s Tc 5d Qh]
Seat 1: simper11 (big blind) showed [Qs Th] and won ($53.50) with two pair, Queens and Tens
Seat 2: stockgnat (button) (small blind) mucked


PokerStars Hand #144505510927:  Hold'em Limit ($3/$6 USD) - 2015/11/28 9:11:50 ET
Table 'Dibaj II' 2-max Seat #1 is the button
Seat 1: simper11 ($150.90 in chips)
Seat 2: stockgnat ($135.40 in chips)
simper11: posts small blind $1
stockgnat: posts big blind $3
*** HOLE CARDS ***
simper11: raises $3 to $6
stockgnat: calls $3
*** FLOP *** [Jc 9s Qd]
stockgnat: checks
simper11: bets $3
stockgnat: folds
Uncalled bet ($3) returned to simper11
simper11 collected $11.76 from pot
simper11: doesn't show hand
*** SUMMARY ***
Total pot $12 | Rake $0.24
Board [Jc 9s Qd]
Seat 1: simper11 (button) (small blind) collected ($11.76)
Seat 2: stockgnat (big blind) folded on the Flop


PokerStars Hand #144505534582:  Hold'em Limit ($3/$6 USD) - 2015/11/28 9:12:24 ET
Table 'Dibaj II' 2-max Seat #1 is the button
Seat 1: simper11 ($162.42 in chips)
Seat 2: stockgnat ($123.40 in chips)
simper11: posts small blind $1
stockgnat: posts big blind $3
*** HOLE CARDS ***
simper11: raises $3 to $6
stockgnat: folds
Uncalled bet ($3) returned to simper11
simper11 collected $6 from pot
simper11: doesn't show hand
*** SUMMARY ***
Total pot $6 | Rake $0
Seat 1: simper11 (button) (small blind) collected ($6)
Seat 2: stockgnat (big blind) folded before Flop


PokerStars Hand #144505520026:  Hold'em Limit ($3/$6 USD) - 2015/11/28 9:12:03 ET
Table 'Dibaj II' 2-max Seat #2 is the button
Seat 1: simper11 ($156.66 in chips)
Seat 2: stockgnat ($129.40 in chips)
stockgnat: posts small blind $1
simper11: posts big blind $3
*** HOLE CARDS ***
stockgnat: raises $3 to $6
simper11: calls $3
*** FLOP *** [5c Ts Td]
simper11: checks
stockgnat: checks
*** TURN *** [5c Ts Td] [As]
simper11: checks
stockgnat: checks
*** RIVER *** [5c Ts Td As] [Th]
simper11: checks
stockgnat: checks
*** SHOW DOWN ***
simper11: shows [Kh 2c] (three of a kind, Tens)
stockgnat: mucks hand
simper11 collected $11.76 from pot
*** SUMMARY ***
Total pot $12 | Rake $0.24
Board [5c Ts Td As Th]
Seat 1: simper11 (big blind) showed [Kh 2c] and won ($11.76) with three of a kind, Tens
Seat 2: stockgnat (button) (small blind) mucked


PokerStars Hand #144505554148:  Hold'em Limit ($3/$6 USD) - 2015/11/28 9:12:53 ET
Table 'Dibaj II' 2-max Seat #2 is the button
Seat 1: simper11 ($151.42 in chips)
Seat 2: stockgnat ($133.90 in chips)
stockgnat: posts small blind $1
simper11: posts big blind $3
*** HOLE CARDS ***
stockgnat: raises $3 to $6
simper11: calls $3
*** FLOP *** [Ac Kc 9c]
simper11: checks
stockgnat: bets $3
simper11: calls $3
*** TURN *** [Ac Kc 9c] [Ah]
simper11: checks
stockgnat: checks
*** RIVER *** [Ac Kc 9c Ah] [4s]
simper11: bets $6
stockgnat: calls $6
*** SHOW DOWN ***
simper11: shows [3s 9s] (two pair, Aces and Nines)
stockgnat: shows [8d 9d] (two pair, Aces and Nines)
simper11 collected $14.75 from pot
stockgnat collected $14.75 from pot
*** SUMMARY ***
Total pot $30 | Rake $0.50
Board [Ac Kc 9c Ah 4s]
Seat 1: simper11 (big blind) showed [3s 9s] and won ($14.75) with two pair, Aces and Nines
Seat 2: stockgnat (button) (small blind) showed [8d 9d] and won ($14.75) with two pair, Aces and Nines


PokerStars Hand #144505543204:  Hold'em Limit ($3/$6 USD) - 2015/11/28 9:12:37 ET
Table 'Dibaj II' 2-max Seat #1 is the button
Seat 1: simper11 ($166.42 in chips)
Seat 2: stockgnat ($119.40 in chips)
simper11: posts small blind $1
stockgnat: posts big blind $3
*** HOLE CARDS ***
simper11: raises $3 to $6
stockgnat: calls $3
*** FLOP *** [As Qd Jc]
stockgnat: checks
simper11: bets $3
stockgnat: calls $3
*** TURN *** [As Qd Jc] [Jh]
stockgnat: checks
simper11: bets $6
stockgnat: raises $6 to $12
simper11: folds
Uncalled bet ($6) returned to stockgnat
stockgnat collected $29.50 from pot
stockgnat: doesn't show hand
*** SUMMARY ***
Total pot $30 | Rake $0.50
Board [As Qd Jc Jh]
Seat 1: simper11 (button) (small blind) folded on the Turn
Seat 2: stockgnat (big blind) collected ($29.50)


PokerStars Hand #144505539023:  Hold'em Limit ($3/$6 USD) - 2015/11/28 9:12:31 ET
Table 'Dibaj II' 2-max Seat #2 is the button
Seat 1: simper11 ($165.42 in chips)
Seat 2: stockgnat ($120.40 in chips)
stockgnat: posts small blind $1
simper11: posts big blind $3
*** HOLE CARDS ***
stockgnat: folds
Uncalled bet ($2) returned to simper11
simper11 collected $2 from pot
simper11: doesn't show hand
*** SUMMARY ***
Total pot $2 | Rake $0
Seat 1: simper11 (big blind) collected ($2)
Seat 2: stockgnat (button) (small blind) folded before Flop


PokerStars Hand #144505602840:  Hold'em Limit ($3/$6 USD) - 2015/11/28 9:14:04 ET
Table 'Dibaj II' 2-max Seat #2 is the button
Seat 1: simper11 ($129.81 in chips)
Seat 2: stockgnat ($154.15 in chips)
stockgnat: posts small blind $1
simper11: posts big blind $3
*** HOLE CARDS ***
stockgnat: raises $3 to $6
simper11: calls $3
*** FLOP *** [As 9c Jh]
simper11: checks
stockgnat: bets $3
simper11: calls $3
*** TURN *** [As 9c Jh] [Jc]
simper11: checks
stockgnat: bets $6
simper11: raises $6 to $12
stockgnat: folds
Uncalled bet ($6) returned to simper11
simper11 collected $29.50 from pot
simper11: doesn't show hand
*** SUMMARY ***
Total pot $30 | Rake $0.50
Board [As 9c Jh Jc]
Seat 1: simper11 (big blind) collected ($29.50)
Seat 2: stockgnat (button) (small blind) folded on the Turn


PokerStars Hand #144505599397:  Hold'em Limit ($3/$6 USD) - 2015/11/28 9:13:59 ET
Table 'Dibaj II' 2-max Seat #1 is the button
Seat 1: simper11 ($130.81 in chips)
Seat 2: stockgnat ($153.15 in chips)
simper11: posts small blind $1
stockgnat: posts big blind $3
*** HOLE CARDS ***
simper11: folds
Uncalled bet ($2) returned to stockgnat
stockgnat collected $2 from pot
stockgnat: doesn't show hand
*** SUMMARY ***
Total pot $2 | Rake $0
Seat 1: simper11 (button) (small blind) folded before Flop
Seat 2: stockgnat (big blind) collected ($2)


PokerStars Hand #144505595586:  Hold'em Limit ($3/$6 USD) - 2015/11/28 9:13:53 ET
Table 'Dibaj II' 2-max Seat #2 is the button
Seat 1: simper11 ($129.81 in chips)
Seat 2: stockgnat ($154.15 in chips)
stockgnat: posts small blind $1
simper11: posts big blind $3
*** HOLE CARDS ***
stockgnat: folds
Uncalled bet ($2) returned to simper11
simper11 collected $2 from pot
simper11: doesn't show hand
*** SUMMARY ***
Total pot $2 | Rake $0
Seat 1: simper11 (big blind) collected ($2)
Seat 2: stockgnat (button) (small blind) folded before Flop


PokerStars Hand #144505582944:  Hold'em Limit ($3/$6 USD) - 2015/11/28 9:13:35 ET
Table 'Dibaj II' 2-max Seat #1 is the button
Seat 1: simper11 ($121.17 in chips)
Seat 2: stockgnat ($163.15 in chips)
simper11: posts small blind $1
stockgnat: posts big blind $3
*** HOLE CARDS ***
simper11: raises $3 to $6
stockgnat: calls $3
*** FLOP *** [Ac 5c Td]
stockgnat: checks
simper11 said, "cursed your family"
simper11: bets $3
stockgnat: calls $3
*** TURN *** [Ac 5c Td] [9h]
stockgnat: checks
simper11: bets $6
stockgnat: folds
Uncalled bet ($6) returned to simper11
simper11 collected $17.64 from pot
simper11: doesn't show hand
*** SUMMARY ***
Total pot $18 | Rake $0.36
Board [Ac 5c Td 9h]
Seat 1: simper11 (button) (small blind) collected ($17.64)
Seat 2: stockgnat (big blind) folded on the Turn


PokerStars Hand #144505577647:  Hold'em Limit ($3/$6 USD) - 2015/11/28 9:13:27 ET
Table 'Dibaj II' 2-max Seat #2 is the button
Seat 1: simper11 ($124.17 in chips)
Seat 2: stockgnat ($160.15 in chips)
stockgnat: posts small blind $1
simper11: posts big blind $3
*** HOLE CARDS ***
stockgnat: raises $3 to $6
simper11 said, "lolol"
simper11: folds
Uncalled bet ($3) returned to stockgnat
simper11 said, "olololol"
stockgnat collected $6 from pot
stockgnat: doesn't show hand
*** SUMMARY ***
Total pot $6 | Rake $0
Seat 1: simper11 (big blind) folded before Flop
Seat 2: stockgnat (button) (small blind) collected ($6)


PokerStars Hand #144505564699:  Hold'em Limit ($3/$6 USD) - 2015/11/28 9:13:08 ET
Table 'Dibaj II' 2-max Seat #1 is the button
Seat 1: simper11 ($151.17 in chips)
Seat 2: stockgnat ($133.65 in chips)
simper11: posts small blind $1
stockgnat: posts big blind $3
*** HOLE CARDS ***
simper11: raises $3 to $6
stockgnat: calls $3
*** FLOP *** [8s 6d 2h]
stockgnat: checks
simper11: bets $3
stockgnat: calls $3
*** TURN *** [8s 6d 2h] [Ts]
stockgnat: checks
simper11: bets $6
stockgnat: raises $6 to $12
simper11: raises $6 to $18
stockgnat: calls $6
*** RIVER *** [8s 6d 2h Ts] [7h]
stockgnat: checks
simper11: checks
*** SHOW DOWN ***
stockgnat: shows [2s Td] (two pair, Tens and Deuces)
simper11: mucks hand
stockgnat collected $53.50 from pot
*** SUMMARY ***
Total pot $54 | Rake $0.50
Board [8s 6d 2h Ts 7h]
Seat 1: simper11 (button) (small blind) mucked
Seat 2: stockgnat (big blind) showed [2s Td] and won ($53.50) with two pair, Tens and Deuces


PokerStars Hand #144505640040:  Hold'em Limit ($3/$6 USD) - 2015/11/28 9:14:58 ET
Table 'Dibaj II' 2-max Seat #2 is the button
Seat 1: simper11 ($167.57 in chips)
Seat 2: stockgnat ($115.15 in chips)
stockgnat: posts small blind $1
simper11: posts big blind $3
*** HOLE CARDS ***
stockgnat: raises $3 to $6
simper11: raises $3 to $9
stockgnat: calls $3
*** FLOP *** [2d Ts 5c]
simper11: bets $3
stockgnat: calls $3
*** TURN *** [2d Ts 5c] [9h]
simper11: bets $6
stockgnat: calls $6
*** RIVER *** [2d Ts 5c 9h] [Jh]
simper11: checks
stockgnat: checks
*** SHOW DOWN ***
simper11: shows [4c 5d] (a pair of Fives)
stockgnat: mucks hand
simper11 collected $35.50 from pot
*** SUMMARY ***
Total pot $36 | Rake $0.50
Board [2d Ts 5c 9h Jh]
Seat 1: simper11 (big blind) showed [4c 5d] and won ($35.50) with a pair of Fives
Seat 2: stockgnat (button) (small blind) mucked


PokerStars Hand #144505629120:  Hold'em Limit ($3/$6 USD) - 2015/11/28 9:14:42 ET
Table 'Dibaj II' 2-max Seat #1 is the button
Seat 1: simper11 ($161.81 in chips)
Seat 2: stockgnat ($121.15 in chips)
simper11: posts small blind $1
stockgnat: posts big blind $3
*** HOLE CARDS ***
simper11: raises $3 to $6
stockgnat: calls $3
*** FLOP *** [Ts 8h Qd]
stockgnat: checks
simper11: checks
*** TURN *** [Ts 8h Qd] [8c]
stockgnat: checks
simper11: checks
*** RIVER *** [Ts 8h Qd 8c] [4h]
stockgnat: checks
simper11: bets $6
stockgnat: folds
Uncalled bet ($6) returned to simper11
simper11 collected $11.76 from pot
simper11: doesn't show hand
*** SUMMARY ***
Total pot $12 | Rake $0.24
Board [Ts 8h Qd 8c 4h]
Seat 1: simper11 (button) (small blind) collected ($11.76)
Seat 2: stockgnat (big blind) folded on the River


PokerStars Hand #144505625659:  Hold'em Limit ($3/$6 USD) - 2015/11/28 9:14:37 ET
Table 'Dibaj II' 2-max Seat #2 is the button
Seat 1: simper11 ($164.81 in chips)
Seat 2: stockgnat ($118.15 in chips)
stockgnat: posts small blind $1
simper11: posts big blind $3
*** HOLE CARDS ***
stockgnat: raises $3 to $6
simper11: folds
Uncalled bet ($3) returned to stockgnat
stockgnat collected $6 from pot
stockgnat: doesn't show hand
*** SUMMARY ***
Total pot $6 | Rake $0
Seat 1: simper11 (big blind) folded before Flop
Seat 2: stockgnat (button) (small blind) collected ($6)


PokerStars Hand #144505613927:  Hold'em Limit ($3/$6 USD) - 2015/11/28 9:14:20 ET
Table 'Dibaj II' 2-max Seat #1 is the button
Seat 1: simper11 ($144.31 in chips)
Seat 2: stockgnat ($139.15 in chips)
simper11: posts small blind $1
stockgnat: posts big blind $3
*** HOLE CARDS ***
simper11: raises $3 to $6
stockgnat: calls $3
*** FLOP *** [2s Js 6c]
stockgnat: checks
simper11: bets $3
stockgnat: calls $3
*** TURN *** [2s Js 6c] [8d]
stockgnat: checks
simper11: bets $6
stockgnat: calls $6
*** RIVER *** [2s Js 6c 8d] [7h]
stockgnat: checks
simper11: bets $6
stockgnat: calls $6
*** SHOW DOWN ***
simper11: shows [Jh Qs] (a pair of Jacks)
stockgnat: mucks hand
simper11 collected $41.50 from pot
*** SUMMARY ***
Total pot $42 | Rake $0.50
Board [2s Js 6c 8d 7h]
Seat 1: simper11 (button) (small blind) showed [Jh Qs] and won ($41.50) with a pair of Jacks
Seat 2: stockgnat (big blind) mucked


PokerStars Hand #144505685807:  Hold'em Limit ($3/$6 USD) - 2015/11/28 9:16:05 ET
Table 'Dibaj II' 2-max Seat #2 is the button
Seat 1: simper11 ($213.21 in chips)
Seat 2: stockgnat ($68.15 in chips)
stockgnat: posts small blind $1
simper11: posts big blind $3
*** HOLE CARDS ***
stockgnat: raises $3 to $6
simper11: folds
Uncalled bet ($3) returned to stockgnat
stockgnat collected $6 from pot
stockgnat: doesn't show hand
*** SUMMARY ***
Total pot $6 | Rake $0
Seat 1: simper11 (big blind) folded before Flop
Seat 2: stockgnat (button) (small blind) collected ($6)


PokerStars Hand #144505682223:  Hold'em Limit ($3/$6 USD) - 2015/11/28 9:15:59 ET
Table 'Dibaj II' 2-max Seat #1 is the button
Seat 1: simper11 ($214.21 in chips)
Seat 2: stockgnat ($67.15 in chips)
simper11: posts small blind $1
stockgnat: posts big blind $3
*** HOLE CARDS ***
simper11: folds
Uncalled bet ($2) returned to stockgnat
stockgnat collected $2 from pot
stockgnat: doesn't show hand
*** SUMMARY ***
Total pot $2 | Rake $0
Seat 1: simper11 (button) (small blind) folded before Flop
Seat 2: stockgnat (big blind) collected ($2)


PokerStars Hand #144505671839:  Hold'em Limit ($3/$6 USD) - 2015/11/28 9:15:45 ET
Table 'Dibaj II' 2-max Seat #2 is the button
Seat 1: simper11 ($205.57 in chips)
Seat 2: stockgnat ($76.15 in chips)
stockgnat: posts small blind $1
simper11: posts big blind $3
*** HOLE CARDS ***
stockgnat: raises $3 to $6
simper11: calls $3
*** FLOP *** [6s 8c Kc]
simper11: checks
stockgnat: bets $3
simper11: calls $3
*** TURN *** [6s 8c Kc] [Ks]
simper11: checks
stockgnat: checks
*** RIVER *** [6s 8c Kc Ks] [9c]
simper11: bets $6
stockgnat: folds
Uncalled bet ($6) returned to simper11
simper11 collected $17.64 from pot
simper11: doesn't show hand
*** SUMMARY ***
Total pot $18 | Rake $0.36
Board [6s 8c Kc Ks 9c]
Seat 1: simper11 (big blind) collected ($17.64)
Seat 2: stockgnat (button) (small blind) folded on the River


PokerStars Hand #144505653187:  Hold'em Limit ($3/$6 USD) - 2015/11/28 9:15:18 ET
Table 'Dibaj II' 2-max Seat #1 is the button
Seat 1: simper11 ($185.07 in chips)
Seat 2: stockgnat ($97.15 in chips)
simper11: posts small blind $1
stockgnat: posts big blind $3
*** HOLE CARDS ***
simper11: raises $3 to $6
stockgnat: calls $3
*** FLOP *** [7c 5d 4s]
stockgnat: checks
simper11: bets $3
stockgnat: calls $3
*** TURN *** [7c 5d 4s] [2s]
stockgnat: checks
simper11: bets $6
stockgnat: calls $6
*** RIVER *** [7c 5d 4s 2s] [Qd]
stockgnat: checks
simper11: bets $6
stockgnat: calls $6
*** SHOW DOWN ***
simper11: shows [5c 7d] (two pair, Sevens and Fives)
stockgnat: mucks hand
simper11 collected $41.50 from pot
*** SUMMARY ***
Total pot $42 | Rake $0.50
Board [7c 5d 4s 2s Qd]
Seat 1: simper11 (button) (small blind) showed [5c 7d] and won ($41.50) with two pair, Sevens and Fives
Seat 2: stockgnat (big blind) mucked


PokerStars Hand #144505699579:  Hold'em Limit ($3/$6 USD) - 2015/11/28 9:16:25 ET
Table 'Dibaj II' 2-max Seat #2 is the button
Seat 1: simper11 ($218.85 in chips)
Seat 2: stockgnat ($62.15 in chips)
stockgnat: posts small blind $1
simper11: posts big blind $3
*** HOLE CARDS ***
stockgnat: raises $3 to $6
simper11: calls $3
*** FLOP *** [5c 3c 9c]
simper11: checks
stockgnat: bets $3
simper11: calls $3
*** TURN *** [5c 3c 9c] [7c]
simper11: checks
stockgnat: checks
*** RIVER *** [5c 3c 9c 7c] [6s]
simper11: bets $6
stockgnat: calls $6
*** SHOW DOWN ***
simper11: shows [Qs 4c] (a flush, Nine high)
stockgnat: mucks hand
simper11 collected $29.50 from pot
*** SUMMARY ***
Total pot $30 | Rake $0.50
Board [5c 3c 9c 7c 6s]
Seat 1: simper11 (big blind) showed [Qs 4c] and won ($29.50) with a flush, Nine high
Seat 2: stockgnat (button) (small blind) mucked


PokerStars Hand #144505752066:  Hold'em Limit ($3/$6 USD) - 2015/11/28 9:17:41 ET
Table 'Dibaj II' 2-max Seat #1 is the button
Seat 1: simper11 ($233.35 in chips)
Seat 2: stockgnat ($96 in chips)
simper11: posts small blind $1
stockgnat: posts big blind $3
*** HOLE CARDS ***
simper11: raises $3 to $6
stockgnat: calls $3
*** FLOP *** [9d Js 3c]
stockgnat: checks
simper11: bets $3
stockgnat: folds
Uncalled bet ($3) returned to simper11
simper11 collected $11.76 from pot
simper11: doesn't show hand
*** SUMMARY ***
Total pot $12 | Rake $0.24
Board [9d Js 3c]
Seat 1: simper11 (button) (small blind) collected ($11.76)
Seat 2: stockgnat (big blind) folded on the Flop


PokerStars Hand #144505849675:  Hold'em Limit ($3/$6 USD) - 2015/11/28 9:20:03 ET
Table 'Dibaj II' 2-max Seat #2 is the button
Seat 1: simper11 ($239.11 in chips)
Seat 2: stockgnat ($101.24 in chips)
stockgnat: posts small blind $1
simper11: posts big blind $3
*** HOLE CARDS ***
stockgnat: raises $3 to $6
simper11: calls $3
*** FLOP *** [8c As Tc]
simper11: checks
stockgnat: bets $3
simper11: calls $3
*** TURN *** [8c As Tc] [Jh]
simper11: checks
stockgnat: bets $6
simper11: calls $6
*** RIVER *** [8c As Tc Jh] [7c]
simper11: bets $6
stockgnat: calls $6
*** SHOW DOWN ***
simper11: shows [8d 9c] (a straight, Seven to Jack)
stockgnat: mucks hand
simper11 collected $41.50 from pot
*** SUMMARY ***
Total pot $42 | Rake $0.50
Board [8c As Tc Jh 7c]
Seat 1: simper11 (big blind) showed [8d 9c] and won ($41.50) with a straight, Seven to Jack
Seat 2: stockgnat (button) (small blind) mucked


