PokerStars Hand #156081967648:  Hold'em Limit ($3/$6 USD) - 2016/07/17 10:42:48 ET
Table 'Dibaj' 6-max Seat #2 is the button
Seat 1: conkris ($374.75 in chips)
Seat 2: Mordnilap ($73 in chips)
Mordnilap: posts small blind $1
conkris: posts big blind $3
*** HOLE CARDS ***
Mordnilap: raises $3 to $6
conkris: raises $3 to $9
Mordnilap: calls $3
*** FLOP *** [8s 9d Td]
conkris: bets $3
Mordnilap: calls $3
*** TURN *** [8s 9d Td] [Ks]
conkris: bets $6
Mordnilap: calls $6
*** RIVER *** [8s 9d Td Ks] [5d]
conkris: bets $6
Mordnilap: calls $6
*** SHOW DOWN ***
conkris: shows [Js 8h] (a pair of Eights)
Mordnilap: mucks hand
conkris collected $47.50 from pot
*** SUMMARY ***
Total pot $48 | Rake $0.50
Board [8s 9d Td Ks 5d]
Seat 1: conkris (big blind) showed [Js 8h] and won ($47.50) with a pair of Eights
Seat 2: Mordnilap (button) (small blind) mucked


PokerStars Hand #156081964814:  Hold'em Limit ($3/$6 USD) - 2016/07/17 10:42:44 ET
Table 'Dibaj' 6-max Seat #1 is the button
Seat 1: conkris ($375.75 in chips)
Seat 2: Mordnilap ($72 in chips)
conkris: posts small blind $1
Mordnilap: posts big blind $3
*** HOLE CARDS ***
conkris: folds
Uncalled bet ($2) returned to Mordnilap
Agrotait leaves the table
Mordnilap collected $2 from pot
Mordnilap: doesn't show hand
*** SUMMARY ***
Total pot $2 | Rake $0
Seat 1: conkris (button) (small blind) folded before Flop
Seat 2: Mordnilap (big blind) collected ($2)


PokerStars Hand #156081948719:  Hold'em Limit ($3/$6 USD) - 2016/07/17 10:42:19 ET
Table 'Dibaj' 6-max Seat #2 is the button
Seat 1: conkris ($367.11 in chips)
Seat 2: Mordnilap ($72 in chips)
Mordnilap: posts small blind $1
Agrotait: is sitting out
conkris: posts big blind $3
*** HOLE CARDS ***
Mordnilap: raises $3 to $6
conkris: raises $3 to $9
Mordnilap: calls $3
*** FLOP *** [Ts 9d Td]
conkris: bets $3
Mordnilap: folds
Uncalled bet ($3) returned to conkris
conkris collected $17.64 from pot
conkris: doesn't show hand
*** SUMMARY ***
Total pot $18 | Rake $0.36
Board [Ts 9d Td]
Seat 1: conkris (big blind) collected ($17.64)
Seat 2: Mordnilap (button) (small blind) folded on the Flop


PokerStars Hand #156082006195:  Hold'em Limit ($3/$6 USD) - 2016/07/17 10:43:48 ET
Table 'Dibaj' 6-max Seat #1 is the button
Seat 1: conkris ($414.75 in chips)
Seat 2: Mordnilap ($79 in chips)
conkris: posts small blind $1
Mordnilap: posts big blind $3
*** HOLE CARDS ***
conkris: folds
Uncalled bet ($2) returned to Mordnilap
Mordnilap collected $2 from pot
Mordnilap: doesn't show hand
*** SUMMARY ***
Total pot $2 | Rake $0
Seat 1: conkris (button) (small blind) folded before Flop
Seat 2: Mordnilap (big blind) collected ($2)


PokerStars Hand #156082003034:  Hold'em Limit ($3/$6 USD) - 2016/07/17 10:43:43 ET
Table 'Dibaj' 6-max Seat #2 is the button
Seat 1: conkris ($417.75 in chips)
Seat 2: Mordnilap ($76 in chips)
Mordnilap: posts small blind $1
conkris: posts big blind $3
*** HOLE CARDS ***
Mordnilap: raises $3 to $6
conkris: folds
Uncalled bet ($3) returned to Mordnilap
Mordnilap collected $6 from pot
Mordnilap: doesn't show hand
*** SUMMARY ***
Total pot $6 | Rake $0
Seat 1: conkris (big blind) folded before Flop
Seat 2: Mordnilap (button) (small blind) collected ($6)


PokerStars Hand #156082000263:  Hold'em Limit ($3/$6 USD) - 2016/07/17 10:43:39 ET
Table 'Dibaj' 6-max Seat #1 is the button
Seat 1: conkris ($418.75 in chips)
Seat 2: Mordnilap ($75 in chips)
conkris: posts small blind $1
Mordnilap: posts big blind $3
*** HOLE CARDS ***
conkris: folds
Uncalled bet ($2) returned to Mordnilap
Mordnilap collected $2 from pot
Mordnilap: doesn't show hand
*** SUMMARY ***
Total pot $2 | Rake $0
Seat 1: conkris (button) (small blind) folded before Flop
Seat 2: Mordnilap (big blind) collected ($2)


PokerStars Hand #156081997071:  Hold'em Limit ($3/$6 USD) - 2016/07/17 10:43:34 ET
Table 'Dibaj' 6-max Seat #2 is the button
Seat 1: conkris ($421.75 in chips)
Seat 2: Mordnilap ($72 in chips)
Mordnilap: posts small blind $1
conkris: posts big blind $3
*** HOLE CARDS ***
Mordnilap: raises $3 to $6
conkris: folds
Uncalled bet ($3) returned to Mordnilap
Mordnilap collected $6 from pot
Mordnilap: doesn't show hand
*** SUMMARY ***
Total pot $6 | Rake $0
Seat 1: conkris (big blind) folded before Flop
Seat 2: Mordnilap (button) (small blind) collected ($6)


PokerStars Hand #156081979161:  Hold'em Limit ($3/$6 USD) - 2016/07/17 10:43:07 ET
Table 'Dibaj' 6-max Seat #1 is the button
Seat 1: conkris ($398.25 in chips)
Seat 2: Mordnilap ($72 in chips)
conkris: posts small blind $1
Mordnilap: posts big blind $3
*** HOLE CARDS ***
conkris: raises $3 to $6
Mordnilap: calls $3
*** FLOP *** [6c 9c 3d]
Mordnilap: checks
conkris: bets $3
Mordnilap: raises $3 to $6
conkris: calls $3
*** TURN *** [6c 9c 3d] [As]
Mordnilap: bets $6
conkris: calls $6
*** RIVER *** [6c 9c 3d As] [8c]
Mordnilap: bets $6
conkris: raises $6 to $12
Mordnilap: folds
Uncalled bet ($6) returned to conkris
conkris collected $47.50 from pot
conkris: doesn't show hand
*** SUMMARY ***
Total pot $48 | Rake $0.50
Board [6c 9c 3d As 8c]
Seat 1: conkris (button) (small blind) collected ($47.50)
Seat 2: Mordnilap (big blind) folded on the River


PokerStars Hand #156082008754:  Hold'em Limit ($3/$6 USD) - 2016/07/17 10:43:52 ET
Table 'Dibaj' 6-max Seat #2 is the button
Seat 1: conkris ($413.75 in chips)
Seat 2: Mordnilap ($80 in chips)
Mordnilap: posts small blind $1
conkris: posts big blind $3
*** HOLE CARDS ***
Mordnilap: raises $3 to $6
conkris: folds
Uncalled bet ($3) returned to Mordnilap
Mordnilap collected $6 from pot
Mordnilap: doesn't show hand
*** SUMMARY ***
Total pot $6 | Rake $0
Seat 1: conkris (big blind) folded before Flop
Seat 2: Mordnilap (button) (small blind) collected ($6)


PokerStars Hand #156082011896:  Hold'em Limit ($3/$6 USD) - 2016/07/17 10:43:57 ET
Table 'Dibaj' 6-max Seat #1 is the button
Seat 1: conkris ($410.75 in chips)
Seat 2: Mordnilap ($83 in chips)
conkris: posts small blind $1
Mordnilap: posts big blind $3
*** HOLE CARDS ***
conkris: raises $3 to $6
Mordnilap: calls $3
*** FLOP *** [Qh Jh 8h]
Mordnilap: checks
conkris: bets $3
Mordnilap: raises $3 to $6
conkris: calls $3
*** TURN *** [Qh Jh 8h] [7c]
Mordnilap: bets $6
conkris: raises $6 to $12
Mordnilap: folds
Uncalled bet ($6) returned to conkris
conkris collected $35.50 from pot
conkris: doesn't show hand
*** SUMMARY ***
Total pot $36 | Rake $0.50
Board [Qh Jh 8h 7c]
Seat 1: conkris (button) (small blind) collected ($35.50)
Seat 2: Mordnilap (big blind) folded on the Turn


PokerStars Hand #156082022508:  Hold'em Limit ($3/$6 USD) - 2016/07/17 10:44:13 ET
Table 'Dibaj' 6-max Seat #2 is the button
Seat 1: conkris ($428.25 in chips)
Seat 2: Mordnilap ($72 in chips)
Mordnilap: posts small blind $1
conkris: posts big blind $3
*** HOLE CARDS ***
Mordnilap: raises $3 to $6
conkris: calls $3
*** FLOP *** [9s Ad Qh]
conkris: checks
Mordnilap: bets $3
conkris: folds
Uncalled bet ($3) returned to Mordnilap
Mordnilap collected $11.76 from pot
Mordnilap: doesn't show hand
*** SUMMARY ***
Total pot $12 | Rake $0.24
Board [9s Ad Qh]
Seat 1: conkris (big blind) folded on the Flop
Seat 2: Mordnilap (button) (small blind) collected ($11.76)


PokerStars Hand #156082030641:  Hold'em Limit ($3/$6 USD) - 2016/07/17 10:44:26 ET
Table 'Dibaj' 6-max Seat #1 is the button
Seat 1: conkris ($422.25 in chips)
Seat 2: Mordnilap ($77.76 in chips)
conkris: posts small blind $1
Mordnilap: posts big blind $3
*** HOLE CARDS ***
conkris: raises $3 to $6
Mordnilap: raises $3 to $9
conkris: calls $3
*** FLOP *** [2h Kc Kd]
Mordnilap: bets $3
conkris: folds
Uncalled bet ($3) returned to Mordnilap
Mordnilap collected $17.64 from pot
Mordnilap: doesn't show hand
*** SUMMARY ***
Total pot $18 | Rake $0.36
Board [2h Kc Kd]
Seat 1: conkris (button) (small blind) folded on the Flop
Seat 2: Mordnilap (big blind) collected ($17.64)


PokerStars Hand #156082040537:  Hold'em Limit ($3/$6 USD) - 2016/07/17 10:44:41 ET
Table 'Dibaj' 6-max Seat #2 is the button
Seat 1: conkris ($413.25 in chips)
Seat 2: Mordnilap ($86.40 in chips)
Mordnilap: posts small blind $1
conkris: posts big blind $3
*** HOLE CARDS ***
Mordnilap: raises $3 to $6
conkris: calls $3
*** FLOP *** [2c 5h Kh]
conkris: checks
Mordnilap: bets $3
conkris: folds
Uncalled bet ($3) returned to Mordnilap
Mordnilap collected $11.76 from pot
Mordnilap: doesn't show hand
*** SUMMARY ***
Total pot $12 | Rake $0.24
Board [2c 5h Kh]
Seat 1: conkris (big blind) folded on the Flop
Seat 2: Mordnilap (button) (small blind) collected ($11.76)


PokerStars Hand #156082047667:  Hold'em Limit ($3/$6 USD) - 2016/07/17 10:44:52 ET
Table 'Dibaj' 6-max Seat #1 is the button
Seat 1: conkris ($407.25 in chips)
Seat 2: Mordnilap ($92.16 in chips)
conkris: posts small blind $1
Mordnilap: posts big blind $3
*** HOLE CARDS ***
conkris: raises $3 to $6
Mordnilap: raises $3 to $9
conkris: raises $3 to $12
Betting is capped
Mordnilap: calls $3
*** FLOP *** [Tc Js 4d]
Mordnilap: checks
conkris: bets $3
Mordnilap: calls $3
*** TURN *** [Tc Js 4d] [6d]
Mordnilap: checks
conkris: checks
*** RIVER *** [Tc Js 4d 6d] [6c]
Mordnilap: bets $6
conkris: calls $6
*** SHOW DOWN ***
Mordnilap: shows [Jc Ad] (two pair, Jacks and Sixes)
conkris: mucks hand
Mordnilap collected $41.50 from pot
*** SUMMARY ***
Total pot $42 | Rake $0.50
Board [Tc Js 4d 6d 6c]
Seat 1: conkris (button) (small blind) mucked
Seat 2: Mordnilap (big blind) showed [Jc Ad] and won ($41.50) with two pair, Jacks and Sixes


PokerStars Hand #156082060448:  Hold'em Limit ($3/$6 USD) - 2016/07/17 10:45:11 ET
Table 'Dibaj' 6-max Seat #2 is the button
Seat 1: conkris ($386.25 in chips)
Seat 2: Mordnilap ($112.66 in chips)
Mordnilap: posts small blind $1
conkris: posts big blind $3
*** HOLE CARDS ***
Mordnilap: raises $3 to $6
conkris: raises $3 to $9
Mordnilap: calls $3
*** FLOP *** [8s 2d 8h]
conkris: bets $3
Mordnilap: calls $3
*** TURN *** [8s 2d 8h] [9s]
conkris: bets $6
Mordnilap: calls $6
*** RIVER *** [8s 2d 8h 9s] [2c]
conkris: bets $6
Mordnilap: calls $6
*** SHOW DOWN ***
conkris: shows [Kd Kc] (two pair, Kings and Eights)
Mordnilap: mucks hand
conkris collected $47.50 from pot
*** SUMMARY ***
Total pot $48 | Rake $0.50
Board [8s 2d 8h 9s 2c]
Seat 1: conkris (big blind) showed [Kd Kc] and won ($47.50) with two pair, Kings and Eights
Seat 2: Mordnilap (button) (small blind) mucked


PokerStars Hand #156082082590:  Hold'em Limit ($3/$6 USD) - 2016/07/17 10:45:46 ET
Table 'Dibaj' 6-max Seat #1 is the button
Seat 1: conkris ($409.75 in chips)
Seat 2: Mordnilap ($88.66 in chips)
conkris: posts small blind $1
Mordnilap: posts big blind $3
*** HOLE CARDS ***
conkris: folds
Uncalled bet ($2) returned to Mordnilap
Mordnilap collected $2 from pot
Mordnilap: doesn't show hand
*** SUMMARY ***
Total pot $2 | Rake $0
Seat 1: conkris (button) (small blind) folded before Flop
Seat 2: Mordnilap (big blind) collected ($2)


PokerStars Hand #156082085396:  Hold'em Limit ($3/$6 USD) - 2016/07/17 10:45:50 ET
Table 'Dibaj' 6-max Seat #2 is the button
Seat 1: conkris ($408.75 in chips)
Seat 2: Mordnilap ($89.66 in chips)
Mordnilap: posts small blind $1
conkris: posts big blind $3
*** HOLE CARDS ***
Mordnilap: raises $3 to $6
conkris: folds
Uncalled bet ($3) returned to Mordnilap
Mordnilap collected $6 from pot
Mordnilap: doesn't show hand
*** SUMMARY ***
Total pot $6 | Rake $0
Seat 1: conkris (big blind) folded before Flop
Seat 2: Mordnilap (button) (small blind) collected ($6)


PokerStars Hand #156082094241:  Hold'em Limit ($3/$6 USD) - 2016/07/17 10:46:03 ET
Table 'Dibaj' 6-max Seat #1 is the button
Seat 1: conkris ($405.75 in chips)
Seat 2: Mordnilap ($92.66 in chips)
conkris: posts small blind $1
Mordnilap: posts big blind $3
*** HOLE CARDS ***
conkris: folds
Uncalled bet ($2) returned to Mordnilap
Mordnilap collected $2 from pot
Mordnilap: doesn't show hand
*** SUMMARY ***
Total pot $2 | Rake $0
Seat 1: conkris (button) (small blind) folded before Flop
Seat 2: Mordnilap (big blind) collected ($2)


PokerStars Hand #156082098374:  Hold'em Limit ($3/$6 USD) - 2016/07/17 10:46:10 ET
Table 'Dibaj' 6-max Seat #2 is the button
Seat 1: conkris ($404.75 in chips)
Seat 2: Mordnilap ($93.66 in chips)
Mordnilap: posts small blind $1
conkris: posts big blind $3
*** HOLE CARDS ***
Mordnilap: raises $3 to $6
conkris: folds
Uncalled bet ($3) returned to Mordnilap
Mordnilap collected $6 from pot
Mordnilap: doesn't show hand
*** SUMMARY ***
Total pot $6 | Rake $0
Seat 1: conkris (big blind) folded before Flop
Seat 2: Mordnilap (button) (small blind) collected ($6)


PokerStars Hand #156082103585:  Hold'em Limit ($3/$6 USD) - 2016/07/17 10:46:18 ET
Table 'Dibaj' 6-max Seat #1 is the button
Seat 1: conkris ($401.75 in chips)
Seat 2: Mordnilap ($96.66 in chips)
conkris: posts small blind $1
Mordnilap: posts big blind $3
*** HOLE CARDS ***
conkris: raises $3 to $6
Mordnilap: calls $3
*** FLOP *** [Jc Td Js]
Mordnilap: checks
conkris: bets $3
Mordnilap: calls $3
*** TURN *** [Jc Td Js] [3h]
Mordnilap: checks
conkris: bets $6
Mordnilap: calls $6
*** RIVER *** [Jc Td Js 3h] [Ad]
Mordnilap: bets $6
conkris: calls $6
*** SHOW DOWN ***
Mordnilap: shows [As 4s] (two pair, Aces and Jacks)
conkris: mucks hand
Mordnilap collected $41.50 from pot
*** SUMMARY ***
Total pot $42 | Rake $0.50
Board [Jc Td Js 3h Ad]
Seat 1: conkris (button) (small blind) mucked
Seat 2: Mordnilap (big blind) showed [As 4s] and won ($41.50) with two pair, Aces and Jacks


PokerStars Hand #156082136931:  Hold'em Limit ($3/$6 USD) - 2016/07/17 10:46:57 ET
Table 'Dibaj' 6-max Seat #1 is the button
Seat 1: conkris ($374.75 in chips)
Seat 2: Mordnilap ($122.92 in chips)
conkris: posts small blind $1
Mordnilap: posts big blind $3
*** HOLE CARDS ***
conkris: folds
Uncalled bet ($2) returned to Mordnilap
Mordnilap collected $2 from pot
Mordnilap: doesn't show hand
*** SUMMARY ***
Total pot $2 | Rake $0
Seat 1: conkris (button) (small blind) folded before Flop
Seat 2: Mordnilap (big blind) collected ($2)


PokerStars Hand #156082115868:  Hold'em Limit ($3/$6 USD) - 2016/07/17 10:46:37 ET
Table 'Dibaj' 6-max Seat #2 is the button
Seat 1: conkris ($380.75 in chips)
Seat 2: Mordnilap ($117.16 in chips)
Mordnilap: posts small blind $1
conkris: posts big blind $3
*** HOLE CARDS ***
Mordnilap: raises $3 to $6
conkris: calls $3
*** FLOP *** [4h 4d Ac]
conkris: checks
Mordnilap: bets $3
conkris: folds
Uncalled bet ($3) returned to Mordnilap
Mordnilap collected $11.76 from pot
Mordnilap: doesn't show hand
*** SUMMARY ***
Total pot $12 | Rake $0.24
Board [4h 4d Ac]
Seat 1: conkris (big blind) folded on the Flop
Seat 2: Mordnilap (button) (small blind) collected ($11.76)


PokerStars Hand #156082143198:  Hold'em Limit ($3/$6 USD) - 2016/07/17 10:47:07 ET
Table 'Dibaj' 6-max Seat #1 is the button
Seat 1: conkris ($370.75 in chips)
Seat 2: Mordnilap ($126.92 in chips)
conkris: posts small blind $1
Mordnilap: posts big blind $3
*** HOLE CARDS ***
conkris: raises $3 to $6
Mordnilap: folds
Uncalled bet ($3) returned to conkris
conkris collected $6 from pot
conkris: doesn't show hand
*** SUMMARY ***
Total pot $6 | Rake $0
Seat 1: conkris (button) (small blind) collected ($6)
Seat 2: Mordnilap (big blind) folded before Flop


PokerStars Hand #156082139891:  Hold'em Limit ($3/$6 USD) - 2016/07/17 10:47:02 ET
Table 'Dibaj' 6-max Seat #2 is the button
Seat 1: conkris ($373.75 in chips)
Seat 2: Mordnilap ($123.92 in chips)
Mordnilap: posts small blind $1
conkris: posts big blind $3
*** HOLE CARDS ***
Mordnilap: raises $3 to $6
conkris: folds
Uncalled bet ($3) returned to Mordnilap
Mordnilap collected $6 from pot
Mordnilap: doesn't show hand
*** SUMMARY ***
Total pot $6 | Rake $0
Seat 1: conkris (big blind) folded before Flop
Seat 2: Mordnilap (button) (small blind) collected ($6)


PokerStars Hand #156082146999:  Hold'em Limit ($3/$6 USD) - 2016/07/17 10:47:13 ET
Table 'Dibaj' 6-max Seat #2 is the button
Seat 1: conkris ($373.75 in chips)
Seat 2: Mordnilap ($123.92 in chips)
Mordnilap: posts small blind $1
conkris: posts big blind $3
*** HOLE CARDS ***
Mordnilap: raises $3 to $6
conkris: folds
Uncalled bet ($3) returned to Mordnilap
Mordnilap collected $6 from pot
Mordnilap: doesn't show hand
*** SUMMARY ***
Total pot $6 | Rake $0
Seat 1: conkris (big blind) folded before Flop
Seat 2: Mordnilap (button) (small blind) collected ($6)


PokerStars Hand #156082151966:  Hold'em Limit ($3/$6 USD) - 2016/07/17 10:47:20 ET
Table 'Dibaj' 6-max Seat #1 is the button
Seat 1: conkris ($370.75 in chips)
Seat 2: Mordnilap ($126.92 in chips)
conkris: posts small blind $1
Mordnilap: posts big blind $3
*** HOLE CARDS ***
conkris: raises $3 to $6
Mordnilap: calls $3
*** FLOP *** [9h 6h Ac]
Mordnilap: checks
conkris: checks
*** TURN *** [9h 6h Ac] [6s]
Mordnilap: bets $6
conkris: folds
Uncalled bet ($6) returned to Mordnilap
Mordnilap collected $11.76 from pot
Mordnilap: doesn't show hand
*** SUMMARY ***
Total pot $12 | Rake $0.24
Board [9h 6h Ac 6s]
Seat 1: conkris (button) (small blind) folded on the Turn
Seat 2: Mordnilap (big blind) collected ($11.76)


PokerStars Hand #156082159620:  Hold'em Limit ($3/$6 USD) - 2016/07/17 10:47:32 ET
Table 'Dibaj' 6-max Seat #2 is the button
Seat 1: conkris ($364.75 in chips)
Seat 2: Mordnilap ($132.68 in chips)
Mordnilap: posts small blind $1
conkris: posts big blind $3
*** HOLE CARDS ***
Mordnilap: raises $3 to $6
conkris: folds
Uncalled bet ($3) returned to Mordnilap
Mordnilap collected $6 from pot
Mordnilap: doesn't show hand
*** SUMMARY ***
Total pot $6 | Rake $0
Seat 1: conkris (big blind) folded before Flop
Seat 2: Mordnilap (button) (small blind) collected ($6)


PokerStars Hand #156082163843:  Hold'em Limit ($3/$6 USD) - 2016/07/17 10:47:39 ET
Table 'Dibaj' 6-max Seat #1 is the button
Seat 1: conkris ($361.75 in chips)
Seat 2: Mordnilap ($135.68 in chips)
conkris: posts small blind $1
Mordnilap: posts big blind $3
*** HOLE CARDS ***
conkris: raises $3 to $6
Mordnilap: calls $3
*** FLOP *** [Th Ah 4h]
Mordnilap: checks
conkris: checks
*** TURN *** [Th Ah 4h] [Qd]
Mordnilap: checks
conkris: checks
*** RIVER *** [Th Ah 4h Qd] [5h]
Mordnilap: checks
conkris: checks
*** SHOW DOWN ***
Mordnilap: shows [7s 2s] (high card Ace)
conkris: shows [8c 9c] (high card Ace - Queen+Ten+Nine kicker)
conkris collected $11.76 from pot
*** SUMMARY ***
Total pot $12 | Rake $0.24
Board [Th Ah 4h Qd 5h]
Seat 1: conkris (button) (small blind) showed [8c 9c] and won ($11.76) with high card Ace
Seat 2: Mordnilap (big blind) showed [7s 2s] and lost with high card Ace


PokerStars Hand #156082184629:  Hold'em Limit ($3/$6 USD) - 2016/07/17 10:48:11 ET
Table 'Dibaj' 6-max Seat #1 is the button
Seat 1: conkris ($361.51 in chips)
Seat 2: Mordnilap ($135.44 in chips)
conkris: posts small blind $1
Mordnilap: posts big blind $3
*** HOLE CARDS ***
conkris: folds
Uncalled bet ($2) returned to Mordnilap
Mordnilap collected $2 from pot
Mordnilap: doesn't show hand
*** SUMMARY ***
Total pot $2 | Rake $0
Seat 1: conkris (button) (small blind) folded before Flop
Seat 2: Mordnilap (big blind) collected ($2)


PokerStars Hand #156082175698:  Hold'em Limit ($3/$6 USD) - 2016/07/17 10:47:57 ET
Table 'Dibaj' 6-max Seat #2 is the button
Seat 1: conkris ($367.51 in chips)
Seat 2: Mordnilap ($129.68 in chips)
Mordnilap: posts small blind $1
conkris: posts big blind $3
*** HOLE CARDS ***
Mordnilap: raises $3 to $6
conkris: calls $3
*** FLOP *** [Kh 4h Kd]
conkris: checks
Mordnilap: bets $3
conkris: folds
Uncalled bet ($3) returned to Mordnilap
Mordnilap collected $11.76 from pot
Mordnilap: doesn't show hand
*** SUMMARY ***
Total pot $12 | Rake $0.24
Board [Kh 4h Kd]
Seat 1: conkris (big blind) folded on the Flop
Seat 2: Mordnilap (button) (small blind) collected ($11.76)


PokerStars Hand #156082187427:  Hold'em Limit ($3/$6 USD) - 2016/07/17 10:48:15 ET
Table 'Dibaj' 6-max Seat #2 is the button
Seat 1: conkris ($360.51 in chips)
Seat 2: Mordnilap ($136.44 in chips)
Mordnilap: posts small blind $1
conkris: posts big blind $3
*** HOLE CARDS ***
Mordnilap: raises $3 to $6
conkris: raises $3 to $9
Mordnilap: calls $3
*** FLOP *** [8h Kc 3h]
conkris: checks
Mordnilap: bets $3
conkris: calls $3
*** TURN *** [8h Kc 3h] [Ac]
conkris: checks
Mordnilap: checks
*** RIVER *** [8h Kc 3h Ac] [Tc]
conkris: bets $6
Mordnilap: folds
Uncalled bet ($6) returned to conkris
conkris collected $23.52 from pot
conkris: doesn't show hand
*** SUMMARY ***
Total pot $24 | Rake $0.48
Board [8h Kc 3h Ac Tc]
Seat 1: conkris (big blind) collected ($23.52)
Seat 2: Mordnilap (button) (small blind) folded on the River


PokerStars Hand #156082211479:  Hold'em Limit ($3/$6 USD) - 2016/07/17 10:48:52 ET
Table 'Dibaj' 6-max Seat #1 is the button
Seat 1: conkris ($372.03 in chips)
Seat 2: Mordnilap ($124.44 in chips)
conkris: posts small blind $1
Mordnilap: posts big blind $3
*** HOLE CARDS ***
conkris: raises $3 to $6
Mordnilap: folds
Uncalled bet ($3) returned to conkris
conkris collected $6 from pot
conkris: doesn't show hand
*** SUMMARY ***
Total pot $6 | Rake $0
Seat 1: conkris (button) (small blind) collected ($6)
Seat 2: Mordnilap (big blind) folded before Flop


PokerStars Hand #156082236386:  Hold'em Limit ($3/$6 USD) - 2016/07/17 10:49:31 ET
Table 'Dibaj' 6-max Seat #1 is the button
Seat 1: conkris ($372.03 in chips)
Seat 2: Mordnilap ($124.44 in chips)
conkris: posts small blind $1
Mordnilap: posts big blind $3
*** HOLE CARDS ***
conkris: folds
Uncalled bet ($2) returned to Mordnilap
Mordnilap collected $2 from pot
Mordnilap: doesn't show hand
*** SUMMARY ***
Total pot $2 | Rake $0
Seat 1: conkris (button) (small blind) folded before Flop
Seat 2: Mordnilap (big blind) collected ($2)


PokerStars Hand #156082231374:  Hold'em Limit ($3/$6 USD) - 2016/07/17 10:49:23 ET
Table 'Dibaj' 6-max Seat #2 is the button
Seat 1: conkris ($375.03 in chips)
Seat 2: Mordnilap ($121.44 in chips)
Mordnilap: posts small blind $1
conkris: posts big blind $3
*** HOLE CARDS ***
Mordnilap: raises $3 to $6
conkris: folds
Uncalled bet ($3) returned to Mordnilap
Mordnilap collected $6 from pot
Mordnilap: doesn't show hand
*** SUMMARY ***
Total pot $6 | Rake $0
Seat 1: conkris (big blind) folded before Flop
Seat 2: Mordnilap (button) (small blind) collected ($6)


PokerStars Hand #156082239598:  Hold'em Limit ($3/$6 USD) - 2016/07/17 10:49:35 ET
Table 'Dibaj' 6-max Seat #2 is the button
Seat 1: conkris ($371.03 in chips)
Seat 2: Mordnilap ($125.44 in chips)
Mordnilap: posts small blind $1
conkris: posts big blind $3
*** HOLE CARDS ***
Mordnilap: raises $3 to $6
conkris: folds
Uncalled bet ($3) returned to Mordnilap
Mordnilap collected $6 from pot
Mordnilap: doesn't show hand
*** SUMMARY ***
Total pot $6 | Rake $0
Seat 1: conkris (big blind) folded before Flop
Seat 2: Mordnilap (button) (small blind) collected ($6)


PokerStars Hand #156082243864:  Hold'em Limit ($3/$6 USD) - 2016/07/17 10:49:42 ET
Table 'Dibaj' 6-max Seat #1 is the button
Seat 1: conkris ($368.03 in chips)
Seat 2: Mordnilap ($128.44 in chips)
conkris: posts small blind $1
Mordnilap: posts big blind $3
*** HOLE CARDS ***
conkris: calls $2
Mordnilap: raises $3 to $6
conkris: calls $3
*** FLOP *** [5d Qc 4h]
Mordnilap: bets $3
conkris: calls $3
*** TURN *** [5d Qc 4h] [2s]
Mordnilap: checks
conkris: bets $6
Mordnilap: calls $6
*** RIVER *** [5d Qc 4h 2s] [Ah]
Mordnilap: checks
conkris: bets $6
Mordnilap: calls $6
*** SHOW DOWN ***
conkris: shows [Qs 7d] (a pair of Queens)
Mordnilap: mucks hand
conkris collected $41.50 from pot
*** SUMMARY ***
Total pot $42 | Rake $0.50
Board [5d Qc 4h 2s Ah]
Seat 1: conkris (button) (small blind) showed [Qs 7d] and won ($41.50) with a pair of Queens
Seat 2: Mordnilap (big blind) mucked


PokerStars Hand #156082262007:  Hold'em Limit ($3/$6 USD) - 2016/07/17 10:50:10 ET
Table 'Dibaj' 6-max Seat #2 is the button
Seat 1: conkris ($388.53 in chips)
Seat 2: Mordnilap ($107.44 in chips)
Mordnilap: posts small blind $1
conkris: posts big blind $3
*** HOLE CARDS ***
Mordnilap: raises $3 to $6
conkris: calls $3
*** FLOP *** [7h 7d 9h]
conkris: checks
Mordnilap: bets $3
conkris: calls $3
*** TURN *** [7h 7d 9h] [5d]
conkris: checks
Mordnilap: bets $6
conkris: calls $6
*** RIVER *** [7h 7d 9h 5d] [9s]
conkris: checks
Mordnilap: bets $6
conkris: calls $6
*** SHOW DOWN ***
Mordnilap: shows [4c 9c] (a full house, Nines full of Sevens)
conkris: mucks hand
Mordnilap collected $41.50 from pot
*** SUMMARY ***
Total pot $42 | Rake $0.50
Board [7h 7d 9h 5d 9s]
Seat 1: conkris (big blind) mucked
Seat 2: Mordnilap (button) (small blind) showed [4c 9c] and won ($41.50) with a full house, Nines full of Sevens


PokerStars Hand #156082282493:  Hold'em Limit ($3/$6 USD) - 2016/07/17 10:50:41 ET
Table 'Dibaj' 6-max Seat #1 is the button
Seat 1: conkris ($367.53 in chips)
Seat 2: Mordnilap ($127.94 in chips)
conkris: posts small blind $1
Mordnilap: posts big blind $3
*** HOLE CARDS ***
conkris: calls $2
Mordnilap: raises $3 to $6
conkris: calls $3
*** FLOP *** [Ah 4c 2d]
Mordnilap: bets $3
conkris: folds
Uncalled bet ($3) returned to Mordnilap
Mordnilap collected $11.76 from pot
Mordnilap: doesn't show hand
*** SUMMARY ***
Total pot $12 | Rake $0.24
Board [Ah 4c 2d]
Seat 1: conkris (button) (small blind) folded on the Flop
Seat 2: Mordnilap (big blind) collected ($11.76)


PokerStars Hand #156082312242:  Hold'em Limit ($3/$6 USD) - 2016/07/17 10:51:27 ET
Table 'Dibaj' 6-max Seat #1 is the button
Seat 1: conkris ($340.53 in chips)
Seat 2: Mordnilap ($154.20 in chips)
conkris: posts small blind $1
Mordnilap: posts big blind $3
*** HOLE CARDS ***
conkris: folds
Uncalled bet ($2) returned to Mordnilap
Mordnilap collected $2 from pot
Mordnilap: doesn't show hand
*** SUMMARY ***
Total pot $2 | Rake $0
Seat 1: conkris (button) (small blind) folded before Flop
Seat 2: Mordnilap (big blind) collected ($2)


PokerStars Hand #156082296645:  Hold'em Limit ($3/$6 USD) - 2016/07/17 10:51:03 ET
Table 'Dibaj' 6-max Seat #2 is the button
Seat 1: conkris ($361.53 in chips)
Seat 2: Mordnilap ($133.70 in chips)
Mordnilap: posts small blind $1
conkris: posts big blind $3
*** HOLE CARDS ***
Mordnilap: raises $3 to $6
conkris: calls $3
*** FLOP *** [Jh 8h 3h]
conkris: bets $3
Mordnilap: calls $3
*** TURN *** [Jh 8h 3h] [4h]
conkris: bets $6
Mordnilap: calls $6
*** RIVER *** [Jh 8h 3h 4h] [2c]
conkris: bets $6
Mordnilap: calls $6
*** SHOW DOWN ***
conkris: shows [5d Jd] (a pair of Jacks)
Mordnilap: shows [8c 3d] (two pair, Eights and Threes)
Mordnilap collected $41.50 from pot
*** SUMMARY ***
Total pot $42 | Rake $0.50
Board [Jh 8h 3h 4h 2c]
Seat 1: conkris (big blind) showed [5d Jd] and lost with a pair of Jacks
Seat 2: Mordnilap (button) (small blind) showed [8c 3d] and won ($41.50) with two pair, Eights and Threes


PokerStars Hand #156082315025:  Hold'em Limit ($3/$6 USD) - 2016/07/17 10:51:32 ET
Table 'Dibaj' 6-max Seat #2 is the button
Seat 1: conkris ($339.53 in chips)
Seat 2: Mordnilap ($155.20 in chips)
Mordnilap: posts small blind $1
conkris: posts big blind $3
*** HOLE CARDS ***
Mordnilap: raises $3 to $6
conkris: folds
Uncalled bet ($3) returned to Mordnilap
Mordnilap collected $6 from pot
Mordnilap: doesn't show hand
*** SUMMARY ***
Total pot $6 | Rake $0
Seat 1: conkris (big blind) folded before Flop
Seat 2: Mordnilap (button) (small blind) collected ($6)


PokerStars Hand #156082320384:  Hold'em Limit ($3/$6 USD) - 2016/07/17 10:51:40 ET
Table 'Dibaj' 6-max Seat #1 is the button
Seat 1: conkris ($336.53 in chips)
Seat 2: Mordnilap ($158.20 in chips)
conkris: posts small blind $1
Mordnilap: posts big blind $3
*** HOLE CARDS ***
conkris: folds
Uncalled bet ($2) returned to Mordnilap
Mordnilap collected $2 from pot
Mordnilap: doesn't show hand
*** SUMMARY ***
Total pot $2 | Rake $0
Seat 1: conkris (button) (small blind) folded before Flop
Seat 2: Mordnilap (big blind) collected ($2)


PokerStars Hand #156082326149:  Hold'em Limit ($3/$6 USD) - 2016/07/17 10:51:49 ET
Table 'Dibaj' 6-max Seat #2 is the button
Seat 1: conkris ($335.53 in chips)
Seat 2: Mordnilap ($159.20 in chips)
Mordnilap: posts small blind $1
conkris: posts big blind $3
*** HOLE CARDS ***
Mordnilap: raises $3 to $6
conkris: calls $3
*** FLOP *** [2d Th 8s]
conkris: checks
Mordnilap: bets $3
conkris: calls $3
*** TURN *** [2d Th 8s] [6h]
conkris: checks
Mordnilap: bets $6
conkris: folds
Uncalled bet ($6) returned to Mordnilap
Mordnilap collected $17.64 from pot
Mordnilap: doesn't show hand
*** SUMMARY ***
Total pot $18 | Rake $0.36
Board [2d Th 8s 6h]
Seat 1: conkris (big blind) folded on the Turn
Seat 2: Mordnilap (button) (small blind) collected ($17.64)


PokerStars Hand #156082335313:  Hold'em Limit ($3/$6 USD) - 2016/07/17 10:52:03 ET
Table 'Dibaj' 6-max Seat #1 is the button
Seat 1: conkris ($326.53 in chips)
Seat 2: Mordnilap ($167.84 in chips)
conkris: posts small blind $1
Mordnilap: posts big blind $3
*** HOLE CARDS ***
conkris: raises $3 to $6
Mordnilap: calls $3
*** FLOP *** [Kh 4s 4c]
Mordnilap: checks
conkris: bets $3
Mordnilap: calls $3
*** TURN *** [Kh 4s 4c] [2s]
Mordnilap: checks
conkris: checks
*** RIVER *** [Kh 4s 4c 2s] [2d]
Agrotait joins the table at seat #6
Mordnilap: bets $6
conkris: calls $6
*** SHOW DOWN ***
Mordnilap: shows [Kd 3s] (two pair, Kings and Fours)
conkris: mucks hand
Mordnilap collected $29.50 from pot
*** SUMMARY ***
Total pot $30 | Rake $0.50
Board [Kh 4s 4c 2s 2d]
Seat 1: conkris (button) (small blind) mucked
Seat 2: Mordnilap (big blind) showed [Kd 3s] and won ($29.50) with two pair, Kings and Fours


PokerStars Hand #156082429290:  Hold'em Limit ($3/$6 USD) - 2016/07/17 10:54:28 ET
Table 'Dibaj' 6-max Seat #6 is the button
Seat 2: Mordnilap ($193.23 in chips)
Seat 6: Agrotait ($77.92 in chips)
jvc336 will be allowed to play after the button
Jigorek1989 will be allowed to play after the button
Agrotait: posts small blind $1
Mordnilap: posts big blind $3
*** HOLE CARDS ***
Agrotait: raises $3 to $6
Mordnilap: calls $3
*** FLOP *** [Ts 4d Qd]
Mordnilap: checks
Agrotait: bets $3
Mordnilap: raises $3 to $6
Agrotait: calls $3
*** TURN *** [Ts 4d Qd] [5d]
Mordnilap: bets $6
Agrotait: folds
Uncalled bet ($6) returned to Mordnilap
Mordnilap collected $23.52 from pot
Mordnilap: doesn't show hand
*** SUMMARY ***
Total pot $24 | Rake $0.48
Board [Ts 4d Qd 5d]
Seat 2: Mordnilap (big blind) collected ($23.52)
Seat 6: Agrotait (button) (small blind) folded on the Turn


PokerStars Hand #156082560441:  Hold'em Limit ($3/$6 USD) - 2016/07/17 10:58:35 ET
Table 'Dibaj' 6-max Seat #4 is the button
Seat 3: jvc336 ($61.53 in chips)
Seat 4: Jigorek1989 ($160.71 in chips)
Jigorek1989: posts small blind $1
Mordnilap: is sitting out
jvc336: posts big blind $3
*** HOLE CARDS ***
Jigorek1989: raises $3 to $6
jvc336: calls $3
*** FLOP *** [Qh 6c Ad]
jvc336: checks
Jigorek1989: bets $3
jvc336: calls $3
*** TURN *** [Qh 6c Ad] [3h]
jvc336: checks
Jigorek1989: bets $6
jvc336: calls $6
*** RIVER *** [Qh 6c Ad 3h] [8d]
jvc336: checks
Jigorek1989: bets $6
jvc336: calls $6
*** SHOW DOWN ***
Jigorek1989: shows [Qs 9h] (a pair of Queens)
jvc336: shows [As 4c] (a pair of Aces)
jvc336 collected $41.50 from pot
*** SUMMARY ***
Total pot $42 | Rake $0.50
Board [Qh 6c Ad 3h 8d]
Seat 3: jvc336 (big blind) showed [As 4c] and won ($41.50) with a pair of Aces
Seat 4: Jigorek1989 (button) (small blind) showed [Qs 9h] and lost with a pair of Queens


