PokerStars Hand #151232387467:  Hold'em Limit ($3/$6 USD) - 2016/03/31 15:57:52 ET
Table 'Dibaj II' 10-max Seat #4 is the button
Seat 4: agentbond007 ($95.52 in chips)
Seat 5: simper11 ($143.50 in chips)
agentbond007: posts small blind $1
simper11: posts big blind $3
*** HOLE CARDS ***
agentbond007: raises $3 to $6
simper11: calls $3
*** FLOP *** [5h Ah 7c]
simper11: checks
agentbond007: bets $3
simper11: calls $3
*** TURN *** [5h Ah 7c] [Ts]
simper11: checks
agentbond007: checks
*** RIVER *** [5h Ah 7c Ts] [7h]
simper11: bets $6
agentbond007: folds
Uncalled bet ($6) returned to simper11
simper11 collected $17.64 from pot
simper11: doesn't show hand
*** SUMMARY ***
Total pot $18 | Rake $0.36
Board [5h Ah 7c Ts 7h]
Seat 4: agentbond007 (button) (small blind) folded on the River
Seat 5: simper11 (big blind) collected ($17.64)


PokerStars Hand #151232378172:  Hold'em Limit ($3/$6 USD) - 2016/03/31 15:57:41 ET
Table 'Dibaj II' 10-max Seat #5 is the button
Seat 4: agentbond007 ($84 in chips)
Seat 5: simper11 ($155.50 in chips)
simper11: posts small blind $1
agentbond007: posts big blind $3
*** HOLE CARDS ***
simper11: raises $3 to $6
agentbond007: raises $3 to $9
simper11: calls $3
*** FLOP *** [7h As 8d]
agentbond007: bets $3
simper11: calls $3
*** TURN *** [7h As 8d] [Qd]
agentbond007: bets $6
simper11: folds
Uncalled bet ($6) returned to agentbond007
agentbond007 collected $23.52 from pot
agentbond007: doesn't show hand
*** SUMMARY ***
Total pot $24 | Rake $0.48
Board [7h As 8d Qd]
Seat 4: agentbond007 (big blind) collected ($23.52)
Seat 5: simper11 (button) (small blind) folded on the Turn


PokerStars Hand #151232412336:  Hold'em Limit ($3/$6 USD) - 2016/03/31 15:58:23 ET
Table 'Dibaj II' 10-max Seat #4 is the button
Seat 4: agentbond007 ($84.52 in chips)
Seat 5: simper11 ($153.90 in chips)
agentbond007: posts small blind $1
simper11: posts big blind $3
*** HOLE CARDS ***
agentbond007: raises $3 to $6
simper11: raises $3 to $9
agentbond007: calls $3
*** FLOP *** [8h Js Kc]
simper11: bets $3
PinkTaxa joins the table at seat #9
agentbond007: folds
Uncalled bet ($3) returned to simper11
simper11 collected $17.64 from pot
simper11: doesn't show hand
*** SUMMARY ***
Total pot $18 | Rake $0.36
Board [8h Js Kc]
Seat 4: agentbond007 (button) (small blind) folded on the Flop
Seat 5: simper11 (big blind) collected ($17.64)


PokerStars Hand #151232408439:  Hold'em Limit ($3/$6 USD) - 2016/03/31 15:58:18 ET
Table 'Dibaj II' 10-max Seat #5 is the button
Seat 4: agentbond007 ($83.52 in chips)
Seat 5: simper11 ($154.90 in chips)
simper11: posts small blind $1
agentbond007: posts big blind $3
*** HOLE CARDS ***
simper11: folds
Uncalled bet ($2) returned to agentbond007
agentbond007 collected $2 from pot
agentbond007: doesn't show hand
*** SUMMARY ***
Total pot $2 | Rake $0
Seat 4: agentbond007 (big blind) collected ($2)
Seat 5: simper11 (button) (small blind) folded before Flop


PokerStars Hand #151232404158:  Hold'em Limit ($3/$6 USD) - 2016/03/31 15:58:13 ET
Table 'Dibaj II' 10-max Seat #4 is the button
Seat 4: agentbond007 ($80.52 in chips)
Seat 5: simper11 ($157.90 in chips)
agentbond007: posts small blind $1
simper11: posts big blind $3
*** HOLE CARDS ***
agentbond007: raises $3 to $6
simper11: folds
Uncalled bet ($3) returned to agentbond007
agentbond007 collected $6 from pot
agentbond007: doesn't show hand
*** SUMMARY ***
Total pot $6 | Rake $0
Seat 4: agentbond007 (button) (small blind) collected ($6)
Seat 5: simper11 (big blind) folded before Flop


PokerStars Hand #151232397724:  Hold'em Limit ($3/$6 USD) - 2016/03/31 15:58:05 ET
Table 'Dibaj II' 10-max Seat #5 is the button
Seat 4: agentbond007 ($86.52 in chips)
Seat 5: simper11 ($152.14 in chips)
simper11: posts small blind $1
agentbond007: posts big blind $3
*** HOLE CARDS ***
simper11: raises $3 to $6
agentbond007: calls $3
*** FLOP *** [7c 7s Qc]
agentbond007: checks
simper11: bets $3
agentbond007: folds
Uncalled bet ($3) returned to simper11
simper11 collected $11.76 from pot
simper11: doesn't show hand
*** SUMMARY ***
Total pot $12 | Rake $0.24
Board [7c 7s Qc]
Seat 4: agentbond007 (big blind) folded on the Flop
Seat 5: simper11 (button) (small blind) collected ($11.76)


PokerStars Hand #151232783383:  Hold'em Limit ($3/$6 USD) - 2016/03/31 16:04:56 ET
Table 'Dibaj II' 10-max Seat #6 is the button
Seat 4: agentbond007 ($55.63 in chips)
Seat 6: liolilove ($72 in chips)
liolilove: posts small blind $1
agentbond007: posts big blind $3
*** HOLE CARDS ***
liolilove: folds
Uncalled bet ($2) returned to agentbond007
agentbond007 collected $2 from pot
agentbond007: doesn't show hand
*** SUMMARY ***
Total pot $2 | Rake $0
Seat 4: agentbond007 (big blind) collected ($2)
Seat 6: liolilove (button) (small blind) folded before Flop


PokerStars Hand #151232771466:  Hold'em Limit ($3/$6 USD) - 2016/03/31 16:04:44 ET
Table 'Dibaj II' 10-max Seat #4 is the button
Seat 4: agentbond007 ($52.63 in chips)
Seat 6: liolilove ($72 in chips)
agentbond007: posts small blind $1
liolilove: posts big blind $3
*** HOLE CARDS ***
agentbond007: raises $3 to $6
liolilove: folds
Uncalled bet ($3) returned to agentbond007
agentbond007 collected $6 from pot
agentbond007: doesn't show hand
*** SUMMARY ***
Total pot $6 | Rake $0
Seat 4: agentbond007 (button) (small blind) collected ($6)
Seat 6: liolilove (big blind) folded before Flop


PokerStars Hand #151232762632:  Hold'em Limit ($3/$6 USD) - 2016/03/31 16:04:35 ET
Table 'Dibaj II' 10-max Seat #6 is the button
Seat 4: agentbond007 ($51.63 in chips)
Seat 6: liolilove ($72 in chips)
liolilove: posts small blind $1
vestimokrec: is sitting out
agentbond007: posts big blind $3
*** HOLE CARDS ***
vestimokrec leaves the table
liolilove: folds
Uncalled bet ($2) returned to agentbond007
agentbond007 collected $2 from pot
agentbond007: doesn't show hand
*** SUMMARY ***
Total pot $2 | Rake $0
Seat 4: agentbond007 (big blind) collected ($2)
Seat 6: liolilove (button) (small blind) folded before Flop


