PokerStars Hand #171330974680:  Hold'em Limit ($3/$6 USD) - 2017/06/04 11:05:08 ET
Table 'Dibaj' 6-max Seat #3 is the button
Seat 3: nedo1414 ($236.63 in chips)
Seat 5: belik555 ($118.76 in chips)
nedo1414: posts small blind $1
belik555: posts big blind $3
*** HOLE CARDS ***
nedo1414: folds
Uncalled bet ($2) returned to belik555
belik555 collected $2 from pot
belik555: doesn't show hand
*** SUMMARY ***
Total pot $2 | Rake $0
Seat 3: nedo1414 (button) (small blind) folded before Flop
Seat 5: belik555 (big blind) collected ($2)


PokerStars Hand #171330958689:  Hold'em Limit ($3/$6 USD) - 2017/06/04 11:04:45 ET
Table 'Dibaj' 6-max Seat #5 is the button
Seat 3: nedo1414 ($227.99 in chips)
Seat 5: belik555 ($127.76 in chips)
belik555: posts small blind $1
nedo1414: posts big blind $3
*** HOLE CARDS ***
belik555: raises $3 to $6
nedo1414: calls $3
*** FLOP *** [Ac 4d Kh]
nedo1414: checks
belik555: bets $3
nedo1414: calls $3
*** TURN *** [Ac 4d Kh] [5h]
nedo1414: checks
belik555: checks
*** RIVER *** [Ac 4d Kh 5h] [Ks]
nedo1414: bets $6
belik555: folds
Uncalled bet ($6) returned to nedo1414
nedo1414 collected $17.64 from pot
nedo1414: doesn't show hand
*** SUMMARY ***
Total pot $18 | Rake $0.36
Board [Ac 4d Kh 5h Ks]
Seat 3: nedo1414 (big blind) collected ($17.64)
Seat 5: belik555 (button) (small blind) folded on the River


PokerStars Hand #171330994842:  Hold'em Limit ($3/$6 USD) - 2017/06/04 11:05:36 ET
Table 'Dibaj' 6-max Seat #3 is the button
Seat 3: nedo1414 ($229.63 in chips)
Seat 5: belik555 ($125.52 in chips)
nedo1414: posts small blind $1
belik555: posts big blind $3
*** HOLE CARDS ***
nedo1414: folds
Uncalled bet ($2) returned to belik555
belik555 collected $2 from pot
belik555: doesn't show hand
*** SUMMARY ***
Total pot $2 | Rake $0
Seat 3: nedo1414 (button) (small blind) folded before Flop
Seat 5: belik555 (big blind) collected ($2)


PokerStars Hand #171330977915:  Hold'em Limit ($3/$6 USD) - 2017/06/04 11:05:12 ET
Table 'Dibaj' 6-max Seat #5 is the button
Seat 3: nedo1414 ($235.63 in chips)
Seat 5: belik555 ($119.76 in chips)
belik555: posts small blind $1
nedo1414: posts big blind $3
*** HOLE CARDS ***
belik555: raises $3 to $6
nedo1414: calls $3
*** FLOP *** [Kd 4d Qd]
nedo1414: checks
belik555: bets $3
nedo1414: folds
Uncalled bet ($3) returned to belik555
belik555 collected $11.76 from pot
belik555: doesn't show hand
*** SUMMARY ***
Total pot $12 | Rake $0.24
Board [Kd 4d Qd]
Seat 3: nedo1414 (big blind) folded on the Flop
Seat 5: belik555 (button) (small blind) collected ($11.76)


PokerStars Hand #171331034651:  Hold'em Limit ($3/$6 USD) - 2017/06/04 11:06:32 ET
Table 'Dibaj' 6-max Seat #3 is the button
Seat 3: nedo1414 ($237.27 in chips)
Seat 5: belik555 ($117.52 in chips)
nedo1414: posts small blind $1
belik555: posts big blind $3
*** HOLE CARDS ***
nedo1414: raises $3 to $6
belik555: calls $3
*** FLOP *** [Ts Kc 5s]
belik555: checks
nedo1414: bets $3
belik555: raises $3 to $6
nedo1414: calls $3
*** TURN *** [Ts Kc 5s] [9d]
belik555: bets $6
nedo1414: calls $6
*** RIVER *** [Ts Kc 5s 9d] [6d]
belik555: bets $6
nedo1414: calls $6
*** SHOW DOWN ***
belik555: shows [9s Td] (two pair, Tens and Nines)
nedo1414: mucks hand
belik555 collected $47.50 from pot
*** SUMMARY ***
Total pot $48 | Rake $0.50
Board [Ts Kc 5s 9d 6d]
Seat 3: nedo1414 (button) (small blind) mucked
Seat 5: belik555 (big blind) showed [9s Td] and won ($47.50) with two pair, Tens and Nines


PokerStars Hand #171330998023:  Hold'em Limit ($3/$6 USD) - 2017/06/04 11:05:40 ET
Table 'Dibaj' 6-max Seat #5 is the button
Seat 3: nedo1414 ($228.63 in chips)
Seat 5: belik555 ($126.52 in chips)
belik555: posts small blind $1
nedo1414: posts big blind $3
*** HOLE CARDS ***
belik555: raises $3 to $6
nedo1414: calls $3
*** FLOP *** [Qs Ks 9c]
nedo1414: checks
belik555: bets $3
nedo1414: calls $3
*** TURN *** [Qs Ks 9c] [Qh]
nedo1414: checks
boriskloris joins the table at seat #6
kolaz03 joins the table at seat #1
nedo1414 said, "?"
nedo1414 said, "why slow?"
belik555: checks
*** RIVER *** [Qs Ks 9c Qh] [4h]
nedo1414 said, "why?¨"
nedo1414: bets $6
belik555: folds
Uncalled bet ($6) returned to nedo1414
nedo1414 collected $17.64 from pot
nedo1414: doesn't show hand
*** SUMMARY ***
Total pot $18 | Rake $0.36
Board [Qs Ks 9c Qh 4h]
Seat 3: nedo1414 (big blind) collected ($17.64)
Seat 5: belik555 (button) (small blind) folded on the River


