PokerStars Hand #161893456963:  Hold'em Limit ($3/$6 USD) - 2016/11/24 12:12:08 ET
Table 'Dibaj' 6-max Seat #3 is the button
Seat 1: assitoni ($72 in chips)
Seat 3: zzzloy0408 ($52.64 in chips)
zzzloy0408: posts small blind $1
assitoni: posts big blind $3
*** HOLE CARDS ***
zzzloy0408: folds
Uncalled bet ($2) returned to assitoni
assitoni collected $2 from pot
assitoni: doesn't show hand
*** SUMMARY ***
Total pot $2 | Rake $0
Seat 1: assitoni (big blind) collected ($2)
Seat 3: zzzloy0408 (button) (small blind) folded before Flop


PokerStars Hand #161893437123:  Hold'em Limit ($3/$6 USD) - 2016/11/24 12:11:44 ET
Table 'Dibaj' 6-max Seat #1 is the button
Seat 1: assitoni ($72 in chips)
Seat 3: zzzloy0408 ($44 in chips)
assitoni: posts small blind $1
zzzloy0408: posts big blind $3
*** HOLE CARDS ***
assitoni: raises $3 to $6
zzzloy0408: calls $3
*** FLOP *** [4c 4d 9c]
zzzloy0408: checks
assitoni: bets $3
zzzloy0408: raises $3 to $6
assitoni: folds
Uncalled bet ($3) returned to zzzloy0408
zzzloy0408 collected $17.64 from pot
*** SUMMARY ***
Total pot $18 | Rake $0.36
Board [4c 4d 9c]
Seat 1: assitoni (button) (small blind) folded on the Flop
Seat 3: zzzloy0408 (big blind) collected ($17.64)


PokerStars Hand #161893461595:  Hold'em Limit ($3/$6 USD) - 2016/11/24 12:12:14 ET
Table 'Dibaj' 6-max Seat #1 is the button
Seat 1: assitoni ($73 in chips)
Seat 3: zzzloy0408 ($51.64 in chips)
assitoni: posts small blind $1
zzzloy0408: posts big blind $3
*** HOLE CARDS ***
assitoni: folds
Uncalled bet ($2) returned to zzzloy0408
zzzloy0408 collected $2 from pot
*** SUMMARY ***
Total pot $2 | Rake $0
Seat 1: assitoni (button) (small blind) folded before Flop
Seat 3: zzzloy0408 (big blind) collected ($2)


PokerStars Hand #161894494755:  Hold'em Limit ($3/$6 USD) - 2016/11/24 12:33:15 ET
Table 'Dibaj' 6-max Seat #3 is the button
Seat 3: parnishka11 ($32.71 in chips)
Seat 5: perten ($59.60 in chips)
parnishka11: posts small blind $1
perten: posts big blind $3
*** HOLE CARDS ***
parnishka11: folds
Uncalled bet ($2) returned to perten
perten collected $2 from pot
perten: doesn't show hand
*** SUMMARY ***
Total pot $2 | Rake $0
Seat 3: parnishka11 (button) (small blind) folded before Flop
Seat 5: perten (big blind) collected ($2)


PokerStars Hand #161894499084:  Hold'em Limit ($3/$6 USD) - 2016/11/24 12:33:20 ET
Table 'Dibaj' 6-max Seat #5 is the button
Seat 3: parnishka11 ($31.71 in chips)
Seat 5: perten ($60.60 in chips)
perten: posts small blind $1
parnishka11: posts big blind $3
*** HOLE CARDS ***
perten: raises $3 to $6
parnishka11: raises $3 to $9
perten: calls $3
*** FLOP *** [3s Ac 9c]
parnishka11: bets $3
perten: folds
Uncalled bet ($3) returned to parnishka11
parnishka11 collected $17.64 from pot
*** SUMMARY ***
Total pot $18 | Rake $0.36
Board [3s Ac 9c]
Seat 3: parnishka11 (big blind) collected ($17.64)
Seat 5: perten (button) (small blind) folded on the Flop


PokerStars Hand #161894508153:  Hold'em Limit ($3/$6 USD) - 2016/11/24 12:33:31 ET
Table 'Dibaj' 6-max Seat #3 is the button
Seat 3: parnishka11 ($40.35 in chips)
Seat 5: perten ($51.60 in chips)
parnishka11: posts small blind $1
perten: posts big blind $3
*** HOLE CARDS ***
parnishka11: folds
Uncalled bet ($2) returned to perten
perten collected $2 from pot
perten: doesn't show hand
*** SUMMARY ***
Total pot $2 | Rake $0
Seat 3: parnishka11 (button) (small blind) folded before Flop
Seat 5: perten (big blind) collected ($2)


PokerStars Hand #161894517723:  Hold'em Limit ($3/$6 USD) - 2016/11/24 12:33:43 ET
Table 'Dibaj' 6-max Seat #3 is the button
Seat 3: parnishka11 ($40.35 in chips)
Seat 5: perten ($51.60 in chips)
parnishka11: posts small blind $1
perten: posts big blind $3
*** HOLE CARDS ***
parnishka11: raises $3 to $6
perten: folds
Uncalled bet ($3) returned to parnishka11
parnishka11 collected $6 from pot
*** SUMMARY ***
Total pot $6 | Rake $0
Seat 3: parnishka11 (button) (small blind) collected ($6)
Seat 5: perten (big blind) folded before Flop


PokerStars Hand #161894512774:  Hold'em Limit ($3/$6 USD) - 2016/11/24 12:33:37 ET
Table 'Dibaj' 6-max Seat #5 is the button
Seat 3: parnishka11 ($39.35 in chips)
Seat 5: perten ($52.60 in chips)
perten: posts small blind $1
parnishka11: posts big blind $3
*** HOLE CARDS ***
perten: folds
Uncalled bet ($2) returned to parnishka11
parnishka11 collected $2 from pot
*** SUMMARY ***
Total pot $2 | Rake $0
Seat 3: parnishka11 (big blind) collected ($2)
Seat 5: perten (button) (small blind) folded before Flop


PokerStars Hand #161894522310:  Hold'em Limit ($3/$6 USD) - 2016/11/24 12:33:48 ET
Table 'Dibaj' 6-max Seat #5 is the button
Seat 3: parnishka11 ($43.35 in chips)
Seat 5: perten ($48.60 in chips)
perten: posts small blind $1
parnishka11: posts big blind $3
*** HOLE CARDS ***
perten: raises $3 to $6
sinsadir joins the table at seat #6
parnishka11: calls $3
*** FLOP *** [7h Qs 6d]
parnishka11: checks
perten: bets $3
parnishka11: folds
Uncalled bet ($3) returned to perten
perten collected $11.76 from pot
perten: doesn't show hand
*** SUMMARY ***
Total pot $12 | Rake $0.24
Board [7h Qs 6d]
Seat 3: parnishka11 (big blind) folded on the Flop
Seat 5: perten (button) (small blind) collected ($11.76)


PokerStars Hand #161894531617:  Hold'em Limit ($3/$6 USD) - 2016/11/24 12:34:00 ET
Table 'Dibaj' 6-max Seat #3 is the button
Seat 3: parnishka11 ($37.35 in chips)
Seat 5: perten ($54.36 in chips)
parnishka11: posts small blind $1
perten: posts big blind $3
*** HOLE CARDS ***
parnishka11: raises $3 to $6
perten: folds
Uncalled bet ($3) returned to parnishka11
parnishka11 collected $6 from pot
*** SUMMARY ***
Total pot $6 | Rake $0
Seat 3: parnishka11 (button) (small blind) collected ($6)
Seat 5: perten (big blind) folded before Flop


PokerStars Hand #161894614387:  Hold'em Limit ($3/$6 USD) - 2016/11/24 12:35:40 ET
Table 'Dibaj' 6-max Seat #6 is the button
Seat 5: perten ($36 in chips)
Seat 6: sinsadir ($110.71 in chips)
sinsadir: posts small blind $1
perten: posts big blind $3
*** HOLE CARDS ***
sinsadir: raises $3 to $6
perten: calls $3
*** FLOP *** [Js 5d 3d]
perten: checks
sinsadir: bets $3
perten: folds
Uncalled bet ($3) returned to sinsadir
sinsadir collected $11.76 from pot
sinsadir: doesn't show hand
*** SUMMARY ***
Total pot $12 | Rake $0.24
Board [Js 5d 3d]
Seat 5: perten (big blind) folded on the Flop
Seat 6: sinsadir (button) (small blind) collected ($11.76)


PokerStars Hand #161894695598:  Hold'em Limit ($3/$6 USD) - 2016/11/24 12:37:18 ET
Table 'Dibaj' 6-max Seat #6 is the button
Seat 5: perten ($50.50 in chips)
Seat 6: sinsadir ($95.47 in chips)
sinsadir: posts small blind $1
perten: posts big blind $3
*** HOLE CARDS ***
sinsadir: folds
Uncalled bet ($2) returned to perten
perten collected $2 from pot
perten: doesn't show hand
*** SUMMARY ***
Total pot $2 | Rake $0
Seat 5: perten (big blind) collected ($2)
Seat 6: sinsadir (button) (small blind) folded before Flop


PokerStars Hand #161894638669:  Hold'em Limit ($3/$6 USD) - 2016/11/24 12:36:10 ET
Table 'Dibaj' 6-max Seat #5 is the button
Seat 5: perten ($30 in chips)
Seat 6: sinsadir ($116.47 in chips)
perten: posts small blind $1
sinsadir: posts big blind $3
*** HOLE CARDS ***
perten: raises $3 to $6
sinsadir: calls $3
*** FLOP *** [2s 6s Ks]
sinsadir: checks
perten: bets $3
sinsadir: calls $3
*** TURN *** [2s 6s Ks] [Jh]
sinsadir: bets $6
perten: calls $6
*** RIVER *** [2s 6s Ks Jh] [Jd]
sinsadir: bets $6
perten: calls $6
*** SHOW DOWN ***
sinsadir: shows [Kd 9h] (two pair, Kings and Jacks)
perten: shows [Th Js] (three of a kind, Jacks)
perten collected $41.50 from pot
*** SUMMARY ***
Total pot $42 | Rake $0.50
Board [2s 6s Ks Jh Jd]
Seat 5: perten (button) (small blind) showed [Th Js] and won ($41.50) with three of a kind, Jacks
Seat 6: sinsadir (big blind) showed [Kd 9h] and lost with two pair, Kings and Jacks


PokerStars Hand #161894699603:  Hold'em Limit ($3/$6 USD) - 2016/11/24 12:37:23 ET
Table 'Dibaj' 6-max Seat #5 is the button
Seat 5: perten ($51.50 in chips)
Seat 6: sinsadir ($94.47 in chips)
perten: posts small blind $1
zzzloy0408 joins the table at seat #3
sinsadir: posts big blind $3
*** HOLE CARDS ***
perten: raises $3 to $6
sinsadir: calls $3
*** FLOP *** [2c 6h 7s]
sinsadir: checks
perten: bets $3
sinsadir: calls $3
*** TURN *** [2c 6h 7s] [Kc]
sinsadir: bets $6
perten: calls $6
*** RIVER *** [2c 6h 7s Kc] [Ad]
sinsadir: bets $6
perten: calls $6
*** SHOW DOWN ***
sinsadir: shows [Kh 6d] (two pair, Kings and Sixes)
perten: mucks hand
sinsadir collected $41.50 from pot
*** SUMMARY ***
Total pot $42 | Rake $0.50
Board [2c 6h 7s Kc Ad]
Seat 5: perten (button) (small blind) mucked
Seat 6: sinsadir (big blind) showed [Kh 6d] and won ($41.50) with two pair, Kings and Sixes


PokerStars Hand #161894834247:  Hold'em Limit ($3/$6 USD) - 2016/11/24 12:40:08 ET
Table 'Dibaj' 6-max Seat #4 is the button
Seat 4: Apanage ($68 in chips)
Seat 5: perten ($42 in chips)
Apanage: posts small blind $1
perten: posts big blind $3
*** HOLE CARDS ***
Apanage: folds
Uncalled bet ($2) returned to perten
perten collected $2 from pot
perten: doesn't show hand
*** SUMMARY ***
Total pot $2 | Rake $0
Seat 4: Apanage (button) (small blind) folded before Flop
Seat 5: perten (big blind) collected ($2)


PokerStars Hand #161894818046:  Hold'em Limit ($3/$6 USD) - 2016/11/24 12:39:48 ET
Table 'Dibaj' 6-max Seat #5 is the button
Seat 4: Apanage ($83 in chips)
Seat 5: perten ($27.50 in chips)
perten: posts small blind $1
Apanage: posts big blind $3
*** HOLE CARDS ***
perten: raises $3 to $6
Apanage: calls $3
*** FLOP *** [Kh Qc 7d]
Apanage: checks
perten: bets $3
Apanage: calls $3
*** TURN *** [Kh Qc 7d] [2d]
Apanage: checks
perten: bets $6
Apanage: calls $6
*** RIVER *** [Kh Qc 7d 2d] [Tc]
Apanage: checks
perten: checks
*** SHOW DOWN ***
Apanage: shows [5c 7h] (a pair of Sevens)
perten: shows [3h Qh] (a pair of Queens)
perten collected $29.50 from pot
*** SUMMARY ***
Total pot $30 | Rake $0.50
Board [Kh Qc 7d 2d Tc]
Seat 4: Apanage (big blind) showed [5c 7h] and lost with a pair of Sevens
Seat 5: perten (button) (small blind) showed [3h Qh] and won ($29.50) with a pair of Queens


PokerStars Hand #161894812028:  Hold'em Limit ($3/$6 USD) - 2016/11/24 12:39:41 ET
Table 'Dibaj' 6-max Seat #4 is the button
Seat 4: Apanage ($80 in chips)
Seat 5: perten ($30.50 in chips)
Apanage: posts small blind $1
perten: posts big blind $3
*** HOLE CARDS ***
Apanage: raises $3 to $6
perten: folds
Uncalled bet ($3) returned to Apanage
Apanage collected $6 from pot
Apanage: doesn't show hand
*** SUMMARY ***
Total pot $6 | Rake $0
Seat 4: Apanage (button) (small blind) collected ($6)
Seat 5: perten (big blind) folded before Flop


PokerStars Hand #161894838281:  Hold'em Limit ($3/$6 USD) - 2016/11/24 12:40:13 ET
Table 'Dibaj' 6-max Seat #5 is the button
Seat 4: Apanage ($67 in chips)
Seat 5: perten ($43 in chips)
perten: posts small blind $1
Apanage: posts big blind $3
*** HOLE CARDS ***
perten: folds
Uncalled bet ($2) returned to Apanage
Apanage collected $2 from pot
Apanage: doesn't show hand
*** SUMMARY ***
Total pot $2 | Rake $0
Seat 4: Apanage (big blind) collected ($2)
Seat 5: perten (button) (small blind) folded before Flop


PokerStars Hand #161894875990:  Hold'em Limit ($3/$6 USD) - 2016/11/24 12:40:58 ET
Table 'Dibaj' 6-max Seat #5 is the button
Seat 4: Apanage ($49.76 in chips)
Seat 5: perten ($59.50 in chips)
perten: posts small blind $1
Apanage: posts big blind $3
*** HOLE CARDS ***
perten: folds
Uncalled bet ($2) returned to Apanage
Apanage collected $2 from pot
Apanage: doesn't show hand
*** SUMMARY ***
Total pot $2 | Rake $0
Seat 4: Apanage (big blind) collected ($2)
Seat 5: perten (button) (small blind) folded before Flop


PokerStars Hand #161894867290:  Hold'em Limit ($3/$6 USD) - 2016/11/24 12:40:48 ET
Table 'Dibaj' 6-max Seat #4 is the button
Seat 4: Apanage ($44 in chips)
Seat 5: perten ($65.50 in chips)
Apanage: posts small blind $1
perten: posts big blind $3
*** HOLE CARDS ***
Apanage: raises $3 to $6
perten: calls $3
*** FLOP *** [4d 9h 7c]
perten: checks
Apanage: bets $3
perten: folds
Uncalled bet ($3) returned to Apanage
Apanage collected $11.76 from pot
Apanage: doesn't show hand
*** SUMMARY ***
Total pot $12 | Rake $0.24
Board [4d 9h 7c]
Seat 4: Apanage (button) (small blind) collected ($11.76)
Seat 5: perten (big blind) folded on the Flop


PokerStars Hand #161894861610:  Hold'em Limit ($3/$6 USD) - 2016/11/24 12:40:41 ET
Table 'Dibaj' 6-max Seat #5 is the button
Seat 4: Apanage ($47 in chips)
Seat 5: perten ($62.50 in chips)
perten: posts small blind $1
Apanage: posts big blind $3
*** HOLE CARDS ***
perten: raises $3 to $6
Apanage: folds
Uncalled bet ($3) returned to perten
perten collected $6 from pot
perten: doesn't show hand
*** SUMMARY ***
Total pot $6 | Rake $0
Seat 4: Apanage (big blind) folded before Flop
Seat 5: perten (button) (small blind) collected ($6)


PokerStars Hand #161894842737:  Hold'em Limit ($3/$6 USD) - 2016/11/24 12:40:18 ET
Table 'Dibaj' 6-max Seat #4 is the button
Seat 4: Apanage ($68 in chips)
Seat 5: perten ($42 in chips)
Apanage: posts small blind $1
perten: posts big blind $3
*** HOLE CARDS ***
Apanage: raises $3 to $6
perten: raises $3 to $9
Apanage: calls $3
*** FLOP *** [8d 8h 3d]
perten: bets $3
Apanage: raises $3 to $6
perten: calls $3
*** TURN *** [8d 8h 3d] [2c]
perten: checks
Apanage: bets $6
perten: calls $6
*** RIVER *** [8d 8h 3d 2c] [Kh]
perten: checks
Apanage: checks
*** SHOW DOWN ***
perten: shows [5h 5s] (two pair, Eights and Fives)
Apanage: mucks hand
perten collected $41.50 from pot
*** SUMMARY ***
Total pot $42 | Rake $0.50
Board [8d 8h 3d 2c Kh]
Seat 4: Apanage (button) (small blind) mucked
Seat 5: perten (big blind) showed [5h 5s] and won ($41.50) with two pair, Eights and Fives


PokerStars Hand #161894880061:  Hold'em Limit ($3/$6 USD) - 2016/11/24 12:41:03 ET
Table 'Dibaj' 6-max Seat #4 is the button
Seat 4: Apanage ($50.76 in chips)
Seat 5: perten ($58.50 in chips)
Apanage: posts small blind $1
perten: posts big blind $3
*** HOLE CARDS ***
Apanage: raises $3 to $6
perten: raises $3 to $9
Apanage: calls $3
*** FLOP *** [2d 5d 4d]
perten: bets $3
Apanage: raises $3 to $6
perten: raises $3 to $9
Apanage: calls $3
*** TURN *** [2d 5d 4d] [6h]
perten: bets $6
Apanage: calls $6
*** RIVER *** [2d 5d 4d 6h] [9d]
perten: checks
Apanage: checks
*** SHOW DOWN ***
perten: shows [Kd Td] (a flush, King high)
Apanage: mucks hand
perten collected $47.50 from pot
*** SUMMARY ***
Total pot $48 | Rake $0.50
Board [2d 5d 4d 6h 9d]
Seat 4: Apanage (button) (small blind) mucked
Seat 5: perten (big blind) showed [Kd Td] and won ($47.50) with a flush, King high


PokerStars Hand #161895142686:  Hold'em Limit ($3/$6 USD) - 2016/11/24 12:46:22 ET
Table 'Dibaj' 6-max Seat #4 is the button
Seat 4: Apanage ($100.13 in chips)
Seat 6: Actionni13 ($150 in chips)
Apanage: posts small blind $1
perten: is sitting out
Actionni13: posts big blind $3
*** HOLE CARDS ***
Apanage: raises $3 to $6
perten leaves the table
Actionni13: folds
Uncalled bet ($3) returned to Apanage
Apanage collected $6 from pot
Apanage: doesn't show hand
*** SUMMARY ***
Total pot $6 | Rake $0
Seat 4: Apanage (button) (small blind) collected ($6)
Seat 6: Actionni13 (big blind) folded before Flop


