PokerStars Hand #148262373563:  Hold'em Limit ($3/$6 USD) - 2016/02/05 2:00:37 ET
Table 'Dido' 6-max Seat #3 is the button
Seat 3: xcgxcg2005 ($137.50 in chips)
Seat 6: Hsj2012 ($12.94 in chips)
xcgxcg2005: posts small blind $1
Hsj2012: posts big blind $3
*** HOLE CARDS ***
xcgxcg2005: folds
Uncalled bet ($2) returned to Hsj2012
Hsj2012 collected $2 from pot
Hsj2012: doesn't show hand
*** SUMMARY ***
Total pot $2 | Rake $0
Seat 3: xcgxcg2005 (button) (small blind) folded before Flop
Seat 6: Hsj2012 (big blind) collected ($2)


PokerStars Hand #148262367257:  Hold'em Limit ($3/$6 USD) - 2016/02/05 2:00:13 ET
Table 'Dido' 6-max Seat #6 is the button
Seat 3: xcgxcg2005 ($120 in chips)
Seat 6: Hsj2012 ($30.94 in chips)
Hsj2012: posts small blind $1
xcgxcg2005: posts big blind $3
*** HOLE CARDS ***
grabaz joins the table at seat #1
Hsj2012: calls $2
xcgxcg2005: checks
*** FLOP *** [2s 9h Th]
xcgxcg2005: bets $3
Hsj2012: calls $3
*** TURN *** [2s 9h Th] [Ah]
xcgxcg2005: bets $6
Hsj2012: calls $6
*** RIVER *** [2s 9h Th Ah] [Kc]
xcgxcg2005: bets $6
Hsj2012: calls $6
*** SHOW DOWN ***
xcgxcg2005: shows [3h 5h] (a flush, Ace high)
Hsj2012: mucks hand
xcgxcg2005 collected $35.50 from pot
*** SUMMARY ***
Total pot $36 | Rake $0.50
Board [2s 9h Th Ah Kc]
Seat 3: xcgxcg2005 (big blind) showed [3h 5h] and won ($35.50) with a flush, Ace high
Seat 6: Hsj2012 (button) (small blind) mucked


PokerStars Hand #148262742536:  Hold'em Limit ($3/$6 USD) - 2016/02/05 2:21:20 ET
Table 'Dido' 6-max Seat #4 is the button
Seat 1: Hsj2012 ($20 in chips)
Seat 4: Actionni13 ($159.64 in chips)
Actionni13: posts small blind $1
Hsj2012: posts big blind $3
*** HOLE CARDS ***
Actionni13: raises $3 to $6
Hsj2012: calls $3
*** FLOP *** [Ks 8s 8d]
Hsj2012: bets $3
Actionni13: calls $3
*** TURN *** [Ks 8s 8d] [7h]
Hsj2012: checks
Actionni13: bets $6
Hsj2012: folds
Uncalled bet ($6) returned to Actionni13
Actionni13 collected $17.64 from pot
Actionni13: doesn't show hand
*** SUMMARY ***
Total pot $18 | Rake $0.36
Board [Ks 8s 8d 7h]
Seat 1: Hsj2012 (big blind) folded on the Turn
Seat 4: Actionni13 (button) (small blind) collected ($17.64)


PokerStars Hand #148262740873:  Hold'em Limit ($3/$6 USD) - 2016/02/05 2:21:15 ET
Table 'Dido' 6-max Seat #1 is the button
Seat 1: Hsj2012 ($21 in chips)
Seat 4: Actionni13 ($158.64 in chips)
Hsj2012: posts small blind $1
Actionni13: posts big blind $3
*** HOLE CARDS ***
Hsj2012: folds
Uncalled bet ($2) returned to Actionni13
Actionni13 collected $2 from pot
Actionni13: doesn't show hand
*** SUMMARY ***
Total pot $2 | Rake $0
Seat 1: Hsj2012 (button) (small blind) folded before Flop
Seat 4: Actionni13 (big blind) collected ($2)


PokerStars Hand #148262723401:  Hold'em Limit ($3/$6 USD) - 2016/02/05 2:20:16 ET
Table 'Dido' 6-max Seat #4 is the button
Seat 1: Hsj2012 ($30 in chips)
Seat 4: Actionni13 ($150 in chips)
Actionni13: posts small blind $1
Hsj2012: posts big blind $3
*** HOLE CARDS ***
Actionni13: raises $3 to $6
Hsj2012: calls $3
*** FLOP *** [5c 5s 9c]
Hsj2012: checks
Actionni13: bets $3
Hsj2012: calls $3
*** TURN *** [5c 5s 9c] [3c]
Hsj2012: checks
Actionni13: bets $6
Hsj2012: folds
Uncalled bet ($6) returned to Actionni13
Actionni13 collected $17.64 from pot
Actionni13: doesn't show hand
*** SUMMARY ***
Total pot $18 | Rake $0.36
Board [5c 5s 9c 3c]
Seat 1: Hsj2012 (big blind) folded on the Turn
Seat 4: Actionni13 (button) (small blind) collected ($17.64)


PokerStars Hand #148262748511:  Hold'em Limit ($3/$6 USD) - 2016/02/05 2:21:40 ET
Table 'Dido' 6-max Seat #1 is the button
Seat 1: Hsj2012 ($11 in chips)
Seat 4: Actionni13 ($168.28 in chips)
Hsj2012: posts small blind $1
Actionni13: posts big blind $3
*** HOLE CARDS ***
Hsj2012: folds
Uncalled bet ($2) returned to Actionni13
Actionni13 collected $2 from pot
Actionni13: doesn't show hand
*** SUMMARY ***
Total pot $2 | Rake $0
Seat 1: Hsj2012 (button) (small blind) folded before Flop
Seat 4: Actionni13 (big blind) collected ($2)


PokerStars Hand #148262765672:  Hold'em Limit ($3/$6 USD) - 2016/02/05 2:22:37 ET
Table 'Dido' 6-max Seat #1 is the button
Seat 1: Hsj2012 ($22.24 in chips)
Seat 4: Actionni13 ($156.04 in chips)
Hsj2012: posts small blind $1
Actionni13: posts big blind $3
*** HOLE CARDS ***
Hsj2012: calls $2
Actionni13: checks
*** FLOP *** [Ts Jd 3h]
Actionni13: checks
Hsj2012: bets $3
Actionni13: folds
Uncalled bet ($3) returned to Hsj2012
Hsj2012 collected $5.88 from pot
Hsj2012: doesn't show hand
*** SUMMARY ***
Total pot $6 | Rake $0.12
Board [Ts Jd 3h]
Seat 1: Hsj2012 (button) (small blind) collected ($5.88)
Seat 4: Actionni13 (big blind) folded on the Flop


PokerStars Hand #148262760517:  Hold'em Limit ($3/$6 USD) - 2016/02/05 2:22:20 ET
Table 'Dido' 6-max Seat #4 is the button
Seat 1: Hsj2012 ($13.60 in chips)
Seat 4: Actionni13 ($165.04 in chips)
Actionni13: posts small blind $1
Hsj2012: posts big blind $3
*** HOLE CARDS ***
Actionni13: raises $3 to $6
Hsj2012: calls $3
*** FLOP *** [Ad 4s 2c]
Hsj2012: checks
Actionni13: bets $3
Hsj2012: calls $3
*** TURN *** [Ad 4s 2c] [Qc]
Hsj2012: bets $4.60 and is all-in
Actionni13: folds
Uncalled bet ($4.60) returned to Hsj2012
Hsj2012 collected $17.64 from pot
Hsj2012: doesn't show hand
*** SUMMARY ***
Total pot $18 | Rake $0.36
Board [Ad 4s 2c Qc]
Seat 1: Hsj2012 (big blind) collected ($17.64)
Seat 4: Actionni13 (button) (small blind) folded on the Turn


PokerStars Hand #148262756521:  Hold'em Limit ($3/$6 USD) - 2016/02/05 2:22:07 ET
Table 'Dido' 6-max Seat #1 is the button
Seat 1: Hsj2012 ($19.60 in chips)
Seat 4: Actionni13 ($159.28 in chips)
Hsj2012: posts small blind $1
Actionni13: posts big blind $3
*** HOLE CARDS ***
Hsj2012: calls $2
Actionni13: raises $3 to $6
Hsj2012: calls $3
*** FLOP *** [2s As Qc]
Actionni13: bets $3
Hsj2012: folds
Uncalled bet ($3) returned to Actionni13
Actionni13 collected $11.76 from pot
Actionni13: doesn't show hand
*** SUMMARY ***
Total pot $12 | Rake $0.24
Board [2s As Qc]
Seat 1: Hsj2012 (button) (small blind) folded on the Flop
Seat 4: Actionni13 (big blind) collected ($11.76)


PokerStars Hand #148262750509:  Hold'em Limit ($3/$6 USD) - 2016/02/05 2:21:47 ET
Table 'Dido' 6-max Seat #4 is the button
Seat 1: Hsj2012 ($10 in chips)
Seat 4: Actionni13 ($169.28 in chips)
Actionni13: posts small blind $1
Hsj2012: posts big blind $3
*** HOLE CARDS ***
Actionni13: raises $3 to $6
Hsj2012: calls $3
*** FLOP *** [Qs 2c Qc]
Hsj2012: bets $3
Actionni13: calls $3
*** TURN *** [Qs 2c Qc] [2s]
Hsj2012: bets $1 and is all-in
Actionni13: calls $1
*** RIVER *** [Qs 2c Qc 2s] [As]
*** SHOW DOWN ***
Hsj2012: shows [8c 8s] (two pair, Queens and Eights)
Actionni13: mucks hand
Hsj2012 collected $19.60 from pot
*** SUMMARY ***
Total pot $20 | Rake $0.40
Board [Qs 2c Qc 2s As]
Seat 1: Hsj2012 (big blind) showed [8c 8s] and won ($19.60) with two pair, Queens and Eights
Seat 4: Actionni13 (button) (small blind) mucked


PokerStars Hand #148262769456:  Hold'em Limit ($3/$6 USD) - 2016/02/05 2:22:50 ET
Table 'Dido' 6-max Seat #4 is the button
Seat 1: Hsj2012 ($25.12 in chips)
Seat 4: Actionni13 ($153.04 in chips)
Actionni13: posts small blind $1
Hsj2012: posts big blind $3
*** HOLE CARDS ***
Actionni13: raises $3 to $6
Hsj2012: raises $3 to $9
Actionni13: calls $3
*** FLOP *** [7d 7h Tc]
Hsj2012: bets $3
Actionni13: calls $3
*** TURN *** [7d 7h Tc] [Ad]
Hsj2012: bets $6
Actionni13: raises $6 to $12
Hsj2012: raises $1.12 to $13.12 and is all-in
Actionni13: calls $1.12
*** RIVER *** [7d 7h Tc Ad] [9c]
*** SHOW DOWN ***
Hsj2012: shows [Ah 5s] (two pair, Aces and Sevens)
Actionni13: shows [6d 7s] (three of a kind, Sevens)
Actionni13 collected $49.74 from pot
*** SUMMARY ***
Total pot $50.24 | Rake $0.50
Board [7d 7h Tc Ad 9c]
Seat 1: Hsj2012 (big blind) showed [Ah 5s] and lost with two pair, Aces and Sevens
Seat 4: Actionni13 (button) (small blind) showed [6d 7s] and won ($49.74) with three of a kind, Sevens


PokerStars Hand #148263241429:  Hold'em Limit ($3/$6 USD) - 2016/02/05 2:48:26 ET
Table 'Dido' 6-max Seat #1 is the button
Seat 1: VolkovDmitri ($120 in chips)
Seat 4: Actionni13 ($177.66 in chips)
VolkovDmitri: posts small blind $1
Actionni13: posts big blind $3
*** HOLE CARDS ***
VolkovDmitri: raises $3 to $6
Actionni13: calls $3
*** FLOP *** [7s 3s Qh]
Actionni13: checks
VolkovDmitri: bets $3
Actionni13: calls $3
*** TURN *** [7s 3s Qh] [4s]
Actionni13: checks
VolkovDmitri: bets $6
Actionni13: calls $6
*** RIVER *** [7s 3s Qh 4s] [3h]
Actionni13: checks
VolkovDmitri: checks
*** SHOW DOWN ***
Actionni13: shows [Kh 3d] (three of a kind, Threes)
VolkovDmitri: mucks hand
Actionni13 collected $29.50 from pot
*** SUMMARY ***
Total pot $30 | Rake $0.50
Board [7s 3s Qh 4s 3h]
Seat 1: VolkovDmitri (button) (small blind) mucked
Seat 4: Actionni13 (big blind) showed [Kh 3d] and won ($29.50) with three of a kind, Threes


PokerStars Hand #148263274137:  Hold'em Limit ($3/$6 USD) - 2016/02/05 2:50:07 ET
Table 'Dido' 6-max Seat #4 is the button
Seat 1: VolkovDmitri ($134.64 in chips)
Seat 4: Actionni13 ($194.66 in chips)
Actionni13: posts small blind $1
VolkovDmitri: posts big blind $3
*** HOLE CARDS ***
Actionni13: raises $3 to $6
VolkovDmitri: calls $3
*** FLOP *** [5c 9s 4c]
VolkovDmitri: checks
Actionni13: checks
*** TURN *** [5c 9s 4c] [5s]
VolkovDmitri: bets $6
Actionni13: folds
Uncalled bet ($6) returned to VolkovDmitri
VolkovDmitri collected $11.76 from pot
VolkovDmitri: doesn't show hand
*** SUMMARY ***
Total pot $12 | Rake $0.24
Board [5c 9s 4c 5s]
Seat 1: VolkovDmitri (big blind) collected ($11.76)
Seat 4: Actionni13 (button) (small blind) folded on the Turn


PokerStars Hand #148263272086:  Hold'em Limit ($3/$6 USD) - 2016/02/05 2:50:00 ET
Table 'Dido' 6-max Seat #1 is the button
Seat 1: VolkovDmitri ($131.64 in chips)
Seat 4: Actionni13 ($197.66 in chips)
VolkovDmitri: posts small blind $1
Actionni13: posts big blind $3
*** HOLE CARDS ***
VolkovDmitri: raises $3 to $6
Actionni13: folds
Uncalled bet ($3) returned to VolkovDmitri
VolkovDmitri collected $6 from pot
VolkovDmitri: doesn't show hand
*** SUMMARY ***
Total pot $6 | Rake $0
Seat 1: VolkovDmitri (button) (small blind) collected ($6)
Seat 4: Actionni13 (big blind) folded before Flop


PokerStars Hand #148263264596:  Hold'em Limit ($3/$6 USD) - 2016/02/05 2:49:37 ET
Table 'Dido' 6-max Seat #1 is the button
Seat 1: VolkovDmitri ($120 in chips)
Seat 4: Actionni13 ($209.66 in chips)
VolkovDmitri: posts small blind $1
Actionni13: posts big blind $3
*** HOLE CARDS ***
VolkovDmitri: raises $3 to $6
Actionni13: folds
Uncalled bet ($3) returned to VolkovDmitri
VolkovDmitri collected $6 from pot
VolkovDmitri: doesn't show hand
*** SUMMARY ***
Total pot $6 | Rake $0
Seat 1: VolkovDmitri (button) (small blind) collected ($6)
Seat 4: Actionni13 (big blind) folded before Flop


PokerStars Hand #148263257886:  Hold'em Limit ($3/$6 USD) - 2016/02/05 2:49:16 ET
Table 'Dido' 6-max Seat #4 is the button
Seat 1: VolkovDmitri ($120 in chips)
Seat 4: Actionni13 ($192.16 in chips)
Actionni13: posts small blind $1
VolkovDmitri: posts big blind $3
*** HOLE CARDS ***
Actionni13: raises $3 to $6
VolkovDmitri: raises $3 to $9
Actionni13: calls $3
*** FLOP *** [4s 6c 7s]
VolkovDmitri: bets $3
Actionni13: calls $3
*** TURN *** [4s 6c 7s] [3c]
VolkovDmitri: bets $6
Actionni13: raises $6 to $12
VolkovDmitri: folds
Uncalled bet ($6) returned to Actionni13
Actionni13 collected $35.50 from pot
Actionni13: doesn't show hand
*** SUMMARY ***
Total pot $36 | Rake $0.50
Board [4s 6c 7s 3c]
Seat 1: VolkovDmitri (big blind) folded on the Turn
Seat 4: Actionni13 (button) (small blind) collected ($35.50)


PokerStars Hand #148263266651:  Hold'em Limit ($3/$6 USD) - 2016/02/05 2:49:43 ET
Table 'Dido' 6-max Seat #4 is the button
Seat 1: VolkovDmitri ($123 in chips)
Seat 4: Actionni13 ($206.66 in chips)
Actionni13: posts small blind $1
VolkovDmitri: posts big blind $3
*** HOLE CARDS ***
Actionni13: raises $3 to $6
VolkovDmitri: calls $3
*** FLOP *** [9c 3d Jc]
VolkovDmitri: checks
Actionni13: bets $3
VolkovDmitri: raises $3 to $6
Actionni13: folds
Uncalled bet ($3) returned to VolkovDmitri
VolkovDmitri collected $17.64 from pot
VolkovDmitri: doesn't show hand
*** SUMMARY ***
Total pot $18 | Rake $0.36
Board [9c 3d Jc]
Seat 1: VolkovDmitri (big blind) collected ($17.64)
Seat 4: Actionni13 (button) (small blind) folded on the Flop


PokerStars Hand #148263279125:  Hold'em Limit ($3/$6 USD) - 2016/02/05 2:50:22 ET
Table 'Dido' 6-max Seat #1 is the button
Seat 1: VolkovDmitri ($140.40 in chips)
Seat 4: Actionni13 ($188.66 in chips)
VolkovDmitri: posts small blind $1
Actionni13: posts big blind $3
*** HOLE CARDS ***
VolkovDmitri: raises $3 to $6
Actionni13: folds
Uncalled bet ($3) returned to VolkovDmitri
VolkovDmitri collected $6 from pot
VolkovDmitri: doesn't show hand
*** SUMMARY ***
Total pot $6 | Rake $0
Seat 1: VolkovDmitri (button) (small blind) collected ($6)
Seat 4: Actionni13 (big blind) folded before Flop


PokerStars Hand #148263280952:  Hold'em Limit ($3/$6 USD) - 2016/02/05 2:50:28 ET
Table 'Dido' 6-max Seat #4 is the button
Seat 1: VolkovDmitri ($143.40 in chips)
Seat 4: Actionni13 ($185.66 in chips)
Actionni13: posts small blind $1
VolkovDmitri: posts big blind $3
*** HOLE CARDS ***
Actionni13: raises $3 to $6
VolkovDmitri: calls $3
*** FLOP *** [5c 8s 3d]
VolkovDmitri: checks
Actionni13: bets $3
VolkovDmitri: raises $3 to $6
Actionni13: calls $3
*** TURN *** [5c 8s 3d] [9h]
VolkovDmitri: bets $6
Actionni13: calls $6
*** RIVER *** [5c 8s 3d 9h] [Qh]
VolkovDmitri: checks
Actionni13: checks
*** SHOW DOWN ***
VolkovDmitri: shows [6c 5h] (a pair of Fives)
Actionni13: mucks hand
VolkovDmitri collected $35.50 from pot
*** SUMMARY ***
Total pot $36 | Rake $0.50
Board [5c 8s 3d 9h Qh]
Seat 1: VolkovDmitri (big blind) showed [6c 5h] and won ($35.50) with a pair of Fives
Seat 4: Actionni13 (button) (small blind) mucked


PokerStars Hand #148263293428:  Hold'em Limit ($3/$6 USD) - 2016/02/05 2:51:06 ET
Table 'Dido' 6-max Seat #1 is the button
Seat 1: VolkovDmitri ($160.90 in chips)
Seat 4: Actionni13 ($167.66 in chips)
VolkovDmitri: posts small blind $1
Actionni13: posts big blind $3
*** HOLE CARDS ***
VolkovDmitri: raises $3 to $6
Actionni13: calls $3
*** FLOP *** [7s Tc 4c]
Actionni13: bets $3
VolkovDmitri: calls $3
*** TURN *** [7s Tc 4c] [3d]
Actionni13: bets $6
VolkovDmitri: calls $6
*** RIVER *** [7s Tc 4c 3d] [9d]
Actionni13: bets $6
VolkovDmitri: raises $6 to $12
Actionni13: folds
Uncalled bet ($6) returned to VolkovDmitri
VolkovDmitri collected $41.50 from pot
VolkovDmitri: doesn't show hand
*** SUMMARY ***
Total pot $42 | Rake $0.50
Board [7s Tc 4c 3d 9d]
Seat 1: VolkovDmitri (button) (small blind) collected ($41.50)
Seat 4: Actionni13 (big blind) folded on the River


PokerStars Hand #148263306299:  Hold'em Limit ($3/$6 USD) - 2016/02/05 2:51:46 ET
Table 'Dido' 6-max Seat #4 is the button
Seat 1: VolkovDmitri ($181.40 in chips)
Seat 4: Actionni13 ($150 in chips)
Actionni13: posts small blind $1
VolkovDmitri: posts big blind $3
*** HOLE CARDS ***
Actionni13: raises $3 to $6
VolkovDmitri: calls $3
*** FLOP *** [Jd 5d 7s]
VolkovDmitri: checks
Actionni13: bets $3
VolkovDmitri: calls $3
*** TURN *** [Jd 5d 7s] [Ks]
VolkovDmitri: checks
Actionni13: bets $6
VolkovDmitri: calls $6
*** RIVER *** [Jd 5d 7s Ks] [Qs]
VolkovDmitri: checks
Actionni13: bets $6
VolkovDmitri: folds
Uncalled bet ($6) returned to Actionni13
Actionni13 collected $29.50 from pot
Actionni13: doesn't show hand
*** SUMMARY ***
Total pot $30 | Rake $0.50
Board [Jd 5d 7s Ks Qs]
Seat 1: VolkovDmitri (big blind) folded on the River
Seat 4: Actionni13 (button) (small blind) collected ($29.50)


PokerStars Hand #148263319257:  Hold'em Limit ($3/$6 USD) - 2016/02/05 2:52:25 ET
Table 'Dido' 6-max Seat #1 is the button
Seat 1: VolkovDmitri ($166.40 in chips)
Seat 4: Actionni13 ($164.50 in chips)
VolkovDmitri: posts small blind $1
Actionni13: posts big blind $3
*** HOLE CARDS ***
VolkovDmitri: raises $3 to $6
Actionni13: calls $3
*** FLOP *** [Jh 3s Kh]
Actionni13: checks
VolkovDmitri: checks
*** TURN *** [Jh 3s Kh] [6c]
Actionni13: bets $6
VolkovDmitri: calls $6
*** RIVER *** [Jh 3s Kh 6c] [Js]
Actionni13: bets $6
VolkovDmitri: calls $6
*** SHOW DOWN ***
Actionni13: shows [5s Kc] (two pair, Kings and Jacks)
VolkovDmitri: mucks hand
Actionni13 collected $35.50 from pot
*** SUMMARY ***
Total pot $36 | Rake $0.50
Board [Jh 3s Kh 6c Js]
Seat 1: VolkovDmitri (button) (small blind) mucked
Seat 4: Actionni13 (big blind) showed [5s Kc] and won ($35.50) with two pair, Kings and Jacks


PokerStars Hand #148263330335:  Hold'em Limit ($3/$6 USD) - 2016/02/05 2:52:59 ET
Table 'Dido' 6-max Seat #4 is the button
Seat 1: VolkovDmitri ($148.40 in chips)
Seat 4: Actionni13 ($182 in chips)
Actionni13: posts small blind $1
VolkovDmitri: posts big blind $3
*** HOLE CARDS ***
Actionni13: raises $3 to $6
VolkovDmitri: raises $3 to $9
Actionni13: calls $3
*** FLOP *** [4s 2d 6h]
VolkovDmitri: bets $3
Actionni13: calls $3
*** TURN *** [4s 2d 6h] [4d]
VolkovDmitri: bets $6
Actionni13: calls $6
*** RIVER *** [4s 2d 6h 4d] [9d]
VolkovDmitri: bets $6
Actionni13: raises $6 to $12
VolkovDmitri: calls $6
*** SHOW DOWN ***
Actionni13: shows [Ad Kd] (a flush, Ace high)
VolkovDmitri: mucks hand
Actionni13 collected $59.50 from pot
*** SUMMARY ***
Total pot $60 | Rake $0.50
Board [4s 2d 6h 4d 9d]
Seat 1: VolkovDmitri (big blind) mucked
Seat 4: Actionni13 (button) (small blind) showed [Ad Kd] and won ($59.50) with a flush, Ace high


PokerStars Hand #148263345539:  Hold'em Limit ($3/$6 USD) - 2016/02/05 2:53:44 ET
Table 'Dido' 6-max Seat #1 is the button
Seat 1: VolkovDmitri ($120 in chips)
Seat 4: Actionni13 ($211.50 in chips)
VolkovDmitri: posts small blind $1
Actionni13: posts big blind $3
*** HOLE CARDS ***
VolkovDmitri: raises $3 to $6
Actionni13: raises $3 to $9
VolkovDmitri: calls $3
*** FLOP *** [4s Js Qs]
Actionni13: bets $3
VolkovDmitri: raises $3 to $6
Actionni13: folds
Uncalled bet ($3) returned to VolkovDmitri
VolkovDmitri collected $23.52 from pot
VolkovDmitri: doesn't show hand
*** SUMMARY ***
Total pot $24 | Rake $0.48
Board [4s Js Qs]
Seat 1: VolkovDmitri (button) (small blind) collected ($23.52)
Seat 4: Actionni13 (big blind) folded on the Flop


PokerStars Hand #148263351819:  Hold'em Limit ($3/$6 USD) - 2016/02/05 2:54:03 ET
Table 'Dido' 6-max Seat #4 is the button
Seat 1: VolkovDmitri ($131.52 in chips)
Seat 4: Actionni13 ($199.50 in chips)
Actionni13: posts small blind $1
VolkovDmitri: posts big blind $3
*** HOLE CARDS ***
Actionni13: raises $3 to $6
VolkovDmitri: folds
Uncalled bet ($3) returned to Actionni13
Actionni13 collected $6 from pot
Actionni13: doesn't show hand
*** SUMMARY ***
Total pot $6 | Rake $0
Seat 1: VolkovDmitri (big blind) folded before Flop
Seat 4: Actionni13 (button) (small blind) collected ($6)


PokerStars Hand #148263353938:  Hold'em Limit ($3/$6 USD) - 2016/02/05 2:54:10 ET
Table 'Dido' 6-max Seat #1 is the button
Seat 1: VolkovDmitri ($128.52 in chips)
Seat 4: Actionni13 ($202.50 in chips)
VolkovDmitri: posts small blind $1
Actionni13: posts big blind $3
*** HOLE CARDS ***
VolkovDmitri: folds
Uncalled bet ($2) returned to Actionni13
Actionni13 collected $2 from pot
Actionni13: doesn't show hand
*** SUMMARY ***
Total pot $2 | Rake $0
Seat 1: VolkovDmitri (button) (small blind) folded before Flop
Seat 4: Actionni13 (big blind) collected ($2)


PokerStars Hand #148263356142:  Hold'em Limit ($3/$6 USD) - 2016/02/05 2:54:16 ET
Table 'Dido' 6-max Seat #4 is the button
Seat 1: VolkovDmitri ($127.52 in chips)
Seat 4: Actionni13 ($203.50 in chips)
Actionni13: posts small blind $1
VolkovDmitri: posts big blind $3
*** HOLE CARDS ***
Actionni13: raises $3 to $6
VolkovDmitri: calls $3
*** FLOP *** [6s 8s Qs]
VolkovDmitri: checks
Actionni13: checks
*** TURN *** [6s 8s Qs] [7c]
VolkovDmitri: bets $6
Actionni13: folds
Uncalled bet ($6) returned to VolkovDmitri
VolkovDmitri collected $11.76 from pot
VolkovDmitri: doesn't show hand
*** SUMMARY ***
Total pot $12 | Rake $0.24
Board [6s 8s Qs 7c]
Seat 1: VolkovDmitri (big blind) collected ($11.76)
Seat 4: Actionni13 (button) (small blind) folded on the Turn


PokerStars Hand #148263364535:  Hold'em Limit ($3/$6 USD) - 2016/02/05 2:54:42 ET
Table 'Dido' 6-max Seat #1 is the button
Seat 1: VolkovDmitri ($133.28 in chips)
Seat 4: Actionni13 ($197.50 in chips)
VolkovDmitri: posts small blind $1
Actionni13: posts big blind $3
*** HOLE CARDS ***
VolkovDmitri: raises $3 to $6
Actionni13: calls $3
*** FLOP *** [6d Qd 4c]
Actionni13: checks
VolkovDmitri: bets $3
Actionni13: calls $3
*** TURN *** [6d Qd 4c] [6s]
Actionni13: checks
VolkovDmitri: bets $6
Actionni13: folds
Uncalled bet ($6) returned to VolkovDmitri
VolkovDmitri collected $17.64 from pot
VolkovDmitri: doesn't show hand
*** SUMMARY ***
Total pot $18 | Rake $0.36
Board [6d Qd 4c 6s]
Seat 1: VolkovDmitri (button) (small blind) collected ($17.64)
Seat 4: Actionni13 (big blind) folded on the Turn


PokerStars Hand #148263376700:  Hold'em Limit ($3/$6 USD) - 2016/02/05 2:55:20 ET
Table 'Dido' 6-max Seat #4 is the button
Seat 1: VolkovDmitri ($141.92 in chips)
Seat 4: Actionni13 ($188.50 in chips)
Actionni13: posts small blind $1
VolkovDmitri: posts big blind $3
*** HOLE CARDS ***
Actionni13: raises $3 to $6
VolkovDmitri: calls $3
*** FLOP *** [Qh 8d 8h]
VolkovDmitri: checks
Actionni13: bets $3
VolkovDmitri: calls $3
*** TURN *** [Qh 8d 8h] [5h]
VolkovDmitri: checks
Actionni13: bets $6
VolkovDmitri: calls $6
*** RIVER *** [Qh 8d 8h 5h] [As]
VolkovDmitri: checks
Actionni13: bets $6
VolkovDmitri: calls $6
*** SHOW DOWN ***
Actionni13: shows [Qc Qs] (a full house, Queens full of Eights)
VolkovDmitri: mucks hand
Actionni13 collected $41.50 from pot
*** SUMMARY ***
Total pot $42 | Rake $0.50
Board [Qh 8d 8h 5h As]
Seat 1: VolkovDmitri (big blind) mucked
Seat 4: Actionni13 (button) (small blind) showed [Qc Qs] and won ($41.50) with a full house, Queens full of Eights


PokerStars Hand #148263388631:  Hold'em Limit ($3/$6 USD) - 2016/02/05 2:56:03 ET
Table 'Dido' 6-max Seat #1 is the button
Seat 1: VolkovDmitri ($120.92 in chips)
Seat 4: Actionni13 ($209 in chips)
VolkovDmitri: posts small blind $1
Actionni13: posts big blind $3
*** HOLE CARDS ***
VolkovDmitri: raises $3 to $6
Actionni13: folds
Uncalled bet ($3) returned to VolkovDmitri
VolkovDmitri collected $6 from pot
VolkovDmitri: doesn't show hand
*** SUMMARY ***
Total pot $6 | Rake $0
Seat 1: VolkovDmitri (button) (small blind) collected ($6)
Seat 4: Actionni13 (big blind) folded before Flop


PokerStars Hand #148263394377:  Hold'em Limit ($3/$6 USD) - 2016/02/05 2:56:22 ET
Table 'Dido' 6-max Seat #4 is the button
Seat 1: VolkovDmitri ($123.92 in chips)
Seat 4: Actionni13 ($206 in chips)
Actionni13: posts small blind $1
VolkovDmitri: posts big blind $3
*** HOLE CARDS ***
Actionni13: raises $3 to $6
VolkovDmitri: raises $3 to $9
Actionni13: calls $3
*** FLOP *** [Kh Ac 7c]
VolkovDmitri: bets $3
Actionni13: raises $3 to $6
VolkovDmitri: calls $3
*** TURN *** [Kh Ac 7c] [7h]
VolkovDmitri: checks
Actionni13: bets $6
VolkovDmitri: calls $6
*** RIVER *** [Kh Ac 7c 7h] [9c]
VolkovDmitri: checks
Actionni13: bets $6
VolkovDmitri: folds
Uncalled bet ($6) returned to Actionni13
Actionni13 collected $41.50 from pot
Actionni13: doesn't show hand
*** SUMMARY ***
Total pot $42 | Rake $0.50
Board [Kh Ac 7c 7h 9c]
Seat 1: VolkovDmitri (big blind) folded on the River
Seat 4: Actionni13 (button) (small blind) collected ($41.50)


PokerStars Hand #148263413353:  Hold'em Limit ($3/$6 USD) - 2016/02/05 2:57:28 ET
Table 'Dido' 6-max Seat #1 is the button
Seat 1: VolkovDmitri ($120 in chips)
Seat 4: Actionni13 ($226.50 in chips)
VolkovDmitri: posts small blind $1
Actionni13: posts big blind $3
*** HOLE CARDS ***
VolkovDmitri: raises $3 to $6
Actionni13: raises $3 to $9
VolkovDmitri: calls $3
*** FLOP *** [Th 2h As]
Actionni13: bets $3
VolkovDmitri: folds
Uncalled bet ($3) returned to Actionni13
Actionni13 collected $17.64 from pot
Actionni13: doesn't show hand
*** SUMMARY ***
Total pot $18 | Rake $0.36
Board [Th 2h As]
Seat 1: VolkovDmitri (button) (small blind) folded on the Flop
Seat 4: Actionni13 (big blind) collected ($17.64)


PokerStars Hand #148263417899:  Hold'em Limit ($3/$6 USD) - 2016/02/05 2:57:43 ET
Table 'Dido' 6-max Seat #4 is the button
Seat 1: VolkovDmitri ($120 in chips)
Seat 4: Actionni13 ($235.14 in chips)
Actionni13: posts small blind $1
VolkovDmitri: posts big blind $3
*** HOLE CARDS ***
Actionni13: raises $3 to $6
VolkovDmitri: calls $3
*** FLOP *** [As 4d 5s]
VolkovDmitri: checks
Actionni13: checks
*** TURN *** [As 4d 5s] [Kd]
VolkovDmitri: checks
Actionni13: bets $6
VolkovDmitri: calls $6
*** RIVER *** [As 4d 5s Kd] [5h]
VolkovDmitri: checks
Actionni13: checks
*** SHOW DOWN ***
VolkovDmitri: shows [9s 7s] (a pair of Fives)
Actionni13: shows [Tc 8d] (a pair of Fives - Ace+King+Ten kicker)
Actionni13 collected $23.52 from pot
*** SUMMARY ***
Total pot $24 | Rake $0.48
Board [As 4d 5s Kd 5h]
Seat 1: VolkovDmitri (big blind) showed [9s 7s] and lost with a pair of Fives
Seat 4: Actionni13 (button) (small blind) showed [Tc 8d] and won ($23.52) with a pair of Fives


PokerStars Hand #148263428396:  Hold'em Limit ($3/$6 USD) - 2016/02/05 2:58:05 ET
Table 'Dido' 6-max Seat #1 is the button
Seat 1: VolkovDmitri ($120 in chips)
Seat 4: Actionni13 ($246.66 in chips)
VolkovDmitri: posts small blind $1
Actionni13: posts big blind $3
*** HOLE CARDS ***
VolkovDmitri: raises $3 to $6
Actionni13: folds
Uncalled bet ($3) returned to VolkovDmitri
VolkovDmitri collected $6 from pot
VolkovDmitri: doesn't show hand
*** SUMMARY ***
Total pot $6 | Rake $0
Seat 1: VolkovDmitri (button) (small blind) collected ($6)
Seat 4: Actionni13 (big blind) folded before Flop


PokerStars Hand #148263434072:  Hold'em Limit ($3/$6 USD) - 2016/02/05 2:58:17 ET
Table 'Dido' 6-max Seat #4 is the button
Seat 1: VolkovDmitri ($123 in chips)
Seat 4: Actionni13 ($243.66 in chips)
Actionni13: posts small blind $1
VolkovDmitri: posts big blind $3
*** HOLE CARDS ***
Actionni13: raises $3 to $6
VolkovDmitri: calls $3
*** FLOP *** [Js 2c 6c]
VolkovDmitri: checks
Actionni13: bets $3
VolkovDmitri: raises $3 to $6
Actionni13: calls $3
*** TURN *** [Js 2c 6c] [7s]
VolkovDmitri: bets $6
Actionni13: calls $6
*** RIVER *** [Js 2c 6c 7s] [Qs]
VolkovDmitri: bets $6
Actionni13: raises $6 to $12
VolkovDmitri: calls $6
*** SHOW DOWN ***
Actionni13: shows [Tc Ad] (high card Ace)
VolkovDmitri: shows [8s Jc] (a pair of Jacks)
VolkovDmitri collected $59.50 from pot
*** SUMMARY ***
Total pot $60 | Rake $0.50
Board [Js 2c 6c 7s Qs]
Seat 1: VolkovDmitri (big blind) showed [8s Jc] and won ($59.50) with a pair of Jacks
Seat 4: Actionni13 (button) (small blind) showed [Tc Ad] and lost with high card Ace


PokerStars Hand #148263454057:  Hold'em Limit ($3/$6 USD) - 2016/02/05 2:59:18 ET
Table 'Dido' 6-max Seat #1 is the button
Seat 1: VolkovDmitri ($152.50 in chips)
Seat 4: Actionni13 ($213.66 in chips)
VolkovDmitri: posts small blind $1
Actionni13: posts big blind $3
*** HOLE CARDS ***
VolkovDmitri: raises $3 to $6
Actionni13: calls $3
*** FLOP *** [Kh 2d Qc]
Actionni13: checks
VolkovDmitri: bets $3
Actionni13: calls $3
*** TURN *** [Kh 2d Qc] [Qd]
Actionni13: checks
VolkovDmitri: checks
*** RIVER *** [Kh 2d Qc Qd] [Kd]
Actionni13: checks
WWWMR joins the table at seat #6
VolkovDmitri: checks
*** SHOW DOWN ***
Actionni13: shows [5h As] (two pair, Kings and Queens)
VolkovDmitri: mucks hand
Actionni13 collected $17.64 from pot
*** SUMMARY ***
Total pot $18 | Rake $0.36
Board [Kh 2d Qc Qd Kd]
Seat 1: VolkovDmitri (button) (small blind) mucked
Seat 4: Actionni13 (big blind) showed [5h As] and won ($17.64) with two pair, Kings and Queens


PokerStars Hand #148263521527:  Hold'em Limit ($3/$6 USD) - 2016/02/05 3:02:55 ET
Table 'Dido' 6-max Seat #6 is the button
Seat 4: Actionni13 ($210.73 in chips)
Seat 6: WWWMR ($14.95 in chips)
WWWMR: posts small blind $1
Actionni13: posts big blind $3
*** HOLE CARDS ***
WWWMR: raises $3 to $6
Actionni13: raises $3 to $9
WWWMR: calls $3
*** FLOP *** [2d 7d 9c]
Actionni13: bets $3
WWWMR: raises $2.95 to $5.95 and is all-in
Actionni13: calls $2.95
*** TURN *** [2d 7d 9c] [5h]
*** RIVER *** [2d 7d 9c 5h] [9h]
*** SHOW DOWN ***
Actionni13: shows [8s Ah] (a pair of Nines)
WWWMR: shows [Qh Js] (a pair of Nines - lower kicker)
Actionni13 collected $29.40 from pot
*** SUMMARY ***
Total pot $29.90 | Rake $0.50
Board [2d 7d 9c 5h 9h]
Seat 4: Actionni13 (big blind) showed [8s Ah] and won ($29.40) with a pair of Nines
Seat 6: WWWMR (button) (small blind) showed [Qh Js] and lost with a pair of Nines


PokerStars Hand #148263519511:  Hold'em Limit ($3/$6 USD) - 2016/02/05 3:02:49 ET
Table 'Dido' 6-max Seat #4 is the button
Seat 4: Actionni13 ($207.73 in chips)
Seat 6: WWWMR ($17.95 in chips)
Actionni13: posts small blind $1
WWWMR: posts big blind $3
*** HOLE CARDS ***
Actionni13: raises $3 to $6
WWWMR: folds
Uncalled bet ($3) returned to Actionni13
Actionni13 collected $6 from pot
Actionni13: doesn't show hand
*** SUMMARY ***
Total pot $6 | Rake $0
Seat 4: Actionni13 (button) (small blind) collected ($6)
Seat 6: WWWMR (big blind) folded before Flop


PokerStars Hand #148263514027:  Hold'em Limit ($3/$6 USD) - 2016/02/05 3:02:32 ET
Table 'Dido' 6-max Seat #6 is the button
Seat 4: Actionni13 ($213.73 in chips)
Seat 6: WWWMR ($12.19 in chips)
WWWMR: posts small blind $1
VolkovDmitri: is sitting out
Actionni13: posts big blind $3
*** HOLE CARDS ***
WWWMR: raises $3 to $6
Actionni13: calls $3
*** FLOP *** [Td Jc Ac]
VolkovDmitri leaves the table
Actionni13: checks
WWWMR: bets $3
Actionni13: folds
Uncalled bet ($3) returned to WWWMR
WWWMR collected $11.76 from pot
WWWMR: doesn't show hand
*** SUMMARY ***
Total pot $12 | Rake $0.24
Board [Td Jc Ac]
Seat 4: Actionni13 (big blind) folded on the Flop
Seat 6: WWWMR (button) (small blind) collected ($11.76)


PokerStars Hand #148263531757:  Hold'em Limit ($3/$6 USD) - 2016/02/05 3:03:27 ET
Table 'Dido' 6-max Seat #4 is the button
Seat 4: Actionni13 ($225.18 in chips)
Seat 6: WWWMR ($120 in chips)
Actionni13: posts small blind $1
WWWMR: posts big blind $3
*** HOLE CARDS ***
Actionni13: raises $3 to $6
WWWMR: calls $3
*** FLOP *** [Qd 7d Td]
WWWMR: checks
Actionni13: bets $3
WWWMR: calls $3
*** TURN *** [Qd 7d Td] [6s]
WWWMR: bets $6
Actionni13: calls $6
*** RIVER *** [Qd 7d Td 6s] [4c]
WWWMR: bets $6
Actionni13: folds
Uncalled bet ($6) returned to WWWMR
WWWMR collected $29.50 from pot
WWWMR: doesn't show hand
*** SUMMARY ***
Total pot $30 | Rake $0.50
Board [Qd 7d Td 6s 4c]
Seat 4: Actionni13 (button) (small blind) folded on the River
Seat 6: WWWMR (big blind) collected ($29.50)


