PokerStars Hand #155090650758:  Hold'em Limit ($3/$6 USD) - 2016/06/23 5:26:41 ET
Table 'Dido II' 6-max Seat #3 is the button
Seat 3: rezaAAreza ($128.46 in chips)
Seat 4: krytalex ($87.14 in chips)
rezaAAreza: posts small blind $1
krytalex: posts big blind $3
*** HOLE CARDS ***
rezaAAreza: calls $2
krytalex: raises $3 to $6
rezaAAreza: calls $3
*** FLOP *** [7h 7d 3s]
krytalex: bets $3
rezaAAreza: calls $3
*** TURN *** [7h 7d 3s] [Ts]
krytalex: bets $6
rezaAAreza: calls $6
*** RIVER *** [7h 7d 3s Ts] [Kh]
yayaya joins the table at seat #5
krytalex: bets $6
rezaAAreza: folds
Uncalled bet ($6) returned to krytalex
krytalex collected $29.50 from pot
*** SUMMARY ***
Total pot $30 | Rake $0.50
Board [7h 7d 3s Ts Kh]
Seat 3: rezaAAreza (button) (small blind) folded on the River
Seat 4: krytalex (big blind) collected ($29.50)


PokerStars Hand #155092555848:  Hold'em Limit ($3/$6 USD) - 2016/06/23 6:59:35 ET
Table 'Dido II' 6-max Seat #1 is the button
Seat 1: Murrrr_@T ($131.62 in chips)
Seat 6: Tryptamean ($97.14 in chips)
Murrrr_@T: posts small blind $1
krytalex: is sitting out
Tryptamean: posts big blind $3
*** HOLE CARDS ***
krytalex leaves the table
Murrrr_@T: raises $3 to $6
Tryptamean: folds
Uncalled bet ($3) returned to Murrrr_@T
Murrrr_@T collected $6 from pot
Murrrr_@T: doesn't show hand
*** SUMMARY ***
Total pot $6 | Rake $0
Seat 1: Murrrr_@T (button) (small blind) collected ($6)
Seat 6: Tryptamean (big blind) folded before Flop


