PokerStars Hand #150955324880:  Hold'em Limit ($3/$6 USD) - 2016/03/26 9:59:59 ET
Table 'Dido II' 6-max Seat #6 is the button
Seat 4: Agrotait ($72 in chips)
Seat 6: nrooooooooib ($33.96 in chips)
nrooooooooib: posts small blind $1
Agrotait: posts big blind $3
*** HOLE CARDS ***
nrooooooooib: raises $3 to $6
Agrotait: raises $3 to $9
nrooooooooib: calls $3
*** FLOP *** [2h 3h 6s]
Agrotait: bets $3
nrooooooooib: calls $3
*** TURN *** [2h 3h 6s] [Jd]
Agrotait: bets $6
nrooooooooib: folds
Uncalled bet ($6) returned to Agrotait
Agrotait collected $23.52 from pot
Agrotait: doesn't show hand
*** SUMMARY ***
Total pot $24 | Rake $0.48
Board [2h 3h 6s Jd]
Seat 4: Agrotait (big blind) collected ($23.52)
Seat 6: nrooooooooib (button) (small blind) folded on the Turn


PokerStars Hand #150955355992:  Hold'em Limit ($3/$6 USD) - 2016/03/26 10:00:51 ET
Table 'Dido II' 6-max Seat #4 is the button
Seat 4: Agrotait ($83.52 in chips)
Seat 6: nrooooooooib ($21.96 in chips)
Agrotait: posts small blind $1
nrooooooooib: posts big blind $3
*** HOLE CARDS ***
Agrotait: folds
Uncalled bet ($2) returned to nrooooooooib
nrooooooooib collected $2 from pot
*** SUMMARY ***
Total pot $2 | Rake $0
Seat 4: Agrotait (button) (small blind) folded before Flop
Seat 6: nrooooooooib (big blind) collected ($2)


PokerStars Hand #150955372585:  Hold'em Limit ($3/$6 USD) - 2016/03/26 10:01:18 ET
Table 'Dido II' 6-max Seat #6 is the button
Seat 4: Agrotait ($82.52 in chips)
Seat 6: nrooooooooib ($22.96 in chips)
nrooooooooib: posts small blind $1
Agrotait: posts big blind $3
*** HOLE CARDS ***
nrooooooooib: raises $3 to $6
Agrotait: folds
Uncalled bet ($3) returned to nrooooooooib
nrooooooooib collected $6 from pot
nrooooooooib: doesn't show hand
*** SUMMARY ***
Total pot $6 | Rake $0
Seat 4: Agrotait (big blind) folded before Flop
Seat 6: nrooooooooib (button) (small blind) collected ($6)


PokerStars Hand #150955386967:  Hold'em Limit ($3/$6 USD) - 2016/03/26 10:01:40 ET
Table 'Dido II' 6-max Seat #6 is the button
Seat 4: Agrotait ($82.52 in chips)
Seat 6: nrooooooooib ($22.96 in chips)
nrooooooooib: posts small blind $1
Agrotait: posts big blind $3
*** HOLE CARDS ***
nrooooooooib: folds
Uncalled bet ($2) returned to Agrotait
Agrotait collected $2 from pot
Agrotait: doesn't show hand
*** SUMMARY ***
Total pot $2 | Rake $0
Seat 4: Agrotait (big blind) collected ($2)
Seat 6: nrooooooooib (button) (small blind) folded before Flop


PokerStars Hand #150955381311:  Hold'em Limit ($3/$6 USD) - 2016/03/26 10:01:31 ET
Table 'Dido II' 6-max Seat #4 is the button
Seat 4: Agrotait ($79.52 in chips)
Seat 6: nrooooooooib ($25.96 in chips)
Agrotait: posts small blind $1
nrooooooooib: posts big blind $3
*** HOLE CARDS ***
Agrotait: raises $3 to $6
nrooooooooib: folds
Uncalled bet ($3) returned to Agrotait
Agrotait collected $6 from pot
Agrotait: doesn't show hand
*** SUMMARY ***
Total pot $6 | Rake $0
Seat 4: Agrotait (button) (small blind) collected ($6)
Seat 6: nrooooooooib (big blind) folded before Flop


PokerStars Hand #150955390228:  Hold'em Limit ($3/$6 USD) - 2016/03/26 10:01:44 ET
Table 'Dido II' 6-max Seat #4 is the button
Seat 4: Agrotait ($83.52 in chips)
Seat 6: nrooooooooib ($21.96 in chips)
Agrotait: posts small blind $1
nrooooooooib: posts big blind $3
*** HOLE CARDS ***
Agrotait: folds
Uncalled bet ($2) returned to nrooooooooib
nrooooooooib collected $2 from pot
nrooooooooib: doesn't show hand
*** SUMMARY ***
Total pot $2 | Rake $0
Seat 4: Agrotait (button) (small blind) folded before Flop
Seat 6: nrooooooooib (big blind) collected ($2)


PokerStars Hand #150955407195:  Hold'em Limit ($3/$6 USD) - 2016/03/26 10:02:09 ET
Table 'Dido II' 6-max Seat #4 is the button
Seat 4: Agrotait ($88.28 in chips)
Seat 6: nrooooooooib ($16.96 in chips)
Agrotait: posts small blind $1
nrooooooooib: posts big blind $3
*** HOLE CARDS ***
Agrotait: folds
Uncalled bet ($2) returned to nrooooooooib
nrooooooooib collected $2 from pot
*** SUMMARY ***
Total pot $2 | Rake $0
Seat 4: Agrotait (button) (small blind) folded before Flop
Seat 6: nrooooooooib (big blind) collected ($2)


PokerStars Hand #150955393636:  Hold'em Limit ($3/$6 USD) - 2016/03/26 10:01:50 ET
Table 'Dido II' 6-max Seat #6 is the button
Seat 4: Agrotait ($82.52 in chips)
Seat 6: nrooooooooib ($22.96 in chips)
nrooooooooib: posts small blind $1
Agrotait: posts big blind $3
*** HOLE CARDS ***
nrooooooooib: calls $2
Agrotait: checks
*** FLOP *** [3c 4d 9s]
Agrotait: bets $3
nrooooooooib: calls $3
*** TURN *** [3c 4d 9s] [6d]
Agrotait: bets $6
nrooooooooib: folds
Uncalled bet ($6) returned to Agrotait
Agrotait collected $11.76 from pot
Agrotait: doesn't show hand
*** SUMMARY ***
Total pot $12 | Rake $0.24
Board [3c 4d 9s 6d]
Seat 4: Agrotait (big blind) collected ($11.76)
Seat 6: nrooooooooib (button) (small blind) folded on the Turn


PokerStars Hand #150955411515:  Hold'em Limit ($3/$6 USD) - 2016/03/26 10:02:16 ET
Table 'Dido II' 6-max Seat #6 is the button
Seat 4: Agrotait ($87.28 in chips)
Seat 6: nrooooooooib ($17.96 in chips)
nrooooooooib: posts small blind $1
Agrotait: posts big blind $3
*** HOLE CARDS ***
nrooooooooib: raises $3 to $6
Agrotait: calls $3
*** FLOP *** [3h 4d 9d]
Agrotait: checks
nrooooooooib: bets $3
Agrotait: calls $3
*** TURN *** [3h 4d 9d] [5c]
Agrotait: checks
nrooooooooib: checks
*** RIVER *** [3h 4d 9d 5c] [3d]
Agrotait: checks
nrooooooooib: checks
*** SHOW DOWN ***
Agrotait: shows [6s Ah] (a pair of Threes)
nrooooooooib: shows [As Jc] (a pair of Threes - Ace+Jack kicker)
nrooooooooib collected $17.64 from pot
*** SUMMARY ***
Total pot $18 | Rake $0.36
Board [3h 4d 9d 5c 3d]
Seat 4: Agrotait (big blind) showed [6s Ah] and lost with a pair of Threes
Seat 6: nrooooooooib (button) (small blind) showed [As Jc] and won ($17.64) with a pair of Threes


PokerStars Hand #150955427949:  Hold'em Limit ($3/$6 USD) - 2016/03/26 10:02:38 ET
Table 'Dido II' 6-max Seat #4 is the button
Seat 4: Agrotait ($78.28 in chips)
Seat 6: nrooooooooib ($26.60 in chips)
Agrotait: posts small blind $1
nrooooooooib: posts big blind $3
*** HOLE CARDS ***
Agrotait: raises $3 to $6
nrooooooooib: calls $3
*** FLOP *** [6h Ac Ah]
nrooooooooib: checks
Agrotait: bets $3
nrooooooooib: calls $3
*** TURN *** [6h Ac Ah] [Jd]
nrooooooooib: checks
Agrotait: bets $6
nrooooooooib: folds
Uncalled bet ($6) returned to Agrotait
Agrotait collected $17.64 from pot
Agrotait: doesn't show hand
*** SUMMARY ***
Total pot $18 | Rake $0.36
Board [6h Ac Ah Jd]
Seat 4: Agrotait (button) (small blind) collected ($17.64)
Seat 6: nrooooooooib (big blind) folded on the Turn


PokerStars Hand #150955469435:  Hold'em Limit ($3/$6 USD) - 2016/03/26 10:03:39 ET
Table 'Dido II' 6-max Seat #6 is the button
Seat 4: Agrotait ($86.92 in chips)
Seat 6: nrooooooooib ($17.60 in chips)
nrooooooooib: posts small blind $1
Agrotait: posts big blind $3
*** HOLE CARDS ***
nrooooooooib: calls $2
Agrotait: checks
*** FLOP *** [2h 9h Kh]
Agrotait: bets $3
nrooooooooib: folds
Uncalled bet ($3) returned to Agrotait
Agrotait collected $5.88 from pot
Agrotait: doesn't show hand
*** SUMMARY ***
Total pot $6 | Rake $0.12
Board [2h 9h Kh]
Seat 4: Agrotait (big blind) collected ($5.88)
Seat 6: nrooooooooib (button) (small blind) folded on the Flop


