PokerStars Hand #150112417329:  Hold'em Limit ($3/$6 USD) - 2016/03/09 20:43:23 ET
Table 'Dido' 6-max Seat #4 is the button
Seat 1: megabaitt ($119 in chips)
Seat 4: AzureCaper ($73 in chips)
AzureCaper: posts small blind $1
megabaitt: posts big blind $3
*** HOLE CARDS ***
AzureCaper: folds
Uncalled bet ($2) returned to megabaitt
megabaitt collected $2 from pot
megabaitt: doesn't show hand
*** SUMMARY ***
Total pot $2 | Rake $0
Seat 1: megabaitt (big blind) collected ($2)
Seat 4: AzureCaper (button) (small blind) folded before Flop


PokerStars Hand #150112409682:  Hold'em Limit ($3/$6 USD) - 2016/03/09 20:43:05 ET
Table 'Dido' 6-max Seat #1 is the button
Seat 1: megabaitt ($120 in chips)
Seat 4: AzureCaper ($72 in chips)
megabaitt: posts small blind $1
AzureCaper: posts big blind $3
*** HOLE CARDS ***
megabaitt: folds
Uncalled bet ($2) returned to AzureCaper
AzureCaper collected $2 from pot
AzureCaper: doesn't show hand
*** SUMMARY ***
Total pot $2 | Rake $0
Seat 1: megabaitt (button) (small blind) folded before Flop
Seat 4: AzureCaper (big blind) collected ($2)


PokerStars Hand #150112422327:  Hold'em Limit ($3/$6 USD) - 2016/03/09 20:43:34 ET
Table 'Dido' 6-max Seat #4 is the button
Seat 1: megabaitt ($119 in chips)
Seat 4: AzureCaper ($73 in chips)
AzureCaper: posts small blind $1
megabaitt: posts big blind $3
*** HOLE CARDS ***
AzureCaper: folds
Uncalled bet ($2) returned to megabaitt
megabaitt collected $2 from pot
megabaitt: doesn't show hand
*** SUMMARY ***
Total pot $2 | Rake $0
Seat 1: megabaitt (big blind) collected ($2)
Seat 4: AzureCaper (button) (small blind) folded before Flop


PokerStars Hand #150112419894:  Hold'em Limit ($3/$6 USD) - 2016/03/09 20:43:28 ET
Table 'Dido' 6-max Seat #1 is the button
Seat 1: megabaitt ($120 in chips)
Seat 4: AzureCaper ($72 in chips)
megabaitt: posts small blind $1
AzureCaper: posts big blind $3
*** HOLE CARDS ***
megabaitt: folds
Uncalled bet ($2) returned to AzureCaper
AzureCaper collected $2 from pot
AzureCaper: doesn't show hand
*** SUMMARY ***
Total pot $2 | Rake $0
Seat 1: megabaitt (button) (small blind) folded before Flop
Seat 4: AzureCaper (big blind) collected ($2)


PokerStars Hand #150112445120:  Hold'em Limit ($3/$6 USD) - 2016/03/09 20:44:24 ET
Table 'Dido' 6-max Seat #4 is the button
Seat 1: megabaitt ($127.76 in chips)
Seat 4: AzureCaper ($73 in chips)
AzureCaper: posts small blind $1
megabaitt: posts big blind $3
*** HOLE CARDS ***
AzureCaper: raises $3 to $6
megabaitt: folds
Uncalled bet ($3) returned to AzureCaper
AzureCaper collected $6 from pot
AzureCaper: doesn't show hand
*** SUMMARY ***
Total pot $6 | Rake $0
Seat 1: megabaitt (big blind) folded before Flop
Seat 4: AzureCaper (button) (small blind) collected ($6)


PokerStars Hand #150112442609:  Hold'em Limit ($3/$6 USD) - 2016/03/09 20:44:19 ET
Table 'Dido' 6-max Seat #1 is the button
Seat 1: megabaitt ($128.76 in chips)
Seat 4: AzureCaper ($72 in chips)
megabaitt: posts small blind $1
AzureCaper: posts big blind $3
*** HOLE CARDS ***
megabaitt: folds
Uncalled bet ($2) returned to AzureCaper
AzureCaper collected $2 from pot
AzureCaper: doesn't show hand
*** SUMMARY ***
Total pot $2 | Rake $0
Seat 1: megabaitt (button) (small blind) folded before Flop
Seat 4: AzureCaper (big blind) collected ($2)


PokerStars Hand #150112437340:  Hold'em Limit ($3/$6 USD) - 2016/03/09 20:44:07 ET
Table 'Dido' 6-max Seat #4 is the button
Seat 1: megabaitt ($123 in chips)
Seat 4: AzureCaper ($72 in chips)
AzureCaper: posts small blind $1
megabaitt: posts big blind $3
*** HOLE CARDS ***
AzureCaper: raises $3 to $6
megabaitt: calls $3
*** FLOP *** [4h Kh 3h]
megabaitt: bets $3
AzureCaper: folds
Uncalled bet ($3) returned to megabaitt
megabaitt collected $11.76 from pot
megabaitt: doesn't show hand
*** SUMMARY ***
Total pot $12 | Rake $0.24
Board [4h Kh 3h]
Seat 1: megabaitt (big blind) collected ($11.76)
Seat 4: AzureCaper (button) (small blind) folded on the Flop


PokerStars Hand #150112433841:  Hold'em Limit ($3/$6 USD) - 2016/03/09 20:43:59 ET
Table 'Dido' 6-max Seat #1 is the button
Seat 1: megabaitt ($120 in chips)
Seat 4: AzureCaper ($75 in chips)
megabaitt: posts small blind $1
AzureCaper: posts big blind $3
*** HOLE CARDS ***
megabaitt: raises $3 to $6
AzureCaper: folds
Uncalled bet ($3) returned to megabaitt
megabaitt collected $6 from pot
megabaitt: doesn't show hand
*** SUMMARY ***
Total pot $6 | Rake $0
Seat 1: megabaitt (button) (small blind) collected ($6)
Seat 4: AzureCaper (big blind) folded before Flop


PokerStars Hand #150112428847:  Hold'em Limit ($3/$6 USD) - 2016/03/09 20:43:48 ET
Table 'Dido' 6-max Seat #4 is the button
Seat 1: megabaitt ($123 in chips)
Seat 4: AzureCaper ($72 in chips)
AzureCaper: posts small blind $1
megabaitt: posts big blind $3
*** HOLE CARDS ***
AzureCaper: raises $3 to $6
megabaitt: folds
Uncalled bet ($3) returned to AzureCaper
AzureCaper collected $6 from pot
AzureCaper: doesn't show hand
*** SUMMARY ***
Total pot $6 | Rake $0
Seat 1: megabaitt (big blind) folded before Flop
Seat 4: AzureCaper (button) (small blind) collected ($6)


PokerStars Hand #150112424545:  Hold'em Limit ($3/$6 USD) - 2016/03/09 20:43:39 ET
Table 'Dido' 6-max Seat #1 is the button
Seat 1: megabaitt ($120 in chips)
Seat 4: AzureCaper ($72 in chips)
megabaitt: posts small blind $1
AzureCaper: posts big blind $3
*** HOLE CARDS ***
megabaitt: raises $3 to $6
AzureCaper: folds
Uncalled bet ($3) returned to megabaitt
megabaitt collected $6 from pot
*** SUMMARY ***
Total pot $6 | Rake $0
Seat 1: megabaitt (button) (small blind) collected ($6)
Seat 4: AzureCaper (big blind) folded before Flop


PokerStars Hand #150112448991:  Hold'em Limit ($3/$6 USD) - 2016/03/09 20:44:33 ET
Table 'Dido' 6-max Seat #1 is the button
Seat 1: megabaitt ($124.76 in chips)
Seat 4: AzureCaper ($76 in chips)
megabaitt: posts small blind $1
AzureCaper: posts big blind $3
*** HOLE CARDS ***
megabaitt: raises $3 to $6
AzureCaper: folds
Uncalled bet ($3) returned to megabaitt
megabaitt collected $6 from pot
megabaitt: doesn't show hand
*** SUMMARY ***
Total pot $6 | Rake $0
Seat 1: megabaitt (button) (small blind) collected ($6)
Seat 4: AzureCaper (big blind) folded before Flop


PokerStars Hand #150112466760:  Hold'em Limit ($3/$6 USD) - 2016/03/09 20:45:12 ET
Table 'Dido' 6-max Seat #1 is the button
Seat 1: megabaitt ($122.76 in chips)
Seat 4: AzureCaper ($77.64 in chips)
megabaitt: posts small blind $1
AzureCaper: posts big blind $3
*** HOLE CARDS ***
megabaitt: folds
Uncalled bet ($2) returned to AzureCaper
AzureCaper collected $2 from pot
AzureCaper: doesn't show hand
*** SUMMARY ***
Total pot $2 | Rake $0
Seat 1: megabaitt (button) (small blind) folded before Flop
Seat 4: AzureCaper (big blind) collected ($2)


PokerStars Hand #150112464518:  Hold'em Limit ($3/$6 USD) - 2016/03/09 20:45:07 ET
Table 'Dido' 6-max Seat #4 is the button
Seat 1: megabaitt ($121.76 in chips)
Seat 4: AzureCaper ($78.64 in chips)
AzureCaper: posts small blind $1
megabaitt: posts big blind $3
*** HOLE CARDS ***
AzureCaper: folds
Uncalled bet ($2) returned to megabaitt
megabaitt collected $2 from pot
megabaitt: doesn't show hand
*** SUMMARY ***
Total pot $2 | Rake $0
Seat 1: megabaitt (big blind) collected ($2)
Seat 4: AzureCaper (button) (small blind) folded before Flop


PokerStars Hand #150112461206:  Hold'em Limit ($3/$6 USD) - 2016/03/09 20:45:00 ET
Table 'Dido' 6-max Seat #1 is the button
Seat 1: megabaitt ($118.76 in chips)
Seat 4: AzureCaper ($81.64 in chips)
megabaitt: posts small blind $1
AzureCaper: posts big blind $3
*** HOLE CARDS ***
megabaitt: raises $3 to $6
AzureCaper: folds
Uncalled bet ($3) returned to megabaitt
megabaitt collected $6 from pot
megabaitt: doesn't show hand
*** SUMMARY ***
Total pot $6 | Rake $0
Seat 1: megabaitt (button) (small blind) collected ($6)
Seat 4: AzureCaper (big blind) folded before Flop


PokerStars Hand #150112452365:  Hold'em Limit ($3/$6 USD) - 2016/03/09 20:44:40 ET
Table 'Dido' 6-max Seat #4 is the button
Seat 1: megabaitt ($127.76 in chips)
Seat 4: AzureCaper ($73 in chips)
AzureCaper: posts small blind $1
megabaitt: posts big blind $3
*** HOLE CARDS ***
AzureCaper: raises $3 to $6
megabaitt: calls $3
*** FLOP *** [Ks Qc 3h]
megabaitt: bets $3
AzureCaper: calls $3
*** TURN *** [Ks Qc 3h] [4c]
megabaitt: checks
AzureCaper: bets $6
megabaitt: folds
Uncalled bet ($6) returned to AzureCaper
AzureCaper collected $17.64 from pot
AzureCaper: doesn't show hand
*** SUMMARY ***
Total pot $18 | Rake $0.36
Board [Ks Qc 3h 4c]
Seat 1: megabaitt (big blind) folded on the Turn
Seat 4: AzureCaper (button) (small blind) collected ($17.64)


PokerStars Hand #150112493898:  Hold'em Limit ($3/$6 USD) - 2016/03/09 20:46:13 ET
Table 'Dido' 6-max Seat #4 is the button
Seat 1: megabaitt ($103.76 in chips)
Seat 4: AzureCaper ($96.14 in chips)
AzureCaper: posts small blind $1
megabaitt: posts big blind $3
*** HOLE CARDS ***
AzureCaper: folds
Uncalled bet ($2) returned to megabaitt
megabaitt collected $2 from pot
megabaitt: doesn't show hand
*** SUMMARY ***
Total pot $2 | Rake $0
Seat 1: megabaitt (big blind) collected ($2)
Seat 4: AzureCaper (button) (small blind) folded before Flop


PokerStars Hand #150112490912:  Hold'em Limit ($3/$6 USD) - 2016/03/09 20:46:06 ET
Table 'Dido' 6-max Seat #1 is the button
Seat 1: megabaitt ($100.76 in chips)
Seat 4: AzureCaper ($99.14 in chips)
megabaitt: posts small blind $1
AzureCaper: posts big blind $3
*** HOLE CARDS ***
megabaitt: raises $3 to $6
AzureCaper: folds
Uncalled bet ($3) returned to megabaitt
megabaitt collected $6 from pot
megabaitt: doesn't show hand
*** SUMMARY ***
Total pot $6 | Rake $0
Seat 1: megabaitt (button) (small blind) collected ($6)
Seat 4: AzureCaper (big blind) folded before Flop


PokerStars Hand #150112488691:  Hold'em Limit ($3/$6 USD) - 2016/03/09 20:46:01 ET
Table 'Dido' 6-max Seat #4 is the button
Seat 1: megabaitt ($99.76 in chips)
Seat 4: AzureCaper ($100.14 in chips)
AzureCaper: posts small blind $1
megabaitt: posts big blind $3
*** HOLE CARDS ***
AzureCaper: folds
Uncalled bet ($2) returned to megabaitt
megabaitt collected $2 from pot
megabaitt: doesn't show hand
*** SUMMARY ***
Total pot $2 | Rake $0
Seat 1: megabaitt (big blind) collected ($2)
Seat 4: AzureCaper (button) (small blind) folded before Flop


PokerStars Hand #150112486180:  Hold'em Limit ($3/$6 USD) - 2016/03/09 20:45:56 ET
Table 'Dido' 6-max Seat #1 is the button
Seat 1: megabaitt ($100.76 in chips)
Seat 4: AzureCaper ($99.14 in chips)
megabaitt: posts small blind $1
AzureCaper: posts big blind $3
*** HOLE CARDS ***
megabaitt: folds
Uncalled bet ($2) returned to AzureCaper
AzureCaper collected $2 from pot
AzureCaper: doesn't show hand
*** SUMMARY ***
Total pot $2 | Rake $0
Seat 1: megabaitt (button) (small blind) folded before Flop
Seat 4: AzureCaper (big blind) collected ($2)


PokerStars Hand #150112484083:  Hold'em Limit ($3/$6 USD) - 2016/03/09 20:45:51 ET
Table 'Dido' 6-max Seat #4 is the button
Seat 1: megabaitt ($99.76 in chips)
Seat 4: AzureCaper ($100.14 in chips)
AzureCaper: posts small blind $1
megabaitt: posts big blind $3
*** HOLE CARDS ***
AzureCaper: folds
Uncalled bet ($2) returned to megabaitt
megabaitt collected $2 from pot
megabaitt: doesn't show hand
*** SUMMARY ***
Total pot $2 | Rake $0
Seat 1: megabaitt (big blind) collected ($2)
Seat 4: AzureCaper (button) (small blind) folded before Flop


PokerStars Hand #150112481644:  Hold'em Limit ($3/$6 USD) - 2016/03/09 20:45:45 ET
Table 'Dido' 6-max Seat #1 is the button
Seat 1: megabaitt ($100.76 in chips)
Seat 4: AzureCaper ($99.14 in chips)
megabaitt: posts small blind $1
AzureCaper: posts big blind $3
*** HOLE CARDS ***
megabaitt: folds
Uncalled bet ($2) returned to AzureCaper
AzureCaper collected $2 from pot
AzureCaper: doesn't show hand
*** SUMMARY ***
Total pot $2 | Rake $0
Seat 1: megabaitt (button) (small blind) folded before Flop
Seat 4: AzureCaper (big blind) collected ($2)


PokerStars Hand #150112469245:  Hold'em Limit ($3/$6 USD) - 2016/03/09 20:45:18 ET
Table 'Dido' 6-max Seat #4 is the button
Seat 1: megabaitt ($121.76 in chips)
Seat 4: AzureCaper ($78.64 in chips)
AzureCaper: posts small blind $1
megabaitt: posts big blind $3
*** HOLE CARDS ***
AzureCaper: raises $3 to $6
megabaitt: calls $3
*** FLOP *** [7h 4s Jd]
megabaitt: bets $3
AzureCaper: calls $3
*** TURN *** [7h 4s Jd] [3h]
megabaitt: bets $6
AzureCaper: calls $6
*** RIVER *** [7h 4s Jd 3h] [4h]
megabaitt: bets $6
AzureCaper: calls $6
*** SHOW DOWN ***
megabaitt: shows [Qs 6h] (a pair of Fours)
AzureCaper: shows [6d Ah] (a pair of Fours - Ace kicker)
AzureCaper collected $41.50 from pot
*** SUMMARY ***
Total pot $42 | Rake $0.50
Board [7h 4s Jd 3h 4h]
Seat 1: megabaitt (big blind) showed [Qs 6h] and lost with a pair of Fours
Seat 4: AzureCaper (button) (small blind) showed [6d Ah] and won ($41.50) with a pair of Fours


PokerStars Hand #150112524134:  Hold'em Limit ($3/$6 USD) - 2016/03/09 20:47:21 ET
Table 'Dido' 6-max Seat #1 is the button
Seat 1: megabaitt ($115.26 in chips)
Seat 4: AzureCaper ($83.78 in chips)
megabaitt: posts small blind $1
AzureCaper: posts big blind $3
*** HOLE CARDS ***
megabaitt: folds
Uncalled bet ($2) returned to AzureCaper
AzureCaper collected $2 from pot
AzureCaper: doesn't show hand
*** SUMMARY ***
Total pot $2 | Rake $0
Seat 1: megabaitt (button) (small blind) folded before Flop
Seat 4: AzureCaper (big blind) collected ($2)


PokerStars Hand #150112521285:  Hold'em Limit ($3/$6 USD) - 2016/03/09 20:47:15 ET
Table 'Dido' 6-max Seat #4 is the button
Seat 1: megabaitt ($118.26 in chips)
Seat 4: AzureCaper ($80.78 in chips)
AzureCaper: posts small blind $1
megabaitt: posts big blind $3
*** HOLE CARDS ***
AzureCaper: raises $3 to $6
megabaitt: folds
Uncalled bet ($3) returned to AzureCaper
AzureCaper collected $6 from pot
AzureCaper: doesn't show hand
*** SUMMARY ***
Total pot $6 | Rake $0
Seat 1: megabaitt (big blind) folded before Flop
Seat 4: AzureCaper (button) (small blind) collected ($6)


PokerStars Hand #150112518635:  Hold'em Limit ($3/$6 USD) - 2016/03/09 20:47:09 ET
Table 'Dido' 6-max Seat #1 is the button
Seat 1: megabaitt ($119.26 in chips)
Seat 4: AzureCaper ($79.78 in chips)
megabaitt: posts small blind $1
AzureCaper: posts big blind $3
*** HOLE CARDS ***
megabaitt: folds
Uncalled bet ($2) returned to AzureCaper
AzureCaper collected $2 from pot
AzureCaper: doesn't show hand
*** SUMMARY ***
Total pot $2 | Rake $0
Seat 1: megabaitt (button) (small blind) folded before Flop
Seat 4: AzureCaper (big blind) collected ($2)


PokerStars Hand #150112507743:  Hold'em Limit ($3/$6 USD) - 2016/03/09 20:46:44 ET
Table 'Dido' 6-max Seat #4 is the button
Seat 1: megabaitt ($95.76 in chips)
Seat 4: AzureCaper ($103.78 in chips)
AzureCaper: posts small blind $1
megabaitt: posts big blind $3
*** HOLE CARDS ***
AzureCaper: raises $3 to $6
megabaitt: raises $3 to $9
AzureCaper: calls $3
*** FLOP *** [Td 3d 2d]
megabaitt: bets $3
AzureCaper: calls $3
*** TURN *** [Td 3d 2d] [Ad]
megabaitt: bets $6
AzureCaper: calls $6
*** RIVER *** [Td 3d 2d Ad] [6s]
megabaitt: bets $6
AzureCaper: calls $6
*** SHOW DOWN ***
megabaitt: shows [Ts Ah] (two pair, Aces and Tens)
AzureCaper: mucks hand
megabaitt collected $47.50 from pot
*** SUMMARY ***
Total pot $48 | Rake $0.50
Board [Td 3d 2d Ad 6s]
Seat 1: megabaitt (big blind) showed [Ts Ah] and won ($47.50) with two pair, Aces and Tens
Seat 4: AzureCaper (button) (small blind) mucked


PokerStars Hand #150112496361:  Hold'em Limit ($3/$6 USD) - 2016/03/09 20:46:18 ET
Table 'Dido' 6-max Seat #1 is the button
Seat 1: megabaitt ($104.76 in chips)
Seat 4: AzureCaper ($95.14 in chips)
megabaitt: posts small blind $1
AzureCaper: posts big blind $3
*** HOLE CARDS ***
megabaitt: raises $3 to $6
AzureCaper: calls $3
*** FLOP *** [Qh Kc 7s]
AzureCaper: checks
megabaitt: bets $3
AzureCaper: calls $3
*** TURN *** [Qh Kc 7s] [Jc]
AzureCaper: checks
megabaitt: checks
*** RIVER *** [Qh Kc 7s Jc] [Jh]
AzureCaper: bets $6
megabaitt: folds
Uncalled bet ($6) returned to AzureCaper
AzureCaper collected $17.64 from pot
AzureCaper: doesn't show hand
*** SUMMARY ***
Total pot $18 | Rake $0.36
Board [Qh Kc 7s Jc Jh]
Seat 1: megabaitt (button) (small blind) folded on the River
Seat 4: AzureCaper (big blind) collected ($17.64)


PokerStars Hand #150112552185:  Hold'em Limit ($3/$6 USD) - 2016/03/09 20:48:24 ET
Table 'Dido' 6-max Seat #1 is the button
Seat 1: megabaitt ($96.02 in chips)
Seat 4: AzureCaper ($101.82 in chips)
megabaitt: posts small blind $1
AzureCaper: posts big blind $3
*** HOLE CARDS ***
megabaitt: folds
Uncalled bet ($2) returned to AzureCaper
AzureCaper collected $2 from pot
AzureCaper: doesn't show hand
*** SUMMARY ***
Total pot $2 | Rake $0
Seat 1: megabaitt (button) (small blind) folded before Flop
Seat 4: AzureCaper (big blind) collected ($2)


PokerStars Hand #150112549597:  Hold'em Limit ($3/$6 USD) - 2016/03/09 20:48:18 ET
Table 'Dido' 6-max Seat #4 is the button
Seat 1: megabaitt ($95.02 in chips)
Seat 4: AzureCaper ($102.82 in chips)
AzureCaper: posts small blind $1
megabaitt: posts big blind $3
*** HOLE CARDS ***
AzureCaper: folds
Uncalled bet ($2) returned to megabaitt
megabaitt collected $2 from pot
megabaitt: doesn't show hand
*** SUMMARY ***
Total pot $2 | Rake $0
Seat 1: megabaitt (big blind) collected ($2)
Seat 4: AzureCaper (button) (small blind) folded before Flop


PokerStars Hand #150112542033:  Hold'em Limit ($3/$6 USD) - 2016/03/09 20:48:01 ET
Table 'Dido' 6-max Seat #1 is the button
Seat 1: megabaitt ($107.02 in chips)
Seat 4: AzureCaper ($91.30 in chips)
megabaitt: posts small blind $1
AzureCaper: posts big blind $3
*** HOLE CARDS ***
megabaitt: raises $3 to $6
AzureCaper: raises $3 to $9
megabaitt: calls $3
*** FLOP *** [3c 8c Qh]
AzureCaper: bets $3
megabaitt: calls $3
*** TURN *** [3c 8c Qh] [6c]
AzureCaper: bets $6
megabaitt: folds
Uncalled bet ($6) returned to AzureCaper
AzureCaper collected $23.52 from pot
AzureCaper: doesn't show hand
*** SUMMARY ***
Total pot $24 | Rake $0.48
Board [3c 8c Qh 6c]
Seat 1: megabaitt (button) (small blind) folded on the Turn
Seat 4: AzureCaper (big blind) collected ($23.52)


PokerStars Hand #150112537198:  Hold'em Limit ($3/$6 USD) - 2016/03/09 20:47:50 ET
Table 'Dido' 6-max Seat #4 is the button
Seat 1: megabaitt ($101.26 in chips)
Seat 4: AzureCaper ($97.30 in chips)
AzureCaper: posts small blind $1
megabaitt: posts big blind $3
*** HOLE CARDS ***
AzureCaper: raises $3 to $6
megabaitt: calls $3
*** FLOP *** [Ad Ks 5d]
megabaitt: bets $3
AzureCaper: folds
Uncalled bet ($3) returned to megabaitt
megabaitt collected $11.76 from pot
megabaitt: doesn't show hand
*** SUMMARY ***
Total pot $12 | Rake $0.24
Board [Ad Ks 5d]
Seat 1: megabaitt (big blind) collected ($11.76)
Seat 4: AzureCaper (button) (small blind) folded on the Flop


PokerStars Hand #150112534755:  Hold'em Limit ($3/$6 USD) - 2016/03/09 20:47:45 ET
Table 'Dido' 6-max Seat #1 is the button
Seat 1: megabaitt ($102.26 in chips)
Seat 4: AzureCaper ($96.30 in chips)
megabaitt: posts small blind $1
AzureCaper: posts big blind $3
*** HOLE CARDS ***
megabaitt: folds
Uncalled bet ($2) returned to AzureCaper
AzureCaper collected $2 from pot
AzureCaper: doesn't show hand
*** SUMMARY ***
Total pot $2 | Rake $0
Seat 1: megabaitt (button) (small blind) folded before Flop
Seat 4: AzureCaper (big blind) collected ($2)


PokerStars Hand #150112526931:  Hold'em Limit ($3/$6 USD) - 2016/03/09 20:47:27 ET
Table 'Dido' 6-max Seat #4 is the button
Seat 1: megabaitt ($114.26 in chips)
Seat 4: AzureCaper ($84.78 in chips)
AzureCaper: posts small blind $1
megabaitt: posts big blind $3
*** HOLE CARDS ***
AzureCaper: raises $3 to $6
megabaitt: calls $3
*** FLOP *** [6d 4h 2h]
megabaitt: bets $3
AzureCaper: raises $3 to $6
megabaitt: calls $3
*** TURN *** [6d 4h 2h] [Ks]
megabaitt: checks
AzureCaper: bets $6
megabaitt: folds
Uncalled bet ($6) returned to AzureCaper
AzureCaper collected $23.52 from pot
AzureCaper: doesn't show hand
*** SUMMARY ***
Total pot $24 | Rake $0.48
Board [6d 4h 2h Ks]
Seat 1: megabaitt (big blind) folded on the Turn
Seat 4: AzureCaper (button) (small blind) collected ($23.52)


PokerStars Hand #150112570650:  Hold'em Limit ($3/$6 USD) - 2016/03/09 20:49:06 ET
Table 'Dido' 6-max Seat #1 is the button
Seat 1: megabaitt ($71.02 in chips)
Seat 4: AzureCaper ($126.32 in chips)
megabaitt: posts small blind $1
AzureCaper: posts big blind $3
*** HOLE CARDS ***
megabaitt: folds
Uncalled bet ($2) returned to AzureCaper
megabaitt leaves the table
AzureCaper collected $2 from pot
AzureCaper: doesn't show hand
*** SUMMARY ***
Total pot $2 | Rake $0
Seat 1: megabaitt (button) (small blind) folded before Flop
Seat 4: AzureCaper (big blind) collected ($2)


PokerStars Hand #150112555005:  Hold'em Limit ($3/$6 USD) - 2016/03/09 20:48:30 ET
Table 'Dido' 6-max Seat #4 is the button
Seat 1: megabaitt ($95.02 in chips)
Seat 4: AzureCaper ($102.82 in chips)
AzureCaper: posts small blind $1
megabaitt: posts big blind $3
*** HOLE CARDS ***
AzureCaper: raises $3 to $6
megabaitt: calls $3
*** FLOP *** [6d 3d As]
megabaitt: bets $3
AzureCaper: raises $3 to $6
megabaitt: calls $3
*** TURN *** [6d 3d As] [7h]
megabaitt: checks
AzureCaper: bets $6
megabaitt: calls $6
*** RIVER *** [6d 3d As 7h] [Ad]
megabaitt: bets $6
AzureCaper: calls $6
*** SHOW DOWN ***
megabaitt: shows [6c Jc] (two pair, Aces and Sixes)
AzureCaper: shows [7c 4c] (two pair, Aces and Sevens)
AzureCaper collected $47.50 from pot
*** SUMMARY ***
Total pot $48 | Rake $0.50
Board [6d 3d As 7h Ad]
Seat 1: megabaitt (big blind) showed [6c Jc] and lost with two pair, Aces and Sixes
Seat 4: AzureCaper (button) (small blind) showed [7c 4c] and won ($47.50) with two pair, Aces and Sevens


