PokerStars Hand #150404537672:  Hold'em Limit ($3/$6 USD) - 2016/03/15 15:38:51 ET
Table 'Dido' 6-max Seat #1 is the button
Seat 1: Zubasa07 ($501.88 in chips)
Seat 3: chipsdigme86 ($139.05 in chips)
Zubasa07: posts small blind $1
chipsdigme86: posts big blind $3
*** HOLE CARDS ***
Zubasa07: raises $3 to $6
chipsdigme86: calls $3
*** FLOP *** [4c As Ac]
chipsdigme86: checks
Zubasa07: bets $3
chipsdigme86: calls $3
*** TURN *** [4c As Ac] [Ks]
chipsdigme86: bets $6
Zubasa07: calls $6
*** RIVER *** [4c As Ac Ks] [Tc]
chipsdigme86: checks
Zubasa07: checks
*** SHOW DOWN ***
chipsdigme86: shows [Kh 2d] (two pair, Aces and Kings)
Zubasa07: mucks hand
chipsdigme86 collected $29.50 from pot
*** SUMMARY ***
Total pot $30 | Rake $0.50
Board [4c As Ac Ks Tc]
Seat 1: Zubasa07 (button) (small blind) mucked
Seat 3: chipsdigme86 (big blind) showed [Kh 2d] and won ($29.50) with two pair, Aces and Kings


PokerStars Hand #150408364279:  Hold'em Limit ($3/$6 USD) - 2016/03/15 16:44:15 ET
Table 'Dido' 6-max Seat #4 is the button
Seat 4: Chessnok ($132.97 in chips)
Seat 5: krytalex ($180.25 in chips)
Chessnok: posts small blind $1
krytalex: posts big blind $3
*** HOLE CARDS ***
Chessnok: raises $3 to $6
krytalex: folds
Uncalled bet ($3) returned to Chessnok
Chessnok collected $6 from pot
Chessnok: doesn't show hand
*** SUMMARY ***
Total pot $6 | Rake $0
Seat 4: Chessnok (button) (small blind) collected ($6)
Seat 5: krytalex (big blind) folded before Flop


PokerStars Hand #150408346429:  Hold'em Limit ($3/$6 USD) - 2016/03/15 16:43:57 ET
Table 'Dido' 6-max Seat #5 is the button
Seat 4: Chessnok ($131.97 in chips)
Seat 5: krytalex ($181.25 in chips)
krytalex: posts small blind $1
Zubasa07: is sitting out
Chessnok: posts big blind $3
*** HOLE CARDS ***
krytalex: folds
Uncalled bet ($2) returned to Chessnok
Chessnok collected $2 from pot
Chessnok: doesn't show hand
*** SUMMARY ***
Total pot $2 | Rake $0
Seat 4: Chessnok (big blind) collected ($2)
Seat 5: krytalex (button) (small blind) folded before Flop


