PokerStars Hand #150334407063:  Hold'em Limit ($3/$6 USD) - 2016/03/14 8:37:21 ET
Table 'Dike' 6-max Seat #4 is the button
Seat 4: Agrotait ($69 in chips)
Seat 6: nordschrott ($42.89 in chips)
Agrotait: posts small blind $1
nordschrott: posts big blind $3
*** HOLE CARDS ***
Agrotait: raises $3 to $6
nordschrott: calls $3
*** FLOP *** [2s 2c 9s]
nordschrott: checks
Agrotait: bets $3
nordschrott: calls $3
*** TURN *** [2s 2c 9s] [9d]
nordschrott: checks
Agrotait: checks
*** RIVER *** [2s 2c 9s 9d] [5c]
nordschrott: bets $6
Agrotait: calls $6
*** SHOW DOWN ***
nordschrott: shows [Js Kd] (two pair, Nines and Deuces)
Agrotait: shows [Qd Kc] (two pair, Nines and Deuces)
nordschrott collected $14.75 from pot
Agrotait collected $14.75 from pot
*** SUMMARY ***
Total pot $30 | Rake $0.50
Board [2s 2c 9s 9d 5c]
Seat 4: Agrotait (button) (small blind) showed [Qd Kc] and won ($14.75) with two pair, Nines and Deuces
Seat 6: nordschrott (big blind) showed [Js Kd] and won ($14.75) with two pair, Nines and Deuces


PokerStars Hand #150334386554:  Hold'em Limit ($3/$6 USD) - 2016/03/14 8:36:43 ET
Table 'Dike' 6-max Seat #6 is the button
Seat 4: Agrotait ($72 in chips)
Seat 6: nordschrott ($40.01 in chips)
nordschrott: posts small blind $1
Agrotait: posts big blind $3
*** HOLE CARDS ***
B_loJkl joins the table at seat #1
nordschrott: calls $2
Agrotait: checks
*** FLOP *** [Ks As 9h]
nordschrott said, "zzzzzzzzzzzzzzz"
Agrotait: checks
nordschrott: bets $3
Agrotait: folds
Uncalled bet ($3) returned to nordschrott
nordschrott collected $5.88 from pot
*** SUMMARY ***
Total pot $6 | Rake $0.12
Board [Ks As 9h]
Seat 4: Agrotait (big blind) folded on the Flop
Seat 6: nordschrott (button) (small blind) collected ($5.88)


