PokerStars Hand #150586000001:  Hold'em Limit ($3/$6 USD) - 2016/03/19 8:30:52 ET
Table 'Dike' 10-max Seat #1 is the button
Seat 1: Dirk5338 ($329.63 in chips)
Seat 6: Agrotait ($72 in chips)
Dirk5338: posts small blind $1
Agrotait: posts big blind $3
*** HOLE CARDS ***
Dirk5338: calls $2
Agrotait: checks
*** FLOP *** [8c 6h Jd]
Agrotait: bets $3
Dirk5338: folds
Uncalled bet ($3) returned to Agrotait
Agrotait collected $5.88 from pot
Agrotait: doesn't show hand
*** SUMMARY ***
Total pot $6 | Rake $0.12
Board [8c 6h Jd]
Seat 1: Dirk5338 (button) (small blind) folded on the Flop
Seat 6: Agrotait (big blind) collected ($5.88)


PokerStars Hand #150586021847:  Hold'em Limit ($3/$6 USD) - 2016/03/19 8:31:29 ET
Table 'Dike' 10-max Seat #6 is the button
Seat 1: Dirk5338 ($326.63 in chips)
Seat 6: Agrotait ($74.88 in chips)
Agrotait: posts small blind $1
Dirk5338: posts big blind $3
*** HOLE CARDS ***
Agrotait: raises $3 to $6
Dirk5338: calls $3
*** FLOP *** [3d 5c Td]
Dirk5338: checks
BasilAnochin joins the table at seat #8
Agrotait: bets $3
Dirk5338: calls $3
*** TURN *** [3d 5c Td] [5d]
Dirk5338: bets $6
Agrotait: raises $6 to $12
chrismat joins the table at seat #5
Dirk5338: calls $6
*** RIVER *** [3d 5c Td 5d] [3c]
Dirk5338: bets $6
Agrotait: raises $6 to $12
Dirk5338: calls $6
*** SHOW DOWN ***
Agrotait: shows [5h Th] (a full house, Fives full of Tens)
Dirk5338: mucks hand
Agrotait collected $65.50 from pot
*** SUMMARY ***
Total pot $66 | Rake $0.50
Board [3d 5c Td 5d 3c]
Seat 1: Dirk5338 (big blind) mucked
Seat 6: Agrotait (button) (small blind) showed [5h Th] and won ($65.50) with a full house, Fives full of Tens


PokerStars Hand #150587912208:  Hold'em Limit ($3/$6 USD) - 2016/03/19 9:21:44 ET
Table 'Dike' 10-max Seat #5 is the button
Seat 4: ESMALAY ($118.22 in chips)
Seat 5: chrismat ($57.54 in chips)
chrismat: posts small blind $1
Michie04: is sitting out
HAL9QQQ: is sitting out
ESMALAY: posts big blind $3
*** HOLE CARDS ***
chrismat: raises $3 to $6
Michie04 leaves the table
HAL9QQQ leaves the table
ESMALAY: calls $3
*** FLOP *** [Qc 3s 6h]
ESMALAY: checks
chrismat: bets $3
ESMALAY: folds
Uncalled bet ($3) returned to chrismat
chrismat collected $11.76 from pot
*** SUMMARY ***
Total pot $12 | Rake $0.24
Board [Qc 3s 6h]
Seat 4: ESMALAY (big blind) folded on the Flop
Seat 5: chrismat (button) (small blind) collected ($11.76)


PokerStars Hand #150587919732:  Hold'em Limit ($3/$6 USD) - 2016/03/19 9:21:55 ET
Table 'Dike' 10-max Seat #4 is the button
Seat 4: ESMALAY ($112.22 in chips)
Seat 5: chrismat ($63.30 in chips)
ESMALAY: posts small blind $1
chrismat: posts big blind $3
*** HOLE CARDS ***
ESMALAY: raises $3 to $6
chrismat: calls $3
*** FLOP *** [Qs 8c As]
chrismat: checks
ESMALAY: bets $3
chrismat: calls $3
*** TURN *** [Qs 8c As] [5s]
chrismat: checks
ESMALAY: checks
*** RIVER *** [Qs 8c As 5s] [5h]
chrismat: bets $6
ESMALAY: calls $6
*** SHOW DOWN ***
chrismat: shows [Ks Td] (a pair of Fives)
ESMALAY: shows [9s 9d] (two pair, Nines and Fives)
ESMALAY collected $29.50 from pot
*** SUMMARY ***
Total pot $30 | Rake $0.50
Board [Qs 8c As 5s 5h]
Seat 4: ESMALAY (button) (small blind) showed [9s 9d] and won ($29.50) with two pair, Nines and Fives
Seat 5: chrismat (big blind) showed [Ks Td] and lost with a pair of Fives


PokerStars Hand #150587940119:  Hold'em Limit ($3/$6 USD) - 2016/03/19 9:22:25 ET
Table 'Dike' 10-max Seat #5 is the button
Seat 3: 666zheka666 ($45 in chips)
Seat 5: chrismat ($48.30 in chips)
chrismat: posts small blind $1
666zheka666: posts big blind $3
*** HOLE CARDS ***
chrismat: folds
Uncalled bet ($2) returned to 666zheka666
666zheka666 collected $2 from pot
666zheka666: doesn't show hand
*** SUMMARY ***
Total pot $2 | Rake $0
Seat 3: 666zheka666 (big blind) collected ($2)
Seat 5: chrismat (button) (small blind) folded before Flop


PokerStars Hand #150587944610:  Hold'em Limit ($3/$6 USD) - 2016/03/19 9:22:32 ET
Table 'Dike' 10-max Seat #3 is the button
Seat 3: 666zheka666 ($46 in chips)
Seat 5: chrismat ($47.30 in chips)
666zheka666: posts small blind $1
chrismat: posts big blind $3
*** HOLE CARDS ***
666zheka666: raises $3 to $6
chrismat: calls $3
*** FLOP *** [6c 6d 8c]
chrismat: checks
666zheka666: bets $3
chrismat: folds
Uncalled bet ($3) returned to 666zheka666
666zheka666 collected $11.76 from pot
666zheka666: doesn't show hand
*** SUMMARY ***
Total pot $12 | Rake $0.24
Board [6c 6d 8c]
Seat 3: 666zheka666 (button) (small blind) collected ($11.76)
Seat 5: chrismat (big blind) folded on the Flop


PokerStars Hand #150587951586:  Hold'em Limit ($3/$6 USD) - 2016/03/19 9:22:42 ET
Table 'Dike' 10-max Seat #5 is the button
Seat 3: 666zheka666 ($51.76 in chips)
Seat 5: chrismat ($41.30 in chips)
chrismat: posts small blind $1
666zheka666: posts big blind $3
*** HOLE CARDS ***
chrismat: raises $3 to $6
666zheka666: calls $3
*** FLOP *** [Ah 2d Kh]
666zheka666: checks
chrismat: bets $3
HAL9QQQ joins the table at seat #1
666zheka666: folds
Uncalled bet ($3) returned to chrismat
chrismat collected $11.76 from pot
*** SUMMARY ***
Total pot $12 | Rake $0.24
Board [Ah 2d Kh]
Seat 3: 666zheka666 (big blind) folded on the Flop
Seat 5: chrismat (button) (small blind) collected ($11.76)


PokerStars Hand #150587965019:  Hold'em Limit ($3/$6 USD) - 2016/03/19 9:23:02 ET
Table 'Dike' 10-max Seat #3 is the button
Seat 3: 666zheka666 ($45.76 in chips)
Seat 5: chrismat ($47.06 in chips)
666zheka666: posts small blind $1
chrismat: posts big blind $3
*** HOLE CARDS ***
666zheka666: raises $3 to $6
chrismat: calls $3
*** FLOP *** [Qh 9c 6h]
chrismat: checks
666zheka666: bets $3
chrismat: calls $3
*** TURN *** [Qh 9c 6h] [Tc]
chrismat: checks
666zheka666: bets $6
chrismat: calls $6
*** RIVER *** [Qh 9c 6h Tc] [6d]
chrismat: checks
666zheka666: bets $6
chrismat: folds
Uncalled bet ($6) returned to 666zheka666
666zheka666 collected $29.50 from pot
666zheka666: doesn't show hand
*** SUMMARY ***
Total pot $30 | Rake $0.50
Board [Qh 9c 6h Tc 6d]
Seat 3: 666zheka666 (button) (small blind) collected ($29.50)
Seat 5: chrismat (big blind) folded on the River


PokerStars Hand #150588361561:  Hold'em Limit ($3/$6 USD) - 2016/03/19 9:32:37 ET
Table 'Dike' 10-max Seat #3 is the button
Seat 3: 666zheka666 ($51.24 in chips)
Seat 7: SmellyToes4u ($56 in chips)
666zheka666: posts small blind $1
SmellyToes4u: posts big blind $3
*** HOLE CARDS ***
allinT77 joins the table at seat #8
666zheka666: folds
Uncalled bet ($2) returned to SmellyToes4u
SmellyToes4u collected $2 from pot
SmellyToes4u: doesn't show hand
*** SUMMARY ***
Total pot $2 | Rake $0
Seat 3: 666zheka666 (button) (small blind) folded before Flop
Seat 7: SmellyToes4u (big blind) collected ($2)


PokerStars Hand #150588357606:  Hold'em Limit ($3/$6 USD) - 2016/03/19 9:32:31 ET
Table 'Dike' 10-max Seat #7 is the button
Seat 3: 666zheka666 ($50.24 in chips)
Seat 7: SmellyToes4u ($57 in chips)
SmellyToes4u: posts small blind $1
666zheka666: posts big blind $3
*** HOLE CARDS ***
SmellyToes4u: folds
Uncalled bet ($2) returned to 666zheka666
666zheka666 collected $2 from pot
666zheka666: doesn't show hand
*** SUMMARY ***
Total pot $2 | Rake $0
Seat 3: 666zheka666 (big blind) collected ($2)
Seat 7: SmellyToes4u (button) (small blind) folded before Flop


PokerStars Hand #150588353192:  Hold'em Limit ($3/$6 USD) - 2016/03/19 9:32:25 ET
Table 'Dike' 10-max Seat #3 is the button
Seat 3: 666zheka666 ($51.24 in chips)
Seat 7: SmellyToes4u ($56 in chips)
666zheka666: posts small blind $1
giorkis27: is sitting out
SmellyToes4u: posts big blind $3
*** HOLE CARDS ***
666zheka666: folds
Uncalled bet ($2) returned to SmellyToes4u
giorkis27 leaves the table
SmellyToes4u collected $2 from pot
SmellyToes4u: doesn't show hand
*** SUMMARY ***
Total pot $2 | Rake $0
Seat 3: 666zheka666 (button) (small blind) folded before Flop
Seat 7: SmellyToes4u (big blind) collected ($2)


PokerStars Hand #150590243577:  Hold'em Limit ($3/$6 USD) - 2016/03/19 10:17:32 ET
Table 'Dike' 10-max Seat #7 is the button
Seat 6: F.M.deV1980 ($101.89 in chips)
Seat 7: SmellyToes4u ($109.56 in chips)
SmellyToes4u: posts small blind $1
F.M.deV1980: posts big blind $3
*** HOLE CARDS ***
SmellyToes4u: raises $3 to $6
F.M.deV1980: raises $3 to $9
SmellyToes4u: raises $3 to $12
Betting is capped
F.M.deV1980: calls $3
*** FLOP *** [Kd 6h Td]
pogi74 joins the table at seat #8
F.M.deV1980: bets $3
SmellyToes4u: calls $3
*** TURN *** [Kd 6h Td] [8h]
F.M.deV1980: bets $6
SmellyToes4u: calls $6
*** RIVER *** [Kd 6h Td 8h] [9h]
F.M.deV1980: bets $6
SmellyToes4u: calls $6
*** SHOW DOWN ***
F.M.deV1980: shows [Ad As] (a pair of Aces)
SmellyToes4u: mucks hand
F.M.deV1980 collected $53.50 from pot
*** SUMMARY ***
Total pot $54 | Rake $0.50
Board [Kd 6h Td 8h 9h]
Seat 6: F.M.deV1980 (big blind) showed [Ad As] and won ($53.50) with a pair of Aces
Seat 7: SmellyToes4u (button) (small blind) mucked


PokerStars Hand #150590267464:  Hold'em Limit ($3/$6 USD) - 2016/03/19 10:18:05 ET
Table 'Dike' 10-max Seat #6 is the button
Seat 6: F.M.deV1980 ($128.39 in chips)
Seat 7: SmellyToes4u ($82.56 in chips)
F.M.deV1980: posts small blind $1
SmellyToes4u: posts big blind $3
*** HOLE CARDS ***
F.M.deV1980: raises $3 to $6
SmellyToes4u: folds
Uncalled bet ($3) returned to F.M.deV1980
F.M.deV1980 collected $6 from pot
F.M.deV1980: doesn't show hand
*** SUMMARY ***
Total pot $6 | Rake $0
Seat 6: F.M.deV1980 (button) (small blind) collected ($6)
Seat 7: SmellyToes4u (big blind) folded before Flop


PokerStars Hand #150590327825:  Hold'em Limit ($3/$6 USD) - 2016/03/19 10:19:28 ET
Table 'Dike' 10-max Seat #8 is the button
Seat 7: SmellyToes4u ($75.56 in chips)
Seat 8: pogi74 ($62.11 in chips)
pogi74: posts small blind $1
SmellyToes4u: posts big blind $3
*** HOLE CARDS ***
pogi74: folds
Uncalled bet ($2) returned to SmellyToes4u
SmellyToes4u collected $2 from pot
SmellyToes4u: doesn't show hand
*** SUMMARY ***
Total pot $2 | Rake $0
Seat 7: SmellyToes4u (big blind) collected ($2)
Seat 8: pogi74 (button) (small blind) folded before Flop


PokerStars Hand #150599639920:  Hold'em Limit ($3/$6 USD) - 2016/03/19 13:28:35 ET
Table 'Dike' 10-max Seat #6 is the button
Seat 5: Diamond999 ($119 in chips)
Seat 6: FHstyles ($61 in chips)
FHstyles: posts small blind $1
Diamond999: posts big blind $3
*** HOLE CARDS ***
FHstyles: raises $3 to $6
Diamond999: raises $3 to $9
FHstyles: calls $3
*** FLOP *** [8c 5d 5h]
Diamond999: checks
FHstyles: checks
*** TURN *** [8c 5d 5h] [Ah]
Diamond999: checks
FHstyles: checks
*** RIVER *** [8c 5d 5h Ah] [Kc]
Diamond999: bets $6
FHstyles: folds
Uncalled bet ($6) returned to Diamond999
Diamond999 collected $17.64 from pot
*** SUMMARY ***
Total pot $18 | Rake $0.36
Board [8c 5d 5h Ah Kc]
Seat 5: Diamond999 (big blind) collected ($17.64)
Seat 6: FHstyles (button) (small blind) folded on the River


PokerStars Hand #150599673746:  Hold'em Limit ($3/$6 USD) - 2016/03/19 13:29:09 ET
Table 'Dike' 10-max Seat #5 is the button
Seat 5: Diamond999 ($127.64 in chips)
Seat 6: FHstyles ($112 in chips)
Diamond999: posts small blind $1
FHstyles: posts big blind $3
*** HOLE CARDS ***
Diamond999: raises $3 to $6
FHstyles: calls $3
*** FLOP *** [Js 9h 7s]
FHstyles: checks
Diamond999: bets $3
FHstyles: raises $3 to $6
Diamond999: calls $3
*** TURN *** [Js 9h 7s] [4d]
FHstyles: bets $6
Diamond999: folds
Uncalled bet ($6) returned to FHstyles
FHstyles collected $23.52 from pot
FHstyles: doesn't show hand
*** SUMMARY ***
Total pot $24 | Rake $0.48
Board [Js 9h 7s 4d]
Seat 5: Diamond999 (button) (small blind) folded on the Turn
Seat 6: FHstyles (big blind) collected ($23.52)


PokerStars Hand #150599701560:  Hold'em Limit ($3/$6 USD) - 2016/03/19 13:29:36 ET
Table 'Dike' 10-max Seat #6 is the button
Seat 5: Diamond999 ($115.64 in chips)
Seat 6: FHstyles ($123.52 in chips)
FHstyles: posts small blind $1
Diamond999: posts big blind $3
*** HOLE CARDS ***
FHstyles: raises $3 to $6
Diamond999: calls $3
*** FLOP *** [8c 5d Jd]
Diamond999: bets $3
FHstyles: raises $3 to $6
Diamond999: calls $3
*** TURN *** [8c 5d Jd] [3c]
Diamond999: checks
FHstyles: bets $6
Diamond999: calls $6
*** RIVER *** [8c 5d Jd 3c] [6s]
Diamond999: checks
FHstyles: bets $6
Diamond999: calls $6
*** SHOW DOWN ***
FHstyles: shows [Kc Kh] (a pair of Kings)
Diamond999: mucks hand
FHstyles collected $47.50 from pot
*** SUMMARY ***
Total pot $48 | Rake $0.50
Board [8c 5d Jd 3c 6s]
Seat 5: Diamond999 (big blind) mucked
Seat 6: FHstyles (button) (small blind) showed [Kc Kh] and won ($47.50) with a pair of Kings


PokerStars Hand #150599748083:  Hold'em Limit ($3/$6 USD) - 2016/03/19 13:30:22 ET
Table 'Dike' 10-max Seat #5 is the button
Seat 5: Diamond999 ($91.64 in chips)
Seat 6: FHstyles ($147.02 in chips)
Diamond999: posts small blind $1
FHstyles: posts big blind $3
*** HOLE CARDS ***
Diamond999: raises $3 to $6
FHstyles: calls $3
*** FLOP *** [Ah 6c 7d]
FHstyles: checks
Diamond999: checks
*** TURN *** [Ah 6c 7d] [Qd]
FHstyles: checks
Diamond999: checks
*** RIVER *** [Ah 6c 7d Qd] [Kd]
FHstyles: checks
Diamond999: bets $6
FHstyles: folds
Uncalled bet ($6) returned to Diamond999
Diamond999 collected $11.76 from pot
*** SUMMARY ***
Total pot $12 | Rake $0.24
Board [Ah 6c 7d Qd Kd]
Seat 5: Diamond999 (button) (small blind) collected ($11.76)
Seat 6: FHstyles (big blind) folded on the River


PokerStars Hand #150599849036:  Hold'em Limit ($3/$6 USD) - 2016/03/19 13:32:01 ET
Table 'Dike' 10-max Seat #6 is the button
Seat 5: Diamond999 ($111.90 in chips)
Seat 6: FHstyles ($125.78 in chips)
FHstyles: posts small blind $1
Diamond999: posts big blind $3
*** HOLE CARDS ***
FHstyles: raises $3 to $6
Diamond999: folds
Uncalled bet ($3) returned to FHstyles
FHstyles collected $6 from pot
FHstyles: doesn't show hand
*** SUMMARY ***
Total pot $6 | Rake $0
Seat 5: Diamond999 (big blind) folded before Flop
Seat 6: FHstyles (button) (small blind) collected ($6)


PokerStars Hand #150599815648:  Hold'em Limit ($3/$6 USD) - 2016/03/19 13:31:28 ET
Table 'Dike' 10-max Seat #5 is the button
Seat 5: Diamond999 ($91.40 in chips)
Seat 6: FHstyles ($146.78 in chips)
Diamond999: posts small blind $1
FHstyles: posts big blind $3
*** HOLE CARDS ***
Diamond999: raises $3 to $6
FHstyles: raises $3 to $9
Diamond999: raises $3 to $12
Betting is capped
FHstyles: calls $3
*** FLOP *** [Jd As Ad]
FHstyles: checks
Diamond999: bets $3
FHstyles: calls $3
*** TURN *** [Jd As Ad] [Ac]
FHstyles: checks
Diamond999: bets $6
FHstyles: calls $6
*** RIVER *** [Jd As Ad Ac] [2s]
FHstyles: checks
Diamond999: checks
*** SHOW DOWN ***
FHstyles: shows [8d Qs] (three of a kind, Aces)
Diamond999: shows [Td Ks] (three of a kind, Aces - King kicker)
Diamond999 collected $41.50 from pot
*** SUMMARY ***
Total pot $42 | Rake $0.50
Board [Jd As Ad Ac 2s]
Seat 5: Diamond999 (button) (small blind) showed [Td Ks] and won ($41.50) with three of a kind, Aces
Seat 6: FHstyles (big blind) showed [8d Qs] and lost with three of a kind, Aces


PokerStars Hand #150599856350:  Hold'em Limit ($3/$6 USD) - 2016/03/19 13:32:08 ET
Table 'Dike' 10-max Seat #5 is the button
Seat 5: Diamond999 ($108.90 in chips)
Seat 6: FHstyles ($128.78 in chips)
Diamond999: posts small blind $1
FHstyles: posts big blind $3
*** HOLE CARDS ***
Diamond999: folds
Uncalled bet ($2) returned to FHstyles
FHstyles collected $2 from pot
FHstyles: doesn't show hand
*** SUMMARY ***
Total pot $2 | Rake $0
Seat 5: Diamond999 (button) (small blind) folded before Flop
Seat 6: FHstyles (big blind) collected ($2)


PokerStars Hand #150599775876:  Hold'em Limit ($3/$6 USD) - 2016/03/19 13:30:49 ET
Table 'Dike' 10-max Seat #6 is the button
Seat 5: Diamond999 ($97.40 in chips)
Seat 6: FHstyles ($141.02 in chips)
FHstyles: posts small blind $1
Diamond999: posts big blind $3
*** HOLE CARDS ***
FHstyles: raises $3 to $6
Diamond999: calls $3
*** FLOP *** [Js 4s 4h]
Diamond999: checks
FHstyles: checks
*** TURN *** [Js 4s 4h] [Ac]
Diamond999: checks
FHstyles: bets $6
Diamond999: folds
Uncalled bet ($6) returned to FHstyles
FHstyles collected $11.76 from pot
FHstyles: doesn't show hand
*** SUMMARY ***
Total pot $12 | Rake $0.24
Board [Js 4s 4h Ac]
Seat 5: Diamond999 (big blind) folded on the Turn
Seat 6: FHstyles (button) (small blind) collected ($11.76)


PokerStars Hand #150599861845:  Hold'em Limit ($3/$6 USD) - 2016/03/19 13:32:13 ET
Table 'Dike' 10-max Seat #6 is the button
Seat 5: Diamond999 ($107.90 in chips)
Seat 6: FHstyles ($129.78 in chips)
FHstyles: posts small blind $1
Diamond999: posts big blind $3
*** HOLE CARDS ***
FHstyles: raises $3 to $6
Diamond999: calls $3
*** FLOP *** [6c Kc Th]
Diamond999: checks
FHstyles: bets $3
Diamond999: calls $3
*** TURN *** [6c Kc Th] [Jc]
Diamond999: checks
FHstyles: bets $6
Diamond999: folds
Uncalled bet ($6) returned to FHstyles
FHstyles collected $17.64 from pot
FHstyles: doesn't show hand
*** SUMMARY ***
Total pot $18 | Rake $0.36
Board [6c Kc Th Jc]
Seat 5: Diamond999 (big blind) folded on the Turn
Seat 6: FHstyles (button) (small blind) collected ($17.64)


PokerStars Hand #150599898259:  Hold'em Limit ($3/$6 USD) - 2016/03/19 13:32:48 ET
Table 'Dike' 10-max Seat #5 is the button
Seat 5: Diamond999 ($98.90 in chips)
Seat 6: FHstyles ($138.42 in chips)
Diamond999: posts small blind $1
FHstyles: posts big blind $3
*** HOLE CARDS ***
Diamond999: raises $3 to $6
FHstyles: calls $3
*** FLOP *** [6d Td 2c]
FHstyles: checks
Diamond999: bets $3
FHstyles: raises $3 to $6
RockKillerTY joins the table at seat #7
Diamond999: calls $3
*** TURN *** [6d Td 2c] [Ah]
FHstyles: bets $6
Diamond999: folds
Uncalled bet ($6) returned to FHstyles
FHstyles collected $23.52 from pot
FHstyles: doesn't show hand
*** SUMMARY ***
Total pot $24 | Rake $0.48
Board [6d Td 2c Ah]
Seat 5: Diamond999 (button) (small blind) folded on the Turn
Seat 6: FHstyles (big blind) collected ($23.52)


PokerStars Hand #150600258240:  Hold'em Limit ($3/$6 USD) - 2016/03/19 13:38:41 ET
Table 'Dike' 10-max Seat #5 is the button
Seat 5: Diamond999 ($107.08 in chips)
Seat 6: FHstyles ($145.82 in chips)
Diamond999: posts small blind $1
FHstyles: posts big blind $3
*** HOLE CARDS ***
Diamond999: folds
Uncalled bet ($2) returned to FHstyles
FHstyles collected $2 from pot
FHstyles: doesn't show hand
RockKillerTY leaves the table
*** SUMMARY ***
Total pot $2 | Rake $0
Seat 5: Diamond999 (button) (small blind) folded before Flop
Seat 6: FHstyles (big blind) collected ($2)


PokerStars Hand #150600238568:  Hold'em Limit ($3/$6 USD) - 2016/03/19 13:38:22 ET
Table 'Dike' 10-max Seat #6 is the button
Seat 5: Diamond999 ($98.44 in chips)
Seat 6: FHstyles ($154.82 in chips)
FHstyles: posts small blind $1
RockKillerTY: is sitting out
Diamond999: posts big blind $3
*** HOLE CARDS ***
FHstyles: raises $3 to $6
Diamond999: calls $3
*** FLOP *** [Ah Kc Qc]
Diamond999: checks
FHstyles: bets $3
Diamond999: calls $3
*** TURN *** [Ah Kc Qc] [Ks]
Diamond999: checks
FHstyles: checks
*** RIVER *** [Ah Kc Qc Ks] [5h]
Diamond999: bets $6
FHstyles: folds
Uncalled bet ($6) returned to Diamond999
Diamond999 collected $17.64 from pot
*** SUMMARY ***
Total pot $18 | Rake $0.36
Board [Ah Kc Qc Ks 5h]
Seat 5: Diamond999 (big blind) collected ($17.64)
Seat 6: FHstyles (button) (small blind) folded on the River


PokerStars Hand #150600266573:  Hold'em Limit ($3/$6 USD) - 2016/03/19 13:38:49 ET
Table 'Dike' 10-max Seat #6 is the button
Seat 5: Diamond999 ($106.08 in chips)
Seat 6: FHstyles ($146.82 in chips)
FHstyles: posts small blind $1
Diamond999: posts big blind $3
*** HOLE CARDS ***
FHstyles: raises $3 to $6
Diamond999: raises $3 to $9
FHstyles: calls $3
*** FLOP *** [Kh 9d 3c]
Diamond999: checks
FHstyles: checks
*** TURN *** [Kh 9d 3c] [Qd]
Diamond999: bets $6
FHstyles: folds
Uncalled bet ($6) returned to Diamond999
Diamond999 collected $17.64 from pot
*** SUMMARY ***
Total pot $18 | Rake $0.36
Board [Kh 9d 3c Qd]
Seat 5: Diamond999 (big blind) collected ($17.64)
Seat 6: FHstyles (button) (small blind) folded on the Turn


PokerStars Hand #150600295017:  Hold'em Limit ($3/$6 USD) - 2016/03/19 13:39:17 ET
Table 'Dike' 10-max Seat #5 is the button
Seat 5: Diamond999 ($114.72 in chips)
Seat 6: FHstyles ($137.82 in chips)
Diamond999: posts small blind $1
FHstyles: posts big blind $3
*** HOLE CARDS ***
Diamond999: calls $2
FHstyles: checks
*** FLOP *** [3s Td Ks]
FHstyles: bets $3
Diamond999: calls $3
*** TURN *** [3s Td Ks] [Qh]
FHstyles: bets $6
Diamond999: folds
Uncalled bet ($6) returned to FHstyles
FHstyles collected $11.76 from pot
FHstyles: doesn't show hand
*** SUMMARY ***
Total pot $12 | Rake $0.24
Board [3s Td Ks Qh]
Seat 5: Diamond999 (button) (small blind) folded on the Turn
Seat 6: FHstyles (big blind) collected ($11.76)


PokerStars Hand #150600315201:  Hold'em Limit ($3/$6 USD) - 2016/03/19 13:39:37 ET
Table 'Dike' 10-max Seat #6 is the button
Seat 5: Diamond999 ($108.72 in chips)
Seat 6: FHstyles ($143.58 in chips)
FHstyles: posts small blind $1
Diamond999: posts big blind $3
*** HOLE CARDS ***
FHstyles: raises $3 to $6
Diamond999: folds
Uncalled bet ($3) returned to FHstyles
FHstyles collected $6 from pot
FHstyles: doesn't show hand
*** SUMMARY ***
Total pot $6 | Rake $0
Seat 5: Diamond999 (big blind) folded before Flop
Seat 6: FHstyles (button) (small blind) collected ($6)


PokerStars Hand #150600329447:  Hold'em Limit ($3/$6 USD) - 2016/03/19 13:39:51 ET
Table 'Dike' 10-max Seat #5 is the button
Seat 5: Diamond999 ($105.72 in chips)
Seat 6: FHstyles ($146.58 in chips)
Diamond999: posts small blind $1
FHstyles: posts big blind $3
*** HOLE CARDS ***
Diamond999: raises $3 to $6
FHstyles: raises $3 to $9
Diamond999: raises $3 to $12
Betting is capped
FHstyles: calls $3
*** FLOP *** [2h 3s Jh]
FHstyles: checks
Diamond999: bets $3
FHstyles: calls $3
*** TURN *** [2h 3s Jh] [5h]
FHstyles: checks
Diamond999: bets $6
FHstyles: folds
Uncalled bet ($6) returned to Diamond999
Diamond999 collected $29.50 from pot
*** SUMMARY ***
Total pot $30 | Rake $0.50
Board [2h 3s Jh 5h]
Seat 5: Diamond999 (button) (small blind) collected ($29.50)
Seat 6: FHstyles (big blind) folded on the Turn


PokerStars Hand #150600374878:  Hold'em Limit ($3/$6 USD) - 2016/03/19 13:40:36 ET
Table 'Dike' 10-max Seat #5 is the button
Seat 5: Diamond999 ($131.74 in chips)
Seat 6: FHstyles ($119.58 in chips)
Diamond999: posts small blind $1
FHstyles: posts big blind $3
*** HOLE CARDS ***
Diamond999: raises $3 to $6
FHstyles: calls $3
*** FLOP *** [2d 8d As]
FHstyles: checks
Diamond999: bets $3
FHstyles: calls $3
*** TURN *** [2d 8d As] [Kh]
FHstyles: checks
Diamond999: checks
*** RIVER *** [2d 8d As Kh] [Qh]
FHstyles: checks
Diamond999: bets $6
FHstyles: calls $6
*** SHOW DOWN ***
Diamond999: shows [8c 9c] (a pair of Eights)
FHstyles: mucks hand
Diamond999 collected $29.50 from pot
*** SUMMARY ***
Total pot $30 | Rake $0.50
Board [2d 8d As Kh Qh]
Seat 5: Diamond999 (button) (small blind) showed [8c 9c] and won ($29.50) with a pair of Eights
Seat 6: FHstyles (big blind) mucked


PokerStars Hand #150600349534:  Hold'em Limit ($3/$6 USD) - 2016/03/19 13:40:11 ET
Table 'Dike' 10-max Seat #6 is the button
Seat 5: Diamond999 ($120.22 in chips)
Seat 6: FHstyles ($131.58 in chips)
FHstyles: posts small blind $1
Diamond999: posts big blind $3
*** HOLE CARDS ***
FHstyles: raises $3 to $6
Diamond999: raises $3 to $9
FHstyles: calls $3
*** FLOP *** [9c 6d 7d]
Diamond999: bets $3
FHstyles: calls $3
*** TURN *** [9c 6d 7d] [3s]
Diamond999: bets $6
FHstyles: folds
Uncalled bet ($6) returned to Diamond999
Diamond999 collected $23.52 from pot
*** SUMMARY ***
Total pot $24 | Rake $0.48
Board [9c 6d 7d 3s]
Seat 5: Diamond999 (big blind) collected ($23.52)
Seat 6: FHstyles (button) (small blind) folded on the Turn


