PokerStars Hand #152358479812:  Hold'em Limit ($3/$6 USD) - 2016/04/24 0:02:59 ET
Table 'Dike' 6-max Seat #1 is the button
Seat 1: LifeisagameX ($71.52 in chips)
Seat 4: atomic phart ($18 in chips)
LifeisagameX: posts small blind $1
atomic phart: posts big blind $3
*** HOLE CARDS ***
LifeisagameX: folds
Uncalled bet ($2) returned to atomic phart
atomic phart collected $2 from pot
atomic phart: doesn't show hand
*** SUMMARY ***
Total pot $2 | Rake $0
Seat 1: LifeisagameX (button) (small blind) folded before Flop
Seat 4: atomic phart (big blind) collected ($2)


PokerStars Hand #152358470324:  Hold'em Limit ($3/$6 USD) - 2016/04/24 0:02:24 ET
Table 'Dike' 6-max Seat #4 is the button
Seat 1: LifeisagameX ($65.76 in chips)
Seat 4: atomic phart ($24 in chips)
atomic phart: posts small blind $1
LifeisagameX: posts big blind $3
*** HOLE CARDS ***
atomic phart: raises $3 to $6
LifeisagameX: calls $3
*** FLOP *** [Jd 7c 7s]
LifeisagameX: checks
atomic phart: checks
*** TURN *** [Jd 7c 7s] [9d]
LifeisagameX: bets $6
atomic phart: folds
Uncalled bet ($6) returned to LifeisagameX
LifeisagameX collected $11.76 from pot
LifeisagameX: doesn't show hand
*** SUMMARY ***
Total pot $12 | Rake $0.24
Board [Jd 7c 7s 9d]
Seat 1: LifeisagameX (big blind) collected ($11.76)
Seat 4: atomic phart (button) (small blind) folded on the Turn


PokerStars Hand #152358481366:  Hold'em Limit ($3/$6 USD) - 2016/04/24 0:03:05 ET
Table 'Dike' 6-max Seat #4 is the button
Seat 1: LifeisagameX ($70.52 in chips)
Seat 4: atomic phart ($19 in chips)
atomic phart: posts small blind $1
LifeisagameX: posts big blind $3
*** HOLE CARDS ***
atomic phart: raises $3 to $6
LifeisagameX: calls $3
*** FLOP *** [Qd 5d 6h]
LifeisagameX: checks
atomic phart: bets $3
LifeisagameX: raises $3 to $6
atomic phart: calls $3
*** TURN *** [Qd 5d 6h] [Ts]
LifeisagameX: bets $6
atomic phart: raises $1 to $7 and is all-in
LifeisagameX: calls $1
*** RIVER *** [Qd 5d 6h Ts] [Th]
*** SHOW DOWN ***
LifeisagameX: shows [6c 7h] (two pair, Tens and Sixes)
atomic phart: shows [Ad 8h] (a pair of Tens)
LifeisagameX collected $37.50 from pot
*** SUMMARY ***
Total pot $38 | Rake $0.50
Board [Qd 5d 6h Ts Th]
Seat 1: LifeisagameX (big blind) showed [6c 7h] and won ($37.50) with two pair, Tens and Sixes
Seat 4: atomic phart (button) (small blind) showed [Ad 8h] and lost with a pair of Tens


PokerStars Hand #152358494674:  Hold'em Limit ($3/$6 USD) - 2016/04/24 0:03:54 ET
Table 'Dike' 6-max Seat #1 is the button
Seat 1: LifeisagameX ($89.02 in chips)
Seat 3: 7 Huligan 7 ($30 in chips)
LifeisagameX: posts small blind $1
7 Huligan 7: posts big blind $3
*** HOLE CARDS ***
RinaFox joins the table at seat #4
LifeisagameX: raises $3 to $6
7 Huligan 7: raises $3 to $9
LifeisagameX: calls $3
*** FLOP *** [9c Js 4s]
7 Huligan 7: bets $3
LifeisagameX: calls $3
*** TURN *** [9c Js 4s] [6h]
7 Huligan 7: bets $6
LifeisagameX: raises $6 to $12
7 Huligan 7: raises $6 to $18 and is all-in
LifeisagameX: calls $6
*** RIVER *** [9c Js 4s 6h] [2s]
*** SHOW DOWN ***
7 Huligan 7: shows [6s Ac] (a pair of Sixes)
LifeisagameX: shows [Jd 8d] (a pair of Jacks)
LifeisagameX collected $59.50 from pot
*** SUMMARY ***
Total pot $60 | Rake $0.50
Board [9c Js 4s 6h 2s]
Seat 1: LifeisagameX (button) (small blind) showed [Jd 8d] and won ($59.50) with a pair of Jacks
Seat 3: 7 Huligan 7 (big blind) showed [6s Ac] and lost with a pair of Sixes


