PokerStars Hand #150838631799:  Hold'em Limit ($3/$6 USD) - 2016/03/24 3:13:20 ET
Table 'Dike' 6-max Seat #4 is the button
Seat 3: Caxa922 ($56.38 in chips)
Seat 4: liolilove ($72 in chips)
liolilove: posts small blind $1
Caxa922: posts big blind $3
*** HOLE CARDS ***
liolilove: raises $3 to $6
Caxa922: calls $3
*** FLOP *** [9d 3s 8d]
Caxa922: checks
liolilove: bets $3
Caxa922: calls $3
*** TURN *** [9d 3s 8d] [7d]
Caxa922: bets $6
liolilove: folds
Uncalled bet ($6) returned to Caxa922
Caxa922 collected $17.64 from pot
*** SUMMARY ***
Total pot $18 | Rake $0.36
Board [9d 3s 8d 7d]
Seat 3: Caxa922 (big blind) collected ($17.64)
Seat 4: liolilove (button) (small blind) folded on the Turn


PokerStars Hand #150838626596:  Hold'em Limit ($3/$6 USD) - 2016/03/24 3:13:01 ET
Table 'Dike' 6-max Seat #3 is the button
Seat 3: Caxa922 ($53.50 in chips)
Seat 4: liolilove ($72 in chips)
Caxa922: posts small blind $1
liolilove: posts big blind $3
*** HOLE CARDS ***
Caxa922: calls $2
liolilove: checks
*** FLOP *** [Jd 5h Qc]
liolilove: checks
Caxa922: bets $3
liolilove: folds
Uncalled bet ($3) returned to Caxa922
Caxa922 collected $5.88 from pot
*** SUMMARY ***
Total pot $6 | Rake $0.12
Board [Jd 5h Qc]
Seat 3: Caxa922 (button) (small blind) collected ($5.88)
Seat 4: liolilove (big blind) folded on the Flop


PokerStars Hand #150838615042:  Hold'em Limit ($3/$6 USD) - 2016/03/24 3:12:21 ET
Table 'Dike' 6-max Seat #4 is the button
Seat 3: Caxa922 ($30 in chips)
Seat 4: liolilove ($72 in chips)
liolilove: posts small blind $1
anetkaapro: is sitting out
Caxa922: posts big blind $3
*** HOLE CARDS ***
liolilove: raises $3 to $6
Caxa922: calls $3
*** FLOP *** [2d 8c 5c]
Caxa922: checks
liolilove: bets $3
Caxa922: raises $3 to $6
liolilove: calls $3
*** TURN *** [2d 8c 5c] [Kc]
Caxa922: bets $6
liolilove: calls $6
*** RIVER *** [2d 8c 5c Kc] [4d]
Caxa922: bets $6
liolilove: calls $6
*** SHOW DOWN ***
Caxa922: shows [2c Jc] (a flush, King high)
liolilove: mucks hand
Caxa922 collected $47.50 from pot
*** SUMMARY ***
Total pot $48 | Rake $0.50
Board [2d 8c 5c Kc 4d]
Seat 3: Caxa922 (big blind) showed [2c Jc] and won ($47.50) with a flush, King high
Seat 4: liolilove (button) (small blind) mucked


PokerStars Hand #150838649718:  Hold'em Limit ($3/$6 USD) - 2016/03/24 3:14:23 ET
Table 'Dike' 6-max Seat #3 is the button
Seat 3: Caxa922 ($58.02 in chips)
Seat 4: liolilove ($78.76 in chips)
Caxa922: posts small blind $1
liolilove: posts big blind $3
*** HOLE CARDS ***
Caxa922: calls $2
liolilove: raises $3 to $6
Caxa922: calls $3
*** FLOP *** [5c Qd As]
liolilove: bets $3
Caxa922: raises $3 to $6
liolilove: calls $3
*** TURN *** [5c Qd As] [9h]
liolilove: checks
Caxa922: bets $6
liolilove: raises $6 to $12
Caxa922: folds
Uncalled bet ($6) returned to liolilove
liolilove collected $35.50 from pot
liolilove: doesn't show hand
*** SUMMARY ***
Total pot $36 | Rake $0.50
Board [5c Qd As 9h]
Seat 3: Caxa922 (button) (small blind) folded on the Turn
Seat 4: liolilove (big blind) collected ($35.50)


PokerStars Hand #150838642547:  Hold'em Limit ($3/$6 USD) - 2016/03/24 3:13:57 ET
Table 'Dike' 6-max Seat #4 is the button
Seat 3: Caxa922 ($64.02 in chips)
Seat 4: liolilove ($73 in chips)
liolilove: posts small blind $1
Caxa922: posts big blind $3
*** HOLE CARDS ***
liolilove: raises $3 to $6
Caxa922: calls $3
*** FLOP *** [Th 6h 6s]
Caxa922: checks
liolilove: bets $3
Caxa922: folds
Uncalled bet ($3) returned to liolilove
liolilove collected $11.76 from pot
liolilove: doesn't show hand
*** SUMMARY ***
Total pot $12 | Rake $0.24
Board [Th 6h 6s]
Seat 3: Caxa922 (big blind) folded on the Flop
Seat 4: liolilove (button) (small blind) collected ($11.76)


PokerStars Hand #150838640557:  Hold'em Limit ($3/$6 USD) - 2016/03/24 3:13:50 ET
Table 'Dike' 6-max Seat #3 is the button
Seat 3: Caxa922 ($65.02 in chips)
Seat 4: liolilove ($72 in chips)
Caxa922: posts small blind $1
liolilove: posts big blind $3
*** HOLE CARDS ***
Caxa922: folds
Uncalled bet ($2) returned to liolilove
liolilove collected $2 from pot
liolilove: doesn't show hand
*** SUMMARY ***
Total pot $2 | Rake $0
Seat 3: Caxa922 (button) (small blind) folded before Flop
Seat 4: liolilove (big blind) collected ($2)


PokerStars Hand #150838658910:  Hold'em Limit ($3/$6 USD) - 2016/03/24 3:14:55 ET
Table 'Dike' 6-max Seat #4 is the button
Seat 3: Caxa922 ($40.02 in chips)
Seat 4: liolilove ($96.26 in chips)
liolilove: posts small blind $1
Caxa922: posts big blind $3
*** HOLE CARDS ***
liolilove: raises $3 to $6
Caxa922: raises $3 to $9
liolilove: calls $3
*** FLOP *** [6c Ac 6s]
Caxa922: bets $3
liolilove: calls $3
*** TURN *** [6c Ac 6s] [Th]
Caxa922 is disconnected
Caxa922 has timed out while disconnected
Caxa922: checks
liolilove: bets $6
Caxa922 is connected
Caxa922: calls $6
*** RIVER *** [6c Ac 6s Th] [8c]
Caxa922: bets $6
liolilove: folds
Uncalled bet ($6) returned to Caxa922
Caxa922 collected $35.50 from pot
*** SUMMARY ***
Total pot $36 | Rake $0.50
Board [6c Ac 6s Th 8c]
Seat 3: Caxa922 (big blind) collected ($35.50)
Seat 4: liolilove (button) (small blind) folded on the River


PokerStars Hand #150838705417:  Hold'em Limit ($3/$6 USD) - 2016/03/24 3:17:36 ET
Table 'Dike' 6-max Seat #3 is the button
Seat 3: Caxa922 ($57.52 in chips)
Seat 4: liolilove ($78.26 in chips)
Caxa922: posts small blind $1
liolilove: posts big blind $3
*** HOLE CARDS ***
Caxa922: raises $3 to $6
liolilove: calls $3
*** FLOP *** [Js 2h 8h]
liolilove: checks
Caxa922: bets $3
liolilove: raises $3 to $6
Caxa922: calls $3
*** TURN *** [Js 2h 8h] [3s]
liolilove: bets $6
Caxa922: calls $6
*** RIVER *** [Js 2h 8h 3s] [2c]
liolilove: bets $6
Caxa922: calls $6
*** SHOW DOWN ***
liolilove: shows [9h 8d] (two pair, Eights and Deuces)
Caxa922: mucks hand
liolilove collected $47.50 from pot
*** SUMMARY ***
Total pot $48 | Rake $0.50
Board [Js 2h 8h 3s 2c]
Seat 3: Caxa922 (button) (small blind) mucked
Seat 4: liolilove (big blind) showed [9h 8d] and won ($47.50) with two pair, Eights and Deuces


PokerStars Hand #150838719963:  Hold'em Limit ($3/$6 USD) - 2016/03/24 3:18:26 ET
Table 'Dike' 6-max Seat #4 is the button
Seat 3: Caxa922 ($33.52 in chips)
Seat 4: liolilove ($101.76 in chips)
liolilove: posts small blind $1
Caxa922: posts big blind $3
*** HOLE CARDS ***
liolilove: folds
Uncalled bet ($2) returned to Caxa922
Caxa922 collected $2 from pot
*** SUMMARY ***
Total pot $2 | Rake $0
Seat 3: Caxa922 (big blind) collected ($2)
Seat 4: liolilove (button) (small blind) folded before Flop


PokerStars Hand #150838736399:  Hold'em Limit ($3/$6 USD) - 2016/03/24 3:19:22 ET
Table 'Dike' 6-max Seat #4 is the button
Seat 3: Caxa922 ($49.02 in chips)
Seat 4: liolilove ($85.76 in chips)
liolilove: posts small blind $1
Caxa922: posts big blind $3
*** HOLE CARDS ***
liolilove: raises $3 to $6
Caxa922: calls $3
*** FLOP *** [2h Ad 7c]
Caxa922: checks
liolilove: bets $3
Caxa922: folds
Uncalled bet ($3) returned to liolilove
liolilove collected $11.76 from pot
liolilove: doesn't show hand
*** SUMMARY ***
Total pot $12 | Rake $0.24
Board [2h Ad 7c]
Seat 3: Caxa922 (big blind) folded on the Flop
Seat 4: liolilove (button) (small blind) collected ($11.76)


PokerStars Hand #150838723559:  Hold'em Limit ($3/$6 USD) - 2016/03/24 3:18:38 ET
Table 'Dike' 6-max Seat #3 is the button
Seat 3: Caxa922 ($34.52 in chips)
Seat 4: liolilove ($100.76 in chips)
Caxa922: posts small blind $1
liolilove: posts big blind $3
*** HOLE CARDS ***
Caxa922: raises $3 to $6
liolilove: raises $3 to $9
Caxa922: raises $3 to $12
Betting is capped
liolilove: calls $3
*** FLOP *** [5c Js 2h]
liolilove: checks
Caxa922: bets $3
liolilove: calls $3
*** TURN *** [5c Js 2h] [Kc]
liolilove: checks
Caxa922: bets $6
liolilove: folds
Uncalled bet ($6) returned to Caxa922
Caxa922 collected $29.50 from pot
*** SUMMARY ***
Total pot $30 | Rake $0.50
Board [5c Js 2h Kc]
Seat 3: Caxa922 (button) (small blind) collected ($29.50)
Seat 4: liolilove (big blind) folded on the Turn


PokerStars Hand #150838760983:  Hold'em Limit ($3/$6 USD) - 2016/03/24 3:20:46 ET
Table 'Dike' 6-max Seat #3 is the button
Seat 3: Caxa922 ($58.52 in chips)
Seat 4: liolilove ($75.52 in chips)
Caxa922: posts small blind $1
liolilove: posts big blind $3
*** HOLE CARDS ***
Caxa922: folds
Uncalled bet ($2) returned to liolilove
liolilove collected $2 from pot
liolilove: doesn't show hand
*** SUMMARY ***
Total pot $2 | Rake $0
Seat 3: Caxa922 (button) (small blind) folded before Flop
Seat 4: liolilove (big blind) collected ($2)


PokerStars Hand #150838759282:  Hold'em Limit ($3/$6 USD) - 2016/03/24 3:20:40 ET
Table 'Dike' 6-max Seat #4 is the button
Seat 3: Caxa922 ($57.52 in chips)
Seat 4: liolilove ($76.52 in chips)
liolilove: posts small blind $1
Caxa922: posts big blind $3
*** HOLE CARDS ***
liolilove: folds
Uncalled bet ($2) returned to Caxa922
Caxa922 collected $2 from pot
*** SUMMARY ***
Total pot $2 | Rake $0
Seat 3: Caxa922 (big blind) collected ($2)
Seat 4: liolilove (button) (small blind) folded before Flop


PokerStars Hand #150838740912:  Hold'em Limit ($3/$6 USD) - 2016/03/24 3:19:38 ET
Table 'Dike' 6-max Seat #3 is the button
Seat 3: Caxa922 ($43.02 in chips)
Seat 4: liolilove ($91.52 in chips)
Caxa922: posts small blind $1
liolilove: posts big blind $3
*** HOLE CARDS ***
Caxa922: raises $3 to $6
liolilove: calls $3
*** FLOP *** [3s 2s 4s]
liolilove: checks
Caxa922: bets $3
liolilove: calls $3
*** TURN *** [3s 2s 4s] [3d]
liolilove: checks
Caxa922: checks
*** RIVER *** [3s 2s 4s 3d] [Jd]
liolilove: bets $6
Caxa922: calls $6
*** SHOW DOWN ***
liolilove: shows [6h 7c] (a pair of Threes)
Caxa922: shows [Ts Ad] (a pair of Threes - Ace kicker)
Caxa922 collected $29.50 from pot
*** SUMMARY ***
Total pot $30 | Rake $0.50
Board [3s 2s 4s 3d Jd]
Seat 3: Caxa922 (button) (small blind) showed [Ts Ad] and won ($29.50) with a pair of Threes
Seat 4: liolilove (big blind) showed [6h 7c] and lost with a pair of Threes


PokerStars Hand #150838763200:  Hold'em Limit ($3/$6 USD) - 2016/03/24 3:20:54 ET
Table 'Dike' 6-max Seat #4 is the button
Seat 3: Caxa922 ($57.52 in chips)
Seat 4: liolilove ($76.52 in chips)
liolilove: posts small blind $1
Caxa922: posts big blind $3
*** HOLE CARDS ***
liolilove: raises $3 to $6
Caxa922: calls $3
*** FLOP *** [8h 4d Jd]
Caxa922: checks
liolilove: bets $3
Caxa922: calls $3
*** TURN *** [8h 4d Jd] [As]
Caxa922: checks
liolilove: bets $6
Caxa922: calls $6
*** RIVER *** [8h 4d Jd As] [3h]
Caxa922: checks
liolilove: checks
*** SHOW DOWN ***
Caxa922: shows [9c 4c] (a pair of Fours)
liolilove: shows [7d 7s] (a pair of Sevens)
liolilove collected $29.50 from pot
*** SUMMARY ***
Total pot $30 | Rake $0.50
Board [8h 4d Jd As 3h]
Seat 3: Caxa922 (big blind) showed [9c 4c] and lost with a pair of Fours
Seat 4: liolilove (button) (small blind) showed [7d 7s] and won ($29.50) with a pair of Sevens


PokerStars Hand #150838776758:  Hold'em Limit ($3/$6 USD) - 2016/03/24 3:21:40 ET
Table 'Dike' 6-max Seat #3 is the button
Seat 3: Caxa922 ($42.52 in chips)
Seat 4: liolilove ($91.02 in chips)
Caxa922: posts small blind $1
liolilove: posts big blind $3
*** HOLE CARDS ***
Caxa922: raises $3 to $6
liolilove: folds
Uncalled bet ($3) returned to Caxa922
Caxa922 collected $6 from pot
Caxa922: doesn't show hand
*** SUMMARY ***
Total pot $6 | Rake $0
Seat 3: Caxa922 (button) (small blind) collected ($6)
Seat 4: liolilove (big blind) folded before Flop


PokerStars Hand #150838781990:  Hold'em Limit ($3/$6 USD) - 2016/03/24 3:21:58 ET
Table 'Dike' 6-max Seat #4 is the button
Seat 3: Caxa922 ($45.52 in chips)
Seat 4: liolilove ($88.02 in chips)
liolilove: posts small blind $1
Caxa922: posts big blind $3
*** HOLE CARDS ***
liolilove: raises $3 to $6
Caxa922: calls $3
*** FLOP *** [8s 7h 6d]
Caxa922: checks
liolilove: bets $3
Caxa922: calls $3
*** TURN *** [8s 7h 6d] [7c]
Caxa922: checks
liolilove: bets $6
Caxa922: calls $6
*** RIVER *** [8s 7h 6d 7c] [4d]
Caxa922: checks
liolilove: bets $6
Caxa922: folds
Uncalled bet ($6) returned to liolilove
liolilove collected $29.50 from pot
liolilove: doesn't show hand
*** SUMMARY ***
Total pot $30 | Rake $0.50
Board [8s 7h 6d 7c 4d]
Seat 3: Caxa922 (big blind) folded on the River
Seat 4: liolilove (button) (small blind) collected ($29.50)


PokerStars Hand #150838796417:  Hold'em Limit ($3/$6 USD) - 2016/03/24 3:22:47 ET
Table 'Dike' 6-max Seat #3 is the button
Seat 3: Caxa922 ($30.52 in chips)
Seat 4: liolilove ($102.52 in chips)
Caxa922: posts small blind $1
liolilove: posts big blind $3
*** HOLE CARDS ***
Agrotait joins the table at seat #2
Caxa922: raises $3 to $6
liolilove: calls $3
*** FLOP *** [5s 4s Qd]
liolilove: checks
Caxa922: bets $3
liolilove: calls $3
*** TURN *** [5s 4s Qd] [7h]
liolilove: checks
Caxa922: bets $6
liolilove: calls $6
*** RIVER *** [5s 4s Qd 7h] [7d]
liolilove: checks
Caxa922: bets $6
liolilove: calls $6
*** SHOW DOWN ***
Caxa922: shows [Jd 3d] (a pair of Sevens)
liolilove: shows [Ac 6h] (a pair of Sevens - Ace kicker)
liolilove collected $41.50 from pot
*** SUMMARY ***
Total pot $42 | Rake $0.50
Board [5s 4s Qd 7h 7d]
Seat 3: Caxa922 (button) (small blind) showed [Jd 3d] and lost with a pair of Sevens
Seat 4: liolilove (big blind) showed [Ac 6h] and won ($41.50) with a pair of Sevens


