PokerStars Hand #155211006369:  Hold'em Limit ($3/$6 USD) - 2016/06/26 5:13:52 ET
Table 'Dike II' 6-max Seat #1 is the button
Seat 1: tomte999 ($72 in chips)
Seat 3: xcgxcg2005 ($120 in chips)
tomte999: posts small blind $1
xcgxcg2005: posts big blind $3
*** HOLE CARDS ***
tomte999 has timed out
tomte999: folds
Uncalled bet ($2) returned to xcgxcg2005
xcgxcg2005 collected $2 from pot
xcgxcg2005: doesn't show hand
*** SUMMARY ***
Total pot $2 | Rake $0
Seat 1: tomte999 (button) (small blind) folded before Flop
Seat 3: xcgxcg2005 (big blind) collected ($2)


PokerStars Hand #155211321946:  Hold'em Limit ($3/$6 USD) - 2016/06/26 5:27:10 ET
Table 'Dike II' 6-max Seat #1 is the button
Seat 1: tomte999 ($72 in chips)
Seat 6: Profitables ($77.76 in chips)
tomte999: posts small blind $1
Profitables: posts big blind $3
*** HOLE CARDS ***
tomte999: raises $3 to $6
Profitables: calls $3
*** FLOP *** [2c Kd 6d]
Profitables: checks
tomte999: bets $3
Profitables: calls $3
*** TURN *** [2c Kd 6d] [Ah]
Profitables: checks
tomte999: bets $6
Profitables: raises $6 to $12
tomte999: folds
Uncalled bet ($6) returned to Profitables
Profitables collected $29.50 from pot
Profitables: doesn't show hand
*** SUMMARY ***
Total pot $30 | Rake $0.50
Board [2c Kd 6d Ah]
Seat 1: tomte999 (button) (small blind) folded on the Turn
Seat 6: Profitables (big blind) collected ($29.50)


PokerStars Hand #155211314161:  Hold'em Limit ($3/$6 USD) - 2016/06/26 5:26:49 ET
Table 'Dike II' 6-max Seat #6 is the button
Seat 1: tomte999 ($72 in chips)
Seat 6: Profitables ($72 in chips)
Profitables: posts small blind $1
tomte999: posts big blind $3
*** HOLE CARDS ***
Profitables: raises $3 to $6
tomte999: calls $3
*** FLOP *** [9h 3s 3c]
tomte999: checks
Profitables: bets $3
tomte999: folds
Uncalled bet ($3) returned to Profitables
Profitables collected $11.76 from pot
Profitables: doesn't show hand
*** SUMMARY ***
Total pot $12 | Rake $0.24
Board [9h 3s 3c]
Seat 1: tomte999 (big blind) folded on the Flop
Seat 6: Profitables (button) (small blind) collected ($11.76)


PokerStars Hand #155211342720:  Hold'em Limit ($3/$6 USD) - 2016/06/26 5:28:04 ET
Table 'Dike II' 6-max Seat #1 is the button
Seat 1: tomte999 ($95.50 in chips)
Seat 6: Profitables ($68.26 in chips)
tomte999: posts small blind $1
Profitables: posts big blind $3
*** HOLE CARDS ***
tomte999: raises $3 to $6
Profitables: calls $3
*** FLOP *** [Qs 3s Jh]
Profitables: checks
tomte999: bets $3
Profitables: raises $3 to $6
tomte999: calls $3
*** TURN *** [Qs 3s Jh] [5h]
Profitables: bets $6
tomte999: raises $6 to $12
Profitables: raises $6 to $18
tomte999: calls $6
*** RIVER *** [Qs 3s Jh 5h] [9s]
Profitables: bets $6
tomte999: calls $6
*** SHOW DOWN ***
Profitables: shows [5s Js] (a flush, Queen high)
tomte999: mucks hand
Profitables collected $71.50 from pot
*** SUMMARY ***
Total pot $72 | Rake $0.50
Board [Qs 3s Jh 5h 9s]
Seat 1: tomte999 (button) (small blind) mucked
Seat 6: Profitables (big blind) showed [5s Js] and won ($71.50) with a flush, Queen high


PokerStars Hand #155211332786:  Hold'em Limit ($3/$6 USD) - 2016/06/26 5:27:38 ET
Table 'Dike II' 6-max Seat #6 is the button
Seat 1: tomte999 ($72 in chips)
Seat 6: Profitables ($92.26 in chips)
Profitables: posts small blind $1
tomte999: posts big blind $3
*** HOLE CARDS ***
Profitables: raises $3 to $6
tomte999: raises $3 to $9
Profitables: calls $3
*** FLOP *** [Kd 5c 6c]
tomte999: bets $3
Profitables: calls $3
*** TURN *** [Kd 5c 6c] [2c]
tomte999: bets $6
Profitables: calls $6
*** RIVER *** [Kd 5c 6c 2c] [2d]
tomte999: bets $6
Profitables: calls $6
*** SHOW DOWN ***
tomte999: shows [5d 4d] (two pair, Fives and Deuces)
Profitables: mucks hand
tomte999 collected $47.50 from pot
*** SUMMARY ***
Total pot $48 | Rake $0.50
Board [Kd 5c 6c 2c 2d]
Seat 1: tomte999 (big blind) showed [5d 4d] and won ($47.50) with two pair, Fives and Deuces
Seat 6: Profitables (button) (small blind) mucked


PokerStars Hand #155211360476:  Hold'em Limit ($3/$6 USD) - 2016/06/26 5:28:50 ET
Table 'Dike II' 6-max Seat #1 is the button
Seat 1: tomte999 ($95.50 in chips)
Seat 6: Profitables ($79.76 in chips)
tomte999: posts small blind $1
Profitables: posts big blind $3
*** HOLE CARDS ***
tomte999: raises $3 to $6
Profitables: folds
Uncalled bet ($3) returned to tomte999
tomte999 collected $6 from pot
tomte999: doesn't show hand
*** SUMMARY ***
Total pot $6 | Rake $0
Seat 1: tomte999 (button) (small blind) collected ($6)
Seat 6: Profitables (big blind) folded before Flop


PokerStars Hand #155211352674:  Hold'em Limit ($3/$6 USD) - 2016/06/26 5:28:30 ET
Table 'Dike II' 6-max Seat #6 is the button
Seat 1: tomte999 ($72 in chips)
Seat 6: Profitables ($103.76 in chips)
Profitables: posts small blind $1
tomte999: posts big blind $3
*** HOLE CARDS ***
Profitables: raises $3 to $6
tomte999: calls $3
*** FLOP *** [6s Qs 5s]
tomte999: checks
Profitables: bets $3
tomte999: raises $3 to $6
Profitables: calls $3
*** TURN *** [6s Qs 5s] [8c]
tomte999: bets $6
Profitables: calls $6
*** RIVER *** [6s Qs 5s 8c] [9c]
tomte999: bets $6
Profitables: calls $6
*** SHOW DOWN ***
tomte999: shows [2d Qd] (a pair of Queens)
Profitables: mucks hand
tomte999 collected $47.50 from pot
*** SUMMARY ***
Total pot $48 | Rake $0.50
Board [6s Qs 5s 8c 9c]
Seat 1: tomte999 (big blind) showed [2d Qd] and won ($47.50) with a pair of Queens
Seat 6: Profitables (button) (small blind) mucked


PokerStars Hand #155211362472:  Hold'em Limit ($3/$6 USD) - 2016/06/26 5:28:56 ET
Table 'Dike II' 6-max Seat #6 is the button
Seat 1: tomte999 ($98.50 in chips)
Seat 6: Profitables ($76.76 in chips)
Profitables: posts small blind $1
tomte999: posts big blind $3
*** HOLE CARDS ***
Profitables: raises $3 to $6
tomte999: calls $3
*** FLOP *** [8c Jd Kh]
tomte999: checks
Profitables: bets $3
tomte999: raises $3 to $6
Profitables: raises $3 to $9
tomte999: calls $3
*** TURN *** [8c Jd Kh] [4d]
tomte999: checks
Profitables: bets $6
tomte999: calls $6
*** RIVER *** [8c Jd Kh 4d] [Ks]
tomte999: checks
Profitables: bets $6
tomte999: folds
Uncalled bet ($6) returned to Profitables
Profitables collected $41.50 from pot
Profitables: doesn't show hand
*** SUMMARY ***
Total pot $42 | Rake $0.50
Board [8c Jd Kh 4d Ks]
Seat 1: tomte999 (big blind) folded on the River
Seat 6: Profitables (button) (small blind) collected ($41.50)


PokerStars Hand #155211388849:  Hold'em Limit ($3/$6 USD) - 2016/06/26 5:30:05 ET
Table 'Dike II' 6-max Seat #1 is the button
Seat 1: tomte999 ($72 in chips)
Seat 6: Profitables ($117.76 in chips)
tomte999: posts small blind $1
Profitables: posts big blind $3
*** HOLE CARDS ***
tomte999: raises $3 to $6
Profitables: calls $3
*** FLOP *** [Ah Jh Qh]
Profitables: checks
tomte999: bets $3
Profitables: calls $3
*** TURN *** [Ah Jh Qh] [Kh]
Profitables: checks
tomte999: checks
*** RIVER *** [Ah Jh Qh Kh] [5s]
Profitables: bets $6
tomte999: calls $6
*** SHOW DOWN ***
Profitables: shows [9c Ts] (a straight, Ten to Ace)
tomte999: mucks hand
Profitables collected $29.50 from pot
*** SUMMARY ***
Total pot $30 | Rake $0.50
Board [Ah Jh Qh Kh 5s]
Seat 1: tomte999 (button) (small blind) mucked
Seat 6: Profitables (big blind) showed [9c Ts] and won ($29.50) with a straight, Ten to Ace


PokerStars Hand #155211386527:  Hold'em Limit ($3/$6 USD) - 2016/06/26 5:29:59 ET
Table 'Dike II' 6-max Seat #6 is the button
Seat 1: tomte999 ($72 in chips)
Seat 6: Profitables ($114.76 in chips)
Profitables: posts small blind $1
tomte999: posts big blind $3
*** HOLE CARDS ***
Profitables: raises $3 to $6
tomte999: folds
Uncalled bet ($3) returned to Profitables
Profitables collected $6 from pot
Profitables: doesn't show hand
*** SUMMARY ***
Total pot $6 | Rake $0
Seat 1: tomte999 (big blind) folded before Flop
Seat 6: Profitables (button) (small blind) collected ($6)


PokerStars Hand #155211373661:  Hold'em Limit ($3/$6 USD) - 2016/06/26 5:29:25 ET
Table 'Dike II' 6-max Seat #1 is the button
Seat 1: tomte999 ($77.50 in chips)
Seat 6: Profitables ($97.26 in chips)
tomte999: posts small blind $1
Profitables: posts big blind $3
*** HOLE CARDS ***
tomte999: raises $3 to $6
Profitables: calls $3
*** FLOP *** [Jh Ah 7s]
Profitables: checks
tomte999: bets $3
Profitables: raises $3 to $6
tomte999: calls $3
*** TURN *** [Jh Ah 7s] [Qs]
Profitables: bets $6
tomte999: calls $6
*** RIVER *** [Jh Ah 7s Qs] [Kd]
Profitables: bets $6
tomte999: folds
Uncalled bet ($6) returned to Profitables
Profitables collected $35.50 from pot
Profitables: doesn't show hand
*** SUMMARY ***
Total pot $36 | Rake $0.50
Board [Jh Ah 7s Qs Kd]
Seat 1: tomte999 (button) (small blind) folded on the River
Seat 6: Profitables (big blind) collected ($35.50)


PokerStars Hand #155211402785:  Hold'em Limit ($3/$6 USD) - 2016/06/26 5:30:42 ET
Table 'Dike II' 6-max Seat #1 is the button
Seat 1: tomte999 ($77.76 in chips)
Seat 6: Profitables ($126.26 in chips)
tomte999: posts small blind $1
Profitables: posts big blind $3
*** HOLE CARDS ***
tomte999: raises $3 to $6
Profitables: folds
Uncalled bet ($3) returned to tomte999
tomte999 collected $6 from pot
tomte999: doesn't show hand
*** SUMMARY ***
Total pot $6 | Rake $0
Seat 1: tomte999 (button) (small blind) collected ($6)
Seat 6: Profitables (big blind) folded before Flop


PokerStars Hand #155211396163:  Hold'em Limit ($3/$6 USD) - 2016/06/26 5:30:24 ET
Table 'Dike II' 6-max Seat #6 is the button
Seat 1: tomte999 ($72 in chips)
Seat 6: Profitables ($132.26 in chips)
Profitables: posts small blind $1
tomte999: posts big blind $3
*** HOLE CARDS ***
Profitables: raises $3 to $6
tomte999: calls $3
*** FLOP *** [8s 6d 4c]
tomte999: bets $3
Profitables: folds
Uncalled bet ($3) returned to tomte999
tomte999 collected $11.76 from pot
tomte999: doesn't show hand
*** SUMMARY ***
Total pot $12 | Rake $0.24
Board [8s 6d 4c]
Seat 1: tomte999 (big blind) collected ($11.76)
Seat 6: Profitables (button) (small blind) folded on the Flop


PokerStars Hand #155211404827:  Hold'em Limit ($3/$6 USD) - 2016/06/26 5:30:47 ET
Table 'Dike II' 6-max Seat #6 is the button
Seat 1: tomte999 ($80.76 in chips)
Seat 6: Profitables ($123.26 in chips)
Profitables: posts small blind $1
tomte999: posts big blind $3
*** HOLE CARDS ***
Profitables: raises $3 to $6
tomte999: calls $3
*** FLOP *** [6h Jc 7h]
tomte999: checks
Profitables: bets $3
tomte999: folds
Uncalled bet ($3) returned to Profitables
Profitables collected $11.76 from pot
Profitables: doesn't show hand
*** SUMMARY ***
Total pot $12 | Rake $0.24
Board [6h Jc 7h]
Seat 1: tomte999 (big blind) folded on the Flop
Seat 6: Profitables (button) (small blind) collected ($11.76)


PokerStars Hand #155211417138:  Hold'em Limit ($3/$6 USD) - 2016/06/26 5:31:19 ET
Table 'Dike II' 6-max Seat #1 is the button
Seat 1: tomte999 ($74.76 in chips)
Seat 6: Profitables ($129.02 in chips)
tomte999: posts small blind $1
Profitables: posts big blind $3
*** HOLE CARDS ***
tomte999: raises $3 to $6
Profitables: calls $3
*** FLOP *** [5c 4c 5h]
Profitables: checks
tomte999: bets $3
Profitables: calls $3
*** TURN *** [5c 4c 5h] [7d]
Profitables: checks
tomte999: bets $6
Profitables: folds
Uncalled bet ($6) returned to tomte999
tomte999 collected $17.64 from pot
tomte999: doesn't show hand
*** SUMMARY ***
Total pot $18 | Rake $0.36
Board [5c 4c 5h 7d]
Seat 1: tomte999 (button) (small blind) collected ($17.64)
Seat 6: Profitables (big blind) folded on the Turn


PokerStars Hand #155211415356:  Hold'em Limit ($3/$6 USD) - 2016/06/26 5:31:15 ET
Table 'Dike II' 6-max Seat #6 is the button
Seat 1: tomte999 ($73.76 in chips)
Seat 6: Profitables ($130.02 in chips)
Profitables: posts small blind $1
tomte999: posts big blind $3
*** HOLE CARDS ***
Profitables: folds
Uncalled bet ($2) returned to tomte999
tomte999 collected $2 from pot
tomte999: doesn't show hand
*** SUMMARY ***
Total pot $2 | Rake $0
Seat 1: tomte999 (big blind) collected ($2)
Seat 6: Profitables (button) (small blind) folded before Flop


PokerStars Hand #155211412419:  Hold'em Limit ($3/$6 USD) - 2016/06/26 5:31:07 ET
Table 'Dike II' 6-max Seat #1 is the button
Seat 1: tomte999 ($74.76 in chips)
Seat 6: Profitables ($129.02 in chips)
tomte999: posts small blind $1
Profitables: posts big blind $3
*** HOLE CARDS ***
tomte999: folds
Uncalled bet ($2) returned to Profitables
Profitables collected $2 from pot
Profitables: doesn't show hand
*** SUMMARY ***
Total pot $2 | Rake $0
Seat 1: tomte999 (button) (small blind) folded before Flop
Seat 6: Profitables (big blind) collected ($2)


PokerStars Hand #155211441737:  Hold'em Limit ($3/$6 USD) - 2016/06/26 5:32:23 ET
Table 'Dike II' 6-max Seat #6 is the button
Seat 1: tomte999 ($94.90 in chips)
Seat 6: Profitables ($107.66 in chips)
Profitables: posts small blind $1
tomte999: posts big blind $3
*** HOLE CARDS ***
Profitables: raises $3 to $6
tomte999: calls $3
*** FLOP *** [Jc Kh Qc]
tomte999: checks
Profitables: bets $3
tomte999: calls $3
*** TURN *** [Jc Kh Qc] [Jh]
tomte999: checks
Profitables: bets $6
tomte999: calls $6
*** RIVER *** [Jc Kh Qc Jh] [6h]
tomte999: checks
Profitables: bets $6
tomte999: folds
Uncalled bet ($6) returned to Profitables
Profitables collected $29.50 from pot
Profitables: doesn't show hand
*** SUMMARY ***
Total pot $30 | Rake $0.50
Board [Jc Kh Qc Jh 6h]
Seat 1: tomte999 (big blind) folded on the River
Seat 6: Profitables (button) (small blind) collected ($29.50)


PokerStars Hand #155211431682:  Hold'em Limit ($3/$6 USD) - 2016/06/26 5:31:57 ET
Table 'Dike II' 6-max Seat #1 is the button
Seat 1: tomte999 ($103.90 in chips)
Seat 6: Profitables ($99.02 in chips)
tomte999: posts small blind $1
Profitables: posts big blind $3
*** HOLE CARDS ***
tomte999: raises $3 to $6
Profitables: calls $3
*** FLOP *** [8s 5d Kd]
Profitables: checks
tomte999: bets $3
Profitables: calls $3
*** TURN *** [8s 5d Kd] [6s]
Profitables: checks
tomte999: checks
*** RIVER *** [8s 5d Kd 6s] [Qc]
Profitables: bets $6
tomte999: folds
Uncalled bet ($6) returned to Profitables
Profitables collected $17.64 from pot
Profitables: doesn't show hand
*** SUMMARY ***
Total pot $18 | Rake $0.36
Board [8s 5d Kd 6s Qc]
Seat 1: tomte999 (button) (small blind) folded on the River
Seat 6: Profitables (big blind) collected ($17.64)


PokerStars Hand #155211464076:  Hold'em Limit ($3/$6 USD) - 2016/06/26 5:33:21 ET
Table 'Dike II' 6-max Seat #6 is the button
Seat 1: tomte999 ($100.40 in chips)
Seat 6: Profitables ($101.16 in chips)
Profitables: posts small blind $1
tomte999: posts big blind $3
*** HOLE CARDS ***
Profitables: raises $3 to $6
tomte999: calls $3
*** FLOP *** [Kd Tc Ks]
tomte999: checks
Profitables: bets $3
tomte999: calls $3
*** TURN *** [Kd Tc Ks] [Ac]
tomte999: checks
Profitables: bets $6
tomte999: calls $6
*** RIVER *** [Kd Tc Ks Ac] [Kh]
tomte999: checks
Profitables: bets $6
tomte999: calls $6
*** SHOW DOWN ***
Profitables: shows [9s 4d] (three of a kind, Kings)
tomte999: shows [4s Ad] (a full house, Kings full of Aces)
tomte999 collected $41.50 from pot
*** SUMMARY ***
Total pot $42 | Rake $0.50
Board [Kd Tc Ks Ac Kh]
Seat 1: tomte999 (big blind) showed [4s Ad] and won ($41.50) with a full house, Kings full of Aces
Seat 6: Profitables (button) (small blind) showed [9s 4d] and lost with three of a kind, Kings


PokerStars Hand #155211453996:  Hold'em Limit ($3/$6 USD) - 2016/06/26 5:32:55 ET
Table 'Dike II' 6-max Seat #1 is the button
Seat 1: tomte999 ($79.90 in chips)
Seat 6: Profitables ($122.16 in chips)
tomte999: posts small blind $1
Profitables: posts big blind $3
*** HOLE CARDS ***
tomte999: raises $3 to $6
Profitables: calls $3
*** FLOP *** [6h Tc 3h]
Profitables: checks
tomte999: bets $3
Profitables: calls $3
*** TURN *** [6h Tc 3h] [5h]
Profitables: checks
tomte999: bets $6
Profitables: calls $6
*** RIVER *** [6h Tc 3h 5h] [4d]
Profitables: checks
tomte999: bets $6
Profitables: calls $6
*** SHOW DOWN ***
tomte999: shows [Qh Ah] (a flush, Ace high)
Profitables: mucks hand
tomte999 collected $41.50 from pot
*** SUMMARY ***
Total pot $42 | Rake $0.50
Board [6h Tc 3h 5h 4d]
Seat 1: tomte999 (button) (small blind) showed [Qh Ah] and won ($41.50) with a flush, Ace high
Seat 6: Profitables (big blind) mucked


