PokerStars Hand #169446356531:  Hold'em Limit ($3/$6 USD) - 2017/04/23 10:33:08 ET
Table 'Dike' 6-max Seat #3 is the button
Seat 3: Hierlson85 ($30 in chips)
Seat 4: VolkovDmitri ($120 in chips)
Hierlson85: posts small blind $1
VolkovDmitri: posts big blind $3
*** HOLE CARDS ***
Hierlson85: raises $3 to $6
VolkovDmitri: raises $3 to $9
Hierlson85: calls $3
*** FLOP *** [Jc 2h Ah]
VolkovDmitri: bets $3
Hierlson85: calls $3
*** TURN *** [Jc 2h Ah] [Jh]
VolkovDmitri: checks
Hierlson85: checks
*** RIVER *** [Jc 2h Ah Jh] [7c]
VolkovDmitri: checks
Hierlson85: checks
*** SHOW DOWN ***
VolkovDmitri: shows [Qc Kd] (a pair of Jacks)
Hierlson85: shows [Ks 2s] (two pair, Jacks and Deuces)
Hierlson85 collected $23.52 from pot
*** SUMMARY ***
Total pot $24 | Rake $0.48
Board [Jc 2h Ah Jh 7c]
Seat 3: Hierlson85 (button) (small blind) showed [Ks 2s] and won ($23.52) with two pair, Jacks and Deuces
Seat 4: VolkovDmitri (big blind) showed [Qc Kd] and lost with a pair of Jacks


PokerStars Hand #169446373395:  Hold'em Limit ($3/$6 USD) - 2017/04/23 10:33:31 ET
Table 'Dike' 6-max Seat #4 is the button
Seat 3: Hierlson85 ($41.52 in chips)
Seat 4: VolkovDmitri ($120 in chips)
VolkovDmitri: posts small blind $1
Hierlson85: posts big blind $3
*** HOLE CARDS ***
VolkovDmitri: raises $3 to $6
Hierlson85: calls $3
*** FLOP *** [6d Kd 4c]
Hierlson85: checks
VolkovDmitri: bets $3
Hierlson85: calls $3
*** TURN *** [6d Kd 4c] [6h]
Hierlson85: checks
VolkovDmitri: checks
*** RIVER *** [6d Kd 4c 6h] [Kh]
Hierlson85: checks
VolkovDmitri: checks
*** SHOW DOWN ***
Hierlson85: shows [8d Ah] (two pair, Kings and Sixes)
VolkovDmitri: mucks hand
Hierlson85 collected $17.64 from pot
*** SUMMARY ***
Total pot $18 | Rake $0.36
Board [6d Kd 4c 6h Kh]
Seat 3: Hierlson85 (big blind) showed [8d Ah] and won ($17.64) with two pair, Kings and Sixes
Seat 4: VolkovDmitri (button) (small blind) mucked


PokerStars Hand #169449306947:  Hold'em Limit ($3/$6 USD) - 2017/04/23 11:38:28 ET
Table 'Dike' 6-max Seat #3 is the button
Seat 3: makimaki ($65.77 in chips)
Seat 5: artecris ($138.03 in chips)
makimaki: posts small blind $1
artecris: posts big blind $3
*** HOLE CARDS ***
makimaki: folds
Uncalled bet ($2) returned to artecris
artecris collected $2 from pot
artecris: doesn't show hand
*** SUMMARY ***
Total pot $2 | Rake $0
Seat 3: makimaki (button) (small blind) folded before Flop
Seat 5: artecris (big blind) collected ($2)


PokerStars Hand #169449294166:  Hold'em Limit ($3/$6 USD) - 2017/04/23 11:38:12 ET
Table 'Dike' 6-max Seat #5 is the button
Seat 3: makimaki ($68.77 in chips)
Seat 5: artecris ($135.15 in chips)
artecris: posts small blind $1
Ale4o: is sitting out
makimaki: posts big blind $3
*** HOLE CARDS ***
Ale4o leaves the table
artecris: calls $2
yamaxerm joins the table at seat #6
makimaki: checks
*** FLOP *** [Js Qc Jd]
makimaki: checks
artecris: bets $3
makimaki: folds
Uncalled bet ($3) returned to artecris
artecris collected $5.88 from pot
artecris: doesn't show hand
*** SUMMARY ***
Total pot $6 | Rake $0.12
Board [Js Qc Jd]
Seat 3: makimaki (big blind) folded on the Flop
Seat 5: artecris (button) (small blind) collected ($5.88)


PokerStars Hand #169449357781:  Hold'em Limit ($3/$6 USD) - 2017/04/23 11:39:33 ET
Table 'Dike' 6-max Seat #5 is the button
Seat 3: makimaki ($64.38 in chips)
Seat 5: artecris ($132.03 in chips)
artecris: posts small blind $1
yamaxerm: is sitting out
makimaki: posts big blind $3
*** HOLE CARDS ***
artecris: folds
Uncalled bet ($2) returned to makimaki
makimaki collected $2 from pot
makimaki: doesn't show hand
yamaxerm leaves the table
*** SUMMARY ***
Total pot $2 | Rake $0
Seat 3: makimaki (big blind) collected ($2)
Seat 5: artecris (button) (small blind) folded before Flop


PokerStars Hand #169449361795:  Hold'em Limit ($3/$6 USD) - 2017/04/23 11:39:38 ET
Table 'Dike' 6-max Seat #3 is the button
Seat 3: makimaki ($65.38 in chips)
Seat 5: artecris ($131.03 in chips)
makimaki: posts small blind $1
artecris: posts big blind $3
*** HOLE CARDS ***
makimaki: raises $3 to $6
artecris: calls $3
*** FLOP *** [7h 3c 6h]
artecris: checks
makimaki: bets $3
artecris: raises $3 to $6
makimaki: raises $3 to $9
artecris: calls $3
*** TURN *** [7h 3c 6h] [9d]
artecris: checks
yamaxerm joins the table at seat #6
makimaki: bets $6
artecris: calls $6
*** RIVER *** [7h 3c 6h 9d] [2s]
artecris: checks
makimaki: bets $6
artecris: calls $6
*** SHOW DOWN ***
makimaki: shows [8h Tc] (a straight, Six to Ten)
artecris: mucks hand
makimaki collected $53.50 from pot
*** SUMMARY ***
Total pot $54 | Rake $0.50
Board [7h 3c 6h 9d 2s]
Seat 3: makimaki (button) (small blind) showed [8h Tc] and won ($53.50) with a straight, Six to Ten
Seat 5: artecris (big blind) mucked


PokerStars Hand #169449504033:  Hold'em Limit ($3/$6 USD) - 2017/04/23 11:42:40 ET
Table 'Dike' 6-max Seat #6 is the button
Seat 5: artecris ($91.46 in chips)
Seat 6: yamaxerm ($100.66 in chips)
yamaxerm: posts small blind $1
makimaki: is sitting out
artecris: posts big blind $3
*** HOLE CARDS ***
yamaxerm: raises $3 to $6
artecris: folds
Uncalled bet ($3) returned to yamaxerm
yamaxerm collected $6 from pot
yamaxerm: doesn't show hand
*** SUMMARY ***
Total pot $6 | Rake $0
Seat 5: artecris (big blind) folded before Flop
Seat 6: yamaxerm (button) (small blind) collected ($6)


