PokerStars Hand #170022087486:  Hold'em Limit ($3/$6 USD) - 2017/05/06 4:35:58 ET
Table 'Dike' 6-max Seat #3 is the button
Seat 3: hairy1961 ($50 in chips)
Seat 4: Agrotait ($72 in chips)
hairy1961: posts small blind $1
Agrotait: posts big blind $3
*** HOLE CARDS ***
hairy1961: raises $3 to $6
Agrotait: calls $3
*** FLOP *** [3c Jc Qd]
Agrotait: checks
hairy1961: bets $3
Agrotait: folds
Uncalled bet ($3) returned to hairy1961
hairy1961 collected $11.76 from pot
*** SUMMARY ***
Total pot $12 | Rake $0.24
Board [3c Jc Qd]
Seat 3: hairy1961 (button) (small blind) collected ($11.76)
Seat 4: Agrotait (big blind) folded on the Flop


PokerStars Hand #170022100887:  Hold'em Limit ($3/$6 USD) - 2017/05/06 4:36:36 ET
Table 'Dike' 6-max Seat #4 is the button
Seat 3: hairy1961 ($55.76 in chips)
Seat 4: Agrotait ($66 in chips)
Agrotait: posts small blind $1
hairy1961: posts big blind $3
*** HOLE CARDS ***
Agrotait: folds
Uncalled bet ($2) returned to hairy1961
hairy1961 collected $2 from pot
*** SUMMARY ***
Total pot $2 | Rake $0
Seat 3: hairy1961 (big blind) collected ($2)
Seat 4: Agrotait (button) (small blind) folded before Flop


PokerStars Hand #170022105790:  Hold'em Limit ($3/$6 USD) - 2017/05/06 4:36:49 ET
Table 'Dike' 6-max Seat #4 is the button
Seat 3: hairy1961 ($55.76 in chips)
Seat 4: Agrotait ($66 in chips)
Agrotait: posts small blind $1
hairy1961: posts big blind $3
*** HOLE CARDS ***
Agrotait: folds
Uncalled bet ($2) returned to hairy1961
hairy1961 collected $2 from pot
*** SUMMARY ***
Total pot $2 | Rake $0
Seat 3: hairy1961 (big blind) collected ($2)
Seat 4: Agrotait (button) (small blind) folded before Flop


PokerStars Hand #170022103679:  Hold'em Limit ($3/$6 USD) - 2017/05/06 4:36:43 ET
Table 'Dike' 6-max Seat #3 is the button
Seat 3: hairy1961 ($56.76 in chips)
Seat 4: Agrotait ($65 in chips)
hairy1961: posts small blind $1
Agrotait: posts big blind $3
*** HOLE CARDS ***
hairy1961: folds
Uncalled bet ($2) returned to Agrotait
Agrotait collected $2 from pot
Agrotait: doesn't show hand
*** SUMMARY ***
Total pot $2 | Rake $0
Seat 3: hairy1961 (button) (small blind) folded before Flop
Seat 4: Agrotait (big blind) collected ($2)


PokerStars Hand #170022108939:  Hold'em Limit ($3/$6 USD) - 2017/05/06 4:36:58 ET
Table 'Dike' 6-max Seat #3 is the button
Seat 3: hairy1961 ($56.76 in chips)
Seat 4: Agrotait ($65 in chips)
hairy1961: posts small blind $1
Agrotait: posts big blind $3
*** HOLE CARDS ***
hairy1961: calls $2
Agrotait: raises $3 to $6
hairy1961: calls $3
*** FLOP *** [9c Jh Kh]
Agrotait: bets $3
hairy1961: calls $3
*** TURN *** [9c Jh Kh] [Th]
Agrotait: checks
hairy1961: bets $6
Agrotait: folds
Uncalled bet ($6) returned to hairy1961
hairy1961 collected $17.64 from pot
*** SUMMARY ***
Total pot $18 | Rake $0.36
Board [9c Jh Kh Th]
Seat 3: hairy1961 (button) (small blind) collected ($17.64)
Seat 4: Agrotait (big blind) folded on the Turn


PokerStars Hand #170022118452:  Hold'em Limit ($3/$6 USD) - 2017/05/06 4:37:25 ET
Table 'Dike' 6-max Seat #4 is the button
Seat 3: hairy1961 ($65.40 in chips)
Seat 4: Agrotait ($72 in chips)
Agrotait: posts small blind $1
hairy1961: posts big blind $3
*** HOLE CARDS ***
Agrotait: raises $3 to $6
hairy1961: folds
Uncalled bet ($3) returned to Agrotait
Agrotait collected $6 from pot
Agrotait: doesn't show hand
*** SUMMARY ***
Total pot $6 | Rake $0
Seat 3: hairy1961 (big blind) folded before Flop
Seat 4: Agrotait (button) (small blind) collected ($6)


PokerStars Hand #170022124406:  Hold'em Limit ($3/$6 USD) - 2017/05/06 4:37:42 ET
Table 'Dike' 6-max Seat #3 is the button
Seat 3: hairy1961 ($62.40 in chips)
Seat 4: Agrotait ($75 in chips)
hairy1961: posts small blind $1
Agrotait: posts big blind $3
*** HOLE CARDS ***
hairy1961: calls $2
Agrotait: checks
*** FLOP *** [Tc 9s Kh]
Agrotait: checks
hairy1961: checks
*** TURN *** [Tc 9s Kh] [Kd]
Agrotait: bets $6
hairy1961: calls $6
*** RIVER *** [Tc 9s Kh Kd] [3c]
Agrotait: bets $6
hairy1961: calls $6
*** SHOW DOWN ***
Agrotait: shows [Qs 9c] (two pair, Kings and Nines)
hairy1961: mucks hand
Agrotait collected $29.50 from pot
*** SUMMARY ***
Total pot $30 | Rake $0.50
Board [Tc 9s Kh Kd 3c]
Seat 3: hairy1961 (button) (small blind) mucked
Seat 4: Agrotait (big blind) showed [Qs 9c] and won ($29.50) with two pair, Kings and Nines


