PokerStars Hand #171809364393:  Hold'em Limit ($3/$6 USD) - 2017/06/15 13:09:14 ET
Table 'Dike' 6-max Seat #3 is the button
Seat 3: masterblstr8 ($314.02 in chips)
Seat 6: Fonzy237 ($222.18 in chips)
masterblstr8: posts small blind $1
Fonzy237: posts big blind $3
*** HOLE CARDS ***
masterblstr8: folds
Uncalled bet ($2) returned to Fonzy237
Fonzy237 collected $2 from pot
Fonzy237: doesn't show hand
*** SUMMARY ***
Total pot $2 | Rake $0
Seat 3: masterblstr8 (button) (small blind) folded before Flop
Seat 6: Fonzy237 (big blind) collected ($2)


PokerStars Hand #171809360330:  Hold'em Limit ($3/$6 USD) - 2017/06/15 13:09:09 ET
Table 'Dike' 6-max Seat #6 is the button
Seat 3: masterblstr8 ($313.02 in chips)
Seat 6: Fonzy237 ($223.18 in chips)
Fonzy237: posts small blind $1
masterblstr8: posts big blind $3
*** HOLE CARDS ***
Fonzy237: folds
Uncalled bet ($2) returned to masterblstr8
masterblstr8 collected $2 from pot
masterblstr8: doesn't show hand
Krazy90 joins the table at seat #1
*** SUMMARY ***
Total pot $2 | Rake $0
Seat 3: masterblstr8 (big blind) collected ($2)
Seat 6: Fonzy237 (button) (small blind) folded before Flop


PokerStars Hand #171809355296:  Hold'em Limit ($3/$6 USD) - 2017/06/15 13:09:02 ET
Table 'Dike' 6-max Seat #3 is the button
Seat 3: masterblstr8 ($310.02 in chips)
Seat 6: Fonzy237 ($226.18 in chips)
masterblstr8: posts small blind $1
Krazy90: is sitting out
Fonzy237: posts big blind $3
*** HOLE CARDS ***
masterblstr8: raises $3 to $6
Fonzy237: folds
Uncalled bet ($3) returned to masterblstr8
masterblstr8 collected $6 from pot
masterblstr8: doesn't show hand
Krazy90 leaves the table
*** SUMMARY ***
Total pot $6 | Rake $0
Seat 3: masterblstr8 (button) (small blind) collected ($6)
Seat 6: Fonzy237 (big blind) folded before Flop


PokerStars Hand #171810976593:  Hold'em Limit ($3/$6 USD) - 2017/06/15 13:45:59 ET
Table 'Dike' 6-max Seat #4 is the button
Seat 4: kayway6 ($69.15 in chips)
Seat 5: vestimokrec ($195.99 in chips)
kayway6: posts small blind $1
vestimokrec: posts big blind $3
*** HOLE CARDS ***
kayway6: raises $3 to $6
vestimokrec: calls $3
*** FLOP *** [7s 6c Ac]
vestimokrec: checks
kayway6: bets $3
vestimokrec: raises $3 to $6
kayway6: folds
Uncalled bet ($3) returned to vestimokrec
vestimokrec collected $17.64 from pot
vestimokrec: doesn't show hand
*** SUMMARY ***
Total pot $18 | Rake $0.36
Board [7s 6c Ac]
Seat 4: kayway6 (button) (small blind) folded on the Flop
Seat 5: vestimokrec (big blind) collected ($17.64)


PokerStars Hand #171810994121:  Hold'em Limit ($3/$6 USD) - 2017/06/15 13:46:23 ET
Table 'Dike' 6-max Seat #5 is the button
Seat 4: kayway6 ($60.15 in chips)
Seat 5: vestimokrec ($204.63 in chips)
vestimokrec: posts small blind $1
kayway6: posts big blind $3
*** HOLE CARDS ***
vestimokrec: raises $3 to $6
kayway6: raises $3 to $9
vestimokrec: calls $3
*** FLOP *** [7h 8h 4s]
kayway6: bets $3
vestimokrec: folds
Uncalled bet ($3) returned to kayway6
kayway6 collected $17.64 from pot
*** SUMMARY ***
Total pot $18 | Rake $0.36
Board [7h 8h 4s]
Seat 4: kayway6 (big blind) collected ($17.64)
Seat 5: vestimokrec (button) (small blind) folded on the Flop


PokerStars Hand #171811009943:  Hold'em Limit ($3/$6 USD) - 2017/06/15 13:46:45 ET
Table 'Dike' 6-max Seat #4 is the button
Seat 4: kayway6 ($68.79 in chips)
Seat 5: vestimokrec ($195.63 in chips)
kayway6: posts small blind $1
vestimokrec: posts big blind $3
*** HOLE CARDS ***
kayway6: folds
Uncalled bet ($2) returned to vestimokrec
vestimokrec collected $2 from pot
vestimokrec: doesn't show hand
*** SUMMARY ***
Total pot $2 | Rake $0
Seat 4: kayway6 (button) (small blind) folded before Flop
Seat 5: vestimokrec (big blind) collected ($2)


PokerStars Hand #171810947989:  Hold'em Limit ($3/$6 USD) - 2017/06/15 13:45:20 ET
Table 'Dike' 6-max Seat #5 is the button
Seat 4: kayway6 ($75.15 in chips)
Seat 5: vestimokrec ($190.23 in chips)
vestimokrec: posts small blind $1
masterblstr8: is sitting out
kayway6: posts big blind $3
*** HOLE CARDS ***
vestimokrec: raises $3 to $6
kayway6: calls $3
*** FLOP *** [Ah Ts 8d]
kayway6: checks
vestimokrec: checks
*** TURN *** [Ah Ts 8d] [Th]
kayway6: checks
vestimokrec: checks
*** RIVER *** [Ah Ts 8d Th] [4c]
kayway6: checks
vestimokrec: bets $6
kayway6: folds
Uncalled bet ($6) returned to vestimokrec
vestimokrec collected $11.76 from pot
vestimokrec: doesn't show hand
*** SUMMARY ***
Total pot $12 | Rake $0.24
Board [Ah Ts 8d Th 4c]
Seat 4: kayway6 (big blind) folded on the River
Seat 5: vestimokrec (button) (small blind) collected ($11.76)


PokerStars Hand #171811631135:  Hold'em Limit ($3/$6 USD) - 2017/06/15 14:02:08 ET
Table 'Dike' 6-max Seat #3 is the button
Seat 1: pdsnr ($102 in chips)
Seat 3: TheMuppet ($76.61 in chips)
TheMuppet: posts small blind $1
CatPuppy1999: is sitting out
pdsnr: posts big blind $3
*** HOLE CARDS ***
vestimokrec leaves the table
TheMuppet: raises $3 to $6
CatPuppy1999 leaves the table
pdsnr: calls $3
*** FLOP *** [Th 5d Jc]
CatPuppy1999 joins the table at seat #2
pdsnr: checks
TheMuppet: bets $3
pdsnr: calls $3
*** TURN *** [Th 5d Jc] [7s]
pdsnr: checks
TheMuppet: bets $6
pdsnr: folds
Uncalled bet ($6) returned to TheMuppet
TheMuppet collected $17.64 from pot
TheMuppet: doesn't show hand
*** SUMMARY ***
Total pot $18 | Rake $0.36
Board [Th 5d Jc 7s]
Seat 1: pdsnr (big blind) folded on the Turn
Seat 3: TheMuppet (button) (small blind) collected ($17.64)


PokerStars Hand #171814069804:  Hold'em Limit ($3/$6 USD) - 2017/06/15 14:55:44 ET
Table 'Dike' 6-max Seat #1 is the button
Seat 1: pdsnr ($119.64 in chips)
Seat 4: Chessnok ($212.51 in chips)
pdsnr: posts small blind $1
DECAlpha: is sitting out
Chessnok: posts big blind $3
*** HOLE CARDS ***
pdsnr: folds
Uncalled bet ($2) returned to Chessnok
Chessnok collected $2 from pot
Chessnok: doesn't show hand
*** SUMMARY ***
Total pot $2 | Rake $0
Seat 1: pdsnr (button) (small blind) folded before Flop
Seat 4: Chessnok (big blind) collected ($2)


PokerStars Hand #171814073054:  Hold'em Limit ($3/$6 USD) - 2017/06/15 14:55:50 ET
Table 'Dike' 6-max Seat #4 is the button
Seat 1: pdsnr ($118.64 in chips)
Seat 4: Chessnok ($213.51 in chips)
Chessnok: posts small blind $1
loveww was removed from the table for failing to post
pdsnr: posts big blind $3
*** HOLE CARDS ***
Chessnok: raises $3 to $6
pdsnr: calls $3
*** FLOP *** [Qc 2s 8d]
DECAlpha leaves the table
pdsnr: checks
Chessnok: bets $3
pdsnr: folds
Uncalled bet ($3) returned to Chessnok
Chessnok collected $11.76 from pot
Chessnok: doesn't show hand
*** SUMMARY ***
Total pot $12 | Rake $0.24
Board [Qc 2s 8d]
Seat 1: pdsnr (big blind) folded on the Flop
Seat 4: Chessnok (button) (small blind) collected ($11.76)


PokerStars Hand #171814084438:  Hold'em Limit ($3/$6 USD) - 2017/06/15 14:56:08 ET
Table 'Dike' 6-max Seat #1 is the button
Seat 1: pdsnr ($112.64 in chips)
Seat 4: Chessnok ($219.27 in chips)
pdsnr: posts small blind $1
Chessnok: posts big blind $3
*** HOLE CARDS ***
pdsnr: raises $3 to $6
Chessnok: raises $3 to $9
pdsnr: raises $3 to $12
Betting is capped
Chessnok: calls $3
*** FLOP *** [Qs As Tc]
Chessnok: checks
pdsnr: bets $3
Chessnok: raises $3 to $6
pdsnr: calls $3
*** TURN *** [Qs As Tc] [8d]
Chessnok: bets $6
pdsnr: raises $6 to $12
Chessnok: calls $6
*** RIVER *** [Qs As Tc 8d] [4s]
Chessnok: checks
pdsnr: bets $6
Chessnok: calls $6
*** SHOW DOWN ***
pdsnr: shows [Ah 2d] (a pair of Aces)
Chessnok: shows [Jd Ad] (a pair of Aces - Queen+Jack kicker)
Chessnok collected $71.50 from pot
*** SUMMARY ***
Total pot $72 | Rake $0.50
Board [Qs As Tc 8d 4s]
Seat 1: pdsnr (button) (small blind) showed [Ah 2d] and lost with a pair of Aces
Seat 4: Chessnok (big blind) showed [Jd Ad] and won ($71.50) with a pair of Aces


