PokerStars Hand #163070745654:  Hold'em Limit ($3/$6 USD) - 2016/12/17 3:53:43 ET
Table 'Dike' 6-max Seat #3 is the button
Seat 3: magicbert27 ($120 in chips)
Seat 4: Agrotait ($72 in chips)
magicbert27: posts small blind $1
Agrotait: posts big blind $3
*** HOLE CARDS ***
magicbert27: raises $3 to $6
Agrotait: calls $3
*** FLOP *** [Ts 5d 3d]
Agrotait: checks
magicbert27: bets $3
Agrotait: raises $3 to $6
magicbert27: raises $3 to $9
Agrotait: calls $3
*** TURN *** [Ts 5d 3d] [2d]
Agrotait: bets $6
magicbert27: raises $6 to $12
Agrotait: calls $6
*** RIVER *** [Ts 5d 3d 2d] [7h]
Agrotait: checks
magicbert27: bets $6
Agrotait: calls $6
*** SHOW DOWN ***
magicbert27: shows [Ac As] (a pair of Aces)
Agrotait: mucks hand
magicbert27 collected $65.50 from pot
*** SUMMARY ***
Total pot $66 | Rake $0.50
Board [Ts 5d 3d 2d 7h]
Seat 3: magicbert27 (button) (small blind) showed [Ac As] and won ($65.50) with a pair of Aces
Seat 4: Agrotait (big blind) mucked


PokerStars Hand #163070768747:  Hold'em Limit ($3/$6 USD) - 2016/12/17 3:54:44 ET
Table 'Dike' 6-max Seat #4 is the button
Seat 3: magicbert27 ($152.50 in chips)
Seat 4: Agrotait ($72 in chips)
Agrotait: posts small blind $1
magicbert27: posts big blind $3
*** HOLE CARDS ***
Agrotait: raises $3 to $6
magicbert27: calls $3
*** FLOP *** [3s 6c 2c]
magicbert27: bets $3
Agrotait: calls $3
*** TURN *** [3s 6c 2c] [5s]
magicbert27: bets $6
Agrotait: raises $6 to $12
magicbert27: calls $6
*** RIVER *** [3s 6c 2c 5s] [Qh]
magicbert27: checks
Agrotait: bets $6
magicbert27: calls $6
*** SHOW DOWN ***
Agrotait: shows [Ah 4s] (a straight, Deuce to Six)
magicbert27: mucks hand
Agrotait collected $53.50 from pot
*** SUMMARY ***
Total pot $54 | Rake $0.50
Board [3s 6c 2c 5s Qh]
Seat 3: magicbert27 (big blind) mucked
Seat 4: Agrotait (button) (small blind) showed [Ah 4s] and won ($53.50) with a straight, Deuce to Six


PokerStars Hand #163070795300:  Hold'em Limit ($3/$6 USD) - 2016/12/17 3:56:00 ET
Table 'Dike' 6-max Seat #3 is the button
Seat 3: magicbert27 ($125.26 in chips)
Seat 4: Agrotait ($98.26 in chips)
magicbert27: posts small blind $1
Agrotait: posts big blind $3
*** HOLE CARDS ***
magicbert27: raises $3 to $6
Agrotait: folds
Uncalled bet ($3) returned to magicbert27
magicbert27 collected $6 from pot
*** SUMMARY ***
Total pot $6 | Rake $0
Seat 3: magicbert27 (button) (small blind) collected ($6)
Seat 4: Agrotait (big blind) folded before Flop


PokerStars Hand #163070789057:  Hold'em Limit ($3/$6 USD) - 2016/12/17 3:55:41 ET
Table 'Dike' 6-max Seat #4 is the button
Seat 3: magicbert27 ($131.26 in chips)
Seat 4: Agrotait ($92.50 in chips)
Agrotait: posts small blind $1
magicbert27: posts big blind $3
*** HOLE CARDS ***
Agrotait: raises $3 to $6
magicbert27: calls $3
*** FLOP *** [5h As 2d]
magicbert27: checks
Agrotait: bets $3
magicbert27: folds
Uncalled bet ($3) returned to Agrotait
Agrotait collected $11.76 from pot
Agrotait: doesn't show hand
*** SUMMARY ***
Total pot $12 | Rake $0.24
Board [5h As 2d]
Seat 3: magicbert27 (big blind) folded on the Flop
Seat 4: Agrotait (button) (small blind) collected ($11.76)


PokerStars Hand #163070777099:  Hold'em Limit ($3/$6 USD) - 2016/12/17 3:55:06 ET
Table 'Dike' 6-max Seat #3 is the button
Seat 3: magicbert27 ($125.50 in chips)
Seat 4: Agrotait ($98.50 in chips)
magicbert27: posts small blind $1
Agrotait: posts big blind $3
*** HOLE CARDS ***
magicbert27: raises $3 to $6
Agrotait: calls $3
*** FLOP *** [5h Js 4s]
Agrotait: checks
magicbert27: bets $3
Agrotait: folds
Uncalled bet ($3) returned to magicbert27
magicbert27 collected $11.76 from pot
*** SUMMARY ***
Total pot $12 | Rake $0.24
Board [5h Js 4s]
Seat 3: magicbert27 (button) (small blind) collected ($11.76)
Seat 4: Agrotait (big blind) folded on the Flop


PokerStars Hand #163070815168:  Hold'em Limit ($3/$6 USD) - 2016/12/17 3:56:57 ET
Table 'Dike' 6-max Seat #3 is the button
Seat 3: magicbert27 ($151.76 in chips)
Seat 4: Agrotait ($71.26 in chips)
magicbert27: posts small blind $1
Agrotait: posts big blind $3
*** HOLE CARDS ***
magicbert27: raises $3 to $6
Agrotait: raises $3 to $9
magicbert27: calls $3
*** FLOP *** [9h Qh Qs]
Agrotait: bets $3
magicbert27: calls $3
*** TURN *** [9h Qh Qs] [As]
Agrotait: checks
magicbert27: bets $6
Agrotait: raises $6 to $12
magicbert27: calls $6
*** RIVER *** [9h Qh Qs As] [8c]
Agrotait: bets $6
magicbert27: calls $6
*** SHOW DOWN ***
Agrotait: shows [Jc Qc] (three of a kind, Queens)
magicbert27: mucks hand
Agrotait collected $59.50 from pot
*** SUMMARY ***
Total pot $60 | Rake $0.50
Board [9h Qh Qs As 8c]
Seat 3: magicbert27 (button) (small blind) mucked
Seat 4: Agrotait (big blind) showed [Jc Qc] and won ($59.50) with three of a kind, Queens


PokerStars Hand #163070801842:  Hold'em Limit ($3/$6 USD) - 2016/12/17 3:56:19 ET
Table 'Dike' 6-max Seat #4 is the button
Seat 3: magicbert27 ($128.26 in chips)
Seat 4: Agrotait ($95.26 in chips)
Agrotait: posts small blind $1
magicbert27: posts big blind $3
*** HOLE CARDS ***
Agrotait: raises $3 to $6
magicbert27: raises $3 to $9
Agrotait: calls $3
*** FLOP *** [Kd 9s Td]
magicbert27: bets $3
Agrotait: calls $3
*** TURN *** [Kd 9s Td] [2c]
magicbert27: checks
Agrotait: bets $6
magicbert27: calls $6
*** RIVER *** [Kd 9s Td 2c] [As]
magicbert27: bets $6
Agrotait: calls $6
*** SHOW DOWN ***
magicbert27: shows [Ac 6c] (a pair of Aces)
Agrotait: mucks hand
magicbert27 collected $47.50 from pot
*** SUMMARY ***
Total pot $48 | Rake $0.50
Board [Kd 9s Td 2c As]
Seat 3: magicbert27 (big blind) showed [Ac 6c] and won ($47.50) with a pair of Aces
Seat 4: Agrotait (button) (small blind) mucked


PokerStars Hand #163070826853:  Hold'em Limit ($3/$6 USD) - 2016/12/17 3:57:31 ET
Table 'Dike' 6-max Seat #4 is the button
Seat 3: magicbert27 ($121.76 in chips)
Seat 4: Agrotait ($100.76 in chips)
Agrotait: posts small blind $1
magicbert27: posts big blind $3
*** HOLE CARDS ***
Agrotait: folds
Uncalled bet ($2) returned to magicbert27
magicbert27 collected $2 from pot
*** SUMMARY ***
Total pot $2 | Rake $0
Seat 3: magicbert27 (big blind) collected ($2)
Seat 4: Agrotait (button) (small blind) folded before Flop


PokerStars Hand #163070831983:  Hold'em Limit ($3/$6 USD) - 2016/12/17 3:57:46 ET
Table 'Dike' 6-max Seat #3 is the button
Seat 3: magicbert27 ($122.76 in chips)
Seat 4: Agrotait ($99.76 in chips)
magicbert27: posts small blind $1
Agrotait: posts big blind $3
*** HOLE CARDS ***
magicbert27: raises $3 to $6
Agrotait: raises $3 to $9
magicbert27: calls $3
*** FLOP *** [3h Qh Th]
Agrotait: bets $3
magicbert27: folds
Uncalled bet ($3) returned to Agrotait
Agrotait collected $17.64 from pot
Agrotait: doesn't show hand
*** SUMMARY ***
Total pot $18 | Rake $0.36
Board [3h Qh Th]
Seat 3: magicbert27 (button) (small blind) folded on the Flop
Seat 4: Agrotait (big blind) collected ($17.64)


PokerStars Hand #163070842063:  Hold'em Limit ($3/$6 USD) - 2016/12/17 3:58:15 ET
Table 'Dike' 6-max Seat #3 is the button
Seat 3: magicbert27 ($110.76 in chips)
Seat 4: Agrotait ($111.40 in chips)
magicbert27: posts small blind $1
Agrotait: posts big blind $3
*** HOLE CARDS ***
magicbert27: folds
Uncalled bet ($2) returned to Agrotait
Agrotait collected $2 from pot
Agrotait: doesn't show hand
*** SUMMARY ***
Total pot $2 | Rake $0
Seat 3: magicbert27 (button) (small blind) folded before Flop
Seat 4: Agrotait (big blind) collected ($2)


PokerStars Hand #163070839467:  Hold'em Limit ($3/$6 USD) - 2016/12/17 3:58:08 ET
Table 'Dike' 6-max Seat #4 is the button
Seat 3: magicbert27 ($113.76 in chips)
Seat 4: Agrotait ($108.40 in chips)
Agrotait: posts small blind $1
magicbert27: posts big blind $3
*** HOLE CARDS ***
Agrotait: raises $3 to $6
magicbert27: folds
Uncalled bet ($3) returned to Agrotait
Agrotait collected $6 from pot
Agrotait: doesn't show hand
*** SUMMARY ***
Total pot $6 | Rake $0
Seat 3: magicbert27 (big blind) folded before Flop
Seat 4: Agrotait (button) (small blind) collected ($6)


PokerStars Hand #163070860430:  Hold'em Limit ($3/$6 USD) - 2016/12/17 3:59:07 ET
Table 'Dike' 6-max Seat #3 is the button
Seat 3: magicbert27 ($85.76 in chips)
Seat 4: Agrotait ($135.90 in chips)
magicbert27: posts small blind $1
Agrotait: posts big blind $3
*** HOLE CARDS ***
magicbert27: raises $3 to $6
Agrotait: calls $3
*** FLOP *** [8h 9d As]
Agrotait: checks
magicbert27: bets $3
Agrotait: folds
Uncalled bet ($3) returned to magicbert27
magicbert27 collected $11.76 from pot
*** SUMMARY ***
Total pot $12 | Rake $0.24
Board [8h 9d As]
Seat 3: magicbert27 (button) (small blind) collected ($11.76)
Seat 4: Agrotait (big blind) folded on the Flop


PokerStars Hand #163070843745:  Hold'em Limit ($3/$6 USD) - 2016/12/17 3:58:20 ET
Table 'Dike' 6-max Seat #4 is the button
Seat 3: magicbert27 ($109.76 in chips)
Seat 4: Agrotait ($112.40 in chips)
Agrotait: posts small blind $1
magicbert27: posts big blind $3
*** HOLE CARDS ***
Agrotait: raises $3 to $6
magicbert27: raises $3 to $9
Agrotait: calls $3
*** FLOP *** [7h Js 7d]
magicbert27: bets $3
Agrotait: calls $3
*** TURN *** [7h Js 7d] [5h]
magicbert27: bets $6
Agrotait: calls $6
*** RIVER *** [7h Js 7d 5h] [Th]
magicbert27: bets $6
Agrotait: raises $6 to $12
magicbert27: folds
Uncalled bet ($6) returned to Agrotait
Agrotait collected $47.50 from pot
Agrotait: doesn't show hand
*** SUMMARY ***
Total pot $48 | Rake $0.50
Board [7h Js 7d 5h Th]
Seat 3: magicbert27 (big blind) folded on the River
Seat 4: Agrotait (button) (small blind) collected ($47.50)


PokerStars Hand #163070883911:  Hold'em Limit ($3/$6 USD) - 2016/12/17 4:00:14 ET
Table 'Dike' 6-max Seat #3 is the button
Seat 3: magicbert27 ($106.02 in chips)
Seat 4: Agrotait ($114.90 in chips)
magicbert27: posts small blind $1
Agrotait: posts big blind $3
*** HOLE CARDS ***
magicbert27: raises $3 to $6
Agrotait: raises $3 to $9
magicbert27: calls $3
*** FLOP *** [8c 7h Kh]
Agrotait: bets $3
magicbert27: raises $3 to $6
Agrotait: calls $3
*** TURN *** [8c 7h Kh] [4c]
Agrotait: checks
magicbert27: bets $6
Agrotait: folds
Uncalled bet ($6) returned to magicbert27
magicbert27 collected $29.50 from pot
*** SUMMARY ***
Total pot $30 | Rake $0.50
Board [8c 7h Kh 4c]
Seat 3: magicbert27 (button) (small blind) collected ($29.50)
Seat 4: Agrotait (big blind) folded on the Turn


PokerStars Hand #163070871816:  Hold'em Limit ($3/$6 USD) - 2016/12/17 3:59:40 ET
Table 'Dike' 6-max Seat #4 is the button
Seat 3: magicbert27 ($91.52 in chips)
Seat 4: Agrotait ($129.90 in chips)
Agrotait: posts small blind $1
magicbert27: posts big blind $3
*** HOLE CARDS ***
Agrotait: raises $3 to $6
magicbert27: calls $3
*** FLOP *** [Tc 7h 9h]
magicbert27: checks
Agrotait: bets $3
magicbert27: calls $3
*** TURN *** [Tc 7h 9h] [5d]
magicbert27: checks
Agrotait: checks
*** RIVER *** [Tc 7h 9h 5d] [9c]
magicbert27: bets $6
Agrotait: calls $6
*** SHOW DOWN ***
magicbert27: shows [4d 7c] (two pair, Nines and Sevens)
Agrotait: mucks hand
magicbert27 collected $29.50 from pot
*** SUMMARY ***
Total pot $30 | Rake $0.50
Board [Tc 7h 9h 5d 9c]
Seat 3: magicbert27 (big blind) showed [4d 7c] and won ($29.50) with two pair, Nines and Sevens
Seat 4: Agrotait (button) (small blind) mucked


PokerStars Hand #163070890652:  Hold'em Limit ($3/$6 USD) - 2016/12/17 4:00:33 ET
Table 'Dike' 6-max Seat #4 is the button
Seat 3: magicbert27 ($120.52 in chips)
Seat 4: Agrotait ($99.90 in chips)
Agrotait: posts small blind $1
magicbert27: posts big blind $3
*** HOLE CARDS ***
Agrotait: raises $3 to $6
magicbert27: folds
Uncalled bet ($3) returned to Agrotait
Agrotait collected $6 from pot
Agrotait: doesn't show hand
*** SUMMARY ***
Total pot $6 | Rake $0
Seat 3: magicbert27 (big blind) folded before Flop
Seat 4: Agrotait (button) (small blind) collected ($6)


PokerStars Hand #163070905948:  Hold'em Limit ($3/$6 USD) - 2016/12/17 4:01:14 ET
Table 'Dike' 6-max Seat #3 is the button
Seat 3: magicbert27 ($111.52 in chips)
Seat 4: Agrotait ($108.54 in chips)
magicbert27: posts small blind $1
Agrotait: posts big blind $3
*** HOLE CARDS ***
magicbert27: raises $3 to $6
Agrotait: calls $3
*** FLOP *** [Td 4d Ts]
Agrotait: checks
magicbert27: bets $3
Agrotait: calls $3
*** TURN *** [Td 4d Ts] [2s]
Agrotait: checks
magicbert27: checks
*** RIVER *** [Td 4d Ts 2s] [As]
Agrotait: checks
magicbert27: checks
*** SHOW DOWN ***
Agrotait: shows [Kc 9h] (a pair of Tens)
magicbert27: mucks hand
Agrotait collected $17.64 from pot
*** SUMMARY ***
Total pot $18 | Rake $0.36
Board [Td 4d Ts 2s As]
Seat 3: magicbert27 (button) (small blind) mucked
Seat 4: Agrotait (big blind) showed [Kc 9h] and won ($17.64) with a pair of Tens


PokerStars Hand #163070896362:  Hold'em Limit ($3/$6 USD) - 2016/12/17 4:00:49 ET
Table 'Dike' 6-max Seat #3 is the button
Seat 3: magicbert27 ($117.52 in chips)
Seat 4: Agrotait ($102.90 in chips)
magicbert27: posts small blind $1
Agrotait: posts big blind $3
*** HOLE CARDS ***
magicbert27: raises $3 to $6
Agrotait: folds
Uncalled bet ($3) returned to magicbert27
magicbert27 collected $6 from pot
*** SUMMARY ***
Total pot $6 | Rake $0
Seat 3: magicbert27 (button) (small blind) collected ($6)
Seat 4: Agrotait (big blind) folded before Flop


PokerStars Hand #163070899820:  Hold'em Limit ($3/$6 USD) - 2016/12/17 4:00:58 ET
Table 'Dike' 6-max Seat #4 is the button
Seat 3: magicbert27 ($120.52 in chips)
Seat 4: Agrotait ($99.90 in chips)
Agrotait: posts small blind $1
magicbert27: posts big blind $3
*** HOLE CARDS ***
Agrotait: raises $3 to $6
magicbert27: calls $3
*** FLOP *** [As 7d 6c]
magicbert27: checks
Agrotait: bets $3
magicbert27: calls $3
*** TURN *** [As 7d 6c] [Ks]
magicbert27: checks
Agrotait: bets $6
magicbert27: folds
Uncalled bet ($6) returned to Agrotait
Agrotait collected $17.64 from pot
Agrotait: doesn't show hand
*** SUMMARY ***
Total pot $18 | Rake $0.36
Board [As 7d 6c Ks]
Seat 3: magicbert27 (big blind) folded on the Turn
Seat 4: Agrotait (button) (small blind) collected ($17.64)


PokerStars Hand #163070912386:  Hold'em Limit ($3/$6 USD) - 2016/12/17 4:01:31 ET
Table 'Dike' 6-max Seat #4 is the button
Seat 3: magicbert27 ($102.52 in chips)
Seat 4: Agrotait ($117.18 in chips)
Agrotait: posts small blind $1
magicbert27: posts big blind $3
*** HOLE CARDS ***
Agrotait: raises $3 to $6
magicbert27: folds
Uncalled bet ($3) returned to Agrotait
Agrotait collected $6 from pot
Agrotait: doesn't show hand
*** SUMMARY ***
Total pot $6 | Rake $0
Seat 3: magicbert27 (big blind) folded before Flop
Seat 4: Agrotait (button) (small blind) collected ($6)


