PokerStars Hand #171493100414:  Hold'em Limit ($3/$6 USD) - 2017/06/08 0:14:42 ET
Table 'Diomedes' 6-max Seat #1 is the button
Seat 1: davyyyyyyy ($120 in chips)
Seat 4: Agrotait ($72 in chips)
davyyyyyyy: posts small blind $1
Agrotait: posts big blind $3
*** HOLE CARDS ***
davyyyyyyy: folds
Uncalled bet ($2) returned to Agrotait
Agrotait collected $2 from pot
Agrotait: doesn't show hand
*** SUMMARY ***
Total pot $2 | Rake $0
Seat 1: davyyyyyyy (button) (small blind) folded before Flop
Seat 4: Agrotait (big blind) collected ($2)


PokerStars Hand #171493104222:  Hold'em Limit ($3/$6 USD) - 2017/06/08 0:14:56 ET
Table 'Diomedes' 6-max Seat #4 is the button
Seat 1: davyyyyyyy ($119 in chips)
Seat 4: Agrotait ($73 in chips)
Agrotait: posts small blind $1
davyyyyyyy: posts big blind $3
*** HOLE CARDS ***
Agrotait: raises $3 to $6
davyyyyyyy: raises $3 to $9
Agrotait: calls $3
*** FLOP *** [9c Ah As]
davyyyyyyy: bets $3
Agrotait: calls $3
*** TURN *** [9c Ah As] [Jh]
davyyyyyyy: bets $6
Agrotait: calls $6
*** RIVER *** [9c Ah As Jh] [Ad]
davyyyyyyy: bets $6
Agrotait: raises $6 to $12
davyyyyyyy: raises $6 to $18
Agrotait: folds
Uncalled bet ($6) returned to davyyyyyyy
davyyyyyyy collected $59.50 from pot
*** SUMMARY ***
Total pot $60 | Rake $0.50
Board [9c Ah As Jh Ad]
Seat 1: davyyyyyyy (big blind) collected ($59.50)
Seat 4: Agrotait (button) (small blind) folded on the River


PokerStars Hand #171493115178:  Hold'em Limit ($3/$6 USD) - 2017/06/08 0:15:37 ET
Table 'Diomedes' 6-max Seat #1 is the button
Seat 1: davyyyyyyy ($148.50 in chips)
Seat 4: Agrotait ($72 in chips)
davyyyyyyy: posts small blind $1
Agrotait: posts big blind $3
*** HOLE CARDS ***
davyyyyyyy: calls $2
Agrotait: checks
*** FLOP *** [Qh 2s 3c]
Agrotait: checks
davyyyyyyy: bets $3
Agrotait: folds
Uncalled bet ($3) returned to davyyyyyyy
davyyyyyyy collected $5.88 from pot
*** SUMMARY ***
Total pot $6 | Rake $0.12
Board [Qh 2s 3c]
Seat 1: davyyyyyyy (button) (small blind) collected ($5.88)
Seat 4: Agrotait (big blind) folded on the Flop


