PokerStars Hand #154583298689:  Hold'em Limit ($3/$6 USD) - 2016/06/11 6:36:22 ET
Table 'Diomedes' 10-max Seat #4 is the button
Seat 4: partyalex92 ($127.76 in chips)
Seat 5: Ale4o ($112 in chips)
partyalex92: posts small blind $1
Ale4o: posts big blind $3
*** HOLE CARDS ***
partyalex92: calls $2
Ale4o: raises $3 to $6
partyalex92: calls $3
*** FLOP *** [4s 2h Qc]
Ale4o: bets $3
partyalex92: calls $3
*** TURN *** [4s 2h Qc] [3d]
Ale4o: bets $6
partyalex92: calls $6
*** RIVER *** [4s 2h Qc 3d] [Ts]
Ale4o: bets $6
partyalex92: calls $6
*** SHOW DOWN ***
Ale4o: shows [Jc Qh] (a pair of Queens)
partyalex92: shows [Qd 2s] (two pair, Queens and Deuces)
partyalex92 collected $41.50 from pot
*** SUMMARY ***
Total pot $42 | Rake $0.50
Board [4s 2h Qc 3d Ts]
Seat 4: partyalex92 (button) (small blind) showed [Qd 2s] and won ($41.50) with two pair, Queens and Deuces
Seat 5: Ale4o (big blind) showed [Jc Qh] and lost with a pair of Queens


PokerStars Hand #154583286238:  Hold'em Limit ($3/$6 USD) - 2016/06/11 6:35:54 ET
Table 'Diomedes' 10-max Seat #5 is the button
Seat 4: partyalex92 ($120 in chips)
Seat 5: Ale4o ($120 in chips)
Ale4o: posts small blind $1
VolkovDmitri: is sitting out
partyalex92: posts big blind $3
*** HOLE CARDS ***
Ale4o: folds
Uncalled bet ($2) returned to partyalex92
partyalex92 collected $2 from pot
*** SUMMARY ***
Total pot $2 | Rake $0
Seat 4: partyalex92 (big blind) collected ($2)
Seat 5: Ale4o (button) (small blind) folded before Flop


PokerStars Hand #154583305451:  Hold'em Limit ($3/$6 USD) - 2016/06/11 6:36:37 ET
Table 'Diomedes' 10-max Seat #5 is the button
Seat 4: partyalex92 ($148.26 in chips)
Seat 5: Ale4o ($91 in chips)
Ale4o: posts small blind $1
partyalex92: posts big blind $3
*** HOLE CARDS ***
Ale4o: raises $3 to $6
partyalex92: calls $3
*** FLOP *** [Th 5s 9h]
partyalex92: checks
Ale4o: bets $3
partyalex92: folds
Uncalled bet ($3) returned to Ale4o
Ale4o collected $11.76 from pot
Ale4o: doesn't show hand
*** SUMMARY ***
Total pot $12 | Rake $0.24
Board [Th 5s 9h]
Seat 4: partyalex92 (big blind) folded on the Flop
Seat 5: Ale4o (button) (small blind) collected ($11.76)


PokerStars Hand #154583289901:  Hold'em Limit ($3/$6 USD) - 2016/06/11 6:36:02 ET
Table 'Diomedes' 10-max Seat #4 is the button
Seat 4: partyalex92 ($121 in chips)
Seat 5: Ale4o ($119 in chips)
partyalex92: posts small blind $1
Ale4o: posts big blind $3
*** HOLE CARDS ***
VolkovDmitri leaves the table
partyalex92: raises $3 to $6
Ale4o: calls $3
*** FLOP *** [7c 5h Qs]
Ale4o: checks
partyalex92: checks
*** TURN *** [7c 5h Qs] [7h]
Ale4o: checks
partyalex92: checks
*** RIVER *** [7c 5h Qs 7h] [Qh]
Ale4o: checks
partyalex92: checks
*** SHOW DOWN ***
Ale4o: shows [9d 5c] (two pair, Queens and Sevens)
partyalex92: shows [6s Ks] (two pair, Queens and Sevens - King kicker)
partyalex92 collected $11.76 from pot
*** SUMMARY ***
Total pot $12 | Rake $0.24
Board [7c 5h Qs 7h Qh]
Seat 4: partyalex92 (button) (small blind) showed [6s Ks] and won ($11.76) with two pair, Queens and Sevens
Seat 5: Ale4o (big blind) showed [9d 5c] and lost with two pair, Queens and Sevens


PokerStars Hand #154583296510:  Hold'em Limit ($3/$6 USD) - 2016/06/11 6:36:17 ET
Table 'Diomedes' 10-max Seat #5 is the button
Seat 4: partyalex92 ($126.76 in chips)
Seat 5: Ale4o ($113 in chips)
Ale4o: posts small blind $1
partyalex92: posts big blind $3
*** HOLE CARDS ***
Ale4o: folds
Uncalled bet ($2) returned to partyalex92
partyalex92 collected $2 from pot
*** SUMMARY ***
Total pot $2 | Rake $0
Seat 4: partyalex92 (big blind) collected ($2)
Seat 5: Ale4o (button) (small blind) folded before Flop


PokerStars Hand #154583331687:  Hold'em Limit ($3/$6 USD) - 2016/06/11 6:37:36 ET
Table 'Diomedes' 10-max Seat #4 is the button
Seat 4: partyalex92 ($100.26 in chips)
Seat 5: Ale4o ($137.76 in chips)
partyalex92: posts small blind $1
Ale4o: posts big blind $3
*** HOLE CARDS ***
partyalex92: folds
Uncalled bet ($2) returned to Ale4o
Ale4o collected $2 from pot
Ale4o: doesn't show hand
*** SUMMARY ***
Total pot $2 | Rake $0
Seat 4: partyalex92 (button) (small blind) folded before Flop
Seat 5: Ale4o (big blind) collected ($2)


PokerStars Hand #154583318241:  Hold'em Limit ($3/$6 USD) - 2016/06/11 6:37:06 ET
Table 'Diomedes' 10-max Seat #5 is the button
Seat 4: partyalex92 ($115.26 in chips)
Seat 5: Ale4o ($123.26 in chips)
Ale4o: posts small blind $1
partyalex92: posts big blind $3
*** HOLE CARDS ***
Ale4o: raises $3 to $6
partyalex92: raises $3 to $9
Ale4o: calls $3
*** FLOP *** [6c 3h 2h]
partyalex92: checks
Ale4o: checks
*** TURN *** [6c 3h 2h] [5c]
partyalex92: checks
Ale4o: bets $6
partyalex92: calls $6
*** RIVER *** [6c 3h 2h 5c] [As]
partyalex92: checks
Ale4o: bets $6
partyalex92: folds
Uncalled bet ($6) returned to Ale4o
Ale4o collected $29.50 from pot
Ale4o: doesn't show hand
*** SUMMARY ***
Total pot $30 | Rake $0.50
Board [6c 3h 2h 5c As]
Seat 4: partyalex92 (big blind) folded on the River
Seat 5: Ale4o (button) (small blind) collected ($29.50)


PokerStars Hand #154583309201:  Hold'em Limit ($3/$6 USD) - 2016/06/11 6:36:46 ET
Table 'Diomedes' 10-max Seat #4 is the button
Seat 4: partyalex92 ($142.26 in chips)
Seat 5: Ale4o ($96.76 in chips)
partyalex92: posts small blind $1
Ale4o: posts big blind $3
*** HOLE CARDS ***
partyalex92: raises $3 to $6
Ale4o: calls $3
*** FLOP *** [9c 7s 6s]
Ale4o: bets $3
partyalex92: raises $3 to $6
Ale4o: raises $3 to $9
partyalex92: calls $3
*** TURN *** [9c 7s 6s] [3s]
Ale4o: bets $6
partyalex92: calls $6
*** RIVER *** [9c 7s 6s 3s] [Kh]
Ale4o: bets $6
partyalex92: calls $6
*** SHOW DOWN ***
Ale4o: shows [9s Jd] (a pair of Nines)
partyalex92: mucks hand
Ale4o collected $53.50 from pot
*** SUMMARY ***
Total pot $54 | Rake $0.50
Board [9c 7s 6s 3s Kh]
Seat 4: partyalex92 (button) (small blind) mucked
Seat 5: Ale4o (big blind) showed [9s Jd] and won ($53.50) with a pair of Nines


PokerStars Hand #154583336317:  Hold'em Limit ($3/$6 USD) - 2016/06/11 6:37:47 ET
Table 'Diomedes' 10-max Seat #5 is the button
Seat 4: partyalex92 ($99.26 in chips)
Seat 5: Ale4o ($138.76 in chips)
Ale4o: posts small blind $1
partyalex92: posts big blind $3
*** HOLE CARDS ***
Ale4o: raises $3 to $6
partyalex92: calls $3
*** FLOP *** [8c Tc 3s]
partyalex92: checks
Ale4o: bets $3
partyalex92: calls $3
*** TURN *** [8c Tc 3s] [9h]
partyalex92: checks
Ale4o: bets $6
partyalex92: folds
Uncalled bet ($6) returned to Ale4o
Ale4o collected $17.64 from pot
Ale4o: doesn't show hand
*** SUMMARY ***
Total pot $18 | Rake $0.36
Board [8c Tc 3s 9h]
Seat 4: partyalex92 (big blind) folded on the Turn
Seat 5: Ale4o (button) (small blind) collected ($17.64)


PokerStars Hand #154583381156:  Hold'em Limit ($3/$6 USD) - 2016/06/11 6:39:27 ET
Table 'Diomedes' 10-max Seat #4 is the button
Seat 4: partyalex92 ($122.28 in chips)
Seat 5: Ale4o ($114.40 in chips)
partyalex92: posts small blind $1
Ale4o: posts big blind $3
*** HOLE CARDS ***
partyalex92: folds
Uncalled bet ($2) returned to Ale4o
Ale4o collected $2 from pot
Ale4o: doesn't show hand
*** SUMMARY ***
Total pot $2 | Rake $0
Seat 4: partyalex92 (button) (small blind) folded before Flop
Seat 5: Ale4o (big blind) collected ($2)


PokerStars Hand #154583367022:  Hold'em Limit ($3/$6 USD) - 2016/06/11 6:38:56 ET
Table 'Diomedes' 10-max Seat #5 is the button
Seat 4: partyalex92 ($101.78 in chips)
Seat 5: Ale4o ($135.40 in chips)
Ale4o: posts small blind $1
partyalex92: posts big blind $3
*** HOLE CARDS ***
Ale4o: raises $3 to $6
partyalex92: calls $3
*** FLOP *** [8d Jh Jc]
partyalex92: checks
Ale4o: bets $3
partyalex92: calls $3
*** TURN *** [8d Jh Jc] [Kd]
partyalex92: checks
Ale4o: bets $6
partyalex92: calls $6
*** RIVER *** [8d Jh Jc Kd] [5c]
partyalex92: checks
Ale4o: bets $6
partyalex92: raises $6 to $12
Ale4o: folds
Uncalled bet ($6) returned to partyalex92
partyalex92 collected $41.50 from pot
*** SUMMARY ***
Total pot $42 | Rake $0.50
Board [8d Jh Jc Kd 5c]
Seat 4: partyalex92 (big blind) collected ($41.50)
Seat 5: Ale4o (button) (small blind) folded on the River


PokerStars Hand #154583386661:  Hold'em Limit ($3/$6 USD) - 2016/06/11 6:39:39 ET
Table 'Diomedes' 10-max Seat #4 is the button
Seat 4: partyalex92 ($115.28 in chips)
Seat 5: Ale4o ($121.16 in chips)
partyalex92: posts small blind $1
Ale4o: posts big blind $3
*** HOLE CARDS ***
partyalex92: folds
Uncalled bet ($2) returned to Ale4o
Ale4o collected $2 from pot
Ale4o: doesn't show hand
*** SUMMARY ***
Total pot $2 | Rake $0
Seat 4: partyalex92 (button) (small blind) folded before Flop
Seat 5: Ale4o (big blind) collected ($2)


PokerStars Hand #154583354545:  Hold'em Limit ($3/$6 USD) - 2016/06/11 6:38:28 ET
Table 'Diomedes' 10-max Seat #4 is the button
Seat 4: partyalex92 ($90.26 in chips)
Seat 5: Ale4o ($147.40 in chips)
partyalex92: posts small blind $1
Ale4o: posts big blind $3
*** HOLE CARDS ***
partyalex92: calls $2
Ale4o: checks
*** FLOP *** [5c 5s 2c]
Ale4o: checks
partyalex92: bets $3
Ale4o: calls $3
*** TURN *** [5c 5s 2c] [Js]
Ale4o: checks
partyalex92: checks
*** RIVER *** [5c 5s 2c Js] [2s]
Ale4o: bets $6
partyalex92: calls $6
*** SHOW DOWN ***
Ale4o: shows [7d 6h] (two pair, Fives and Deuces)
partyalex92: shows [Kc Qc] (two pair, Fives and Deuces - King kicker)
partyalex92 collected $23.52 from pot
*** SUMMARY ***
Total pot $24 | Rake $0.48
Board [5c 5s 2c Js 2s]
Seat 4: partyalex92 (button) (small blind) showed [Kc Qc] and won ($23.52) with two pair, Fives and Deuces
Seat 5: Ale4o (big blind) showed [7d 6h] and lost with two pair, Fives and Deuces


PokerStars Hand #154583383037:  Hold'em Limit ($3/$6 USD) - 2016/06/11 6:39:31 ET
Table 'Diomedes' 10-max Seat #5 is the button
Seat 4: partyalex92 ($121.28 in chips)
Seat 5: Ale4o ($115.40 in chips)
Ale4o: posts small blind $1
partyalex92: posts big blind $3
*** HOLE CARDS ***
Ale4o: raises $3 to $6
partyalex92: calls $3
*** FLOP *** [Qc 4h Ks]
partyalex92: checks
Ale4o: bets $3
partyalex92: folds
Uncalled bet ($3) returned to Ale4o
Ale4o collected $11.76 from pot
Ale4o: doesn't show hand
*** SUMMARY ***
Total pot $12 | Rake $0.24
Board [Qc 4h Ks]
Seat 4: partyalex92 (big blind) folded on the Flop
Seat 5: Ale4o (button) (small blind) collected ($11.76)


PokerStars Hand #154583388571:  Hold'em Limit ($3/$6 USD) - 2016/06/11 6:39:43 ET
Table 'Diomedes' 10-max Seat #5 is the button
Seat 4: partyalex92 ($114.28 in chips)
Seat 5: Ale4o ($122.16 in chips)
Ale4o: posts small blind $1
partyalex92: posts big blind $3
*** HOLE CARDS ***
Ale4o: raises $3 to $6
partyalex92: calls $3
*** FLOP *** [9d Td 2s]
partyalex92: checks
Ale4o: bets $3
partyalex92: calls $3
*** TURN *** [9d Td 2s] [Jc]
partyalex92: checks
Ale4o: bets $6
partyalex92: calls $6
*** RIVER *** [9d Td 2s Jc] [Kh]
partyalex92: checks
Ale4o: checks
*** SHOW DOWN ***
partyalex92: shows [7c Jh] (a pair of Jacks)
Ale4o: shows [Jd 9h] (two pair, Jacks and Nines)
Ale4o collected $29.50 from pot
*** SUMMARY ***
Total pot $30 | Rake $0.50
Board [9d Td 2s Jc Kh]
Seat 4: partyalex92 (big blind) showed [7c Jh] and lost with a pair of Jacks
Seat 5: Ale4o (button) (small blind) showed [Jd 9h] and won ($29.50) with two pair, Jacks and Nines


PokerStars Hand #154583395696:  Hold'em Limit ($3/$6 USD) - 2016/06/11 6:39:59 ET
Table 'Diomedes' 10-max Seat #4 is the button
Seat 4: partyalex92 ($99.28 in chips)
Seat 5: Ale4o ($136.66 in chips)
partyalex92: posts small blind $1
Ale4o: posts big blind $3
*** HOLE CARDS ***
partyalex92: raises $3 to $6
Ale4o: folds
Uncalled bet ($3) returned to partyalex92
partyalex92 collected $6 from pot
*** SUMMARY ***
Total pot $6 | Rake $0
Seat 4: partyalex92 (button) (small blind) collected ($6)
Seat 5: Ale4o (big blind) folded before Flop


PokerStars Hand #154583415917:  Hold'em Limit ($3/$6 USD) - 2016/06/11 6:40:45 ET
Table 'Diomedes' 10-max Seat #4 is the button
Seat 4: partyalex92 ($98.04 in chips)
Seat 5: Ale4o ($137.30 in chips)
partyalex92: posts small blind $1
Ale4o: posts big blind $3
*** HOLE CARDS ***
partyalex92: folds
Uncalled bet ($2) returned to Ale4o
Ale4o collected $2 from pot
Ale4o: doesn't show hand
*** SUMMARY ***
Total pot $2 | Rake $0
Seat 4: partyalex92 (button) (small blind) folded before Flop
Seat 5: Ale4o (big blind) collected ($2)


PokerStars Hand #154583409873:  Hold'em Limit ($3/$6 USD) - 2016/06/11 6:40:31 ET
Table 'Diomedes' 10-max Seat #5 is the button
Seat 4: partyalex92 ($92.28 in chips)
Seat 5: Ale4o ($143.30 in chips)
Ale4o: posts small blind $1
partyalex92: posts big blind $3
*** HOLE CARDS ***
Ale4o: raises $3 to $6
partyalex92: calls $3
*** FLOP *** [Ks 4c Kh]
partyalex92: checks
Ale4o: checks
*** TURN *** [Ks 4c Kh] [Kd]
partyalex92: checks
Ale4o: checks
*** RIVER *** [Ks 4c Kh Kd] [5h]
partyalex92: bets $6
Ale4o: folds
Uncalled bet ($6) returned to partyalex92
partyalex92 collected $11.76 from pot
*** SUMMARY ***
Total pot $12 | Rake $0.24
Board [Ks 4c Kh Kd 5h]
Seat 4: partyalex92 (big blind) collected ($11.76)
Seat 5: Ale4o (button) (small blind) folded on the River


PokerStars Hand #154583407009:  Hold'em Limit ($3/$6 USD) - 2016/06/11 6:40:25 ET
Table 'Diomedes' 10-max Seat #4 is the button
Seat 4: partyalex92 ($93.28 in chips)
Seat 5: Ale4o ($142.30 in chips)
partyalex92: posts small blind $1
Ale4o: posts big blind $3
*** HOLE CARDS ***
partyalex92: folds
Uncalled bet ($2) returned to Ale4o
Ale4o collected $2 from pot
Ale4o: doesn't show hand
*** SUMMARY ***
Total pot $2 | Rake $0
Seat 4: partyalex92 (button) (small blind) folded before Flop
Seat 5: Ale4o (big blind) collected ($2)


PokerStars Hand #154583399804:  Hold'em Limit ($3/$6 USD) - 2016/06/11 6:40:09 ET
Table 'Diomedes' 10-max Seat #5 is the button
Seat 4: partyalex92 ($102.28 in chips)
Seat 5: Ale4o ($133.66 in chips)
Ale4o: posts small blind $1
partyalex92: posts big blind $3
*** HOLE CARDS ***
Ale4o: raises $3 to $6
partyalex92: calls $3
*** FLOP *** [9s Ad Ts]
partyalex92: checks
Ale4o: bets $3
partyalex92: calls $3
*** TURN *** [9s Ad Ts] [2h]
partyalex92: checks
Ale4o: checks
*** RIVER *** [9s Ad Ts 2h] [3d]
partyalex92: checks
Ale4o: checks
*** SHOW DOWN ***
partyalex92: shows [8c 6s] (high card Ace)
Ale4o: shows [Qc 8h] (high card Ace - Queen kicker)
Ale4o collected $17.64 from pot
*** SUMMARY ***
Total pot $18 | Rake $0.36
Board [9s Ad Ts 2h 3d]
Seat 4: partyalex92 (big blind) showed [8c 6s] and lost with high card Ace
Seat 5: Ale4o (button) (small blind) showed [Qc 8h] and won ($17.64) with high card Ace


PokerStars Hand #154583433738:  Hold'em Limit ($3/$6 USD) - 2016/06/11 6:41:25 ET
Table 'Diomedes' 10-max Seat #4 is the button
Seat 4: partyalex92 ($88.54 in chips)
Seat 5: Ale4o ($145.80 in chips)
partyalex92: posts small blind $1
Ale4o: posts big blind $3
*** HOLE CARDS ***
partyalex92: folds
Uncalled bet ($2) returned to Ale4o
Ale4o collected $2 from pot
Ale4o: doesn't show hand
*** SUMMARY ***
Total pot $2 | Rake $0
Seat 4: partyalex92 (button) (small blind) folded before Flop
Seat 5: Ale4o (big blind) collected ($2)


PokerStars Hand #154583427988:  Hold'em Limit ($3/$6 USD) - 2016/06/11 6:41:12 ET
Table 'Diomedes' 10-max Seat #5 is the button
Seat 4: partyalex92 ($74.04 in chips)
Seat 5: Ale4o ($160.80 in chips)
Ale4o: posts small blind $1
partyalex92: posts big blind $3
*** HOLE CARDS ***
Ale4o: raises $3 to $6
partyalex92: calls $3
*** FLOP *** [Td Jc 9h]
partyalex92: bets $3
Ale4o: calls $3
*** TURN *** [Td Jc 9h] [Ts]
partyalex92: bets $6
Ale4o: calls $6
*** RIVER *** [Td Jc 9h Ts] [6c]
partyalex92: bets $6
Ale4o: folds
Uncalled bet ($6) returned to partyalex92
partyalex92 collected $29.50 from pot
*** SUMMARY ***
Total pot $30 | Rake $0.50
Board [Td Jc 9h Ts 6c]
Seat 4: partyalex92 (big blind) collected ($29.50)
Seat 5: Ale4o (button) (small blind) folded on the River


PokerStars Hand #154583435941:  Hold'em Limit ($3/$6 USD) - 2016/06/11 6:41:30 ET
Table 'Diomedes' 10-max Seat #5 is the button
Seat 4: partyalex92 ($87.54 in chips)
Seat 5: Ale4o ($146.80 in chips)
Ale4o: posts small blind $1
partyalex92: posts big blind $3
*** HOLE CARDS ***
Ale4o: raises $3 to $6
partyalex92: calls $3
*** FLOP *** [Kh 7c Ks]
partyalex92: checks
Ale4o: bets $3
partyalex92: calls $3
*** TURN *** [Kh 7c Ks] [Jh]
partyalex92: checks
Ale4o: bets $6
partyalex92: raises $6 to $12
Ale4o: calls $6
*** RIVER *** [Kh 7c Ks Jh] [Tc]
partyalex92: bets $6
Ale4o: folds
Uncalled bet ($6) returned to partyalex92
partyalex92 collected $41.50 from pot
*** SUMMARY ***
Total pot $42 | Rake $0.50
Board [Kh 7c Ks Jh Tc]
Seat 4: partyalex92 (big blind) collected ($41.50)
Seat 5: Ale4o (button) (small blind) folded on the River


PokerStars Hand #154583419867:  Hold'em Limit ($3/$6 USD) - 2016/06/11 6:40:54 ET
Table 'Diomedes' 10-max Seat #4 is the button
Seat 4: partyalex92 ($98.04 in chips)
Seat 5: Ale4o ($137.30 in chips)
partyalex92: posts small blind $1
Ale4o: posts big blind $3
*** HOLE CARDS ***
partyalex92: raises $3 to $6
Ale4o: raises $3 to $9
partyalex92: calls $3
*** FLOP *** [6s 5h 4d]
Ale4o: bets $3
partyalex92: calls $3
*** TURN *** [6s 5h 4d] [Jd]
Ale4o: bets $6
partyalex92: calls $6
*** RIVER *** [6s 5h 4d Jd] [9c]
Ale4o: bets $6
partyalex92: calls $6
*** SHOW DOWN ***
Ale4o: shows [Qd Qh] (a pair of Queens)
partyalex92: mucks hand
Ale4o collected $47.50 from pot
*** SUMMARY ***
Total pot $48 | Rake $0.50
Board [6s 5h 4d Jd 9c]
Seat 4: partyalex92 (button) (small blind) mucked
Seat 5: Ale4o (big blind) showed [Qd Qh] and won ($47.50) with a pair of Queens


PokerStars Hand #154583457717:  Hold'em Limit ($3/$6 USD) - 2016/06/11 6:42:19 ET
Table 'Diomedes' 10-max Seat #4 is the button
Seat 4: partyalex92 ($100.04 in chips)
Seat 5: Ale4o ($133.32 in chips)
partyalex92: posts small blind $1
Ale4o: posts big blind $3
*** HOLE CARDS ***
partyalex92: calls $2
Ale4o: checks
*** FLOP *** [6c 5d 7h]
Ale4o: checks
partyalex92: bets $3
Ale4o: calls $3
*** TURN *** [6c 5d 7h] [6h]
Ale4o: checks
partyalex92: bets $6
Ale4o: calls $6
*** RIVER *** [6c 5d 7h 6h] [Kc]
Ale4o: checks
partyalex92: checks
*** SHOW DOWN ***
Ale4o: shows [8c Jh] (a pair of Sixes)
partyalex92: shows [4s 5h] (two pair, Sixes and Fives)
partyalex92 collected $23.52 from pot
*** SUMMARY ***
Total pot $24 | Rake $0.48
Board [6c 5d 7h 6h Kc]
Seat 4: partyalex92 (button) (small blind) showed [4s 5h] and won ($23.52) with two pair, Sixes and Fives
Seat 5: Ale4o (big blind) showed [8c Jh] and lost with a pair of Sixes


PokerStars Hand #154583450871:  Hold'em Limit ($3/$6 USD) - 2016/06/11 6:42:04 ET
Table 'Diomedes' 10-max Seat #4 is the button
Seat 4: partyalex92 ($105.04 in chips)
Seat 5: Ale4o ($128.56 in chips)
partyalex92: posts small blind $1
Ale4o: posts big blind $3
*** HOLE CARDS ***
partyalex92: raises $3 to $6
Ale4o: calls $3
*** FLOP *** [Jd Jc 4h]
Ale4o: checks
partyalex92: checks
*** TURN *** [Jd Jc 4h] [5h]
Ale4o: bets $6
partyalex92: folds
Uncalled bet ($6) returned to Ale4o
Ale4o collected $11.76 from pot
Ale4o: doesn't show hand
*** SUMMARY ***
Total pot $12 | Rake $0.24
Board [Jd Jc 4h 5h]
Seat 4: partyalex92 (button) (small blind) folded on the Turn
Seat 5: Ale4o (big blind) collected ($11.76)


PokerStars Hand #154583446334:  Hold'em Limit ($3/$6 USD) - 2016/06/11 6:41:53 ET
Table 'Diomedes' 10-max Seat #5 is the button
Seat 4: partyalex92 ($111.04 in chips)
Seat 5: Ale4o ($122.80 in chips)
Ale4o: posts small blind $1
partyalex92: posts big blind $3
*** HOLE CARDS ***
Ale4o: raises $3 to $6
partyalex92: calls $3
*** FLOP *** [Jc Jd Ah]
partyalex92: checks
Ale4o: bets $3
partyalex92: folds
Uncalled bet ($3) returned to Ale4o
Ale4o collected $11.76 from pot
Ale4o: doesn't show hand
*** SUMMARY ***
Total pot $12 | Rake $0.24
Board [Jc Jd Ah]
Seat 4: partyalex92 (big blind) folded on the Flop
Seat 5: Ale4o (button) (small blind) collected ($11.76)


PokerStars Hand #154583444102:  Hold'em Limit ($3/$6 USD) - 2016/06/11 6:41:48 ET
Table 'Diomedes' 10-max Seat #4 is the button
Seat 4: partyalex92 ($108.04 in chips)
Seat 5: Ale4o ($125.80 in chips)
partyalex92: posts small blind $1
Ale4o: posts big blind $3
*** HOLE CARDS ***
partyalex92: raises $3 to $6
Ale4o: folds
Uncalled bet ($3) returned to partyalex92
partyalex92 collected $6 from pot
*** SUMMARY ***
Total pot $6 | Rake $0
Seat 4: partyalex92 (button) (small blind) collected ($6)
Seat 5: Ale4o (big blind) folded before Flop


PokerStars Hand #154583470431:  Hold'em Limit ($3/$6 USD) - 2016/06/11 6:42:48 ET
Table 'Diomedes' 10-max Seat #5 is the button
Seat 4: partyalex92 ($111.56 in chips)
Seat 5: Ale4o ($121.32 in chips)
Ale4o: posts small blind $1
partyalex92: posts big blind $3
*** HOLE CARDS ***
Ale4o: raises $3 to $6
partyalex92: calls $3
*** FLOP *** [Ad 8c Qc]
partyalex92: checks
Ale4o: bets $3
partyalex92: calls $3
*** TURN *** [Ad 8c Qc] [2c]
partyalex92: checks
Ale4o: checks
*** RIVER *** [Ad 8c Qc 2c] [4d]
partyalex92: bets $6
Ale4o: folds
Uncalled bet ($6) returned to partyalex92
partyalex92 collected $17.64 from pot
*** SUMMARY ***
Total pot $18 | Rake $0.36
Board [Ad 8c Qc 2c 4d]
Seat 4: partyalex92 (big blind) collected ($17.64)
Seat 5: Ale4o (button) (small blind) folded on the River


PokerStars Hand #154583480115:  Hold'em Limit ($3/$6 USD) - 2016/06/11 6:43:09 ET
Table 'Diomedes' 10-max Seat #4 is the button
Seat 4: partyalex92 ($120.20 in chips)
Seat 5: Ale4o ($112.32 in chips)
partyalex92: posts small blind $1
Ale4o: posts big blind $3
*** HOLE CARDS ***
partyalex92: calls $2
Ale4o: raises $3 to $6
partyalex92: calls $3
*** FLOP *** [9c 5h 8d]
Ale4o: bets $3
partyalex92: calls $3
*** TURN *** [9c 5h 8d] [Kc]
Ale4o: bets $6
partyalex92: calls $6
*** RIVER *** [9c 5h 8d Kc] [4d]
Ale4o: checks
partyalex92: checks
*** SHOW DOWN ***
Ale4o: shows [9h Ac] (a pair of Nines)
partyalex92: mucks hand
Ale4o collected $29.50 from pot
*** SUMMARY ***
Total pot $30 | Rake $0.50
Board [9c 5h 8d Kc 4d]
Seat 4: partyalex92 (button) (small blind) mucked
Seat 5: Ale4o (big blind) showed [9h Ac] and won ($29.50) with a pair of Nines


PokerStars Hand #154583496279:  Hold'em Limit ($3/$6 USD) - 2016/06/11 6:43:45 ET
Table 'Diomedes' 10-max Seat #5 is the button
Seat 4: partyalex92 ($105.20 in chips)
Seat 5: Ale4o ($126.82 in chips)
Ale4o: posts small blind $1
partyalex92: posts big blind $3
*** HOLE CARDS ***
Ale4o: raises $3 to $6
partyalex92: folds
Uncalled bet ($3) returned to Ale4o
Ale4o collected $6 from pot
Ale4o: doesn't show hand
*** SUMMARY ***
Total pot $6 | Rake $0
Seat 4: partyalex92 (big blind) folded before Flop
Seat 5: Ale4o (button) (small blind) collected ($6)


PokerStars Hand #154583494280:  Hold'em Limit ($3/$6 USD) - 2016/06/11 6:43:40 ET
Table 'Diomedes' 10-max Seat #4 is the button
Seat 4: partyalex92 ($106.20 in chips)
Seat 5: Ale4o ($125.82 in chips)
partyalex92: posts small blind $1
Ale4o: posts big blind $3
*** HOLE CARDS ***
partyalex92: folds
Uncalled bet ($2) returned to Ale4o
Ale4o collected $2 from pot
Ale4o: doesn't show hand
*** SUMMARY ***
Total pot $2 | Rake $0
Seat 4: partyalex92 (button) (small blind) folded before Flop
Seat 5: Ale4o (big blind) collected ($2)


PokerStars Hand #154583500379:  Hold'em Limit ($3/$6 USD) - 2016/06/11 6:43:54 ET
Table 'Diomedes' 10-max Seat #5 is the button
Seat 4: partyalex92 ($101.20 in chips)
Seat 5: Ale4o ($130.82 in chips)
Ale4o: posts small blind $1
partyalex92: posts big blind $3
*** HOLE CARDS ***
Ale4o: raises $3 to $6
partyalex92: calls $3
*** FLOP *** [Th 7c Ac]
partyalex92: checks
Ale4o: bets $3
partyalex92: folds
Uncalled bet ($3) returned to Ale4o
Ale4o collected $11.76 from pot
Ale4o: doesn't show hand
*** SUMMARY ***
Total pot $12 | Rake $0.24
Board [Th 7c Ac]
Seat 4: partyalex92 (big blind) folded on the Flop
Seat 5: Ale4o (button) (small blind) collected ($11.76)


PokerStars Hand #154583510196:  Hold'em Limit ($3/$6 USD) - 2016/06/11 6:44:15 ET
Table 'Diomedes' 10-max Seat #5 is the button
Seat 4: partyalex92 ($94.20 in chips)
Seat 5: Ale4o ($137.58 in chips)
Ale4o: posts small blind $1
partyalex92: posts big blind $3
*** HOLE CARDS ***
Ale4o: raises $3 to $6
partyalex92: calls $3
*** FLOP *** [4d Kc 5s]
partyalex92: bets $3
Ale4o: raises $3 to $6
partyalex92: calls $3
*** TURN *** [4d Kc 5s] [4s]
partyalex92: checks
Ale4o: checks
*** RIVER *** [4d Kc 5s 4s] [9h]
partyalex92: bets $6
Ale4o: calls $6
*** SHOW DOWN ***
partyalex92: shows [Td 4h] (three of a kind, Fours)
Ale4o: mucks hand
partyalex92 collected $35.50 from pot
*** SUMMARY ***
Total pot $36 | Rake $0.50
Board [4d Kc 5s 4s 9h]
Seat 4: partyalex92 (big blind) showed [Td 4h] and won ($35.50) with three of a kind, Fours
Seat 5: Ale4o (button) (small blind) mucked


PokerStars Hand #154583541499:  Hold'em Limit ($3/$6 USD) - 2016/06/11 6:45:26 ET
Table 'Diomedes' 10-max Seat #4 is the button
Seat 4: partyalex92 ($138.62 in chips)
Seat 5: Ale4o ($91.58 in chips)
partyalex92: posts small blind $1
Ale4o: posts big blind $3
*** HOLE CARDS ***
partyalex92: raises $3 to $6
Ale4o: calls $3
*** FLOP *** [7s 9s 9d]
Ale4o: checks
partyalex92: bets $3
Ale4o: calls $3
*** TURN *** [7s 9s 9d] [Tc]
Ale4o: checks
partyalex92: bets $6
Ale4o: raises $6 to $12
partyalex92: calls $6
*** RIVER *** [7s 9s 9d Tc] [7c]
xcgxcg2005 joins the table at seat #6
Ale4o: bets $6
partyalex92: folds
Uncalled bet ($6) returned to Ale4o
Ale4o collected $41.50 from pot
Ale4o: doesn't show hand
*** SUMMARY ***
Total pot $42 | Rake $0.50
Board [7s 9s 9d Tc 7c]
Seat 4: partyalex92 (button) (small blind) folded on the River
Seat 5: Ale4o (big blind) collected ($41.50)


PokerStars Hand #154583530330:  Hold'em Limit ($3/$6 USD) - 2016/06/11 6:45:01 ET
Table 'Diomedes' 10-max Seat #5 is the button
Seat 4: partyalex92 ($120.34 in chips)
Seat 5: Ale4o ($110.58 in chips)
Ale4o: posts small blind $1
partyalex92: posts big blind $3
*** HOLE CARDS ***
Ale4o: raises $3 to $6
partyalex92: calls $3
*** FLOP *** [As 2h Jd]
partyalex92: bets $3
Ale4o: folds
Uncalled bet ($3) returned to partyalex92
partyalex92 collected $11.76 from pot
*** SUMMARY ***
Total pot $12 | Rake $0.24
Board [As 2h Jd]
Seat 4: partyalex92 (big blind) collected ($11.76)
Seat 5: Ale4o (button) (small blind) folded on the Flop


PokerStars Hand #154583534054:  Hold'em Limit ($3/$6 USD) - 2016/06/11 6:45:09 ET
Table 'Diomedes' 10-max Seat #4 is the button
Seat 4: partyalex92 ($126.10 in chips)
Seat 5: Ale4o ($104.58 in chips)
partyalex92: posts small blind $1
Ale4o: posts big blind $3
*** HOLE CARDS ***
partyalex92: raises $3 to $6
Ale4o: raises $3 to $9
partyalex92: calls $3
*** FLOP *** [Qs 5h 9d]
Ale4o: bets $3
partyalex92: calls $3
*** TURN *** [Qs 5h 9d] [8d]
Ale4o: checks
partyalex92: bets $6
Ale4o: folds
Uncalled bet ($6) returned to partyalex92
partyalex92 collected $23.52 from pot
*** SUMMARY ***
Total pot $24 | Rake $0.48
Board [Qs 5h 9d 8d]
Seat 4: partyalex92 (button) (small blind) collected ($23.52)
Seat 5: Ale4o (big blind) folded on the Turn


PokerStars Hand #154583523663:  Hold'em Limit ($3/$6 USD) - 2016/06/11 6:44:46 ET
Table 'Diomedes' 10-max Seat #4 is the button
Seat 4: partyalex92 ($111.70 in chips)
Seat 5: Ale4o ($119.58 in chips)
partyalex92: posts small blind $1
Ale4o: posts big blind $3
*** HOLE CARDS ***
partyalex92: raises $3 to $6
Ale4o: calls $3
*** FLOP *** [2s 4h Kh]
Ale4o: checks
partyalex92: bets $3
Ale4o: calls $3
*** TURN *** [2s 4h Kh] [Ad]
Ale4o: checks
partyalex92: checks
*** RIVER *** [2s 4h Kh Ad] [8s]
Ale4o: checks
partyalex92: bets $6
Ale4o: folds
Uncalled bet ($6) returned to partyalex92
partyalex92 collected $17.64 from pot
*** SUMMARY ***
Total pot $18 | Rake $0.36
Board [2s 4h Kh Ad 8s]
Seat 4: partyalex92 (button) (small blind) collected ($17.64)
Seat 5: Ale4o (big blind) folded on the River


