PokerStars Hand #163639706551:  Hold'em Limit ($3/$6 USD) - 2016/12/27 21:22:40 ET
Table 'Dione' 6-max Seat #4 is the button
Seat 1: aless284 ($73.92 in chips)
Seat 4: Mr. X1825 ($121.61 in chips)
StormToTo will be allowed to play after the button
Mr. X1825: posts small blind $1
aless284: posts big blind $3
*** HOLE CARDS ***
AzureCaper joins the table at seat #5
Mr. X1825: calls $2
aless284: raises $3 to $6
Mr. X1825: calls $3
*** FLOP *** [2d 9h Jh]
aless284: bets $3
Mr. X1825: calls $3
*** TURN *** [2d 9h Jh] [5h]
aless284: bets $6
Mr. X1825: raises $6 to $12
aless284: calls $6
*** RIVER *** [2d 9h Jh 5h] [Jc]
aless284: checks
Mr. X1825: bets $6
aless284: calls $6
*** SHOW DOWN ***
Mr. X1825: shows [8h 4h] (a flush, Jack high)
aless284: mucks hand
Mr. X1825 collected $53.50 from pot
*** SUMMARY ***
Total pot $54 | Rake $0.50
Board [2d 9h Jh 5h Jc]
Seat 1: aless284 (big blind) mucked
Seat 4: Mr. X1825 (button) (small blind) showed [8h 4h] and won ($53.50) with a flush, Jack high


PokerStars Hand #163640277095:  Hold'em Limit ($3/$6 USD) - 2016/12/27 21:41:48 ET
Table 'Dione' 6-max Seat #3 is the button
Seat 2: Sebra ($43.25 in chips)
Seat 3: StormToTo ($130.15 in chips)
StormToTo: posts small blind $1
AzureCaper: is sitting out
kpark0418: is sitting out
Sebra: posts big blind $3
*** HOLE CARDS ***
StormToTo: folds
Uncalled bet ($2) returned to Sebra
Sebra collected $2 from pot
Sebra: doesn't show hand
*** SUMMARY ***
Total pot $2 | Rake $0
Seat 2: Sebra (big blind) collected ($2)
Seat 3: StormToTo (button) (small blind) folded before Flop


