PokerStars Hand #146876736138:  Hold'em Limit ($3/$6 USD) - 2016/01/11 16:07:33 ET
Table 'Dione II' 6-max Seat #4 is the button
Seat 1: covasa andre ($36.66 in chips)
Seat 4: SashaYuvelir ($123.22 in chips)
SashaYuvelir: posts small blind $1
covasa andre: posts big blind $3
*** HOLE CARDS ***
SashaYuvelir: raises $3 to $6
covasa andre: calls $3
*** FLOP *** [5d 4h 5h]
covasa andre: checks
SashaYuvelir: bets $3
covasa andre: calls $3
*** TURN *** [5d 4h 5h] [5s]
covasa andre: checks
SashaYuvelir: bets $6
Mullern joins the table at seat #3
covasa andre: raises $6 to $12
SashaYuvelir: calls $6
*** RIVER *** [5d 4h 5h 5s] [Ad]
covasa andre: bets $6
SashaYuvelir: calls $6
*** SHOW DOWN ***
covasa andre: shows [4s 6d] (a full house, Fives full of Fours)
SashaYuvelir: mucks hand
covasa andre collected $53.50 from pot
*** SUMMARY ***
Total pot $54 | Rake $0.50
Board [5d 4h 5h 5s Ad]
Seat 1: covasa andre (big blind) showed [4s 6d] and won ($53.50) with a full house, Fives full of Fours
Seat 4: SashaYuvelir (button) (small blind) mucked


PokerStars Hand #146877540301:  Hold'em Limit ($3/$6 USD) - 2016/01/11 16:19:56 ET
Table 'Dione II' 6-max Seat #6 is the button
Seat 3: Mullern ($135.88 in chips)
Seat 6: Necromadx ($140.78 in chips)
Necromadx: posts small blind $1
Mullern: posts big blind $3
*** HOLE CARDS ***
Necromadx: raises $3 to $6
Mullern: folds
Uncalled bet ($3) returned to Necromadx
Necromadx collected $6 from pot
Necromadx: doesn't show hand
*** SUMMARY ***
Total pot $6 | Rake $0
Seat 3: Mullern (big blind) folded before Flop
Seat 6: Necromadx (button) (small blind) collected ($6)


PokerStars Hand #146877535163:  Hold'em Limit ($3/$6 USD) - 2016/01/11 16:19:52 ET
Table 'Dione II' 6-max Seat #3 is the button
Seat 3: Mullern ($136.88 in chips)
Seat 6: Necromadx ($139.78 in chips)
Mullern: posts small blind $1
LWNS: is sitting out
Necromadx: posts big blind $3
*** HOLE CARDS ***
Mullern: folds
Uncalled bet ($2) returned to Necromadx
Necromadx collected $2 from pot
Necromadx: doesn't show hand
*** SUMMARY ***
Total pot $2 | Rake $0
Seat 3: Mullern (button) (small blind) folded before Flop
Seat 6: Necromadx (big blind) collected ($2)


PokerStars Hand #146877548955:  Hold'em Limit ($3/$6 USD) - 2016/01/11 16:20:04 ET
Table 'Dione II' 6-max Seat #6 is the button
Seat 3: Mullern ($131.88 in chips)
Seat 6: Necromadx ($144.78 in chips)
Necromadx: posts small blind $1
Mullern: posts big blind $3
*** HOLE CARDS ***
Necromadx: raises $3 to $6
Mullern: calls $3
*** FLOP *** [Kd 8s 6d]
LWNS leaves the table
Mullern: checks
Necromadx: bets $3
Mullern: folds
Uncalled bet ($3) returned to Necromadx
FinDeSiecle joins the table at seat #4
Necromadx collected $11.76 from pot
Necromadx: doesn't show hand
*** SUMMARY ***
Total pot $12 | Rake $0.24
Board [Kd 8s 6d]
Seat 3: Mullern (big blind) folded on the Flop
Seat 6: Necromadx (button) (small blind) collected ($11.76)


PokerStars Hand #146877544629:  Hold'em Limit ($3/$6 USD) - 2016/01/11 16:20:00 ET
Table 'Dione II' 6-max Seat #3 is the button
Seat 3: Mullern ($132.88 in chips)
Seat 6: Necromadx ($143.78 in chips)
Mullern: posts small blind $1
Necromadx: posts big blind $3
*** HOLE CARDS ***
Mullern: folds
Uncalled bet ($2) returned to Necromadx
Necromadx collected $2 from pot
Necromadx: doesn't show hand
*** SUMMARY ***
Total pot $2 | Rake $0
Seat 3: Mullern (button) (small blind) folded before Flop
Seat 6: Necromadx (big blind) collected ($2)


PokerStars Hand #146877565466:  Hold'em Limit ($3/$6 USD) - 2016/01/11 16:20:20 ET
Table 'Dione II' 6-max Seat #4 is the button
Seat 3: Mullern ($128.88 in chips)
Seat 4: FinDeSiecle ($117 in chips)
FinDeSiecle: posts small blind $1
Necromadx: is sitting out
Mullern: posts big blind $3
*** HOLE CARDS ***
FinDeSiecle: folds
Uncalled bet ($2) returned to Mullern
Mullern collected $2 from pot
Mullern: doesn't show hand
*** SUMMARY ***
Total pot $2 | Rake $0
Seat 3: Mullern (big blind) collected ($2)
Seat 4: FinDeSiecle (button) (small blind) folded before Flop


PokerStars Hand #146877571325:  Hold'em Limit ($3/$6 USD) - 2016/01/11 16:20:25 ET
Table 'Dione II' 6-max Seat #3 is the button
Seat 3: Mullern ($129.88 in chips)
Seat 4: FinDeSiecle ($116 in chips)
Mullern: posts small blind $1
FinDeSiecle: posts big blind $3
*** HOLE CARDS ***
Mullern: raises $3 to $6
FinDeSiecle: raises $3 to $9
Mullern: calls $3
*** FLOP *** [9d 6s 3s]
FinDeSiecle: bets $3
Mullern: calls $3
*** TURN *** [9d 6s 3s] [Qd]
FinDeSiecle: bets $6
Mullern: calls $6
*** RIVER *** [9d 6s 3s Qd] [4d]
Necromadx leaves the table
FinDeSiecle: checks
Mullern: bets $6
FinDeSiecle: folds
Uncalled bet ($6) returned to Mullern
Mullern collected $35.50 from pot
*** SUMMARY ***
Total pot $36 | Rake $0.50
Board [9d 6s 3s Qd 4d]
Seat 3: Mullern (button) (small blind) collected ($35.50)
Seat 4: FinDeSiecle (big blind) folded on the River


PokerStars Hand #146877593814:  Hold'em Limit ($3/$6 USD) - 2016/01/11 16:20:46 ET
Table 'Dione II' 6-max Seat #4 is the button
Seat 3: Mullern ($147.38 in chips)
Seat 4: FinDeSiecle ($98 in chips)
FinDeSiecle: posts small blind $1
Mullern: posts big blind $3
*** HOLE CARDS ***
FinDeSiecle: raises $3 to $6
Mullern: calls $3
*** FLOP *** [3d Qc As]
Mullern: checks
FinDeSiecle: bets $3
Mullern: raises $3 to $6
FinDeSiecle: folds
Uncalled bet ($3) returned to Mullern
Mullern collected $17.64 from pot
Mullern: doesn't show hand
*** SUMMARY ***
Total pot $18 | Rake $0.36
Board [3d Qc As]
Seat 3: Mullern (big blind) collected ($17.64)
Seat 4: FinDeSiecle (button) (small blind) folded on the Flop


PokerStars Hand #146877611113:  Hold'em Limit ($3/$6 USD) - 2016/01/11 16:21:02 ET
Table 'Dione II' 6-max Seat #3 is the button
Seat 3: Mullern ($156.02 in chips)
Seat 4: FinDeSiecle ($89 in chips)
Mullern: posts small blind $1
FinDeSiecle: posts big blind $3
*** HOLE CARDS ***
Mullern: raises $3 to $6
FinDeSiecle: raises $3 to $9
Mullern: calls $3
*** FLOP *** [8c 3h Qd]
FinDeSiecle: bets $3
Mullern: folds
Uncalled bet ($3) returned to FinDeSiecle
FinDeSiecle collected $17.64 from pot
FinDeSiecle: doesn't show hand
*** SUMMARY ***
Total pot $18 | Rake $0.36
Board [8c 3h Qd]
Seat 3: Mullern (button) (small blind) folded on the Flop
Seat 4: FinDeSiecle (big blind) collected ($17.64)


PokerStars Hand #146877641359:  Hold'em Limit ($3/$6 USD) - 2016/01/11 16:21:30 ET
Table 'Dione II' 6-max Seat #3 is the button
Seat 3: Mullern ($152.02 in chips)
Seat 4: FinDeSiecle ($92.64 in chips)
Mullern: posts small blind $1
FinDeSiecle: posts big blind $3
*** HOLE CARDS ***
Mullern: raises $3 to $6
FinDeSiecle: calls $3
*** FLOP *** [4d 2d 7d]
FinDeSiecle: checks
Mullern: bets $3
FinDeSiecle: raises $3 to $6
Mullern: calls $3
*** TURN *** [4d 2d 7d] [Js]
Gildenkölsch joins the table at seat #2
FinDeSiecle: bets $6
TinaTurner72 joins the table at seat #5
Mullern: calls $6
*** RIVER *** [4d 2d 7d Js] [Qs]
FinDeSiecle: bets $6
Mullern: calls $6
*** SHOW DOWN ***
FinDeSiecle: shows [6c 7s] (a pair of Sevens)
Mullern: mucks hand
FinDeSiecle collected $47.50 from pot
*** SUMMARY ***
Total pot $48 | Rake $0.50
Board [4d 2d 7d Js Qs]
Seat 3: Mullern (button) (small blind) mucked
Seat 4: FinDeSiecle (big blind) showed [6c 7s] and won ($47.50) with a pair of Sevens


PokerStars Hand #146877636333:  Hold'em Limit ($3/$6 USD) - 2016/01/11 16:21:25 ET
Table 'Dione II' 6-max Seat #4 is the button
Seat 3: Mullern ($151.02 in chips)
Seat 4: FinDeSiecle ($93.64 in chips)
FinDeSiecle: posts small blind $1
Mullern: posts big blind $3
*** HOLE CARDS ***
FinDeSiecle: folds
Uncalled bet ($2) returned to Mullern
Mullern collected $2 from pot
Mullern: doesn't show hand
*** SUMMARY ***
Total pot $2 | Rake $0
Seat 3: Mullern (big blind) collected ($2)
Seat 4: FinDeSiecle (button) (small blind) folded before Flop


PokerStars Hand #146877630362:  Hold'em Limit ($3/$6 USD) - 2016/01/11 16:21:20 ET
Table 'Dione II' 6-max Seat #3 is the button
Seat 3: Mullern ($148.02 in chips)
Seat 4: FinDeSiecle ($96.64 in chips)
Mullern: posts small blind $1
FinDeSiecle: posts big blind $3
*** HOLE CARDS ***
Mullern: raises $3 to $6
FinDeSiecle: folds
Uncalled bet ($3) returned to Mullern
Mullern collected $6 from pot
Mullern: doesn't show hand
*** SUMMARY ***
Total pot $6 | Rake $0
Seat 3: Mullern (button) (small blind) collected ($6)
Seat 4: FinDeSiecle (big blind) folded before Flop


PokerStars Hand #146877623955:  Hold'em Limit ($3/$6 USD) - 2016/01/11 16:21:14 ET
Table 'Dione II' 6-max Seat #4 is the button
Seat 3: Mullern ($147.02 in chips)
Seat 4: FinDeSiecle ($97.64 in chips)
FinDeSiecle: posts small blind $1
Mullern: posts big blind $3
*** HOLE CARDS ***
FinDeSiecle: folds
Uncalled bet ($2) returned to Mullern
Mullern collected $2 from pot
Mullern: doesn't show hand
*** SUMMARY ***
Total pot $2 | Rake $0
Seat 3: Mullern (big blind) collected ($2)
Seat 4: FinDeSiecle (button) (small blind) folded before Flop


