PokerStars Hand #167656612829:  Hold'em Limit ($3/$6 USD) - 2017/03/16 7:03:47 ET
Table 'Dione' 6-max Seat #5 is the button
Seat 3: 1977mbr ($9.91 in chips)
Seat 5: Ale4o ($138.74 in chips)
Actionni13 will be allowed to play after the button
Ale4o: posts small blind $1
1977mbr: posts big blind $3
*** HOLE CARDS ***
Ale4o: calls $2
1977mbr: checks
*** FLOP *** [Ah Tc Kc]
1977mbr: checks
Ale4o: checks
*** TURN *** [Ah Tc Kc] [Qd]
1977mbr: checks
Ale4o: checks
*** RIVER *** [Ah Tc Kc Qd] [3s]
1977mbr: checks
Ale4o: checks
*** SHOW DOWN ***
1977mbr: shows [6c 2d] (high card Ace)
Ale4o: mucks hand
1977mbr collected $5.88 from pot
*** SUMMARY ***
Total pot $6 | Rake $0.12
Board [Ah Tc Kc Qd 3s]
Seat 3: 1977mbr (big blind) showed [6c 2d] and won ($5.88) with high card Ace
Seat 5: Ale4o (button) (small blind) mucked


PokerStars Hand #167656676016:  Hold'em Limit ($3/$6 USD) - 2017/03/16 7:06:22 ET
Table 'Dione' 6-max Seat #4 is the button
Seat 2: sanman07 ($45.27 in chips)
Seat 4: Actionni13 ($162.93 in chips)
B_loJkl will be allowed to play after the button
Actionni13: posts small blind $1
Ale4o: is sitting out
sanman07: posts big blind $3
*** HOLE CARDS ***
Actionni13: raises $3 to $6
sanman07: calls $3
*** FLOP *** [Ks Jc 7d]
sanman07: checks
Actionni13: bets $3
sanman07: folds
Uncalled bet ($3) returned to Actionni13
Actionni13 collected $11.76 from pot
Actionni13: doesn't show hand
*** SUMMARY ***
Total pot $12 | Rake $0.24
Board [Ks Jc 7d]
Seat 2: sanman07 (big blind) folded on the Flop
Seat 4: Actionni13 (button) (small blind) collected ($11.76)


PokerStars Hand #167660922869:  Hold'em Limit ($3/$6 USD) - 2017/03/16 9:35:55 ET
Table 'Dione' 6-max Seat #6 is the button
Seat 3: Antrax288 ($116 in chips)
Seat 6: Chessnok ($104.60 in chips)
Chessnok: posts small blind $1
B_loJkl: is sitting out
Antrax288: posts big blind $3
*** HOLE CARDS ***
Chessnok: raises $3 to $6
Antrax288: calls $3
*** FLOP *** [5c 7h As]
B_loJkl leaves the table
B_loJkl joins the table at seat #4
Antrax288: checks
Chessnok: bets $3
Antrax288: folds
Uncalled bet ($3) returned to Chessnok
Chessnok collected $11.76 from pot
Chessnok: doesn't show hand
*** SUMMARY ***
Total pot $12 | Rake $0.24
Board [5c 7h As]
Seat 3: Antrax288 (big blind) folded on the Flop
Seat 6: Chessnok (button) (small blind) collected ($11.76)


PokerStars Hand #167662994214:  Hold'em Limit ($3/$6 USD) - 2017/03/16 10:38:59 ET
Table 'Dione' 6-max Seat #6 is the button
Seat 5: oliwan ($212.21 in chips)
Seat 6: Chessnok ($61 in chips)
Chessnok: posts small blind $1
boogi: is sitting out
oliwan: posts big blind $3
*** HOLE CARDS ***
boogi leaves the table
Chessnok: raises $3 to $6
oliwan: raises $3 to $9
Chessnok: calls $3
*** FLOP *** [Jd 6h 7s]
oliwan: bets $3
Chessnok: folds
Uncalled bet ($3) returned to oliwan
oliwan collected $17.64 from pot
oliwan: doesn't show hand
*** SUMMARY ***
Total pot $18 | Rake $0.36
Board [Jd 6h 7s]
Seat 5: oliwan (big blind) collected ($17.64)
Seat 6: Chessnok (button) (small blind) folded on the Flop


PokerStars Hand #167663002401:  Hold'em Limit ($3/$6 USD) - 2017/03/16 10:39:13 ET
Table 'Dione' 6-max Seat #5 is the button
Seat 5: oliwan ($220.85 in chips)
Seat 6: Chessnok ($60 in chips)
oliwan: posts small blind $1
Chessnok: posts big blind $3
*** HOLE CARDS ***
oliwan: raises $3 to $6
Chessnok: calls $3
*** FLOP *** [Kd 8c 5c]
Chessnok: checks
oliwan: bets $3
Chessnok: folds
Uncalled bet ($3) returned to oliwan
oliwan collected $11.76 from pot
oliwan: doesn't show hand
*** SUMMARY ***
Total pot $12 | Rake $0.24
Board [Kd 8c 5c]
Seat 5: oliwan (button) (small blind) collected ($11.76)
Seat 6: Chessnok (big blind) folded on the Flop


PokerStars Hand #167663014980:  Hold'em Limit ($3/$6 USD) - 2017/03/16 10:39:34 ET
Table 'Dione' 6-max Seat #5 is the button
Seat 5: oliwan ($232.37 in chips)
Seat 6: Chessnok ($60 in chips)
oliwan: posts small blind $1
Chessnok: posts big blind $3
*** HOLE CARDS ***
oliwan: raises $3 to $6
Chessnok: calls $3
*** FLOP *** [Ac 5c 6h]
Chessnok: checks
oliwan: checks
*** TURN *** [Ac 5c 6h] [Tc]
Chessnok: bets $6
oliwan: folds
Uncalled bet ($6) returned to Chessnok
Chessnok collected $11.76 from pot
Chessnok: doesn't show hand
*** SUMMARY ***
Total pot $12 | Rake $0.24
Board [Ac 5c 6h Tc]
Seat 5: oliwan (button) (small blind) folded on the Turn
Seat 6: Chessnok (big blind) collected ($11.76)


PokerStars Hand #167663021002:  Hold'em Limit ($3/$6 USD) - 2017/03/16 10:39:45 ET
Table 'Dione' 6-max Seat #6 is the button
Seat 5: oliwan ($226.37 in chips)
Seat 6: Chessnok ($65.76 in chips)
Chessnok: posts small blind $1
oliwan: posts big blind $3
*** HOLE CARDS ***
Chessnok: raises $3 to $6
oliwan: calls $3
*** FLOP *** [5h Ad 3d]
oliwan: bets $3
Chessnok: calls $3
*** TURN *** [5h Ad 3d] [7d]
oliwan: bets $6
Chessnok: calls $6
*** RIVER *** [5h Ad 3d 7d] [4d]
oliwan: bets $6
Chessnok: calls $6
*** SHOW DOWN ***
oliwan: shows [4s Kh] (a pair of Fours)
Chessnok: mucks hand
oliwan collected $41.50 from pot
*** SUMMARY ***
Total pot $42 | Rake $0.50
Board [5h Ad 3d 7d 4d]
Seat 5: oliwan (big blind) showed [4s Kh] and won ($41.50) with a pair of Fours
Seat 6: Chessnok (button) (small blind) mucked


PokerStars Hand #167663007849:  Hold'em Limit ($3/$6 USD) - 2017/03/16 10:39:22 ET
Table 'Dione' 6-max Seat #6 is the button
Seat 5: oliwan ($226.61 in chips)
Seat 6: Chessnok ($60 in chips)
Chessnok: posts small blind $1
oliwan: posts big blind $3
*** HOLE CARDS ***
Chessnok: raises $3 to $6
oliwan: calls $3
*** FLOP *** [Jd Qh 7s]
oliwan: bets $3
Chessnok: folds
Uncalled bet ($3) returned to oliwan
oliwan collected $11.76 from pot
oliwan: doesn't show hand
*** SUMMARY ***
Total pot $12 | Rake $0.24
Board [Jd Qh 7s]
Seat 5: oliwan (big blind) collected ($11.76)
Seat 6: Chessnok (button) (small blind) folded on the Flop


PokerStars Hand #167663052593:  Hold'em Limit ($3/$6 USD) - 2017/03/16 10:40:39 ET
Table 'Dione' 6-max Seat #6 is the button
Seat 5: oliwan ($254.37 in chips)
Seat 6: Chessnok ($61 in chips)
Chessnok: posts small blind $1
oliwan: posts big blind $3
*** HOLE CARDS ***
Chessnok: raises $3 to $6
oliwan: folds
Uncalled bet ($3) returned to Chessnok
Chessnok collected $6 from pot
Chessnok: doesn't show hand
*** SUMMARY ***
Total pot $6 | Rake $0
Seat 5: oliwan (big blind) folded before Flop
Seat 6: Chessnok (button) (small blind) collected ($6)


PokerStars Hand #167663055523:  Hold'em Limit ($3/$6 USD) - 2017/03/16 10:40:45 ET
Table 'Dione' 6-max Seat #5 is the button
Seat 5: oliwan ($251.37 in chips)
Seat 6: Chessnok ($64 in chips)
oliwan: posts small blind $1
Chessnok: posts big blind $3
*** HOLE CARDS ***
oliwan: raises $3 to $6
Chessnok: calls $3
*** FLOP *** [8c 5s 6c]
Chessnok: bets $3
oliwan: calls $3
*** TURN *** [8c 5s 6c] [Jc]
Chessnok: bets $6
oliwan: folds
Uncalled bet ($6) returned to Chessnok
Chessnok collected $17.64 from pot
Chessnok: doesn't show hand
*** SUMMARY ***
Total pot $18 | Rake $0.36
Board [8c 5s 6c Jc]
Seat 5: oliwan (button) (small blind) folded on the Turn
Seat 6: Chessnok (big blind) collected ($17.64)


PokerStars Hand #167663062586:  Hold'em Limit ($3/$6 USD) - 2017/03/16 10:40:57 ET
Table 'Dione' 6-max Seat #6 is the button
Seat 5: oliwan ($242.37 in chips)
Seat 6: Chessnok ($72.64 in chips)
Chessnok: posts small blind $1
oliwan: posts big blind $3
*** HOLE CARDS ***
Chessnok: raises $3 to $6
oliwan: raises $3 to $9
Chessnok: calls $3
*** FLOP *** [4c 9h Th]
oliwan: bets $3
Chessnok: folds
Uncalled bet ($3) returned to oliwan
oliwan collected $17.64 from pot
oliwan: doesn't show hand
*** SUMMARY ***
Total pot $18 | Rake $0.36
Board [4c 9h Th]
Seat 5: oliwan (big blind) collected ($17.64)
Seat 6: Chessnok (button) (small blind) folded on the Flop


PokerStars Hand #167663070828:  Hold'em Limit ($3/$6 USD) - 2017/03/16 10:41:11 ET
Table 'Dione' 6-max Seat #6 is the button
Seat 5: oliwan ($250.01 in chips)
Seat 6: Chessnok ($64.64 in chips)
Chessnok: posts small blind $1
oliwan: posts big blind $3
*** HOLE CARDS ***
Chessnok: raises $3 to $6
oliwan: folds
Uncalled bet ($3) returned to Chessnok
Chessnok collected $6 from pot
Chessnok: doesn't show hand
*** SUMMARY ***
Total pot $6 | Rake $0
Seat 5: oliwan (big blind) folded before Flop
Seat 6: Chessnok (button) (small blind) collected ($6)


PokerStars Hand #167663068172:  Hold'em Limit ($3/$6 USD) - 2017/03/16 10:41:06 ET
Table 'Dione' 6-max Seat #5 is the button
Seat 5: oliwan ($251.01 in chips)
Seat 6: Chessnok ($63.64 in chips)
oliwan: posts small blind $1
Chessnok: posts big blind $3
*** HOLE CARDS ***
oliwan: folds
Uncalled bet ($2) returned to Chessnok
Chessnok collected $2 from pot
Chessnok: doesn't show hand
*** SUMMARY ***
Total pot $2 | Rake $0
Seat 5: oliwan (button) (small blind) folded before Flop
Seat 6: Chessnok (big blind) collected ($2)


PokerStars Hand #167663049532:  Hold'em Limit ($3/$6 USD) - 2017/03/16 10:40:34 ET
Table 'Dione' 6-max Seat #5 is the button
Seat 5: oliwan ($255.37 in chips)
Seat 6: Chessnok ($60 in chips)
oliwan: posts small blind $1
Chessnok: posts big blind $3
*** HOLE CARDS ***
oliwan: folds
Uncalled bet ($2) returned to Chessnok
Chessnok collected $2 from pot
Chessnok: doesn't show hand
*** SUMMARY ***
Total pot $2 | Rake $0
Seat 5: oliwan (button) (small blind) folded before Flop
Seat 6: Chessnok (big blind) collected ($2)


PokerStars Hand #167663039753:  Hold'em Limit ($3/$6 USD) - 2017/03/16 10:40:17 ET
Table 'Dione' 6-max Seat #6 is the button
Seat 5: oliwan ($234.87 in chips)
Seat 6: Chessnok ($71.52 in chips)
Chessnok: posts small blind $1
oliwan: posts big blind $3
*** HOLE CARDS ***
Chessnok: raises $3 to $6
oliwan: calls $3
*** FLOP *** [5c 2h 5d]
oliwan: bets $3
Chessnok: calls $3
*** TURN *** [5c 2h 5d] [Ah]
oliwan: bets $6
Chessnok: calls $6
*** RIVER *** [5c 2h 5d Ah] [4s]
oliwan: bets $6
Chessnok: calls $6
*** SHOW DOWN ***
oliwan: shows [4d Ac] (two pair, Aces and Fives)
Chessnok: mucks hand
oliwan collected $41.50 from pot
*** SUMMARY ***
Total pot $42 | Rake $0.50
Board [5c 2h 5d Ah 4s]
Seat 5: oliwan (big blind) showed [4d Ac] and won ($41.50) with two pair, Aces and Fives
Seat 6: Chessnok (button) (small blind) mucked


PokerStars Hand #167663098824:  Hold'em Limit ($3/$6 USD) - 2017/03/16 10:41:59 ET
Table 'Dione' 6-max Seat #6 is the button
Seat 5: oliwan ($257.51 in chips)
Seat 6: Chessnok ($66.76 in chips)
Chessnok: posts small blind $1
oliwan: posts big blind $3
*** HOLE CARDS ***
Chessnok: raises $3 to $6
oliwan: calls $3
*** FLOP *** [Td 6d Tc]
oliwan: checks
Chessnok: bets $3
oliwan: folds
Uncalled bet ($3) returned to Chessnok
Chessnok collected $11.76 from pot
Chessnok: doesn't show hand
*** SUMMARY ***
Total pot $12 | Rake $0.24
Board [Td 6d Tc]
Seat 5: oliwan (big blind) folded on the Flop
Seat 6: Chessnok (button) (small blind) collected ($11.76)


PokerStars Hand #167663096009:  Hold'em Limit ($3/$6 USD) - 2017/03/16 10:41:54 ET
Table 'Dione' 6-max Seat #5 is the button
Seat 5: oliwan ($258.51 in chips)
Seat 6: Chessnok ($65.76 in chips)
oliwan: posts small blind $1
Chessnok: posts big blind $3
*** HOLE CARDS ***
oliwan: folds
Uncalled bet ($2) returned to Chessnok
Chessnok collected $2 from pot
Chessnok: doesn't show hand
*** SUMMARY ***
Total pot $2 | Rake $0
Seat 5: oliwan (button) (small blind) folded before Flop
Seat 6: Chessnok (big blind) collected ($2)


PokerStars Hand #167663088402:  Hold'em Limit ($3/$6 USD) - 2017/03/16 10:41:41 ET
Table 'Dione' 6-max Seat #6 is the button
Seat 5: oliwan ($264.51 in chips)
Seat 6: Chessnok ($60 in chips)
Chessnok: posts small blind $1
oliwan: posts big blind $3
*** HOLE CARDS ***
Chessnok: raises $3 to $6
oliwan: calls $3
*** FLOP *** [3c 5h Ks]
oliwan: checks
Chessnok: bets $3
oliwan: folds
Uncalled bet ($3) returned to Chessnok
Chessnok collected $11.76 from pot
Chessnok: doesn't show hand
*** SUMMARY ***
Total pot $12 | Rake $0.24
Board [3c 5h Ks]
Seat 5: oliwan (big blind) folded on the Flop
Seat 6: Chessnok (button) (small blind) collected ($11.76)


PokerStars Hand #167663073913:  Hold'em Limit ($3/$6 USD) - 2017/03/16 10:41:16 ET
Table 'Dione' 6-max Seat #5 is the button
Seat 5: oliwan ($247.01 in chips)
Seat 6: Chessnok ($67.64 in chips)
oliwan: posts small blind $1
Chessnok: posts big blind $3
*** HOLE CARDS ***
oliwan: raises $3 to $6
Chessnok: raises $3 to $9
oliwan: calls $3
*** FLOP *** [4c Kd 2c]
Chessnok: checks
oliwan: bets $3
Chessnok: calls $3
*** TURN *** [4c Kd 2c] [6d]
Chessnok: checks
oliwan: bets $6
Chessnok: calls $6
*** RIVER *** [4c Kd 2c 6d] [3h]
Chessnok: checks
oliwan: checks
*** SHOW DOWN ***
Chessnok: shows [9d Ac] (high card Ace)
oliwan: shows [4h Td] (a pair of Fours)
oliwan collected $35.50 from pot
*** SUMMARY ***
Total pot $36 | Rake $0.50
Board [4c Kd 2c 6d 3h]
Seat 5: oliwan (button) (small blind) showed [4h Td] and won ($35.50) with a pair of Fours
Seat 6: Chessnok (big blind) showed [9d Ac] and lost with high card Ace


PokerStars Hand #167663114817:  Hold'em Limit ($3/$6 USD) - 2017/03/16 10:42:26 ET
Table 'Dione' 6-max Seat #6 is the button
Seat 5: oliwan ($242.51 in chips)
Seat 6: Chessnok ($81.16 in chips)
Chessnok: posts small blind $1
oliwan: posts big blind $3
*** HOLE CARDS ***
Chessnok: raises $3 to $6
oliwan: folds
Uncalled bet ($3) returned to Chessnok
Chessnok collected $6 from pot
Chessnok: doesn't show hand
*** SUMMARY ***
Total pot $6 | Rake $0
Seat 5: oliwan (big blind) folded before Flop
Seat 6: Chessnok (button) (small blind) collected ($6)


PokerStars Hand #167663104356:  Hold'em Limit ($3/$6 USD) - 2017/03/16 10:42:08 ET
Table 'Dione' 6-max Seat #5 is the button
Seat 5: oliwan ($251.51 in chips)
Seat 6: Chessnok ($72.52 in chips)
oliwan: posts small blind $1
Chessnok: posts big blind $3
*** HOLE CARDS ***
oliwan: raises $3 to $6
Chessnok: calls $3
*** FLOP *** [4s Ac Kc]
Chessnok: bets $3
oliwan: calls $3
*** TURN *** [4s Ac Kc] [2c]
Chessnok: bets $6
oliwan: folds
Uncalled bet ($6) returned to Chessnok
Chessnok collected $17.64 from pot
Chessnok: doesn't show hand
*** SUMMARY ***
Total pot $18 | Rake $0.36
Board [4s Ac Kc 2c]
Seat 5: oliwan (button) (small blind) folded on the Turn
Seat 6: Chessnok (big blind) collected ($17.64)


PokerStars Hand #167663118154:  Hold'em Limit ($3/$6 USD) - 2017/03/16 10:42:31 ET
Table 'Dione' 6-max Seat #5 is the button
Seat 5: oliwan ($239.51 in chips)
Seat 6: Chessnok ($84.16 in chips)
oliwan: posts small blind $1
Chessnok: posts big blind $3
*** HOLE CARDS ***
oliwan: raises $3 to $6
Chessnok: raises $3 to $9
oliwan: calls $3
*** FLOP *** [2d Th 7d]
Chessnok: bets $3
oliwan: raises $3 to $6
Chessnok: calls $3
*** TURN *** [2d Th 7d] [8h]
Chessnok: checks
oliwan: bets $6
Chessnok: calls $6
*** RIVER *** [2d Th 7d 8h] [8d]
Chessnok: checks
oliwan: bets $6
Chessnok: calls $6
*** SHOW DOWN ***
oliwan: shows [9c 8c] (three of a kind, Eights)
Chessnok: mucks hand
oliwan collected $53.50 from pot
*** SUMMARY ***
Total pot $54 | Rake $0.50
Board [2d Th 7d 8h 8d]
Seat 5: oliwan (button) (small blind) showed [9c 8c] and won ($53.50) with three of a kind, Eights
Seat 6: Chessnok (big blind) mucked


PokerStars Hand #167663155313:  Hold'em Limit ($3/$6 USD) - 2017/03/16 10:43:35 ET
Table 'Dione' 6-max Seat #6 is the button
Seat 5: oliwan ($251.01 in chips)
Seat 6: Chessnok ($74.40 in chips)
Chessnok: posts small blind $1
oliwan: posts big blind $3
*** HOLE CARDS ***
Chessnok: raises $3 to $6
oliwan: calls $3
*** FLOP *** [Kd Td 2c]
oliwan: bets $3
Chessnok: calls $3
*** TURN *** [Kd Td 2c] [2d]
oliwan: bets $6
Chessnok: calls $6
*** RIVER *** [Kd Td 2c 2d] [9s]
oliwan: bets $6
Chessnok: calls $6
*** SHOW DOWN ***
oliwan: shows [5d 2h] (three of a kind, Deuces)
Chessnok: mucks hand
oliwan collected $41.50 from pot
*** SUMMARY ***
Total pot $42 | Rake $0.50
Board [Kd Td 2c 2d 9s]
Seat 5: oliwan (big blind) showed [5d 2h] and won ($41.50) with three of a kind, Deuces
Seat 6: Chessnok (button) (small blind) mucked


PokerStars Hand #167663147029:  Hold'em Limit ($3/$6 USD) - 2017/03/16 10:43:21 ET
Table 'Dione' 6-max Seat #5 is the button
Seat 5: oliwan ($257.01 in chips)
Seat 6: Chessnok ($68.64 in chips)
oliwan: posts small blind $1
Chessnok: posts big blind $3
*** HOLE CARDS ***
oliwan: raises $3 to $6
Chessnok: calls $3
*** FLOP *** [Ah As Qs]
Chessnok: bets $3
oliwan: folds
Uncalled bet ($3) returned to Chessnok
Chessnok collected $11.76 from pot
Chessnok: doesn't show hand
*** SUMMARY ***
Total pot $12 | Rake $0.24
Board [Ah As Qs]
Seat 5: oliwan (button) (small blind) folded on the Flop
Seat 6: Chessnok (big blind) collected ($11.76)


PokerStars Hand #167663175895:  Hold'em Limit ($3/$6 USD) - 2017/03/16 10:44:10 ET
Table 'Dione' 6-max Seat #6 is the button
Seat 5: oliwan ($292.01 in chips)
Seat 6: Chessnok ($60 in chips)
Chessnok: posts small blind $1
oliwan: posts big blind $3
*** HOLE CARDS ***
Chessnok: raises $3 to $6
oliwan: folds
Uncalled bet ($3) returned to Chessnok
Chessnok collected $6 from pot
Chessnok: doesn't show hand
*** SUMMARY ***
Total pot $6 | Rake $0
Seat 5: oliwan (big blind) folded before Flop
Seat 6: Chessnok (button) (small blind) collected ($6)


PokerStars Hand #167663138233:  Hold'em Limit ($3/$6 USD) - 2017/03/16 10:43:06 ET
Table 'Dione' 6-max Seat #6 is the button
Seat 5: oliwan ($266.01 in chips)
Seat 6: Chessnok ($60 in chips)
Chessnok: posts small blind $1
oliwan: posts big blind $3
*** HOLE CARDS ***
Chessnok: raises $3 to $6
oliwan: calls $3
*** FLOP *** [5s 6h Ac]
oliwan: bets $3
Chessnok: calls $3
*** TURN *** [5s 6h Ac] [4d]
oliwan: checks
Chessnok: bets $6
oliwan: folds
Uncalled bet ($6) returned to Chessnok
Chessnok collected $17.64 from pot
Chessnok: doesn't show hand
*** SUMMARY ***
Total pot $18 | Rake $0.36
Board [5s 6h Ac 4d]
Seat 5: oliwan (big blind) folded on the Turn
Seat 6: Chessnok (button) (small blind) collected ($17.64)


PokerStars Hand #167663164306:  Hold'em Limit ($3/$6 USD) - 2017/03/16 10:43:50 ET
Table 'Dione' 6-max Seat #5 is the button
Seat 5: oliwan ($271.51 in chips)
Seat 6: Chessnok ($60 in chips)
oliwan: posts small blind $1
Chessnok: posts big blind $3
*** HOLE CARDS ***
oliwan: raises $3 to $6
Chessnok: calls $3
*** FLOP *** [Qs 7c Kd]
Chessnok: checks
oliwan: bets $3
Chessnok: calls $3
*** TURN *** [Qs 7c Kd] [7h]
Chessnok: checks
oliwan: bets $6
Chessnok: calls $6
*** RIVER *** [Qs 7c Kd 7h] [5d]
Chessnok: checks
oliwan: bets $6
Chessnok: calls $6
*** SHOW DOWN ***
oliwan: shows [7s Ks] (a full house, Sevens full of Kings)
Chessnok: mucks hand
oliwan collected $41.50 from pot
*** SUMMARY ***
Total pot $42 | Rake $0.50
Board [Qs 7c Kd 7h 5d]
Seat 5: oliwan (button) (small blind) showed [7s Ks] and won ($41.50) with a full house, Sevens full of Kings
Seat 6: Chessnok (big blind) mucked


PokerStars Hand #167663203092:  Hold'em Limit ($3/$6 USD) - 2017/03/16 10:44:57 ET
Table 'Dione' 6-max Seat #6 is the button
Seat 5: oliwan ($236.01 in chips)
Seat 6: Chessnok ($115 in chips)
Chessnok: posts small blind $1
oliwan: posts big blind $3
*** HOLE CARDS ***
Chessnok: raises $3 to $6
oliwan: folds
Uncalled bet ($3) returned to Chessnok
Chessnok collected $6 from pot
Chessnok: doesn't show hand
*** SUMMARY ***
Total pot $6 | Rake $0
Seat 5: oliwan (big blind) folded before Flop
Seat 6: Chessnok (button) (small blind) collected ($6)


PokerStars Hand #167663194773:  Hold'em Limit ($3/$6 USD) - 2017/03/16 10:44:42 ET
Table 'Dione' 6-max Seat #5 is the button
Seat 5: oliwan ($260.01 in chips)
Seat 6: Chessnok ($91.50 in chips)
oliwan: posts small blind $1
Chessnok: posts big blind $3
*** HOLE CARDS ***
oliwan: raises $3 to $6
Chessnok: raises $3 to $9
oliwan: calls $3
*** FLOP *** [8h 2c 2d]
Chessnok: bets $3
oliwan: calls $3
*** TURN *** [8h 2c 2d] [Qc]
Chessnok: bets $6
oliwan: calls $6
*** RIVER *** [8h 2c 2d Qc] [7h]
Chessnok: bets $6
oliwan: calls $6
*** SHOW DOWN ***
Chessnok: shows [8s Ts] (two pair, Eights and Deuces)
oliwan: mucks hand
Chessnok collected $47.50 from pot
*** SUMMARY ***
Total pot $48 | Rake $0.50
Board [8h 2c 2d Qc 7h]
Seat 5: oliwan (button) (small blind) mucked
Seat 6: Chessnok (big blind) showed [8s Ts] and won ($47.50) with two pair, Eights and Deuces


PokerStars Hand #167663190115:  Hold'em Limit ($3/$6 USD) - 2017/03/16 10:44:35 ET
Table 'Dione' 6-max Seat #6 is the button
Seat 5: oliwan ($259.01 in chips)
Seat 6: Chessnok ($92.50 in chips)
Chessnok: posts small blind $1
oliwan: posts big blind $3
*** HOLE CARDS ***
Chessnok: folds
Uncalled bet ($2) returned to oliwan
oliwan collected $2 from pot
oliwan: doesn't show hand
*** SUMMARY ***
Total pot $2 | Rake $0
Seat 5: oliwan (big blind) collected ($2)
Seat 6: Chessnok (button) (small blind) folded before Flop


PokerStars Hand #167663179737:  Hold'em Limit ($3/$6 USD) - 2017/03/16 10:44:17 ET
Table 'Dione' 6-max Seat #5 is the button
Seat 5: oliwan ($289.01 in chips)
Seat 6: Chessnok ($63 in chips)
oliwan: posts small blind $1
Chessnok: posts big blind $3
*** HOLE CARDS ***
oliwan: raises $3 to $6
Chessnok: calls $3
*** FLOP *** [4c 2s Ks]
Chessnok: checks
oliwan: bets $3
Chessnok: raises $3 to $6
oliwan: calls $3
*** TURN *** [4c 2s Ks] [5s]
Chessnok: bets $6
oliwan: raises $6 to $12
Chessnok: calls $6
*** RIVER *** [4c 2s Ks 5s] [8s]
Chessnok: bets $6
oliwan: calls $6
*** SHOW DOWN ***
Chessnok: shows [7s Qd] (a flush, King high)
oliwan: mucks hand
Chessnok collected $59.50 from pot
*** SUMMARY ***
Total pot $60 | Rake $0.50
Board [4c 2s Ks 5s 8s]
Seat 5: oliwan (button) (small blind) mucked
Seat 6: Chessnok (big blind) showed [7s Qd] and won ($59.50) with a flush, King high


PokerStars Hand #167663205981:  Hold'em Limit ($3/$6 USD) - 2017/03/16 10:45:02 ET
Table 'Dione' 6-max Seat #5 is the button
Seat 5: oliwan ($233.01 in chips)
Seat 6: Chessnok ($118 in chips)
oliwan: posts small blind $1
Chessnok: posts big blind $3
*** HOLE CARDS ***
oliwan: raises $3 to $6
Chessnok: calls $3
*** FLOP *** [5h 8c Qd]
Chessnok: checks
oliwan: bets $3
Chessnok: calls $3
*** TURN *** [5h 8c Qd] [Ts]
Chessnok: checks
oliwan: checks
*** RIVER *** [5h 8c Qd Ts] [2d]
Chessnok: bets $6
oliwan: folds
Uncalled bet ($6) returned to Chessnok
Chessnok collected $17.64 from pot
Chessnok: doesn't show hand
*** SUMMARY ***
Total pot $18 | Rake $0.36
Board [5h 8c Qd Ts 2d]
Seat 5: oliwan (button) (small blind) folded on the River
Seat 6: Chessnok (big blind) collected ($17.64)


PokerStars Hand #167663222416:  Hold'em Limit ($3/$6 USD) - 2017/03/16 10:45:30 ET
Table 'Dione' 6-max Seat #5 is the button
Seat 5: oliwan ($250.51 in chips)
Seat 6: Chessnok ($99.64 in chips)
oliwan: posts small blind $1
Chessnok: posts big blind $3
*** HOLE CARDS ***
oliwan: folds
Uncalled bet ($2) returned to Chessnok
Chessnok collected $2 from pot
Chessnok: doesn't show hand
*** SUMMARY ***
Total pot $2 | Rake $0
Seat 5: oliwan (button) (small blind) folded before Flop
Seat 6: Chessnok (big blind) collected ($2)


PokerStars Hand #167663228749:  Hold'em Limit ($3/$6 USD) - 2017/03/16 10:45:41 ET
Table 'Dione' 6-max Seat #5 is the button
Seat 5: oliwan ($246.51 in chips)
Seat 6: Chessnok ($103.64 in chips)
oliwan: posts small blind $1
Chessnok: posts big blind $3
*** HOLE CARDS ***
oliwan: folds
Uncalled bet ($2) returned to Chessnok
Chessnok collected $2 from pot
Chessnok: doesn't show hand
*** SUMMARY ***
Total pot $2 | Rake $0
Seat 5: oliwan (button) (small blind) folded before Flop
Seat 6: Chessnok (big blind) collected ($2)


PokerStars Hand #167663225610:  Hold'em Limit ($3/$6 USD) - 2017/03/16 10:45:35 ET
Table 'Dione' 6-max Seat #6 is the button
Seat 5: oliwan ($249.51 in chips)
Seat 6: Chessnok ($100.64 in chips)
Chessnok: posts small blind $1
oliwan: posts big blind $3
*** HOLE CARDS ***
Katanapro joins the table at seat #3
Chessnok: raises $3 to $6
oliwan: folds
Uncalled bet ($3) returned to Chessnok
Chessnok collected $6 from pot
Chessnok: doesn't show hand
*** SUMMARY ***
Total pot $6 | Rake $0
Seat 5: oliwan (big blind) folded before Flop
Seat 6: Chessnok (button) (small blind) collected ($6)


PokerStars Hand #167663213505:  Hold'em Limit ($3/$6 USD) - 2017/03/16 10:45:15 ET
Table 'Dione' 6-max Seat #6 is the button
Seat 5: oliwan ($224.01 in chips)
Seat 6: Chessnok ($126.64 in chips)
Chessnok: posts small blind $1
oliwan: posts big blind $3
*** HOLE CARDS ***
Chessnok: raises $3 to $6
oliwan: calls $3
*** FLOP *** [9c Ks 6h]
oliwan: bets $3
Chessnok: calls $3
*** TURN *** [9c Ks 6h] [8h]
oliwan: bets $6
Chessnok: raises $6 to $12
oliwan: calls $6
*** RIVER *** [9c Ks 6h 8h] [3s]
oliwan: checks
Chessnok: bets $6
oliwan: calls $6
*** SHOW DOWN ***
Chessnok: shows [8d 7d] (a pair of Eights)
oliwan: shows [4s 9s] (a pair of Nines)
oliwan collected $53.50 from pot
*** SUMMARY ***
Total pot $54 | Rake $0.50
Board [9c Ks 6h 8h 3s]
Seat 5: oliwan (big blind) showed [4s 9s] and won ($53.50) with a pair of Nines
Seat 6: Chessnok (button) (small blind) showed [8d 7d] and lost with a pair of Eights


PokerStars Hand #167663311514:  Hold'em Limit ($3/$6 USD) - 2017/03/16 10:48:02 ET
Table 'Dione' 6-max Seat #6 is the button
Seat 3: Katanapro ($114.47 in chips)
Seat 6: Chessnok ($99.75 in chips)
Chessnok: posts small blind $1
Katanapro: posts big blind $3
*** HOLE CARDS ***
Chessnok: raises $3 to $6
Katanapro: folds
Uncalled bet ($3) returned to Chessnok
Chessnok collected $6 from pot
Chessnok: doesn't show hand
*** SUMMARY ***
Total pot $6 | Rake $0
Seat 3: Katanapro (big blind) folded before Flop
Seat 6: Chessnok (button) (small blind) collected ($6)


PokerStars Hand #167663291845:  Hold'em Limit ($3/$6 USD) - 2017/03/16 10:47:29 ET
Table 'Dione' 6-max Seat #3 is the button
Seat 3: Katanapro ($132.47 in chips)
Seat 6: Chessnok ($82.25 in chips)
Katanapro: posts small blind $1
oliwan: is sitting out
Chessnok: posts big blind $3
*** HOLE CARDS ***
oliwan leaves the table
Katanapro: raises $3 to $6
Chessnok: raises $3 to $9
Katanapro: calls $3
*** FLOP *** [6c Ah Jd]
Chessnok: bets $3
Katanapro: calls $3
*** TURN *** [6c Ah Jd] [9h]
Chessnok: bets $6
Katanapro: calls $6
*** RIVER *** [6c Ah Jd 9h] [4h]
Chessnok: bets $6
Katanapro: folds
Uncalled bet ($6) returned to Chessnok
Chessnok collected $35.50 from pot
Chessnok: doesn't show hand
*** SUMMARY ***
Total pot $36 | Rake $0.50
Board [6c Ah Jd 9h 4h]
Seat 3: Katanapro (button) (small blind) folded on the River
Seat 6: Chessnok (big blind) collected ($35.50)


PokerStars Hand #167663314771:  Hold'em Limit ($3/$6 USD) - 2017/03/16 10:48:08 ET
Table 'Dione' 6-max Seat #3 is the button
Seat 3: Katanapro ($111.47 in chips)
Seat 6: Chessnok ($102.75 in chips)
Katanapro: posts small blind $1
Chessnok: posts big blind $3
*** HOLE CARDS ***
Katanapro: folds
Uncalled bet ($2) returned to Chessnok
Chessnok collected $2 from pot
Chessnok: doesn't show hand
*** SUMMARY ***
Total pot $2 | Rake $0
Seat 3: Katanapro (button) (small blind) folded before Flop
Seat 6: Chessnok (big blind) collected ($2)


PokerStars Hand #167663317363:  Hold'em Limit ($3/$6 USD) - 2017/03/16 10:48:12 ET
Table 'Dione' 6-max Seat #6 is the button
Seat 3: Katanapro ($110.47 in chips)
Seat 6: Chessnok ($103.75 in chips)
Chessnok: posts small blind $1
Katanapro: posts big blind $3
*** HOLE CARDS ***
Chessnok: raises $3 to $6
Katanapro: raises $3 to $9
Chessnok: calls $3
*** FLOP *** [Jd 7c Kd]
Katanapro: bets $3
Chessnok: calls $3
*** TURN *** [Jd 7c Kd] [As]
Katanapro: bets $6
Chessnok: calls $6
*** RIVER *** [Jd 7c Kd As] [7d]
Katanapro: bets $6
Chessnok: calls $6
*** SHOW DOWN ***
Katanapro: shows [Qc Ah] (two pair, Aces and Sevens)
Chessnok: mucks hand
Katanapro collected $47.50 from pot
*** SUMMARY ***
Total pot $48 | Rake $0.50
Board [Jd 7c Kd As 7d]
Seat 3: Katanapro (big blind) showed [Qc Ah] and won ($47.50) with two pair, Aces and Sevens
Seat 6: Chessnok (button) (small blind) mucked


PokerStars Hand #167663347228:  Hold'em Limit ($3/$6 USD) - 2017/03/16 10:49:03 ET
Table 'Dione' 6-max Seat #6 is the button
Seat 3: Katanapro ($151.47 in chips)
Seat 6: Chessnok ($61.75 in chips)
Chessnok: posts small blind $1
Katanapro: posts big blind $3
*** HOLE CARDS ***
Chessnok: raises $3 to $6
Katanapro: folds
Uncalled bet ($3) returned to Chessnok
Chessnok collected $6 from pot
Chessnok: doesn't show hand
*** SUMMARY ***
Total pot $6 | Rake $0
Seat 3: Katanapro (big blind) folded before Flop
Seat 6: Chessnok (button) (small blind) collected ($6)


PokerStars Hand #167663330639:  Hold'em Limit ($3/$6 USD) - 2017/03/16 10:48:35 ET
Table 'Dione' 6-max Seat #3 is the button
Seat 3: Katanapro ($133.97 in chips)
Seat 6: Chessnok ($79.75 in chips)
Katanapro: posts small blind $1
Chessnok: posts big blind $3
*** HOLE CARDS ***
Katanapro: raises $3 to $6
Chessnok: calls $3
*** FLOP *** [4s Ac 5h]
Chessnok: checks
Katanapro: bets $3
Chessnok: raises $3 to $6
Katanapro: calls $3
*** TURN *** [4s Ac 5h] [Td]
Chessnok: bets $6
Katanapro: calls $6
*** RIVER *** [4s Ac 5h Td] [Js]
Chessnok: checks
Katanapro: bets $6
Chessnok: folds
Uncalled bet ($6) returned to Katanapro
Katanapro collected $35.50 from pot
Katanapro: doesn't show hand
*** SUMMARY ***
Total pot $36 | Rake $0.50
Board [4s Ac 5h Td Js]
Seat 3: Katanapro (button) (small blind) collected ($35.50)
Seat 6: Chessnok (big blind) folded on the River


PokerStars Hand #167663351532:  Hold'em Limit ($3/$6 USD) - 2017/03/16 10:49:11 ET
Table 'Dione' 6-max Seat #3 is the button
Seat 3: Katanapro ($148.47 in chips)
Seat 6: Chessnok ($64.75 in chips)
Katanapro: posts small blind $1
Chessnok: posts big blind $3
*** HOLE CARDS ***
Katanapro: raises $3 to $6
Chessnok: calls $3
*** FLOP *** [Qd Td Ac]
Chessnok: bets $3
Katanapro: raises $3 to $6
Chessnok: calls $3
*** TURN *** [Qd Td Ac] [Js]
Chessnok: checks
Katanapro: checks
*** RIVER *** [Qd Td Ac Js] [6d]
Chessnok: bets $6
Katanapro: calls $6
*** SHOW DOWN ***
Chessnok: shows [Jd 8d] (a flush, Queen high)
Katanapro: mucks hand
Chessnok collected $35.50 from pot
*** SUMMARY ***
Total pot $36 | Rake $0.50
Board [Qd Td Ac Js 6d]
Seat 3: Katanapro (button) (small blind) mucked
Seat 6: Chessnok (big blind) showed [Jd 8d] and won ($35.50) with a flush, Queen high


PokerStars Hand #167663374893:  Hold'em Limit ($3/$6 USD) - 2017/03/16 10:49:51 ET
Table 'Dione' 6-max Seat #3 is the button
Seat 3: Katanapro ($131.47 in chips)
Seat 6: Chessnok ($81.25 in chips)
Katanapro: posts small blind $1
Chessnok: posts big blind $3
*** HOLE CARDS ***
Katanapro: raises $3 to $6
Chessnok: calls $3
*** FLOP *** [Qd 5d 2d]
Chessnok: checks
Katanapro: bets $3
Chessnok: folds
Uncalled bet ($3) returned to Katanapro
Katanapro collected $11.76 from pot
Katanapro: doesn't show hand
*** SUMMARY ***
Total pot $12 | Rake $0.24
Board [Qd 5d 2d]
Seat 3: Katanapro (button) (small blind) collected ($11.76)
Seat 6: Chessnok (big blind) folded on the Flop


PokerStars Hand #167663398727:  Hold'em Limit ($3/$6 USD) - 2017/03/16 10:50:32 ET
Table 'Dione' 6-max Seat #3 is the button
Seat 3: Katanapro ($160.73 in chips)
Seat 6: Chessnok ($60 in chips)
Katanapro: posts small blind $1
Chessnok: posts big blind $3
*** HOLE CARDS ***
Katanapro: folds
Uncalled bet ($2) returned to Chessnok
Chessnok collected $2 from pot
Chessnok: doesn't show hand
*** SUMMARY ***
Total pot $2 | Rake $0
Seat 3: Katanapro (button) (small blind) folded before Flop
Seat 6: Chessnok (big blind) collected ($2)


PokerStars Hand #167663382948:  Hold'em Limit ($3/$6 USD) - 2017/03/16 10:50:05 ET
Table 'Dione' 6-max Seat #6 is the button
Seat 3: Katanapro ($137.23 in chips)
Seat 6: Chessnok ($75.25 in chips)
Chessnok: posts small blind $1
Katanapro: posts big blind $3
*** HOLE CARDS ***
Chessnok: raises $3 to $6
Katanapro: calls $3
*** FLOP *** [6c Ac Th]
Katanapro: checks
Chessnok: bets $3
Katanapro: raises $3 to $6
Chessnok: calls $3
*** TURN *** [6c Ac Th] [Jd]
Katanapro: bets $6
Chessnok: calls $6
*** RIVER *** [6c Ac Th Jd] [Qd]
Katanapro: bets $6
Chessnok: calls $6
*** SHOW DOWN ***
Katanapro: shows [Kc Ts] (a straight, Ten to Ace)
Chessnok: mucks hand
Katanapro collected $47.50 from pot
*** SUMMARY ***
Total pot $48 | Rake $0.50
Board [6c Ac Th Jd Qd]
Seat 3: Katanapro (big blind) showed [Kc Ts] and won ($47.50) with a straight, Ten to Ace
Seat 6: Chessnok (button) (small blind) mucked


PokerStars Hand #167663421884:  Hold'em Limit ($3/$6 USD) - 2017/03/16 10:51:12 ET
Table 'Dione' 6-max Seat #3 is the button
Seat 3: Katanapro ($195.23 in chips)
Seat 6: Chessnok ($60 in chips)
Katanapro: posts small blind $1
Chessnok: posts big blind $3
*** HOLE CARDS ***
Katanapro: folds
Uncalled bet ($2) returned to Chessnok
Chessnok collected $2 from pot
Chessnok: doesn't show hand
*** SUMMARY ***
Total pot $2 | Rake $0
Seat 3: Katanapro (button) (small blind) folded before Flop
Seat 6: Chessnok (big blind) collected ($2)


PokerStars Hand #167663401611:  Hold'em Limit ($3/$6 USD) - 2017/03/16 10:50:37 ET
Table 'Dione' 6-max Seat #6 is the button
Seat 3: Katanapro ($159.73 in chips)
Seat 6: Chessnok ($61 in chips)
Chessnok: posts small blind $1
Katanapro: posts big blind $3
*** HOLE CARDS ***
Chessnok: raises $3 to $6
Katanapro: calls $3
*** FLOP *** [2d 8d 2s]
Katanapro: checks
Chessnok: bets $3
Katanapro: raises $3 to $6
Chessnok: calls $3
*** TURN *** [2d 8d 2s] [5s]
Katanapro: bets $6
Chessnok: raises $6 to $12
Katanapro: raises $6 to $18
Chessnok: calls $6
*** RIVER *** [2d 8d 2s 5s] [4s]
Katanapro: checks
Chessnok: bets $6
Katanapro: calls $6
*** SHOW DOWN ***
Chessnok: shows [8h Jd] (two pair, Eights and Deuces)
Katanapro: shows [5c 8c] (two pair, Eights and Fives)
Katanapro collected $71.50 from pot
*** SUMMARY ***
Total pot $72 | Rake $0.50
Board [2d 8d 2s 5s 4s]
Seat 3: Katanapro (big blind) showed [5c 8c] and won ($71.50) with two pair, Eights and Fives
Seat 6: Chessnok (button) (small blind) showed [8h Jd] and lost with two pair, Eights and Deuces


PokerStars Hand #167663431284:  Hold'em Limit ($3/$6 USD) - 2017/03/16 10:51:28 ET
Table 'Dione' 6-max Seat #6 is the button
Seat 3: Katanapro ($190.23 in chips)
Seat 6: Chessnok ($65 in chips)
Chessnok: posts small blind $1
Katanapro: posts big blind $3
*** HOLE CARDS ***
Chessnok: raises $3 to $6
Katanapro: raises $3 to $9
Chessnok: calls $3
*** FLOP *** [3c As 5d]
Katanapro: bets $3
Chessnok: calls $3
*** TURN *** [3c As 5d] [4s]
Katanapro: bets $6
Chessnok: calls $6
*** RIVER *** [3c As 5d 4s] [8c]
Katanapro: checks
Chessnok: checks
*** SHOW DOWN ***
Katanapro: shows [Kd Qh] (high card Ace)
Chessnok: shows [7s 3s] (a pair of Threes)
Chessnok collected $35.50 from pot
*** SUMMARY ***
Total pot $36 | Rake $0.50
Board [3c As 5d 4s 8c]
Seat 3: Katanapro (big blind) showed [Kd Qh] and lost with high card Ace
Seat 6: Chessnok (button) (small blind) showed [7s 3s] and won ($35.50) with a pair of Threes


PokerStars Hand #167663428201:  Hold'em Limit ($3/$6 USD) - 2017/03/16 10:51:22 ET
Table 'Dione' 6-max Seat #3 is the button
Seat 3: Katanapro ($191.23 in chips)
Seat 6: Chessnok ($64 in chips)
Katanapro: posts small blind $1
Chessnok: posts big blind $3
*** HOLE CARDS ***
Katanapro: folds
Uncalled bet ($2) returned to Chessnok
Chessnok collected $2 from pot
Chessnok: doesn't show hand
*** SUMMARY ***
Total pot $2 | Rake $0
Seat 3: Katanapro (button) (small blind) folded before Flop
Seat 6: Chessnok (big blind) collected ($2)


PokerStars Hand #167663424751:  Hold'em Limit ($3/$6 USD) - 2017/03/16 10:51:16 ET
Table 'Dione' 6-max Seat #6 is the button
Seat 3: Katanapro ($194.23 in chips)
Seat 6: Chessnok ($61 in chips)
Chessnok: posts small blind $1
Katanapro: posts big blind $3
*** HOLE CARDS ***
Chessnok: raises $3 to $6
Katanapro: folds
Uncalled bet ($3) returned to Chessnok
Chessnok collected $6 from pot
Chessnok: doesn't show hand
*** SUMMARY ***
Total pot $6 | Rake $0
Seat 3: Katanapro (big blind) folded before Flop
Seat 6: Chessnok (button) (small blind) collected ($6)


PokerStars Hand #167663470341:  Hold'em Limit ($3/$6 USD) - 2017/03/16 10:52:34 ET
Table 'Dione' 6-max Seat #3 is the button
Seat 3: Katanapro ($174.99 in chips)
Seat 6: Chessnok ($79.50 in chips)
Katanapro: posts small blind $1
Chessnok: posts big blind $3
*** HOLE CARDS ***
Katanapro: folds
Uncalled bet ($2) returned to Chessnok
Chessnok collected $2 from pot
Chessnok: doesn't show hand
*** SUMMARY ***
Total pot $2 | Rake $0
Seat 3: Katanapro (button) (small blind) folded before Flop
Seat 6: Chessnok (big blind) collected ($2)


PokerStars Hand #167663466616:  Hold'em Limit ($3/$6 USD) - 2017/03/16 10:52:28 ET
Table 'Dione' 6-max Seat #6 is the button
Seat 3: Katanapro ($177.99 in chips)
Seat 6: Chessnok ($76.50 in chips)
Chessnok: posts small blind $1
Katanapro: posts big blind $3
*** HOLE CARDS ***
Chessnok: raises $3 to $6
Katanapro: folds
Uncalled bet ($3) returned to Chessnok
Chessnok collected $6 from pot
Chessnok: doesn't show hand
*** SUMMARY ***
Total pot $6 | Rake $0
Seat 3: Katanapro (big blind) folded before Flop
Seat 6: Chessnok (button) (small blind) collected ($6)


PokerStars Hand #167663455515:  Hold'em Limit ($3/$6 USD) - 2017/03/16 10:52:09 ET
Table 'Dione' 6-max Seat #3 is the button
Seat 3: Katanapro ($172.23 in chips)
Seat 6: Chessnok ($82.50 in chips)
Katanapro: posts small blind $1
Chessnok: posts big blind $3
*** HOLE CARDS ***
Katanapro: raises $3 to $6
Chessnok: calls $3
*** FLOP *** [3h Js 8h]
Chessnok: checks
Katanapro: bets $3
Chessnok: folds
Uncalled bet ($3) returned to Katanapro
Katanapro collected $11.76 from pot
Katanapro: doesn't show hand
*** SUMMARY ***
Total pot $12 | Rake $0.24
Board [3h Js 8h]
Seat 3: Katanapro (button) (small blind) collected ($11.76)
Seat 6: Chessnok (big blind) folded on the Flop


PokerStars Hand #167663498938:  Hold'em Limit ($3/$6 USD) - 2017/03/16 10:53:23 ET
Table 'Dione' 6-max Seat #3 is the button
Seat 3: Katanapro ($200.49 in chips)
Seat 6: Chessnok ($60 in chips)
Katanapro: posts small blind $1
Chessnok: posts big blind $3
*** HOLE CARDS ***
Katanapro: folds
Uncalled bet ($2) returned to Chessnok
Chessnok collected $2 from pot
Chessnok: doesn't show hand
*** SUMMARY ***
Total pot $2 | Rake $0
Seat 3: Katanapro (button) (small blind) folded before Flop
Seat 6: Chessnok (big blind) collected ($2)


PokerStars Hand #167663473109:  Hold'em Limit ($3/$6 USD) - 2017/03/16 10:52:39 ET
Table 'Dione' 6-max Seat #6 is the button
Seat 3: Katanapro ($173.99 in chips)
Seat 6: Chessnok ($80.50 in chips)
Chessnok: posts small blind $1
Katanapro: posts big blind $3
*** HOLE CARDS ***
Chessnok: raises $3 to $6
Katanapro: calls $3
*** FLOP *** [8d Qd 3h]
Katanapro: checks
Chessnok: bets $3
Katanapro: calls $3
*** TURN *** [8d Qd 3h] [9c]
Katanapro: checks
Chessnok: bets $6
Katanapro: raises $6 to $12
Chessnok: calls $6
*** RIVER *** [8d Qd 3h 9c] [Js]
Katanapro: checks
Chessnok: bets $6
Katanapro: calls $6
*** SHOW DOWN ***
Chessnok: shows [9h 5h] (a pair of Nines)
Katanapro: shows [2c Qc] (a pair of Queens)
Katanapro collected $53.50 from pot
*** SUMMARY ***
Total pot $54 | Rake $0.50
Board [8d Qd 3h 9c Js]
Seat 3: Katanapro (big blind) showed [2c Qc] and won ($53.50) with a pair of Queens
Seat 6: Chessnok (button) (small blind) showed [9h 5h] and lost with a pair of Nines


PokerStars Hand #167663509485:  Hold'em Limit ($3/$6 USD) - 2017/03/16 10:53:41 ET
Table 'Dione' 6-max Seat #3 is the button
Seat 3: Katanapro ($196.49 in chips)
Seat 6: Chessnok ($64 in chips)
Katanapro: posts small blind $1
Chessnok: posts big blind $3
*** HOLE CARDS ***
Katanapro: raises $3 to $6
Chessnok: raises $3 to $9
Katanapro: raises $3 to $12
Betting is capped
Chessnok: calls $3
*** FLOP *** [6h Td 5d]
Chessnok: checks
Katanapro: bets $3
Chessnok: folds
Uncalled bet ($3) returned to Katanapro
Katanapro collected $23.52 from pot
Katanapro: doesn't show hand
*** SUMMARY ***
Total pot $24 | Rake $0.48
Board [6h Td 5d]
Seat 3: Katanapro (button) (small blind) collected ($23.52)
Seat 6: Chessnok (big blind) folded on the Flop


PokerStars Hand #167663502926:  Hold'em Limit ($3/$6 USD) - 2017/03/16 10:53:30 ET
Table 'Dione' 6-max Seat #6 is the button
Seat 3: Katanapro ($199.49 in chips)
Seat 6: Chessnok ($61 in chips)
Chessnok: posts small blind $1
Katanapro: posts big blind $3
*** HOLE CARDS ***
Chessnok: raises $3 to $6
Katanapro: folds
Uncalled bet ($3) returned to Chessnok
Chessnok collected $6 from pot
Chessnok: doesn't show hand
*** SUMMARY ***
Total pot $6 | Rake $0
Seat 3: Katanapro (big blind) folded before Flop
Seat 6: Chessnok (button) (small blind) collected ($6)


PokerStars Hand #167663537116:  Hold'em Limit ($3/$6 USD) - 2017/03/16 10:54:28 ET
Table 'Dione' 6-max Seat #3 is the button
Seat 3: Katanapro ($199.01 in chips)
Seat 6: Chessnok ($68.64 in chips)
Katanapro: posts small blind $1
Chessnok: posts big blind $3
*** HOLE CARDS ***
Katanapro: raises $3 to $6
Chessnok: calls $3
*** FLOP *** [2h 9d 7h]
Chessnok: checks
Katanapro: bets $3
Chessnok: calls $3
*** TURN *** [2h 9d 7h] [3s]
Chessnok: checks
Katanapro: bets $6
Chessnok: calls $6
*** RIVER *** [2h 9d 7h 3s] [7c]
Chessnok: checks
Katanapro: bets $6
Chessnok: calls $6
*** SHOW DOWN ***
Katanapro: shows [6h 6d] (two pair, Sevens and Sixes)
Chessnok: mucks hand
Katanapro collected $41.50 from pot
*** SUMMARY ***
Total pot $42 | Rake $0.50
Board [2h 9d 7h 3s 7c]
Seat 3: Katanapro (button) (small blind) showed [6h 6d] and won ($41.50) with two pair, Sevens and Sixes
Seat 6: Chessnok (big blind) mucked


PokerStars Hand #167663523120:  Hold'em Limit ($3/$6 USD) - 2017/03/16 10:54:04 ET
Table 'Dione' 6-max Seat #6 is the button
Seat 3: Katanapro ($208.01 in chips)
Seat 6: Chessnok ($60 in chips)
Chessnok: posts small blind $1
Katanapro: posts big blind $3
*** HOLE CARDS ***
Chessnok: raises $3 to $6
Katanapro: calls $3
*** FLOP *** [8h 2s 6c]
Katanapro: checks
Chessnok: bets $3
Katanapro: calls $3
*** TURN *** [8h 2s 6c] [4h]
Katanapro: checks
Chessnok: bets $6
Katanapro: folds
Uncalled bet ($6) returned to Chessnok
Chessnok collected $17.64 from pot
Chessnok: doesn't show hand
*** SUMMARY ***
Total pot $18 | Rake $0.36
Board [8h 2s 6c 4h]
Seat 3: Katanapro (big blind) folded on the Turn
Seat 6: Chessnok (button) (small blind) collected ($17.64)


PokerStars Hand #167663551636:  Hold'em Limit ($3/$6 USD) - 2017/03/16 10:54:52 ET
Table 'Dione' 6-max Seat #6 is the button
Seat 3: Katanapro ($219.51 in chips)
Seat 6: Chessnok ($60 in chips)
Chessnok: posts small blind $1
Katanapro: posts big blind $3
*** HOLE CARDS ***
Chessnok: raises $3 to $6
Katanapro: raises $3 to $9
Chessnok: calls $3
*** FLOP *** [9h 6c 3s]
Katanapro: bets $3
Chessnok: calls $3
*** TURN *** [9h 6c 3s] [Js]
Katanapro: bets $6
Chessnok: calls $6
*** RIVER *** [9h 6c 3s Js] [Ad]
Katanapro: checks
Chessnok: bets $6
Katanapro: calls $6
*** SHOW DOWN ***
Chessnok: shows [Ah 6h] (two pair, Aces and Sixes)
Katanapro: mucks hand
Chessnok collected $47.50 from pot
*** SUMMARY ***
Total pot $48 | Rake $0.50
Board [9h 6c 3s Js Ad]
Seat 3: Katanapro (big blind) mucked
Seat 6: Chessnok (button) (small blind) showed [Ah 6h] and won ($47.50) with two pair, Aces and Sixes


PokerStars Hand #167663567996:  Hold'em Limit ($3/$6 USD) - 2017/03/16 10:55:23 ET
Table 'Dione' 6-max Seat #3 is the button
Seat 3: Katanapro ($195.51 in chips)
Seat 6: Chessnok ($83.50 in chips)
Katanapro: posts small blind $1
Chessnok: posts big blind $3
*** HOLE CARDS ***
Katanapro: folds
Uncalled bet ($2) returned to Chessnok
Chessnok collected $2 from pot
Chessnok: doesn't show hand
*** SUMMARY ***
Total pot $2 | Rake $0
Seat 3: Katanapro (button) (small blind) folded before Flop
Seat 6: Chessnok (big blind) collected ($2)


PokerStars Hand #167666138889:  Hold'em Limit ($3/$6 USD) - 2017/03/16 12:05:57 ET
Table 'Dione' 6-max Seat #2 is the button
Seat 1: Pepperlina ($47.74 in chips)
Seat 2: GRAILKO ($323.91 in chips)
GRAILKO: posts small blind $1
Pepperlina: posts big blind $3
*** HOLE CARDS ***
GRAILKO: raises $3 to $6
Pepperlina: raises $3 to $9
GRAILKO: calls $3
*** FLOP *** [4h Ts Qc]
shisheng999 leaves the table
Pepperlina: bets $3
GRAILKO: folds
Uncalled bet ($3) returned to Pepperlina
Pepperlina collected $17.64 from pot
Pepperlina: doesn't show hand
*** SUMMARY ***
Total pot $18 | Rake $0.36
Board [4h Ts Qc]
Seat 1: Pepperlina (big blind) collected ($17.64)
Seat 2: GRAILKO (button) (small blind) folded on the Flop


PokerStars Hand #167666150571:  Hold'em Limit ($3/$6 USD) - 2017/03/16 12:06:15 ET
Table 'Dione' 6-max Seat #1 is the button
Seat 1: Pepperlina ($56.38 in chips)
Seat 2: GRAILKO ($314.91 in chips)
Pepperlina: posts small blind $1
GRAILKO: posts big blind $3
*** HOLE CARDS ***
Pepperlina: raises $3 to $6
GRAILKO: calls $3
*** FLOP *** [7h Jc 2h]
GRAILKO: checks
Pepperlina: bets $3
GRAILKO: raises $3 to $6
Pepperlina: calls $3
*** TURN *** [7h Jc 2h] [9d]
GRAILKO: bets $6
Pepperlina: calls $6
*** RIVER *** [7h Jc 2h 9d] [Jd]
GRAILKO: bets $6
Pepperlina: calls $6
*** SHOW DOWN ***
GRAILKO: shows [Js 4c] (three of a kind, Jacks)
Pepperlina: mucks hand
GRAILKO collected $47.50 from pot
*** SUMMARY ***
Total pot $48 | Rake $0.50
Board [7h Jc 2h 9d Jd]
Seat 1: Pepperlina (button) (small blind) mucked
Seat 2: GRAILKO (big blind) showed [Js 4c] and won ($47.50) with three of a kind, Jacks


PokerStars Hand #167666174388:  Hold'em Limit ($3/$6 USD) - 2017/03/16 12:06:51 ET
Table 'Dione' 6-max Seat #2 is the button
Seat 1: Pepperlina ($32.38 in chips)
Seat 2: GRAILKO ($338.41 in chips)
GRAILKO: posts small blind $1
Pepperlina: posts big blind $3
*** HOLE CARDS ***
GRAILKO: folds
Uncalled bet ($2) returned to Pepperlina
Pepperlina collected $2 from pot
Pepperlina: doesn't show hand
*** SUMMARY ***
Total pot $2 | Rake $0
Seat 1: Pepperlina (big blind) collected ($2)
Seat 2: GRAILKO (button) (small blind) folded before Flop


PokerStars Hand #167666178528:  Hold'em Limit ($3/$6 USD) - 2017/03/16 12:06:57 ET
Table 'Dione' 6-max Seat #1 is the button
Seat 1: Pepperlina ($33.38 in chips)
Seat 2: GRAILKO ($337.41 in chips)
Pepperlina: posts small blind $1
GRAILKO: posts big blind $3
*** HOLE CARDS ***
Pepperlina: raises $3 to $6
GRAILKO: calls $3
*** FLOP *** [6c 8c 2d]
GRAILKO: checks
Pepperlina: bets $3
GRAILKO: calls $3
*** TURN *** [6c 8c 2d] [8d]
GRAILKO: checks
Pepperlina: bets $6
GRAILKO: calls $6
*** RIVER *** [6c 8c 2d 8d] [8h]
GRAILKO: checks
Pepperlina: bets $6
GRAILKO: calls $6
*** SHOW DOWN ***
Pepperlina: shows [Ad 8s] (four of a kind, Eights)
GRAILKO: mucks hand
Pepperlina collected $41.50 from pot
*** SUMMARY ***
Total pot $42 | Rake $0.50
Board [6c 8c 2d 8d 8h]
Seat 1: Pepperlina (button) (small blind) showed [Ad 8s] and won ($41.50) with four of a kind, Eights
Seat 2: GRAILKO (big blind) mucked


PokerStars Hand #167666194302:  Hold'em Limit ($3/$6 USD) - 2017/03/16 12:07:21 ET
Table 'Dione' 6-max Seat #2 is the button
Seat 1: Pepperlina ($53.88 in chips)
Seat 2: GRAILKO ($316.41 in chips)
GRAILKO: posts small blind $1
Pepperlina: posts big blind $3
*** HOLE CARDS ***
GRAILKO: raises $3 to $6
Pepperlina: calls $3
*** FLOP *** [2h 3d 3c]
Pepperlina: checks
GRAILKO: bets $3
Pepperlina: calls $3
*** TURN *** [2h 3d 3c] [2c]
Pepperlina: checks
keni3917 joins the table at seat #5
GRAILKO: bets $6
Pepperlina: raises $6 to $12
GRAILKO: calls $6
*** RIVER *** [2h 3d 3c 2c] [5d]
Pepperlina: bets $6
GRAILKO: calls $6
*** SHOW DOWN ***
Pepperlina: shows [Qh 7s] (two pair, Threes and Deuces)
GRAILKO: shows [Ad Tc] (two pair, Threes and Deuces - Ace kicker)
GRAILKO collected $53.50 from pot
*** SUMMARY ***
Total pot $54 | Rake $0.50
Board [2h 3d 3c 2c 5d]
Seat 1: Pepperlina (big blind) showed [Qh 7s] and lost with two pair, Threes and Deuces
Seat 2: GRAILKO (button) (small blind) showed [Ad Tc] and won ($53.50) with two pair, Threes and Deuces


PokerStars Hand #167666211881:  Hold'em Limit ($3/$6 USD) - 2017/03/16 12:07:48 ET
Table 'Dione' 6-max Seat #1 is the button
Seat 1: Pepperlina ($26.88 in chips)
Seat 2: GRAILKO ($342.91 in chips)
Pepperlina: posts small blind $1
GRAILKO: posts big blind $3
*** HOLE CARDS ***
Pepperlina: raises $3 to $6
GRAILKO: calls $3
*** FLOP *** [7c Th 7s]
GRAILKO: checks
Pepperlina: checks
*** TURN *** [7c Th 7s] [Qd]
GRAILKO: bets $6
Pepperlina: calls $6
*** RIVER *** [7c Th 7s Qd] [3h]
GRAILKO: bets $6
Pepperlina: calls $6
*** SHOW DOWN ***
GRAILKO: shows [7d 9c] (three of a kind, Sevens)
Pepperlina: mucks hand
GRAILKO collected $35.50 from pot
*** SUMMARY ***
Total pot $36 | Rake $0.50
Board [7c Th 7s Qd 3h]
Seat 1: Pepperlina (button) (small blind) mucked
Seat 2: GRAILKO (big blind) showed [7d 9c] and won ($35.50) with three of a kind, Sevens


PokerStars Hand #167666238162:  Hold'em Limit ($3/$6 USD) - 2017/03/16 12:08:28 ET
Table 'Dione' 6-max Seat #1 is the button
Seat 1: Pepperlina ($19.20 in chips)
Seat 5: keni3917 ($110.12 in chips)
Pepperlina: posts small blind $1
GRAILKO: is sitting out
keni3917: posts big blind $3
*** HOLE CARDS ***
Pepperlina: raises $3 to $6
keni3917: raises $3 to $9
Pepperlina: calls $3
*** FLOP *** [Ad 9d 4h]
GRAILKO leaves the table
keni3917: bets $3
Pepperlina: raises $3 to $6
keni3917: raises $3 to $9
Pepperlina: raises $1.20 to $10.20 and is all-in
Betting is capped
keni3917: calls $1.20
*** TURN *** [Ad 9d 4h] [8h]
*** RIVER *** [Ad 9d 4h 8h] [8s]
*** SHOW DOWN ***
keni3917: shows [Ac Js] (two pair, Aces and Eights)
Pepperlina: shows [7d 4d] (two pair, Eights and Fours)
keni3917 collected $37.90 from pot
*** SUMMARY ***
Total pot $38.40 | Rake $0.50
Board [Ad 9d 4h 8h 8s]
Seat 1: Pepperlina (button) (small blind) showed [7d 4d] and lost with two pair, Eights and Fours
Seat 5: keni3917 (big blind) showed [Ac Js] and won ($37.90) with two pair, Aces and Eights


