PokerStars Hand #170718850816:  Hold'em Limit ($3/$6 USD) - 2017/05/21 11:05:06 ET
Table 'Dione III' 6-max Seat #3 is the button
Seat 2: 19woody58 ($106.92 in chips)
Seat 3: vestimokrec ($119 in chips)
vestimokrec: posts small blind $1
19woody58: posts big blind $3
*** HOLE CARDS ***
vestimokrec: folds
Uncalled bet ($2) returned to 19woody58
19woody58 collected $2 from pot
*** SUMMARY ***
Total pot $2 | Rake $0
Seat 2: 19woody58 (big blind) collected ($2)
Seat 3: vestimokrec (button) (small blind) folded before Flop


PokerStars Hand #170718840824:  Hold'em Limit ($3/$6 USD) - 2017/05/21 11:04:53 ET
Table 'Dione III' 6-max Seat #2 is the button
Seat 2: 19woody58 ($103.92 in chips)
Seat 3: vestimokrec ($122 in chips)
19woody58: posts small blind $1
vestimokrec: posts big blind $3
*** HOLE CARDS ***
19woody58: raises $3 to $6
vestimokrec: folds
Uncalled bet ($3) returned to 19woody58
19woody58 collected $6 from pot
*** SUMMARY ***
Total pot $6 | Rake $0
Seat 2: 19woody58 (button) (small blind) collected ($6)
Seat 3: vestimokrec (big blind) folded before Flop


PokerStars Hand #170718853966:  Hold'em Limit ($3/$6 USD) - 2017/05/21 11:05:10 ET
Table 'Dione III' 6-max Seat #2 is the button
Seat 2: 19woody58 ($107.92 in chips)
Seat 3: vestimokrec ($118 in chips)
19woody58: posts small blind $1
vestimokrec: posts big blind $3
*** HOLE CARDS ***
19woody58: raises $3 to $6
vestimokrec: calls $3
*** FLOP *** [Jd 9d 7h]
vestimokrec: checks
19woody58: bets $3
Fantomet joins the table at seat #6
vestimokrec: folds
Uncalled bet ($3) returned to 19woody58
19woody58 collected $11.76 from pot
*** SUMMARY ***
Total pot $12 | Rake $0.24
Board [Jd 9d 7h]
Seat 2: 19woody58 (button) (small blind) collected ($11.76)
Seat 3: vestimokrec (big blind) folded on the Flop


PokerStars Hand #170718953969:  Hold'em Limit ($3/$6 USD) - 2017/05/21 11:07:17 ET
Table 'Dione III' 6-max Seat #3 is the button
Seat 2: 19woody58 ($92.68 in chips)
Seat 3: vestimokrec ($97 in chips)
vestimokrec: posts small blind $1
19woody58: posts big blind $3
*** HOLE CARDS ***
vestimokrec: raises $3 to $6
19woody58: raises $3 to $9
vestimokrec: calls $3
*** FLOP *** [As 6h Qd]
19woody58: bets $3
Fantomet leaves the table
vestimokrec: folds
Uncalled bet ($3) returned to 19woody58
19woody58 collected $17.64 from pot
*** SUMMARY ***
Total pot $18 | Rake $0.36
Board [As 6h Qd]
Seat 2: 19woody58 (big blind) collected ($17.64)
Seat 3: vestimokrec (button) (small blind) folded on the Flop


PokerStars Hand #170718966341:  Hold'em Limit ($3/$6 USD) - 2017/05/21 11:07:33 ET
Table 'Dione III' 6-max Seat #2 is the button
Seat 2: 19woody58 ($101.32 in chips)
Seat 3: vestimokrec ($88 in chips)
19woody58: posts small blind $1
vestimokrec: posts big blind $3
*** HOLE CARDS ***
19woody58: raises $3 to $6
vestimokrec: calls $3
*** FLOP *** [Ah 9d Qd]
vestimokrec: checks
19woody58: bets $3
vestimokrec: calls $3
*** TURN *** [Ah 9d Qd] [5d]
vestimokrec: checks
19woody58: checks
*** RIVER *** [Ah 9d Qd 5d] [Jd]
vestimokrec: bets $6
19woody58: folds
Uncalled bet ($6) returned to vestimokrec
vestimokrec collected $17.64 from pot
vestimokrec: doesn't show hand
*** SUMMARY ***
Total pot $18 | Rake $0.36
Board [Ah 9d Qd 5d Jd]
Seat 2: 19woody58 (button) (small blind) folded on the River
Seat 3: vestimokrec (big blind) collected ($17.64)


PokerStars Hand #170719022600:  Hold'em Limit ($3/$6 USD) - 2017/05/21 11:08:49 ET
Table 'Dione III' 6-max Seat #3 is the button
Seat 2: 19woody58 ($105.82 in chips)
Seat 3: vestimokrec ($82.64 in chips)
vestimokrec: posts small blind $1
19woody58: posts big blind $3
*** HOLE CARDS ***
vestimokrec: raises $3 to $6
19woody58: calls $3
*** FLOP *** [Jh 3h 6c]
19woody58: checks
vestimokrec: bets $3
19woody58: calls $3
*** TURN *** [Jh 3h 6c] [6s]
19woody58: checks
vestimokrec: checks
*** RIVER *** [Jh 3h 6c 6s] [Ts]
19woody58: checks
vestimokrec: checks
*** SHOW DOWN ***
19woody58: shows [Kh 2c] (a pair of Sixes)
vestimokrec: mucks hand
19woody58 collected $17.64 from pot
*** SUMMARY ***
Total pot $18 | Rake $0.36
Board [Jh 3h 6c 6s Ts]
Seat 2: 19woody58 (big blind) showed [Kh 2c] and won ($17.64) with a pair of Sixes
Seat 3: vestimokrec (button) (small blind) mucked


PokerStars Hand #170719019105:  Hold'em Limit ($3/$6 USD) - 2017/05/21 11:08:45 ET
Table 'Dione III' 6-max Seat #2 is the button
Seat 2: 19woody58 ($106.82 in chips)
Seat 3: vestimokrec ($81.64 in chips)
19woody58: posts small blind $1
vestimokrec: posts big blind $3
*** HOLE CARDS ***
19woody58: folds
Uncalled bet ($2) returned to vestimokrec
vestimokrec collected $2 from pot
vestimokrec: doesn't show hand
*** SUMMARY ***
Total pot $2 | Rake $0
Seat 2: 19woody58 (button) (small blind) folded before Flop
Seat 3: vestimokrec (big blind) collected ($2)


PokerStars Hand #170718998992:  Hold'em Limit ($3/$6 USD) - 2017/05/21 11:08:17 ET
Table 'Dione III' 6-max Seat #3 is the button
Seat 2: 19woody58 ($92.32 in chips)
Seat 3: vestimokrec ($96.64 in chips)
vestimokrec: posts small blind $1
19woody58: posts big blind $3
*** HOLE CARDS ***
vestimokrec: raises $3 to $6
19woody58: calls $3
*** FLOP *** [Jd 3d 9d]
19woody58: checks
vestimokrec: bets $3
19woody58: calls $3
*** TURN *** [Jd 3d 9d] [5s]
19woody58: checks
vestimokrec: bets $6
19woody58: calls $6
*** RIVER *** [Jd 3d 9d 5s] [8d]
19woody58: checks
vestimokrec: checks
*** SHOW DOWN ***
19woody58: shows [4c Qd] (a flush, Queen high)
vestimokrec: mucks hand
19woody58 collected $29.50 from pot
*** SUMMARY ***
Total pot $30 | Rake $0.50
Board [Jd 3d 9d 5s 8d]
Seat 2: 19woody58 (big blind) showed [4c Qd] and won ($29.50) with a flush, Queen high
Seat 3: vestimokrec (button) (small blind) mucked


PokerStars Hand #170719060492:  Hold'em Limit ($3/$6 USD) - 2017/05/21 11:09:40 ET
Table 'Dione III' 6-max Seat #2 is the button
Seat 2: 19woody58 ($114.46 in chips)
Seat 3: vestimokrec ($73.64 in chips)
19woody58: posts small blind $1
vestimokrec: posts big blind $3
*** HOLE CARDS ***
19woody58: folds
Uncalled bet ($2) returned to vestimokrec
vestimokrec collected $2 from pot
vestimokrec: doesn't show hand
*** SUMMARY ***
Total pot $2 | Rake $0
Seat 2: 19woody58 (button) (small blind) folded before Flop
Seat 3: vestimokrec (big blind) collected ($2)


PokerStars Hand #170719064260:  Hold'em Limit ($3/$6 USD) - 2017/05/21 11:09:45 ET
Table 'Dione III' 6-max Seat #3 is the button
Seat 2: 19woody58 ($113.46 in chips)
Seat 3: vestimokrec ($74.64 in chips)
vestimokrec: posts small blind $1
19woody58: posts big blind $3
*** HOLE CARDS ***
vestimokrec: raises $3 to $6
19woody58: calls $3
*** FLOP *** [2d 4s 8c]
19woody58: checks
vestimokrec: bets $3
19woody58: calls $3
*** TURN *** [2d 4s 8c] [6c]
19woody58: checks
vestimokrec: bets $6
19woody58: calls $6
*** RIVER *** [2d 4s 8c 6c] [As]
19woody58: checks
vestimokrec: bets $6
19woody58: folds
Uncalled bet ($6) returned to vestimokrec
vestimokrec collected $29.50 from pot
vestimokrec: doesn't show hand
*** SUMMARY ***
Total pot $30 | Rake $0.50
Board [2d 4s 8c 6c As]
Seat 2: 19woody58 (big blind) folded on the River
Seat 3: vestimokrec (button) (small blind) collected ($29.50)


PokerStars Hand #170719113937:  Hold'em Limit ($3/$6 USD) - 2017/05/21 11:10:52 ET
Table 'Dione III' 6-max Seat #3 is the button
Seat 2: 19woody58 ($112.96 in chips)
Seat 3: vestimokrec ($74.14 in chips)
vestimokrec: posts small blind $1
19woody58: posts big blind $3
*** HOLE CARDS ***
vestimokrec: raises $3 to $6
19woody58: folds
Uncalled bet ($3) returned to vestimokrec
vestimokrec collected $6 from pot
vestimokrec: doesn't show hand
*** SUMMARY ***
Total pot $6 | Rake $0
Seat 2: 19woody58 (big blind) folded before Flop
Seat 3: vestimokrec (button) (small blind) collected ($6)


PokerStars Hand #170719110326:  Hold'em Limit ($3/$6 USD) - 2017/05/21 11:10:47 ET
Table 'Dione III' 6-max Seat #2 is the button
Seat 2: 19woody58 ($113.96 in chips)
Seat 3: vestimokrec ($73.14 in chips)
19woody58: posts small blind $1
vestimokrec: posts big blind $3
*** HOLE CARDS ***
19woody58: folds
Uncalled bet ($2) returned to vestimokrec
vestimokrec collected $2 from pot
vestimokrec: doesn't show hand
*** SUMMARY ***
Total pot $2 | Rake $0
Seat 2: 19woody58 (button) (small blind) folded before Flop
Seat 3: vestimokrec (big blind) collected ($2)


PokerStars Hand #170719118329:  Hold'em Limit ($3/$6 USD) - 2017/05/21 11:10:58 ET
Table 'Dione III' 6-max Seat #2 is the button
Seat 2: 19woody58 ($109.96 in chips)
Seat 3: vestimokrec ($77.14 in chips)
19woody58: posts small blind $1
vestimokrec: posts big blind $3
*** HOLE CARDS ***
19woody58: raises $3 to $6
vestimokrec: folds
Uncalled bet ($3) returned to 19woody58
19woody58 collected $6 from pot
*** SUMMARY ***
Total pot $6 | Rake $0
Seat 2: 19woody58 (button) (small blind) collected ($6)
Seat 3: vestimokrec (big blind) folded before Flop


PokerStars Hand #170719107292:  Hold'em Limit ($3/$6 USD) - 2017/05/21 11:10:43 ET
Table 'Dione III' 6-max Seat #3 is the button
Seat 2: 19woody58 ($112.96 in chips)
Seat 3: vestimokrec ($74.14 in chips)
vestimokrec: posts small blind $1
19woody58: posts big blind $3
*** HOLE CARDS ***
vestimokrec: folds
Uncalled bet ($2) returned to 19woody58
19woody58 collected $2 from pot
*** SUMMARY ***
Total pot $2 | Rake $0
Seat 2: 19woody58 (big blind) collected ($2)
Seat 3: vestimokrec (button) (small blind) folded before Flop


PokerStars Hand #170719089309:  Hold'em Limit ($3/$6 USD) - 2017/05/21 11:10:19 ET
Table 'Dione III' 6-max Seat #2 is the button
Seat 2: 19woody58 ($98.46 in chips)
Seat 3: vestimokrec ($89.14 in chips)
19woody58: posts small blind $1
vestimokrec: posts big blind $3
*** HOLE CARDS ***
19woody58: raises $3 to $6
vestimokrec: calls $3
*** FLOP *** [8s 3c 5d]
vestimokrec: checks
19woody58: bets $3
vestimokrec: calls $3
*** TURN *** [8s 3c 5d] [4d]
vestimokrec: checks
19woody58: bets $6
vestimokrec: calls $6
*** RIVER *** [8s 3c 5d 4d] [Ac]
vestimokrec: checks
19woody58: checks
*** SHOW DOWN ***
vestimokrec: shows [3s 7h] (a pair of Threes)
19woody58: shows [8d Qh] (a pair of Eights)
19woody58 collected $29.50 from pot
*** SUMMARY ***
Total pot $30 | Rake $0.50
Board [8s 3c 5d 4d Ac]
Seat 2: 19woody58 (button) (small blind) showed [8d Qh] and won ($29.50) with a pair of Eights
Seat 3: vestimokrec (big blind) showed [3s 7h] and lost with a pair of Threes


PokerStars Hand #170719124031:  Hold'em Limit ($3/$6 USD) - 2017/05/21 11:11:05 ET
Table 'Dione III' 6-max Seat #3 is the button
Seat 2: 19woody58 ($112.96 in chips)
Seat 3: vestimokrec ($74.14 in chips)
vestimokrec: posts small blind $1
19woody58: posts big blind $3
*** HOLE CARDS ***
vestimokrec: raises $3 to $6
19woody58: calls $3
*** FLOP *** [Js 8c Kh]
19woody58: checks
vestimokrec: bets $3
19woody58: calls $3
*** TURN *** [Js 8c Kh] [Ks]
19woody58: checks
vestimokrec: bets $6
19woody58: folds
Uncalled bet ($6) returned to vestimokrec
vestimokrec collected $17.64 from pot
vestimokrec: doesn't show hand
*** SUMMARY ***
Total pot $18 | Rake $0.36
Board [Js 8c Kh Ks]
Seat 2: 19woody58 (big blind) folded on the Turn
Seat 3: vestimokrec (button) (small blind) collected ($17.64)


PokerStars Hand #170719166739:  Hold'em Limit ($3/$6 USD) - 2017/05/21 11:12:02 ET
Table 'Dione III' 6-max Seat #2 is the button
Seat 2: 19woody58 ($91.96 in chips)
Seat 3: vestimokrec ($94.42 in chips)
19woody58: posts small blind $1
vestimokrec: posts big blind $3
*** HOLE CARDS ***
19woody58: raises $3 to $6
vestimokrec: calls $3
*** FLOP *** [8c Ad 5s]
vestimokrec: checks
19woody58: bets $3
vestimokrec: calls $3
*** TURN *** [8c Ad 5s] [7d]
vestimokrec: checks
Anchig joins the table at seat #4
19woody58: bets $6
vestimokrec: calls $6
*** RIVER *** [8c Ad 5s 7d] [2h]
vestimokrec: checks
19woody58: bets $6
vestimokrec: calls $6
*** SHOW DOWN ***
19woody58: shows [Ah Qs] (a pair of Aces)
vestimokrec: mucks hand
19woody58 collected $41.50 from pot
*** SUMMARY ***
Total pot $42 | Rake $0.50
Board [8c Ad 5s 7d 2h]
Seat 2: 19woody58 (button) (small blind) showed [Ah Qs] and won ($41.50) with a pair of Aces
Seat 3: vestimokrec (big blind) mucked


PokerStars Hand #170719162777:  Hold'em Limit ($3/$6 USD) - 2017/05/21 11:11:57 ET
Table 'Dione III' 6-max Seat #3 is the button
Seat 2: 19woody58 ($94.96 in chips)
Seat 3: vestimokrec ($91.42 in chips)
vestimokrec: posts small blind $1
19woody58: posts big blind $3
*** HOLE CARDS ***
vestimokrec: raises $3 to $6
19woody58: folds
Uncalled bet ($3) returned to vestimokrec
vestimokrec collected $6 from pot
vestimokrec: doesn't show hand
*** SUMMARY ***
Total pot $6 | Rake $0
Seat 2: 19woody58 (big blind) folded before Flop
Seat 3: vestimokrec (button) (small blind) collected ($6)


PokerStars Hand #170719144561:  Hold'em Limit ($3/$6 USD) - 2017/05/21 11:11:33 ET
Table 'Dione III' 6-max Seat #2 is the button
Seat 2: 19woody58 ($103.96 in chips)
Seat 3: vestimokrec ($82.78 in chips)
19woody58: posts small blind $1
vestimokrec: posts big blind $3
*** HOLE CARDS ***
19woody58: raises $3 to $6
vestimokrec: calls $3
*** FLOP *** [5d Jd 3d]
vestimokrec: checks
19woody58: bets $3
vestimokrec: raises $3 to $6
19woody58: folds
Uncalled bet ($3) returned to vestimokrec
vestimokrec collected $17.64 from pot
vestimokrec: doesn't show hand
*** SUMMARY ***
Total pot $18 | Rake $0.36
Board [5d Jd 3d]
Seat 2: 19woody58 (button) (small blind) folded on the Flop
Seat 3: vestimokrec (big blind) collected ($17.64)


PokerStars Hand #170720780162:  Hold'em Limit ($3/$6 USD) - 2017/05/21 11:47:51 ET
Table 'Dione III' 6-max Seat #6 is the button
Seat 1: ogdealer ($219.16 in chips)
Seat 6: HAL9QQQ ($206.17 in chips)
HAL9QQQ: posts small blind $1
ogdealer: posts big blind $3
*** HOLE CARDS ***
HAL9QQQ: raises $3 to $6
ogdealer: folds
Uncalled bet ($3) returned to HAL9QQQ
HAL9QQQ collected $6 from pot
HAL9QQQ: doesn't show hand
*** SUMMARY ***
Total pot $6 | Rake $0
Seat 1: ogdealer (big blind) folded before Flop
Seat 6: HAL9QQQ (button) (small blind) collected ($6)


PokerStars Hand #170720759329:  Hold'em Limit ($3/$6 USD) - 2017/05/21 11:47:24 ET
Table 'Dione III' 6-max Seat #1 is the button
Seat 1: ogdealer ($204.66 in chips)
Seat 6: HAL9QQQ ($221.17 in chips)
ogdealer: posts small blind $1
HAL9QQQ: posts big blind $3
*** HOLE CARDS ***
ogdealer: calls $2
HAL9QQQ: raises $3 to $6
ogdealer: calls $3
*** FLOP *** [As Kc 6d]
HAL9QQQ: bets $3
ogdealer: calls $3
*** TURN *** [As Kc 6d] [8s]
vestimokrec joins the table at seat #2
HAL9QQQ: checks
ogdealer: checks
*** RIVER *** [As Kc 6d 8s] [4h]
HAL9QQQ: bets $6
ogdealer: calls $6
*** SHOW DOWN ***
HAL9QQQ: shows [Th Jh] (high card Ace)
ogdealer: shows [Ks Qc] (a pair of Kings)
ogdealer collected $29.50 from pot
*** SUMMARY ***
Total pot $30 | Rake $0.50
Board [As Kc 6d 8s 4h]
Seat 1: ogdealer (button) (small blind) showed [Ks Qc] and won ($29.50) with a pair of Kings
Seat 6: HAL9QQQ (big blind) showed [Th Jh] and lost with high card Ace


