PokerStars Hand #158319201642:  Hold'em Limit ($3/$6 USD) - 2016/09/08 6:02:18 ET
Table 'Dione II' 10-max Seat #5 is the button
Seat 5: simper11 ($120 in chips)
Seat 6: buddhasway ($84.41 in chips)
simper11: posts small blind $1
buddhasway: posts big blind $3
*** HOLE CARDS ***
simper11: raises $3 to $6
buddhasway: folds
Uncalled bet ($3) returned to simper11
simper11 collected $6 from pot
simper11: doesn't show hand
*** SUMMARY ***
Total pot $6 | Rake $0
Seat 5: simper11 (button) (small blind) collected ($6)
Seat 6: buddhasway (big blind) folded before Flop


PokerStars Hand #158319189740:  Hold'em Limit ($3/$6 USD) - 2016/09/08 6:01:47 ET
Table 'Dione II' 10-max Seat #6 is the button
Seat 5: simper11 ($120 in chips)
Seat 6: buddhasway ($63.91 in chips)
buddhasway: posts small blind $1
simper11: posts big blind $3
*** HOLE CARDS ***
VolkovDmitri joins the table at seat #7
buddhasway: calls $2
simper11: checks
*** FLOP *** [6c 8s 2c]
simper11: bets $3
buddhasway: raises $3 to $6
simper11: calls $3
*** TURN *** [6c 8s 2c] [6s]
simper11: checks
buddhasway: bets $6
simper11: calls $6
*** RIVER *** [6c 8s 2c 6s] [7d]
simper11: checks
buddhasway: bets $6
simper11: calls $6
*** SHOW DOWN ***
buddhasway: shows [8d 9c] (two pair, Eights and Sixes)
simper11: mucks hand
buddhasway collected $41.50 from pot
*** SUMMARY ***
Total pot $42 | Rake $0.50
Board [6c 8s 2c 6s 7d]
Seat 5: simper11 (big blind) mucked
Seat 6: buddhasway (button) (small blind) showed [8d 9c] and won ($41.50) with two pair, Eights and Sixes


PokerStars Hand #158319662878:  Hold'em Limit ($3/$6 USD) - 2016/09/08 6:21:56 ET
Table 'Dione II' 10-max Seat #5 is the button
Seat 5: simper11 ($164.43 in chips)
Seat 7: VolkovDmitri ($175.32 in chips)
simper11: posts small blind $1
buddhasway has timed out while being disconnected
buddhasway: is sitting out
VolkovDmitri: posts big blind $3
*** HOLE CARDS ***
simper11: folds
Uncalled bet ($2) returned to VolkovDmitri
buddhasway is disconnected
VolkovDmitri collected $2 from pot
VolkovDmitri: doesn't show hand
*** SUMMARY ***
Total pot $2 | Rake $0
Seat 5: simper11 (button) (small blind) folded before Flop
Seat 7: VolkovDmitri (big blind) collected ($2)


PokerStars Hand #158319675175:  Hold'em Limit ($3/$6 USD) - 2016/09/08 6:22:27 ET
Table 'Dione II' 10-max Seat #7 is the button
Seat 5: simper11 ($163.43 in chips)
Seat 7: VolkovDmitri ($176.32 in chips)
VolkovDmitri: posts small blind $1
simper11: posts big blind $3
*** HOLE CARDS ***
VolkovDmitri: raises $3 to $6
simper11: folds
Uncalled bet ($3) returned to VolkovDmitri
VolkovDmitri collected $6 from pot
VolkovDmitri: doesn't show hand
*** SUMMARY ***
Total pot $6 | Rake $0
Seat 5: simper11 (big blind) folded before Flop
Seat 7: VolkovDmitri (button) (small blind) collected ($6)


PokerStars Hand #158319690217:  Hold'em Limit ($3/$6 USD) - 2016/09/08 6:23:04 ET
Table 'Dione II' 10-max Seat #5 is the button
Seat 5: simper11 ($160.43 in chips)
Seat 6: buddhasway ($58.59 in chips)
simper11: posts small blind $1
buddhasway: posts big blind $3
*** HOLE CARDS ***
simper11: raises $3 to $6
buddhasway: calls $3
*** FLOP *** [Ts 7c Qh]
buddhasway: checks
simper11: bets $3
buddhasway: calls $3
*** TURN *** [Ts 7c Qh] [5c]
buddhasway: checks
simper11: bets $6
buddhasway: calls $6
*** RIVER *** [Ts 7c Qh 5c] [7h]
buddhasway: checks
simper11: bets $6
buddhasway: folds
Uncalled bet ($6) returned to simper11
simper11 collected $29.50 from pot
simper11: doesn't show hand
*** SUMMARY ***
Total pot $30 | Rake $0.50
Board [Ts 7c Qh 5c 7h]
Seat 5: simper11 (button) (small blind) collected ($29.50)
Seat 6: buddhasway (big blind) folded on the River


PokerStars Hand #158319698478:  Hold'em Limit ($3/$6 USD) - 2016/09/08 6:23:24 ET
Table 'Dione II' 10-max Seat #6 is the button
Seat 5: simper11 ($174.93 in chips)
Seat 6: buddhasway ($43.59 in chips)
buddhasway: posts small blind $1
simper11: posts big blind $3
*** HOLE CARDS ***
buddhasway: folds
Uncalled bet ($2) returned to simper11
simper11 collected $2 from pot
simper11: doesn't show hand
*** SUMMARY ***
Total pot $2 | Rake $0
Seat 5: simper11 (big blind) collected ($2)
Seat 6: buddhasway (button) (small blind) folded before Flop


PokerStars Hand #158319700614:  Hold'em Limit ($3/$6 USD) - 2016/09/08 6:23:30 ET
Table 'Dione II' 10-max Seat #5 is the button
Seat 5: simper11 ($175.93 in chips)
Seat 6: buddhasway ($42.59 in chips)
simper11: posts small blind $1
buddhasway: posts big blind $3
*** HOLE CARDS ***
simper11: raises $3 to $6
buddhasway: raises $3 to $9
simper11: calls $3
*** FLOP *** [2h Ah 9d]
buddhasway: bets $3
simper11: calls $3
*** TURN *** [2h Ah 9d] [Ad]
buddhasway: bets $6
simper11: calls $6
*** RIVER *** [2h Ah 9d Ad] [3d]
buddhasway: bets $6
simper11: calls $6
*** SHOW DOWN ***
buddhasway: shows [9h Kh] (two pair, Aces and Nines)
simper11: mucks hand
buddhasway collected $47.50 from pot
*** SUMMARY ***
Total pot $48 | Rake $0.50
Board [2h Ah 9d Ad 3d]
Seat 5: simper11 (button) (small blind) mucked
Seat 6: buddhasway (big blind) showed [9h Kh] and won ($47.50) with two pair, Aces and Nines


PokerStars Hand #158319706599:  Hold'em Limit ($3/$6 USD) - 2016/09/08 6:23:44 ET
Table 'Dione II' 10-max Seat #6 is the button
Seat 5: simper11 ($151.93 in chips)
Seat 6: buddhasway ($66.09 in chips)
buddhasway: posts small blind $1
simper11: posts big blind $3
*** HOLE CARDS ***
buddhasway: raises $3 to $6
simper11: calls $3
*** FLOP *** [Kc 5d 3c]
simper11: checks
buddhasway: checks
*** TURN *** [Kc 5d 3c] [Tc]
simper11: checks
buddhasway: bets $6
simper11: folds
Uncalled bet ($6) returned to buddhasway
buddhasway collected $11.76 from pot
buddhasway: doesn't show hand
*** SUMMARY ***
Total pot $12 | Rake $0.24
Board [Kc 5d 3c Tc]
Seat 5: simper11 (big blind) folded on the Turn
Seat 6: buddhasway (button) (small blind) collected ($11.76)


PokerStars Hand #158319711287:  Hold'em Limit ($3/$6 USD) - 2016/09/08 6:23:56 ET
Table 'Dione II' 10-max Seat #5 is the button
Seat 5: simper11 ($145.93 in chips)
Seat 6: buddhasway ($71.85 in chips)
simper11: posts small blind $1
buddhasway: posts big blind $3
*** HOLE CARDS ***
simper11: raises $3 to $6
buddhasway: calls $3
*** FLOP *** [2d 5c As]
buddhasway: checks
simper11: bets $3
buddhasway: calls $3
*** TURN *** [2d 5c As] [5h]
buddhasway: checks
simper11: bets $6
buddhasway: folds
Uncalled bet ($6) returned to simper11
simper11 collected $17.64 from pot
simper11: doesn't show hand
*** SUMMARY ***
Total pot $18 | Rake $0.36
Board [2d 5c As 5h]
Seat 5: simper11 (button) (small blind) collected ($17.64)
Seat 6: buddhasway (big blind) folded on the Turn


PokerStars Hand #158319717918:  Hold'em Limit ($3/$6 USD) - 2016/09/08 6:24:13 ET
Table 'Dione II' 10-max Seat #6 is the button
Seat 5: simper11 ($154.57 in chips)
Seat 6: buddhasway ($62.85 in chips)
buddhasway: posts small blind $1
simper11: posts big blind $3
*** HOLE CARDS ***
buddhasway: folds
Uncalled bet ($2) returned to simper11
simper11 collected $2 from pot
simper11: doesn't show hand
*** SUMMARY ***
Total pot $2 | Rake $0
Seat 5: simper11 (big blind) collected ($2)
Seat 6: buddhasway (button) (small blind) folded before Flop


PokerStars Hand #158319719919:  Hold'em Limit ($3/$6 USD) - 2016/09/08 6:24:18 ET
Table 'Dione II' 10-max Seat #5 is the button
Seat 5: simper11 ($155.57 in chips)
Seat 6: buddhasway ($61.85 in chips)
simper11: posts small blind $1
buddhasway: posts big blind $3
*** HOLE CARDS ***
simper11: raises $3 to $6
buddhasway: calls $3
*** FLOP *** [Td 4c 2s]
buddhasway: checks
simper11: checks
*** TURN *** [Td 4c 2s] [Th]
buddhasway: checks
simper11: checks
*** RIVER *** [Td 4c 2s Th] [3d]
buddhasway: checks
simper11: checks
*** SHOW DOWN ***
buddhasway: shows [9c Jh] (a pair of Tens)
simper11: mucks hand
buddhasway collected $11.76 from pot
*** SUMMARY ***
Total pot $12 | Rake $0.24
Board [Td 4c 2s Th 3d]
Seat 5: simper11 (button) (small blind) mucked
Seat 6: buddhasway (big blind) showed [9c Jh] and won ($11.76) with a pair of Tens


PokerStars Hand #158319732377:  Hold'em Limit ($3/$6 USD) - 2016/09/08 6:24:48 ET
Table 'Dione II' 10-max Seat #5 is the button
Seat 5: simper11 ($152.45 in chips)
Seat 6: buddhasway ($64.61 in chips)
simper11: posts small blind $1
buddhasway: posts big blind $3
*** HOLE CARDS ***
simper11: raises $3 to $6
buddhasway: folds
Uncalled bet ($3) returned to simper11
GRAILKO joins the table at seat #7
simper11 collected $6 from pot
simper11: doesn't show hand
*** SUMMARY ***
Total pot $6 | Rake $0
Seat 5: simper11 (button) (small blind) collected ($6)
Seat 6: buddhasway (big blind) folded before Flop


PokerStars Hand #158319727314:  Hold'em Limit ($3/$6 USD) - 2016/09/08 6:24:36 ET
Table 'Dione II' 10-max Seat #6 is the button
Seat 5: simper11 ($149.57 in chips)
Seat 6: buddhasway ($67.61 in chips)
buddhasway: posts small blind $1
simper11: posts big blind $3
*** HOLE CARDS ***
buddhasway: calls $2
simper11: checks
*** FLOP *** [2d 5s 2h]
simper11: checks
buddhasway: checks
*** TURN *** [2d 5s 2h] [7d]
simper11: bets $6
buddhasway: folds
Uncalled bet ($6) returned to simper11
simper11 collected $5.88 from pot
simper11: doesn't show hand
*** SUMMARY ***
Total pot $6 | Rake $0.12
Board [2d 5s 2h 7d]
Seat 5: simper11 (big blind) collected ($5.88)
Seat 6: buddhasway (button) (small blind) folded on the Turn


PokerStars Hand #158319823173:  Hold'em Limit ($3/$6 USD) - 2016/09/08 6:28:31 ET
Table 'Dione II' 10-max Seat #7 is the button
Seat 6: buddhasway ($80 in chips)
Seat 7: GRAILKO ($149.07 in chips)
GRAILKO: posts small blind $1
HAL9QQQ: is sitting out
buddhasway: posts big blind $3
*** HOLE CARDS ***
GRAILKO: raises $3 to $6
buddhasway: raises $3 to $9
GRAILKO: calls $3
*** FLOP *** [8h 2s 6h]
buddhasway: bets $3
GRAILKO: calls $3
*** TURN *** [8h 2s 6h] [4c]
buddhasway: bets $6
GRAILKO: calls $6
*** RIVER *** [8h 2s 6h 4c] [9d]
buddhasway: checks
GRAILKO: checks
*** SHOW DOWN ***
buddhasway: shows [7h Ah] (high card Ace)
GRAILKO: mucks hand
buddhasway collected $35.50 from pot
*** SUMMARY ***
Total pot $36 | Rake $0.50
Board [8h 2s 6h 4c 9d]
Seat 6: buddhasway (big blind) showed [7h Ah] and won ($35.50) with high card Ace
Seat 7: GRAILKO (button) (small blind) mucked


PokerStars Hand #158319839182:  Hold'em Limit ($3/$6 USD) - 2016/09/08 6:29:11 ET
Table 'Dione II' 10-max Seat #6 is the button
Seat 6: buddhasway ($97.50 in chips)
Seat 7: GRAILKO ($131.07 in chips)
buddhasway: posts small blind $1
GRAILKO: posts big blind $3
*** HOLE CARDS ***
buddhasway: raises $3 to $6
GRAILKO: folds
Uncalled bet ($3) returned to buddhasway
buddhasway collected $6 from pot
*** SUMMARY ***
Total pot $6 | Rake $0
Seat 6: buddhasway (button) (small blind) collected ($6)
Seat 7: GRAILKO (big blind) folded before Flop


PokerStars Hand #158319842559:  Hold'em Limit ($3/$6 USD) - 2016/09/08 6:29:19 ET
Table 'Dione II' 10-max Seat #7 is the button
Seat 6: buddhasway ($100.50 in chips)
Seat 7: GRAILKO ($128.07 in chips)
GRAILKO: posts small blind $1
buddhasway: posts big blind $3
*** HOLE CARDS ***
GRAILKO: raises $3 to $6
buddhasway: calls $3
*** FLOP *** [Th Kh 7s]
buddhasway: checks
GRAILKO: bets $3
buddhasway: folds
Uncalled bet ($3) returned to GRAILKO
GRAILKO collected $11.76 from pot
GRAILKO: doesn't show hand
*** SUMMARY ***
Total pot $12 | Rake $0.24
Board [Th Kh 7s]
Seat 6: buddhasway (big blind) folded on the Flop
Seat 7: GRAILKO (button) (small blind) collected ($11.76)


PokerStars Hand #158319858265:  Hold'em Limit ($3/$6 USD) - 2016/09/08 6:29:58 ET
Table 'Dione II' 10-max Seat #6 is the button
Seat 6: buddhasway ($80.50 in chips)
Seat 7: GRAILKO ($147.33 in chips)
buddhasway: posts small blind $1
GRAILKO: posts big blind $3
*** HOLE CARDS ***
buddhasway: raises $3 to $6
GRAILKO: raises $3 to $9
buddhasway: calls $3
*** FLOP *** [9s 7d 8s]
GRAILKO: bets $3
buddhasway: calls $3
*** TURN *** [9s 7d 8s] [5s]
GRAILKO: checks
buddhasway: bets $6
GRAILKO: calls $6
*** RIVER *** [9s 7d 8s 5s] [Ad]
GRAILKO: checks
buddhasway: bets $6
GRAILKO: calls $6
*** SHOW DOWN ***
buddhasway: shows [8c 8d] (three of a kind, Eights)
GRAILKO: mucks hand
buddhasway collected $47.50 from pot
*** SUMMARY ***
Total pot $48 | Rake $0.50
Board [9s 7d 8s 5s Ad]
Seat 6: buddhasway (button) (small blind) showed [8c 8d] and won ($47.50) with three of a kind, Eights
Seat 7: GRAILKO (big blind) mucked


PokerStars Hand #158319855824:  Hold'em Limit ($3/$6 USD) - 2016/09/08 6:29:52 ET
Table 'Dione II' 10-max Seat #7 is the button
Seat 6: buddhasway ($79.50 in chips)
Seat 7: GRAILKO ($148.33 in chips)
GRAILKO: posts small blind $1
buddhasway: posts big blind $3
*** HOLE CARDS ***
GRAILKO: folds
Uncalled bet ($2) returned to buddhasway
buddhasway collected $2 from pot
buddhasway: doesn't show hand
*** SUMMARY ***
Total pot $2 | Rake $0
Seat 6: buddhasway (big blind) collected ($2)
Seat 7: GRAILKO (button) (small blind) folded before Flop


PokerStars Hand #158319847151:  Hold'em Limit ($3/$6 USD) - 2016/09/08 6:29:30 ET
Table 'Dione II' 10-max Seat #6 is the button
Seat 6: buddhasway ($94.50 in chips)
Seat 7: GRAILKO ($133.83 in chips)
buddhasway: posts small blind $1
GRAILKO: posts big blind $3
*** HOLE CARDS ***
buddhasway: raises $3 to $6
GRAILKO: calls $3
*** FLOP *** [8h 9d Qc]
GRAILKO: checks
buddhasway: bets $3
GRAILKO: calls $3
*** TURN *** [8h 9d Qc] [3h]
GRAILKO: checks
buddhasway: bets $6
GRAILKO: calls $6
*** RIVER *** [8h 9d Qc 3h] [2s]
GRAILKO: checks
buddhasway: checks
*** SHOW DOWN ***
GRAILKO: shows [8c 2c] (two pair, Eights and Deuces)
buddhasway: mucks hand
GRAILKO collected $29.50 from pot
*** SUMMARY ***
Total pot $30 | Rake $0.50
Board [8h 9d Qc 3h 2s]
Seat 6: buddhasway (button) (small blind) mucked
Seat 7: GRAILKO (big blind) showed [8c 2c] and won ($29.50) with two pair, Eights and Deuces


PokerStars Hand #158319884196:  Hold'em Limit ($3/$6 USD) - 2016/09/08 6:31:01 ET
Table 'Dione II' 10-max Seat #6 is the button
Seat 6: buddhasway ($111.50 in chips)
Seat 7: GRAILKO ($115.09 in chips)
buddhasway: posts small blind $1
GRAILKO: posts big blind $3
*** HOLE CARDS ***
buddhasway: calls $2
GRAILKO: raises $3 to $6
buddhasway: calls $3
*** FLOP *** [4h 5d 4s]
GRAILKO: bets $3
buddhasway: raises $3 to $6
GRAILKO: calls $3
*** TURN *** [4h 5d 4s] [8d]
GRAILKO: checks
buddhasway: bets $6
GRAILKO: folds
Uncalled bet ($6) returned to buddhasway
buddhasway collected $23.52 from pot
buddhasway: doesn't show hand
*** SUMMARY ***
Total pot $24 | Rake $0.48
Board [4h 5d 4s 8d]
Seat 6: buddhasway (button) (small blind) collected ($23.52)
Seat 7: GRAILKO (big blind) folded on the Turn


PokerStars Hand #158319878473:  Hold'em Limit ($3/$6 USD) - 2016/09/08 6:30:47 ET
Table 'Dione II' 10-max Seat #7 is the button
Seat 6: buddhasway ($117.50 in chips)
Seat 7: GRAILKO ($109.33 in chips)
GRAILKO: posts small blind $1
buddhasway: posts big blind $3
*** HOLE CARDS ***
GRAILKO: raises $3 to $6
buddhasway: calls $3
*** FLOP *** [5c 6s Kd]
buddhasway: checks
GRAILKO: bets $3
buddhasway: folds
Uncalled bet ($3) returned to GRAILKO
GRAILKO collected $11.76 from pot
GRAILKO: doesn't show hand
*** SUMMARY ***
Total pot $12 | Rake $0.24
Board [5c 6s Kd]
Seat 6: buddhasway (big blind) folded on the Flop
Seat 7: GRAILKO (button) (small blind) collected ($11.76)


PokerStars Hand #158319875977:  Hold'em Limit ($3/$6 USD) - 2016/09/08 6:30:41 ET
Table 'Dione II' 10-max Seat #6 is the button
Seat 6: buddhasway ($118.50 in chips)
Seat 7: GRAILKO ($108.33 in chips)
buddhasway: posts small blind $1
GRAILKO: posts big blind $3
*** HOLE CARDS ***
buddhasway: folds
Uncalled bet ($2) returned to GRAILKO
GRAILKO collected $2 from pot
GRAILKO: doesn't show hand
*** SUMMARY ***
Total pot $2 | Rake $0
Seat 6: buddhasway (button) (small blind) folded before Flop
Seat 7: GRAILKO (big blind) collected ($2)


PokerStars Hand #158319867527:  Hold'em Limit ($3/$6 USD) - 2016/09/08 6:30:20 ET
Table 'Dione II' 10-max Seat #7 is the button
Seat 6: buddhasway ($104 in chips)
Seat 7: GRAILKO ($123.33 in chips)
GRAILKO: posts small blind $1
buddhasway: posts big blind $3
*** HOLE CARDS ***
GRAILKO: raises $3 to $6
buddhasway: calls $3
*** FLOP *** [9c Qc Jd]
buddhasway: checks
GRAILKO: bets $3
buddhasway: calls $3
*** TURN *** [9c Qc Jd] [Tc]
buddhasway: checks
GRAILKO: checks
*** RIVER *** [9c Qc Jd Tc] [Jc]
buddhasway: checks
GRAILKO: bets $6
buddhasway: calls $6
*** SHOW DOWN ***
GRAILKO: shows [6d 2d] (a pair of Jacks)
buddhasway: shows [Kd 6h] (a straight, Nine to King)
buddhasway collected $29.50 from pot
*** SUMMARY ***
Total pot $30 | Rake $0.50
Board [9c Qc Jd Tc Jc]
Seat 6: buddhasway (big blind) showed [Kd 6h] and won ($29.50) with a straight, Nine to King
Seat 7: GRAILKO (button) (small blind) showed [6d 2d] and lost with a pair of Jacks


PokerStars Hand #158319909444:  Hold'em Limit ($3/$6 USD) - 2016/09/08 6:32:02 ET
Table 'Dione II' 10-max Seat #6 is the button
Seat 6: buddhasway ($114.66 in chips)
Seat 7: GRAILKO ($110.59 in chips)
buddhasway: posts small blind $1
GRAILKO: posts big blind $3
*** HOLE CARDS ***
buddhasway: raises $3 to $6
GRAILKO: calls $3
*** FLOP *** [4s 5h Jc]
GRAILKO: checks
buddhasway: checks
*** TURN *** [4s 5h Jc] [Kh]
GRAILKO: checks
buddhasway: checks
*** RIVER *** [4s 5h Jc Kh] [7d]
GRAILKO: checks
buddhasway: bets $6
GRAILKO: folds
Uncalled bet ($6) returned to buddhasway
buddhasway collected $11.76 from pot
buddhasway: doesn't show hand
*** SUMMARY ***
Total pot $12 | Rake $0.24
Board [4s 5h Jc Kh 7d]
Seat 6: buddhasway (button) (small blind) collected ($11.76)
Seat 7: GRAILKO (big blind) folded on the River


PokerStars Hand #158319907350:  Hold'em Limit ($3/$6 USD) - 2016/09/08 6:31:57 ET
Table 'Dione II' 10-max Seat #7 is the button
Seat 6: buddhasway ($113.66 in chips)
Seat 7: GRAILKO ($111.59 in chips)
GRAILKO: posts small blind $1
buddhasway: posts big blind $3
*** HOLE CARDS ***
GRAILKO: folds
Uncalled bet ($2) returned to buddhasway
buddhasway collected $2 from pot
buddhasway: doesn't show hand
*** SUMMARY ***
Total pot $2 | Rake $0
Seat 6: buddhasway (big blind) collected ($2)
Seat 7: GRAILKO (button) (small blind) folded before Flop


PokerStars Hand #158319900423:  Hold'em Limit ($3/$6 USD) - 2016/09/08 6:31:40 ET
Table 'Dione II' 10-max Seat #6 is the button
Seat 6: buddhasway ($131.66 in chips)
Seat 7: GRAILKO ($94.09 in chips)
buddhasway: posts small blind $1
GRAILKO: posts big blind $3
*** HOLE CARDS ***
buddhasway: raises $3 to $6
GRAILKO: calls $3
*** FLOP *** [5d 4h Jh]
GRAILKO: checks
buddhasway: checks
*** TURN *** [5d 4h Jh] [Ts]
GRAILKO: bets $6
buddhasway: calls $6
*** RIVER *** [5d 4h Jh Ts] [9s]
GRAILKO: bets $6
buddhasway: calls $6
*** SHOW DOWN ***
GRAILKO: shows [Kc 9h] (a pair of Nines)
buddhasway: mucks hand
GRAILKO collected $35.50 from pot
*** SUMMARY ***
Total pot $36 | Rake $0.50
Board [5d 4h Jh Ts 9s]
Seat 6: buddhasway (button) (small blind) mucked
Seat 7: GRAILKO (big blind) showed [Kc 9h] and won ($35.50) with a pair of Nines


PokerStars Hand #158319894197:  Hold'em Limit ($3/$6 USD) - 2016/09/08 6:31:25 ET
Table 'Dione II' 10-max Seat #7 is the button
Seat 6: buddhasway ($123.02 in chips)
Seat 7: GRAILKO ($103.09 in chips)
GRAILKO: posts small blind $1
buddhasway: posts big blind $3
*** HOLE CARDS ***
GRAILKO: raises $3 to $6
buddhasway: raises $3 to $9
GRAILKO: calls $3
*** FLOP *** [Ts Th 2d]
buddhasway: checks
GRAILKO: checks
*** TURN *** [Ts Th 2d] [Jh]
buddhasway: bets $6
GRAILKO: folds
Uncalled bet ($6) returned to buddhasway
buddhasway collected $17.64 from pot
buddhasway: doesn't show hand
*** SUMMARY ***
Total pot $18 | Rake $0.36
Board [Ts Th 2d Jh]
Seat 6: buddhasway (big blind) collected ($17.64)
Seat 7: GRAILKO (button) (small blind) folded on the Turn


PokerStars Hand #158319945425:  Hold'em Limit ($3/$6 USD) - 2016/09/08 6:33:31 ET
Table 'Dione II' 10-max Seat #7 is the button
Seat 6: buddhasway ($115.92 in chips)
Seat 7: GRAILKO ($108.09 in chips)
GRAILKO: posts small blind $1
buddhasway: posts big blind $3
*** HOLE CARDS ***
GRAILKO: raises $3 to $6
buddhasway: folds
Uncalled bet ($3) returned to GRAILKO
GRAILKO collected $6 from pot
GRAILKO: doesn't show hand
*** SUMMARY ***
Total pot $6 | Rake $0
Seat 6: buddhasway (big blind) folded before Flop
Seat 7: GRAILKO (button) (small blind) collected ($6)


PokerStars Hand #158319943363:  Hold'em Limit ($3/$6 USD) - 2016/09/08 6:33:26 ET
Table 'Dione II' 10-max Seat #6 is the button
Seat 6: buddhasway ($116.92 in chips)
Seat 7: GRAILKO ($107.09 in chips)
buddhasway: posts small blind $1
GRAILKO: posts big blind $3
*** HOLE CARDS ***
buddhasway: folds
Uncalled bet ($2) returned to GRAILKO
GRAILKO collected $2 from pot
GRAILKO: doesn't show hand
*** SUMMARY ***
Total pot $2 | Rake $0
Seat 6: buddhasway (button) (small blind) folded before Flop
Seat 7: GRAILKO (big blind) collected ($2)


PokerStars Hand #158319939246:  Hold'em Limit ($3/$6 USD) - 2016/09/08 6:33:16 ET
Table 'Dione II' 10-max Seat #7 is the button
Seat 6: buddhasway ($115.92 in chips)
Seat 7: GRAILKO ($108.09 in chips)
GRAILKO: posts small blind $1
buddhasway: posts big blind $3
*** HOLE CARDS ***
GRAILKO: folds
Uncalled bet ($2) returned to buddhasway
buddhasway collected $2 from pot
buddhasway: doesn't show hand
*** SUMMARY ***
Total pot $2 | Rake $0
Seat 6: buddhasway (big blind) collected ($2)
Seat 7: GRAILKO (button) (small blind) folded before Flop


PokerStars Hand #158319930111:  Hold'em Limit ($3/$6 USD) - 2016/09/08 6:32:54 ET
Table 'Dione II' 10-max Seat #6 is the button
Seat 6: buddhasway ($130.92 in chips)
Seat 7: GRAILKO ($93.59 in chips)
buddhasway: posts small blind $1
GRAILKO: posts big blind $3
*** HOLE CARDS ***
buddhasway: calls $2
GRAILKO: checks
*** FLOP *** [Kh 4c 5h]
GRAILKO: checks
buddhasway: bets $3
GRAILKO: raises $3 to $6
buddhasway: calls $3
*** TURN *** [Kh 4c 5h] [Qh]
GRAILKO: bets $6
buddhasway: calls $6
*** RIVER *** [Kh 4c 5h Qh] [2d]
GRAILKO: bets $6
buddhasway: folds
Uncalled bet ($6) returned to GRAILKO
GRAILKO collected $29.50 from pot
GRAILKO: doesn't show hand
*** SUMMARY ***
Total pot $30 | Rake $0.50
Board [Kh 4c 5h Qh 2d]
Seat 6: buddhasway (button) (small blind) folded on the River
Seat 7: GRAILKO (big blind) collected ($29.50)


PokerStars Hand #158319927689:  Hold'em Limit ($3/$6 USD) - 2016/09/08 6:32:47 ET
Table 'Dione II' 10-max Seat #7 is the button
Seat 6: buddhasway ($133.92 in chips)
Seat 7: GRAILKO ($90.59 in chips)
GRAILKO: posts small blind $1
buddhasway: posts big blind $3
*** HOLE CARDS ***
GRAILKO: raises $3 to $6
buddhasway: folds
Uncalled bet ($3) returned to GRAILKO
GRAILKO collected $6 from pot
GRAILKO: doesn't show hand
*** SUMMARY ***
Total pot $6 | Rake $0
Seat 6: buddhasway (big blind) folded before Flop
Seat 7: GRAILKO (button) (small blind) collected ($6)


PokerStars Hand #158319925577:  Hold'em Limit ($3/$6 USD) - 2016/09/08 6:32:42 ET
Table 'Dione II' 10-max Seat #6 is the button
Seat 6: buddhasway ($134.92 in chips)
Seat 7: GRAILKO ($89.59 in chips)
buddhasway: posts small blind $1
GRAILKO: posts big blind $3
*** HOLE CARDS ***
buddhasway: folds
Uncalled bet ($2) returned to GRAILKO
GRAILKO collected $2 from pot
GRAILKO: doesn't show hand
*** SUMMARY ***
Total pot $2 | Rake $0
Seat 6: buddhasway (button) (small blind) folded before Flop
Seat 7: GRAILKO (big blind) collected ($2)


PokerStars Hand #158319916485:  Hold'em Limit ($3/$6 USD) - 2016/09/08 6:32:20 ET
Table 'Dione II' 10-max Seat #7 is the button
Seat 6: buddhasway ($120.42 in chips)
Seat 7: GRAILKO ($104.59 in chips)
GRAILKO: posts small blind $1
buddhasway: posts big blind $3
*** HOLE CARDS ***
GRAILKO: raises $3 to $6
buddhasway: calls $3
*** FLOP *** [4d 7d Kd]
buddhasway: checks
GRAILKO: bets $3
buddhasway: calls $3
*** TURN *** [4d 7d Kd] [3h]
buddhasway: checks
GRAILKO: bets $6
buddhasway: calls $6
*** RIVER *** [4d 7d Kd 3h] [9d]
buddhasway: checks
GRAILKO: checks
*** SHOW DOWN ***
buddhasway: shows [5h Qd] (a flush, King high)
GRAILKO: mucks hand
buddhasway collected $29.50 from pot
*** SUMMARY ***
Total pot $30 | Rake $0.50
Board [4d 7d Kd 3h 9d]
Seat 6: buddhasway (big blind) showed [5h Qd] and won ($29.50) with a flush, King high
Seat 7: GRAILKO (button) (small blind) mucked


PokerStars Hand #158319966371:  Hold'em Limit ($3/$6 USD) - 2016/09/08 6:34:22 ET
Table 'Dione II' 10-max Seat #7 is the button
Seat 6: buddhasway ($123.42 in chips)
Seat 7: GRAILKO ($99.97 in chips)
GRAILKO: posts small blind $1
buddhasway: posts big blind $3
*** HOLE CARDS ***
GRAILKO: raises $3 to $6
buddhasway: calls $3
*** FLOP *** [7h Qh Js]
buddhasway: checks
GRAILKO: bets $3
buddhasway: folds
Uncalled bet ($3) returned to GRAILKO
GRAILKO collected $11.76 from pot
GRAILKO: doesn't show hand
*** SUMMARY ***
Total pot $12 | Rake $0.24
Board [7h Qh Js]
Seat 6: buddhasway (big blind) folded on the Flop
Seat 7: GRAILKO (button) (small blind) collected ($11.76)


PokerStars Hand #158319958597:  Hold'em Limit ($3/$6 USD) - 2016/09/08 6:34:03 ET
Table 'Dione II' 10-max Seat #6 is the button
Seat 6: buddhasway ($126.42 in chips)
Seat 7: GRAILKO ($97.09 in chips)
buddhasway: posts small blind $1
GRAILKO: posts big blind $3
*** HOLE CARDS ***
buddhasway: calls $2
GRAILKO: checks
*** FLOP *** [8c Tc 7c]
GRAILKO: bets $3
buddhasway: folds
Uncalled bet ($3) returned to GRAILKO
GRAILKO collected $5.88 from pot
GRAILKO: doesn't show hand
*** SUMMARY ***
Total pot $6 | Rake $0.12
Board [8c Tc 7c]
Seat 6: buddhasway (button) (small blind) folded on the Flop
Seat 7: GRAILKO (big blind) collected ($5.88)


PokerStars Hand #158319951339:  Hold'em Limit ($3/$6 USD) - 2016/09/08 6:33:45 ET
Table 'Dione II' 10-max Seat #7 is the button
Seat 6: buddhasway ($111.92 in chips)
Seat 7: GRAILKO ($112.09 in chips)
GRAILKO: posts small blind $1
buddhasway: posts big blind $3
*** HOLE CARDS ***
GRAILKO: raises $3 to $6
buddhasway: calls $3
*** FLOP *** [4h 8c Qs]
buddhasway: checks
GRAILKO: bets $3
buddhasway: calls $3
*** TURN *** [4h 8c Qs] [7c]
buddhasway: checks
GRAILKO: bets $6
buddhasway: raises $6 to $12
GRAILKO: folds
Uncalled bet ($6) returned to buddhasway
buddhasway collected $29.50 from pot
buddhasway: doesn't show hand
*** SUMMARY ***
Total pot $30 | Rake $0.50
Board [4h 8c Qs 7c]
Seat 6: buddhasway (big blind) collected ($29.50)
Seat 7: GRAILKO (button) (small blind) folded on the Turn


PokerStars Hand #158319948361:  Hold'em Limit ($3/$6 USD) - 2016/09/08 6:33:38 ET
Table 'Dione II' 10-max Seat #6 is the button
Seat 6: buddhasway ($112.92 in chips)
Seat 7: GRAILKO ($111.09 in chips)
buddhasway: posts small blind $1
GRAILKO: posts big blind $3
*** HOLE CARDS ***
buddhasway: folds
Uncalled bet ($2) returned to GRAILKO
GRAILKO collected $2 from pot
GRAILKO: doesn't show hand
*** SUMMARY ***
Total pot $2 | Rake $0
Seat 6: buddhasway (button) (small blind) folded before Flop
Seat 7: GRAILKO (big blind) collected ($2)


PokerStars Hand #158319982690:  Hold'em Limit ($3/$6 USD) - 2016/09/08 6:35:02 ET
Table 'Dione II' 10-max Seat #6 is the button
Seat 6: buddhasway ($141.92 in chips)
Seat 7: GRAILKO ($80.73 in chips)
buddhasway: posts small blind $1
GRAILKO: posts big blind $3
*** HOLE CARDS ***
buddhasway: calls $2
GRAILKO: raises $3 to $6
buddhasway: calls $3
*** FLOP *** [5c 2c 8h]
GRAILKO: bets $3
buddhasway: calls $3
*** TURN *** [5c 2c 8h] [Kc]
GRAILKO: bets $6
buddhasway: raises $6 to $12
GRAILKO: calls $6
*** RIVER *** [5c 2c 8h Kc] [Jc]
GRAILKO: bets $6
buddhasway: calls $6
*** SHOW DOWN ***
GRAILKO: shows [Qc Qh] (a flush, King high)
buddhasway: mucks hand
GRAILKO collected $53.50 from pot
*** SUMMARY ***
Total pot $54 | Rake $0.50
Board [5c 2c 8h Kc Jc]
Seat 6: buddhasway (button) (small blind) mucked
Seat 7: GRAILKO (big blind) showed [Qc Qh] and won ($53.50) with a flush, King high


PokerStars Hand #158319980644:  Hold'em Limit ($3/$6 USD) - 2016/09/08 6:34:57 ET
Table 'Dione II' 10-max Seat #7 is the button
Seat 6: buddhasway ($140.92 in chips)
Seat 7: GRAILKO ($81.73 in chips)
GRAILKO: posts small blind $1
buddhasway: posts big blind $3
*** HOLE CARDS ***
GRAILKO: folds
Uncalled bet ($2) returned to buddhasway
buddhasway collected $2 from pot
buddhasway: doesn't show hand
*** SUMMARY ***
Total pot $2 | Rake $0
Seat 6: buddhasway (big blind) collected ($2)
Seat 7: GRAILKO (button) (small blind) folded before Flop


PokerStars Hand #158319971594:  Hold'em Limit ($3/$6 USD) - 2016/09/08 6:34:35 ET
Table 'Dione II' 10-max Seat #6 is the button
Seat 6: buddhasway ($117.42 in chips)
Seat 7: GRAILKO ($105.73 in chips)
buddhasway: posts small blind $1
GRAILKO: posts big blind $3
*** HOLE CARDS ***
buddhasway: raises $3 to $6
GRAILKO: calls $3
*** FLOP *** [7s Qc 8h]
GRAILKO: checks
buddhasway: bets $3
GRAILKO: raises $3 to $6
buddhasway: calls $3
*** TURN *** [7s Qc 8h] [3d]
GRAILKO: bets $6
buddhasway: calls $6
*** RIVER *** [7s Qc 8h 3d] [3s]
GRAILKO: bets $6
buddhasway: calls $6
*** SHOW DOWN ***
GRAILKO: shows [Jd 8d] (two pair, Eights and Threes)
buddhasway: shows [8s Ad] (two pair, Eights and Threes - Ace kicker)
buddhasway collected $47.50 from pot
*** SUMMARY ***
Total pot $48 | Rake $0.50
Board [7s Qc 8h 3d 3s]
Seat 6: buddhasway (button) (small blind) showed [8s Ad] and won ($47.50) with two pair, Eights and Threes
Seat 7: GRAILKO (big blind) showed [Jd 8d] and lost with two pair, Eights and Threes


PokerStars Hand #158320010408:  Hold'em Limit ($3/$6 USD) - 2016/09/08 6:36:09 ET
Table 'Dione II' 10-max Seat #7 is the button
Seat 6: buddhasway ($87.92 in chips)
Seat 7: GRAILKO ($133.25 in chips)
GRAILKO: posts small blind $1
buddhasway: posts big blind $3
*** HOLE CARDS ***
GRAILKO: folds
Uncalled bet ($2) returned to buddhasway
buddhasway collected $2 from pot
buddhasway: doesn't show hand
*** SUMMARY ***
Total pot $2 | Rake $0
Seat 6: buddhasway (big blind) collected ($2)
Seat 7: GRAILKO (button) (small blind) folded before Flop


PokerStars Hand #158320008063:  Hold'em Limit ($3/$6 USD) - 2016/09/08 6:36:04 ET
Table 'Dione II' 10-max Seat #6 is the button
Seat 6: buddhasway ($88.92 in chips)
Seat 7: GRAILKO ($132.25 in chips)
buddhasway: posts small blind $1
GRAILKO: posts big blind $3
*** HOLE CARDS ***
buddhasway: folds
Uncalled bet ($2) returned to GRAILKO
GRAILKO collected $2 from pot
GRAILKO: doesn't show hand
*** SUMMARY ***
Total pot $2 | Rake $0
Seat 6: buddhasway (button) (small blind) folded before Flop
Seat 7: GRAILKO (big blind) collected ($2)


PokerStars Hand #158320006117:  Hold'em Limit ($3/$6 USD) - 2016/09/08 6:35:59 ET
Table 'Dione II' 10-max Seat #7 is the button
Seat 6: buddhasway ($87.92 in chips)
Seat 7: GRAILKO ($133.25 in chips)
GRAILKO: posts small blind $1
buddhasway: posts big blind $3
*** HOLE CARDS ***
GRAILKO: folds
Uncalled bet ($2) returned to buddhasway
buddhasway collected $2 from pot
buddhasway: doesn't show hand
*** SUMMARY ***
Total pot $2 | Rake $0
Seat 6: buddhasway (big blind) collected ($2)
Seat 7: GRAILKO (button) (small blind) folded before Flop


PokerStars Hand #158319999172:  Hold'em Limit ($3/$6 USD) - 2016/09/08 6:35:42 ET
Table 'Dione II' 10-max Seat #6 is the button
Seat 6: buddhasway ($99.92 in chips)
Seat 7: GRAILKO ($121.73 in chips)
buddhasway: posts small blind $1
GRAILKO: posts big blind $3
*** HOLE CARDS ***
buddhasway: raises $3 to $6
GRAILKO: calls $3
*** FLOP *** [8s 2s Ad]
GRAILKO: checks
buddhasway: bets $3
GRAILKO: raises $3 to $6
buddhasway: calls $3
*** TURN *** [8s 2s Ad] [Tc]
GRAILKO: bets $6
buddhasway: folds
Uncalled bet ($6) returned to GRAILKO
GRAILKO collected $23.52 from pot
GRAILKO: doesn't show hand
*** SUMMARY ***
Total pot $24 | Rake $0.48
Board [8s 2s Ad Tc]
Seat 6: buddhasway (button) (small blind) folded on the Turn
Seat 7: GRAILKO (big blind) collected ($23.52)


PokerStars Hand #158319990898:  Hold'em Limit ($3/$6 USD) - 2016/09/08 6:35:22 ET
Table 'Dione II' 10-max Seat #7 is the button
Seat 6: buddhasway ($114.92 in chips)
Seat 7: GRAILKO ($107.23 in chips)
GRAILKO: posts small blind $1
buddhasway: posts big blind $3
*** HOLE CARDS ***
GRAILKO: raises $3 to $6
buddhasway: calls $3
*** FLOP *** [7c Qs 9c]
buddhasway: checks
GRAILKO: bets $3
buddhasway: calls $3
*** TURN *** [7c Qs 9c] [9d]
buddhasway: checks
GRAILKO: checks
*** RIVER *** [7c Qs 9c 9d] [Ac]
buddhasway: bets $6
GRAILKO: calls $6
*** SHOW DOWN ***
buddhasway: shows [3s 4s] (a pair of Nines)
GRAILKO: shows [Qh 4d] (two pair, Queens and Nines)
GRAILKO collected $29.50 from pot
*** SUMMARY ***
Total pot $30 | Rake $0.50
Board [7c Qs 9c 9d Ac]
Seat 6: buddhasway (big blind) showed [3s 4s] and lost with a pair of Nines
Seat 7: GRAILKO (button) (small blind) showed [Qh 4d] and won ($29.50) with two pair, Queens and Nines


PokerStars Hand #158320034108:  Hold'em Limit ($3/$6 USD) - 2016/09/08 6:37:07 ET
Table 'Dione II' 10-max Seat #6 is the button
Seat 6: buddhasway ($121.42 in chips)
Seat 7: GRAILKO ($99.01 in chips)
buddhasway: posts small blind $1
GRAILKO: posts big blind $3
*** HOLE CARDS ***
buddhasway: calls $2
GRAILKO: checks
*** FLOP *** [Qs Js 5h]
GRAILKO: checks
buddhasway: checks
*** TURN *** [Qs Js 5h] [Th]
GRAILKO: checks
buddhasway: checks
*** RIVER *** [Qs Js 5h Th] [Kd]
GRAILKO: checks
buddhasway: checks
*** SHOW DOWN ***
GRAILKO: shows [Ks 3c] (a pair of Kings)
buddhasway: mucks hand
GRAILKO collected $5.88 from pot
*** SUMMARY ***
Total pot $6 | Rake $0.12
Board [Qs Js 5h Th Kd]
Seat 6: buddhasway (button) (small blind) mucked
Seat 7: GRAILKO (big blind) showed [Ks 3c] and won ($5.88) with a pair of Kings


PokerStars Hand #158320023928:  Hold'em Limit ($3/$6 USD) - 2016/09/08 6:36:42 ET
Table 'Dione II' 10-max Seat #7 is the button
Seat 6: buddhasway ($127.42 in chips)
Seat 7: GRAILKO ($93.25 in chips)
GRAILKO: posts small blind $1
buddhasway: posts big blind $3
*** HOLE CARDS ***
GRAILKO: raises $3 to $6
buddhasway: calls $3
*** FLOP *** [5s 7h Kh]
VolkovDmitri joins the table at seat #9
buddhasway: checks
GRAILKO: bets $3
buddhasway: folds
Uncalled bet ($3) returned to GRAILKO
GRAILKO collected $11.76 from pot
GRAILKO: doesn't show hand
*** SUMMARY ***
Total pot $12 | Rake $0.24
Board [5s 7h Kh]
Seat 6: buddhasway (big blind) folded on the Flop
Seat 7: GRAILKO (button) (small blind) collected ($11.76)


PokerStars Hand #158320012446:  Hold'em Limit ($3/$6 USD) - 2016/09/08 6:36:14 ET
Table 'Dione II' 10-max Seat #6 is the button
Seat 6: buddhasway ($88.92 in chips)
Seat 7: GRAILKO ($132.25 in chips)
buddhasway: posts small blind $1
GRAILKO: posts big blind $3
*** HOLE CARDS ***
buddhasway: calls $2
GRAILKO: raises $3 to $6
buddhasway: calls $3
*** FLOP *** [7h 6s 3c]
GRAILKO: bets $3
buddhasway: calls $3
*** TURN *** [7h 6s 3c] [Qc]
GRAILKO: bets $6
buddhasway: raises $6 to $12
GRAILKO: raises $6 to $18
buddhasway: raises $6 to $24
Betting is capped
GRAILKO: calls $6
*** RIVER *** [7h 6s 3c Qc] [Ac]
GRAILKO: checks
buddhasway: bets $6
GRAILKO: calls $6
*** SHOW DOWN ***
buddhasway: shows [5d 4d] (a straight, Three to Seven)
GRAILKO: mucks hand
buddhasway collected $77.50 from pot
*** SUMMARY ***
Total pot $78 | Rake $0.50
Board [7h 6s 3c Qc Ac]
Seat 6: buddhasway (button) (small blind) showed [5d 4d] and won ($77.50) with a straight, Three to Seven
Seat 7: GRAILKO (big blind) mucked


PokerStars Hand #158320076172:  Hold'em Limit ($3/$6 USD) - 2016/09/08 6:38:48 ET
Table 'Dione II' 10-max Seat #8 is the button
Seat 7: GRAILKO ($77.89 in chips)
Seat 8: HAL9QQQ ($150.02 in chips)
HAL9QQQ: posts small blind $1
buddhasway: is sitting out
GRAILKO: posts big blind $3
*** HOLE CARDS ***
HAL9QQQ: folds
Uncalled bet ($2) returned to GRAILKO
GRAILKO collected $2 from pot
GRAILKO: doesn't show hand
*** SUMMARY ***
Total pot $2 | Rake $0
Seat 7: GRAILKO (big blind) collected ($2)
Seat 8: HAL9QQQ (button) (small blind) folded before Flop


