PokerStars Hand #163057754083:  Hold'em Limit ($3/$6 USD) - 2016/12/16 19:05:41 ET
Table 'Diotima II' 6-max Seat #4 is the button
Seat 4: FHstyles ($77.50 in chips)
Seat 6: ovidius2009 ($24 in chips)
FHstyles: posts small blind $1
ovidius2009: posts big blind $3
*** HOLE CARDS ***
FHstyles: folds
Uncalled bet ($2) returned to ovidius2009
ovidius2009 collected $2 from pot
ovidius2009: doesn't show hand
*** SUMMARY ***
Total pot $2 | Rake $0
Seat 4: FHstyles (button) (small blind) folded before Flop
Seat 6: ovidius2009 (big blind) collected ($2)


PokerStars Hand #163057731623:  Hold'em Limit ($3/$6 USD) - 2016/12/16 19:05:10 ET
Table 'Diotima II' 6-max Seat #6 is the button
Seat 4: FHstyles ($60 in chips)
Seat 6: ovidius2009 ($42 in chips)
ovidius2009: posts small blind $1
GoliafUa joins the table at seat #1
FHstyles: posts big blind $3
*** HOLE CARDS ***
ovidius2009: calls $2
FHstyles: checks
*** FLOP *** [3s 4d Jh]
FHstyles: bets $3
ovidius2009: calls $3
*** TURN *** [3s 4d Jh] [As]
FHstyles: bets $6
ovidius2009: calls $6
*** RIVER *** [3s 4d Jh As] [2h]
FHstyles: bets $6
ovidius2009: calls $6
*** SHOW DOWN ***
FHstyles: shows [Jc 6c] (a pair of Jacks)
ovidius2009: mucks hand
FHstyles collected $35.50 from pot
*** SUMMARY ***
Total pot $36 | Rake $0.50
Board [3s 4d Jh As 2h]
Seat 4: FHstyles (big blind) showed [Jc 6c] and won ($35.50) with a pair of Jacks
Seat 6: ovidius2009 (button) (small blind) mucked


