PokerStars Hand #144350985143:  Hold'em Limit ($3/$6 USD) - 2015/11/25 4:15:58 ET
Table 'Diotima' 2-max Seat #2 is the button
Seat 1: kolaz03 ($90.26 in chips)
Seat 2: jl45259071 ($31 in chips)
jl45259071: posts small blind $1
kolaz03: posts big blind $3
*** HOLE CARDS ***
jl45259071: calls $2
kolaz03: checks
*** FLOP *** [3h 3s Jh]
kolaz03: bets $3
jl45259071: calls $3
*** TURN *** [3h 3s Jh] [8s]
kolaz03: checks
jl45259071: bets $6
kolaz03: calls $6
*** RIVER *** [3h 3s Jh 8s] [Th]
kolaz03: checks
jl45259071: bets $6
kolaz03: calls $6
*** SHOW DOWN ***
jl45259071: shows [Td 9d] (two pair, Tens and Threes)
kolaz03: mucks hand
jl45259071 collected $35.50 from pot
*** SUMMARY ***
Total pot $36 | Rake $0.50
Board [3h 3s Jh 8s Th]
Seat 1: kolaz03 (big blind) mucked
Seat 2: jl45259071 (button) (small blind) showed [Td 9d] and won ($35.50) with two pair, Tens and Threes


PokerStars Hand #144351010960:  Hold'em Limit ($3/$6 USD) - 2015/11/25 4:17:15 ET
Table 'Diotima' 2-max Seat #1 is the button
Seat 1: kolaz03 ($83.78 in chips)
Seat 2: jl45259071 ($36.50 in chips)
kolaz03: posts small blind $1
jl45259071: posts big blind $3
*** HOLE CARDS ***
kolaz03: raises $3 to $6
jl45259071: calls $3
*** FLOP *** [4d Qc Jc]
jl45259071: checks
kolaz03: bets $3
jl45259071: calls $3
*** TURN *** [4d Qc Jc] [Qd]
jl45259071: checks
kolaz03: bets $6
jl45259071: folds
Uncalled bet ($6) returned to kolaz03
kolaz03 collected $17.64 from pot
kolaz03: doesn't show hand
*** SUMMARY ***
Total pot $18 | Rake $0.36
Board [4d Qc Jc Qd]
Seat 1: kolaz03 (button) (small blind) collected ($17.64)
Seat 2: jl45259071 (big blind) folded on the Turn


PokerStars Hand #144351019375:  Hold'em Limit ($3/$6 USD) - 2015/11/25 4:17:40 ET
Table 'Diotima' 2-max Seat #2 is the button
Seat 1: kolaz03 ($92.42 in chips)
Seat 2: jl45259071 ($27.50 in chips)
jl45259071: posts small blind $1
kolaz03: posts big blind $3
*** HOLE CARDS ***
jl45259071: calls $2
kolaz03: checks
*** FLOP *** [Tc 9c Ah]
kolaz03: checks
jl45259071: bets $3
kolaz03: folds
Uncalled bet ($3) returned to jl45259071
jl45259071 collected $5.88 from pot
*** SUMMARY ***
Total pot $6 | Rake $0.12
Board [Tc 9c Ah]
Seat 1: kolaz03 (big blind) folded on the Flop
Seat 2: jl45259071 (button) (small blind) collected ($5.88)


PokerStars Hand #144351025443:  Hold'em Limit ($3/$6 USD) - 2015/11/25 4:17:58 ET
Table 'Diotima' 2-max Seat #1 is the button
Seat 1: kolaz03 ($89.42 in chips)
Seat 2: jl45259071 ($30.38 in chips)
kolaz03: posts small blind $1
jl45259071: posts big blind $3
*** HOLE CARDS ***
kolaz03: raises $3 to $6
jl45259071: raises $3 to $9
kolaz03: calls $3
*** FLOP *** [Th 5s 6h]
jl45259071: bets $3
kolaz03: calls $3
*** TURN *** [Th 5s 6h] [9s]
jl45259071: bets $6
kolaz03: calls $6
*** RIVER *** [Th 5s 6h 9s] [Qc]
jl45259071: bets $6
kolaz03: calls $6
*** SHOW DOWN ***
jl45259071: shows [3c 3s] (a pair of Threes)
kolaz03: shows [Ad 6c] (a pair of Sixes)
kolaz03 collected $47.50 from pot
*** SUMMARY ***
Total pot $48 | Rake $0.50
Board [Th 5s 6h 9s Qc]
Seat 1: kolaz03 (button) (small blind) showed [Ad 6c] and won ($47.50) with a pair of Sixes
Seat 2: jl45259071 (big blind) showed [3c 3s] and lost with a pair of Threes


PokerStars Hand #144351031356:  Hold'em Limit ($3/$6 USD) - 2015/11/25 4:18:16 ET
Table 'Diotima' 2-max Seat #2 is the button
Seat 1: kolaz03 ($112.92 in chips)
Seat 2: jl45259071 ($6.38 in chips)
jl45259071: posts small blind $1
kolaz03: posts big blind $3
*** HOLE CARDS ***
jl45259071: raises $3 to $6
kolaz03: folds
Uncalled bet ($3) returned to jl45259071
jl45259071 collected $6 from pot
*** SUMMARY ***
Total pot $6 | Rake $0
Seat 1: kolaz03 (big blind) folded before Flop
Seat 2: jl45259071 (button) (small blind) collected ($6)


PokerStars Hand #144351033697:  Hold'em Limit ($3/$6 USD) - 2015/11/25 4:18:23 ET
Table 'Diotima' 2-max Seat #1 is the button
Seat 1: kolaz03 ($109.92 in chips)
Seat 2: jl45259071 ($9.38 in chips)
kolaz03: posts small blind $1
jl45259071: posts big blind $3
*** HOLE CARDS ***
kolaz03: raises $3 to $6
jl45259071: raises $3 to $9
kolaz03: raises $3 to $12
Betting is capped
jl45259071: calls $0.38 and is all-in
Uncalled bet ($2.62) returned to kolaz03
*** FLOP *** [6c 2s As]
*** TURN *** [6c 2s As] [5c]
*** RIVER *** [6c 2s As 5c] [9h]
*** SHOW DOWN ***
jl45259071: shows [6h Qs] (a pair of Sixes)
kolaz03: shows [Js 3s] (high card Ace)
jl45259071 collected $18.38 from pot
*** SUMMARY ***
Total pot $18.76 | Rake $0.38
Board [6c 2s As 5c 9h]
Seat 1: kolaz03 (button) (small blind) showed [Js 3s] and lost with high card Ace
Seat 2: jl45259071 (big blind) showed [6h Qs] and won ($18.38) with a pair of Sixes


PokerStars Hand #144351046028:  Hold'em Limit ($3/$6 USD) - 2015/11/25 4:18:58 ET
Table 'Diotima' 2-max Seat #1 is the button
Seat 1: kolaz03 ($106.30 in chips)
Seat 2: jl45259071 ($12.38 in chips)
kolaz03: posts small blind $1
jl45259071: posts big blind $3
*** HOLE CARDS ***
kolaz03: folds
Uncalled bet ($2) returned to jl45259071
jl45259071 collected $2 from pot
*** SUMMARY ***
Total pot $2 | Rake $0
Seat 1: kolaz03 (button) (small blind) folded before Flop
Seat 2: jl45259071 (big blind) collected ($2)


PokerStars Hand #144351038331:  Hold'em Limit ($3/$6 USD) - 2015/11/25 4:18:36 ET
Table 'Diotima' 2-max Seat #2 is the button
Seat 1: kolaz03 ($100.54 in chips)
Seat 2: jl45259071 ($18.38 in chips)
jl45259071: posts small blind $1
kolaz03: posts big blind $3
*** HOLE CARDS ***
jl45259071: calls $2
kolaz03: checks
*** FLOP *** [3h Js 2c]
kolaz03: checks
jl45259071: bets $3
kolaz03: calls $3
*** TURN *** [3h Js 2c] [7d]
kolaz03: checks
jl45259071: checks
*** RIVER *** [3h Js 2c 7d] [Jd]
kolaz03: checks
jl45259071: checks
*** SHOW DOWN ***
kolaz03: shows [Kh 5s] (a pair of Jacks)
jl45259071: mucks hand
kolaz03 collected $11.76 from pot
*** SUMMARY ***
Total pot $12 | Rake $0.24
Board [3h Js 2c 7d Jd]
Seat 1: kolaz03 (big blind) showed [Kh 5s] and won ($11.76) with a pair of Jacks
Seat 2: jl45259071 (button) (small blind) mucked


PokerStars Hand #144351048301:  Hold'em Limit ($3/$6 USD) - 2015/11/25 4:19:05 ET
Table 'Diotima' 2-max Seat #2 is the button
Seat 1: kolaz03 ($105.30 in chips)
Seat 2: jl45259071 ($13.38 in chips)
jl45259071: posts small blind $1
kolaz03: posts big blind $3
*** HOLE CARDS ***
jl45259071: calls $2
kolaz03: checks
*** FLOP *** [9c 3h 8h]
kolaz03: checks
jl45259071: checks
*** TURN *** [9c 3h 8h] [Kc]
kolaz03: checks
jl45259071: bets $6
kolaz03: folds
Uncalled bet ($6) returned to jl45259071
jl45259071 collected $5.88 from pot
*** SUMMARY ***
Total pot $6 | Rake $0.12
Board [9c 3h 8h Kc]
Seat 1: kolaz03 (big blind) folded on the Turn
Seat 2: jl45259071 (button) (small blind) collected ($5.88)


PokerStars Hand #144351069563:  Hold'em Limit ($3/$6 USD) - 2015/11/25 4:20:08 ET
Table 'Diotima' 2-max Seat #2 is the button
Seat 1: kolaz03 ($110.94 in chips)
Seat 2: jl45259071 ($7.26 in chips)
jl45259071: posts small blind $1
kolaz03: posts big blind $3
*** HOLE CARDS ***
jl45259071: raises $3 to $6
kolaz03: folds
Uncalled bet ($3) returned to jl45259071
jl45259071 collected $6 from pot
*** SUMMARY ***
Total pot $6 | Rake $0
Seat 1: kolaz03 (big blind) folded before Flop
Seat 2: jl45259071 (button) (small blind) collected ($6)


PokerStars Hand #144351064899:  Hold'em Limit ($3/$6 USD) - 2015/11/25 4:19:54 ET
Table 'Diotima' 2-max Seat #1 is the button
Seat 1: kolaz03 ($102.30 in chips)
Seat 2: jl45259071 ($16.26 in chips)
kolaz03: posts small blind $1
jl45259071: posts big blind $3
*** HOLE CARDS ***
kolaz03: raises $3 to $6
jl45259071: calls $3
*** FLOP *** [Jc 2c 5c]
jl45259071: checks
kolaz03: bets $3
jl45259071: calls $3
*** TURN *** [Jc 2c 5c] [Tc]
jl45259071: checks
kolaz03: bets $6
jl45259071: folds
Uncalled bet ($6) returned to kolaz03
kolaz03 collected $17.64 from pot
kolaz03: doesn't show hand
*** SUMMARY ***
Total pot $18 | Rake $0.36
Board [Jc 2c 5c Tc]
Seat 1: kolaz03 (button) (small blind) collected ($17.64)
Seat 2: jl45259071 (big blind) folded on the Turn


PokerStars Hand #144351071840:  Hold'em Limit ($3/$6 USD) - 2015/11/25 4:20:15 ET
Table 'Diotima' 2-max Seat #1 is the button
Seat 1: kolaz03 ($107.94 in chips)
Seat 2: jl45259071 ($10.26 in chips)
kolaz03: posts small blind $1
jl45259071: posts big blind $3
*** HOLE CARDS ***
kolaz03: raises $3 to $6
jl45259071: raises $3 to $9
kolaz03: raises $3 to $12
Betting is capped
jl45259071: calls $1.26 and is all-in
Uncalled bet ($1.74) returned to kolaz03
*** FLOP *** [Jc 4c Ad]
*** TURN *** [Jc 4c Ad] [8d]
*** RIVER *** [Jc 4c Ad 8d] [Kc]
*** SHOW DOWN ***
jl45259071: shows [Kd 9c] (a pair of Kings)
kolaz03: shows [3d Js] (a pair of Jacks)
jl45259071 collected $20.11 from pot
*** SUMMARY ***
Total pot $20.52 | Rake $0.41
Board [Jc 4c Ad 8d Kc]
Seat 1: kolaz03 (button) (small blind) showed [3d Js] and lost with a pair of Jacks
Seat 2: jl45259071 (big blind) showed [Kd 9c] and won ($20.11) with a pair of Kings


PokerStars Hand #144351080310:  Hold'em Limit ($3/$6 USD) - 2015/11/25 4:20:36 ET
Table 'Diotima' 2-max Seat #2 is the button
Seat 1: kolaz03 ($97.68 in chips)
Seat 2: jl45259071 ($20.11 in chips)
jl45259071: posts small blind $1
kolaz03: posts big blind $3
*** HOLE CARDS ***
jl45259071: folds
Uncalled bet ($2) returned to kolaz03
kolaz03 collected $2 from pot
kolaz03: doesn't show hand
*** SUMMARY ***
Total pot $2 | Rake $0
Seat 1: kolaz03 (big blind) collected ($2)
Seat 2: jl45259071 (button) (small blind) folded before Flop


PokerStars Hand #144351082521:  Hold'em Limit ($3/$6 USD) - 2015/11/25 4:20:42 ET
Table 'Diotima' 2-max Seat #1 is the button
Seat 1: kolaz03 ($98.68 in chips)
Seat 2: jl45259071 ($19.11 in chips)
kolaz03: posts small blind $1
jl45259071: posts big blind $3
*** HOLE CARDS ***
kolaz03: folds
Uncalled bet ($2) returned to jl45259071
jl45259071 collected $2 from pot
*** SUMMARY ***
Total pot $2 | Rake $0
Seat 1: kolaz03 (button) (small blind) folded before Flop
Seat 2: jl45259071 (big blind) collected ($2)


PokerStars Hand #144351084850:  Hold'em Limit ($3/$6 USD) - 2015/11/25 4:20:47 ET
Table 'Diotima' 2-max Seat #2 is the button
Seat 1: kolaz03 ($97.68 in chips)
Seat 2: jl45259071 ($20.11 in chips)
jl45259071: posts small blind $1
kolaz03: posts big blind $3
*** HOLE CARDS ***
jl45259071: raises $3 to $6
kolaz03: calls $3
*** FLOP *** [4c Jd 2d]
kolaz03: checks
jl45259071: bets $3
kolaz03: folds
Uncalled bet ($3) returned to jl45259071
jl45259071 collected $11.76 from pot
*** SUMMARY ***
Total pot $12 | Rake $0.24
Board [4c Jd 2d]
Seat 1: kolaz03 (big blind) folded on the Flop
Seat 2: jl45259071 (button) (small blind) collected ($11.76)


PokerStars Hand #144351091306:  Hold'em Limit ($3/$6 USD) - 2015/11/25 4:21:03 ET
Table 'Diotima' 2-max Seat #1 is the button
Seat 1: kolaz03 ($91.68 in chips)
Seat 2: jl45259071 ($25.87 in chips)
kolaz03: posts small blind $1
jl45259071: posts big blind $3
*** HOLE CARDS ***
kolaz03: folds
Uncalled bet ($2) returned to jl45259071
jl45259071 collected $2 from pot
*** SUMMARY ***
Total pot $2 | Rake $0
Seat 1: kolaz03 (button) (small blind) folded before Flop
Seat 2: jl45259071 (big blind) collected ($2)


PokerStars Hand #144351114716:  Hold'em Limit ($3/$6 USD) - 2015/11/25 4:21:57 ET
Table 'Diotima' 2-max Seat #2 is the button
Seat 1: kolaz03 ($107.96 in chips)
Seat 2: jl45259071 ($8.87 in chips)
jl45259071: posts small blind $1
kolaz03: posts big blind $3
*** HOLE CARDS ***
jl45259071: raises $3 to $6
kolaz03: raises $3 to $9
jl45259071: calls $2.87 and is all-in
Uncalled bet ($0.13) returned to kolaz03
*** FLOP *** [Qd 9s 8d]
*** TURN *** [Qd 9s 8d] [Ac]
*** RIVER *** [Qd 9s 8d Ac] [4d]
*** SHOW DOWN ***
kolaz03: shows [2s Qc] (a pair of Queens)
jl45259071: shows [3d 8h] (a pair of Eights)
kolaz03 collected $17.39 from pot
jl45259071 leaves the table
*** SUMMARY ***
Total pot $17.74 | Rake $0.35
Board [Qd 9s 8d Ac 4d]
Seat 1: kolaz03 (big blind) showed [2s Qc] and won ($17.39) with a pair of Queens
Seat 2: jl45259071 (button) (small blind) showed [3d 8h] and lost with a pair of Eights


PokerStars Hand #144351099053:  Hold'em Limit ($3/$6 USD) - 2015/11/25 4:21:21 ET
Table 'Diotima' 2-max Seat #1 is the button
Seat 1: kolaz03 ($99.32 in chips)
Seat 2: jl45259071 ($17.87 in chips)
kolaz03: posts small blind $1
jl45259071: posts big blind $3
*** HOLE CARDS ***
kolaz03: raises $3 to $6
jl45259071: calls $3
*** FLOP *** [5d 9s Kh]
jl45259071: checks
kolaz03: bets $3
jl45259071: calls $3
*** TURN *** [5d 9s Kh] [9d]
jl45259071: checks
kolaz03: bets $6
jl45259071: folds
Uncalled bet ($6) returned to kolaz03
kolaz03 collected $17.64 from pot
kolaz03: doesn't show hand
*** SUMMARY ***
Total pot $18 | Rake $0.36
Board [5d 9s Kh 9d]
Seat 1: kolaz03 (button) (small blind) collected ($17.64)
Seat 2: jl45259071 (big blind) folded on the Turn


PokerStars Hand #144351093417:  Hold'em Limit ($3/$6 USD) - 2015/11/25 4:21:08 ET
Table 'Diotima' 2-max Seat #2 is the button
Seat 1: kolaz03 ($90.68 in chips)
Seat 2: jl45259071 ($26.87 in chips)
jl45259071: posts small blind $1
kolaz03: posts big blind $3
*** HOLE CARDS ***
jl45259071: calls $2
kolaz03: raises $3 to $6
jl45259071: calls $3
*** FLOP *** [Th Ts 6s]
kolaz03: bets $3
jl45259071: calls $3
*** TURN *** [Th Ts 6s] [8s]
kolaz03: bets $6
jl45259071: folds
Uncalled bet ($6) returned to kolaz03
kolaz03 collected $17.64 from pot
kolaz03: doesn't show hand
*** SUMMARY ***
Total pot $18 | Rake $0.36
Board [Th Ts 6s 8s]
Seat 1: kolaz03 (big blind) collected ($17.64)
Seat 2: jl45259071 (button) (small blind) folded on the Turn


