PokerStars Hand #150686818449:  Hold'em Limit ($3/$6 USD) - 2016/03/20 22:08:14 ET
Table 'Diphda' 10-max Seat #7 is the button
Seat 7: VolkovDmitri ($152.61 in chips)
Seat 8: shalomrum ($67.21 in chips)
VolkovDmitri: posts small blind $1
shalomrum: posts big blind $3
*** HOLE CARDS ***
VolkovDmitri: raises $3 to $6
shalomrum: folds
Uncalled bet ($3) returned to VolkovDmitri
VolkovDmitri collected $6 from pot
VolkovDmitri: doesn't show hand
*** SUMMARY ***
Total pot $6 | Rake $0
Seat 7: VolkovDmitri (button) (small blind) collected ($6)
Seat 8: shalomrum (big blind) folded before Flop


PokerStars Hand #150686815912:  Hold'em Limit ($3/$6 USD) - 2016/03/20 22:08:08 ET
Table 'Diphda' 10-max Seat #8 is the button
Seat 7: VolkovDmitri ($151.61 in chips)
Seat 8: shalomrum ($68.21 in chips)
shalomrum: posts small blind $1
Chessnok: is sitting out
VolkovDmitri: posts big blind $3
*** HOLE CARDS ***
shalomrum: folds
Uncalled bet ($2) returned to VolkovDmitri
VolkovDmitri collected $2 from pot
VolkovDmitri: doesn't show hand
*** SUMMARY ***
Total pot $2 | Rake $0
Seat 7: VolkovDmitri (big blind) collected ($2)
Seat 8: shalomrum (button) (small blind) folded before Flop


PokerStars Hand #150686845795:  Hold'em Limit ($3/$6 USD) - 2016/03/20 22:09:17 ET
Table 'Diphda' 10-max Seat #7 is the button
Seat 7: VolkovDmitri ($134.61 in chips)
Seat 8: shalomrum ($84.71 in chips)
VolkovDmitri: posts small blind $1
shalomrum: posts big blind $3
*** HOLE CARDS ***
VolkovDmitri: raises $3 to $6
shalomrum: calls $3
*** FLOP *** [Ks 7s 3s]
shalomrum: checks
VolkovDmitri: bets $3
shalomrum: folds
Uncalled bet ($3) returned to VolkovDmitri
VolkovDmitri collected $11.76 from pot
VolkovDmitri: doesn't show hand
*** SUMMARY ***
Total pot $12 | Rake $0.24
Board [Ks 7s 3s]
Seat 7: VolkovDmitri (button) (small blind) collected ($11.76)
Seat 8: shalomrum (big blind) folded on the Flop


PokerStars Hand #150686826187:  Hold'em Limit ($3/$6 USD) - 2016/03/20 22:08:32 ET
Table 'Diphda' 10-max Seat #8 is the button
Seat 7: VolkovDmitri ($155.61 in chips)
Seat 8: shalomrum ($64.21 in chips)
shalomrum: posts small blind $1
VolkovDmitri: posts big blind $3
*** HOLE CARDS ***
shalomrum: raises $3 to $6
VolkovDmitri: raises $3 to $9
shalomrum: calls $3
*** FLOP *** [Jh 5s Jd]
VolkovDmitri: bets $3
shalomrum: raises $3 to $6
VolkovDmitri: calls $3
*** TURN *** [Jh 5s Jd] [7d]
Chessnok leaves the table
VolkovDmitri: checks
shalomrum: bets $6
VolkovDmitri: calls $6
*** RIVER *** [Jh 5s Jd 7d] [2s]
VolkovDmitri: checks
shalomrum: checks
*** SHOW DOWN ***
VolkovDmitri: shows [As Kd] (a pair of Jacks)
shalomrum: shows [5h Kc] (two pair, Jacks and Fives)
shalomrum collected $41.50 from pot
*** SUMMARY ***
Total pot $42 | Rake $0.50
Board [Jh 5s Jd 7d 2s]
Seat 7: VolkovDmitri (big blind) showed [As Kd] and lost with a pair of Jacks
Seat 8: shalomrum (button) (small blind) showed [5h Kc] and won ($41.50) with two pair, Jacks and Fives


PokerStars Hand #150686869321:  Hold'em Limit ($3/$6 USD) - 2016/03/20 22:10:12 ET
Table 'Diphda' 10-max Seat #7 is the button
Seat 7: VolkovDmitri ($149.01 in chips)
Seat 8: shalomrum ($69.71 in chips)
VolkovDmitri: posts small blind $1
shalomrum: posts big blind $3
*** HOLE CARDS ***
VolkovDmitri: folds
Uncalled bet ($2) returned to shalomrum
shalomrum collected $2 from pot
shalomrum: doesn't show hand
*** SUMMARY ***
Total pot $2 | Rake $0
Seat 7: VolkovDmitri (button) (small blind) folded before Flop
Seat 8: shalomrum (big blind) collected ($2)


PokerStars Hand #150686853702:  Hold'em Limit ($3/$6 USD) - 2016/03/20 22:09:36 ET
Table 'Diphda' 10-max Seat #8 is the button
Seat 7: VolkovDmitri ($140.37 in chips)
Seat 8: shalomrum ($78.71 in chips)
shalomrum: posts small blind $1
VolkovDmitri: posts big blind $3
*** HOLE CARDS ***
shalomrum: raises $3 to $6
VolkovDmitri: calls $3
*** FLOP *** [Td As Ad]
VolkovDmitri: checks
shalomrum: bets $3
VolkovDmitri: raises $3 to $6
shalomrum: folds
Uncalled bet ($3) returned to VolkovDmitri
VolkovDmitri collected $17.64 from pot
VolkovDmitri: doesn't show hand
*** SUMMARY ***
Total pot $18 | Rake $0.36
Board [Td As Ad]
Seat 7: VolkovDmitri (big blind) collected ($17.64)
Seat 8: shalomrum (button) (small blind) folded on the Flop


PokerStars Hand #150686872097:  Hold'em Limit ($3/$6 USD) - 2016/03/20 22:10:18 ET
Table 'Diphda' 10-max Seat #8 is the button
Seat 7: VolkovDmitri ($148.01 in chips)
Seat 8: shalomrum ($70.71 in chips)
shalomrum: posts small blind $1
VolkovDmitri: posts big blind $3
*** HOLE CARDS ***
shalomrum: raises $3 to $6
VolkovDmitri: calls $3
*** FLOP *** [Ac Ad Qs]
VolkovDmitri: checks
shalomrum: bets $3
VolkovDmitri: folds
Uncalled bet ($3) returned to shalomrum
shalomrum collected $11.76 from pot
shalomrum: doesn't show hand
*** SUMMARY ***
Total pot $12 | Rake $0.24
Board [Ac Ad Qs]
Seat 7: VolkovDmitri (big blind) folded on the Flop
Seat 8: shalomrum (button) (small blind) collected ($11.76)


PokerStars Hand #150686880123:  Hold'em Limit ($3/$6 USD) - 2016/03/20 22:10:37 ET
Table 'Diphda' 10-max Seat #7 is the button
Seat 7: VolkovDmitri ($142.01 in chips)
Seat 8: shalomrum ($76.47 in chips)
VolkovDmitri: posts small blind $1
shalomrum: posts big blind $3
*** HOLE CARDS ***
VolkovDmitri: raises $3 to $6
shalomrum: calls $3
*** FLOP *** [Kc Jc As]
shalomrum: checks
VolkovDmitri: bets $3
shalomrum: folds
Uncalled bet ($3) returned to VolkovDmitri
VolkovDmitri collected $11.76 from pot
VolkovDmitri: doesn't show hand
*** SUMMARY ***
Total pot $12 | Rake $0.24
Board [Kc Jc As]
Seat 7: VolkovDmitri (button) (small blind) collected ($11.76)
Seat 8: shalomrum (big blind) folded on the Flop


PokerStars Hand #150686892359:  Hold'em Limit ($3/$6 USD) - 2016/03/20 22:11:05 ET
Table 'Diphda' 10-max Seat #8 is the button
Seat 7: VolkovDmitri ($147.77 in chips)
Seat 8: shalomrum ($70.47 in chips)
shalomrum: posts small blind $1
VolkovDmitri: posts big blind $3
*** HOLE CARDS ***
shalomrum: folds
Uncalled bet ($2) returned to VolkovDmitri
VolkovDmitri collected $2 from pot
VolkovDmitri: doesn't show hand
*** SUMMARY ***
Total pot $2 | Rake $0
Seat 7: VolkovDmitri (big blind) collected ($2)
Seat 8: shalomrum (button) (small blind) folded before Flop


PokerStars Hand #150686895126:  Hold'em Limit ($3/$6 USD) - 2016/03/20 22:11:12 ET
Table 'Diphda' 10-max Seat #7 is the button
Seat 7: VolkovDmitri ($148.77 in chips)
Seat 8: shalomrum ($69.47 in chips)
VolkovDmitri: posts small blind $1
shalomrum: posts big blind $3
*** HOLE CARDS ***
VolkovDmitri: raises $3 to $6
shalomrum: calls $3
*** FLOP *** [Qs Ts Qh]
shalomrum: checks
VolkovDmitri: bets $3
shalomrum: folds
Uncalled bet ($3) returned to VolkovDmitri
VolkovDmitri collected $11.76 from pot
VolkovDmitri: doesn't show hand
*** SUMMARY ***
Total pot $12 | Rake $0.24
Board [Qs Ts Qh]
Seat 7: VolkovDmitri (button) (small blind) collected ($11.76)
Seat 8: shalomrum (big blind) folded on the Flop


PokerStars Hand #150686899910:  Hold'em Limit ($3/$6 USD) - 2016/03/20 22:11:23 ET
Table 'Diphda' 10-max Seat #8 is the button
Seat 7: VolkovDmitri ($154.53 in chips)
Seat 8: shalomrum ($63.47 in chips)
shalomrum: posts small blind $1
VolkovDmitri: posts big blind $3
*** HOLE CARDS ***
shalomrum: raises $3 to $6
VolkovDmitri: calls $3
*** FLOP *** [8h Jd 7c]
VolkovDmitri: checks
shalomrum: bets $3
VolkovDmitri: calls $3
*** TURN *** [8h Jd 7c] [4c]
VolkovDmitri: checks
shalomrum: bets $6
VolkovDmitri: calls $6
*** RIVER *** [8h Jd 7c 4c] [7h]
VolkovDmitri: checks
shalomrum: bets $6
VolkovDmitri: calls $6
*** SHOW DOWN ***
shalomrum: shows [Jh 3h] (two pair, Jacks and Sevens)
VolkovDmitri: mucks hand
shalomrum collected $41.50 from pot
*** SUMMARY ***
Total pot $42 | Rake $0.50
Board [8h Jd 7c 4c 7h]
Seat 7: VolkovDmitri (big blind) mucked
Seat 8: shalomrum (button) (small blind) showed [Jh 3h] and won ($41.50) with two pair, Jacks and Sevens


PokerStars Hand #150686934306:  Hold'em Limit ($3/$6 USD) - 2016/03/20 22:12:21 ET
Table 'Diphda' 10-max Seat #8 is the button
Seat 7: VolkovDmitri ($139.29 in chips)
Seat 8: shalomrum ($77.97 in chips)
shalomrum: posts small blind $1
VolkovDmitri: posts big blind $3
*** HOLE CARDS ***
shalomrum: raises $3 to $6
VolkovDmitri: folds
Uncalled bet ($3) returned to shalomrum
shalomrum collected $6 from pot
shalomrum: doesn't show hand
*** SUMMARY ***
Total pot $6 | Rake $0
Seat 7: VolkovDmitri (big blind) folded before Flop
Seat 8: shalomrum (button) (small blind) collected ($6)


PokerStars Hand #150686925261:  Hold'em Limit ($3/$6 USD) - 2016/03/20 22:11:59 ET
Table 'Diphda' 10-max Seat #7 is the button
Seat 7: VolkovDmitri ($133.53 in chips)
Seat 8: shalomrum ($83.97 in chips)
VolkovDmitri: posts small blind $1
shalomrum: posts big blind $3
*** HOLE CARDS ***
VolkovDmitri: raises $3 to $6
shalomrum: calls $3
*** FLOP *** [3c As 8c]
shalomrum: checks
VolkovDmitri: checks
*** TURN *** [3c As 8c] [Td]
shalomrum: checks
VolkovDmitri: bets $6
shalomrum: folds
Uncalled bet ($6) returned to VolkovDmitri
VolkovDmitri collected $11.76 from pot
VolkovDmitri: doesn't show hand
*** SUMMARY ***
Total pot $12 | Rake $0.24
Board [3c As 8c Td]
Seat 7: VolkovDmitri (button) (small blind) collected ($11.76)
Seat 8: shalomrum (big blind) folded on the Turn


PokerStars Hand #150686944330:  Hold'em Limit ($3/$6 USD) - 2016/03/20 22:12:44 ET
Table 'Diphda' 10-max Seat #8 is the button
Seat 7: VolkovDmitri ($127.29 in chips)
Seat 8: shalomrum ($89.61 in chips)
shalomrum: posts small blind $1
VolkovDmitri: posts big blind $3
*** HOLE CARDS ***
shalomrum: raises $3 to $6
VolkovDmitri: calls $3
*** FLOP *** [2c 6c 4d]
VolkovDmitri: checks
shalomrum: bets $3
VolkovDmitri: raises $3 to $6
shalomrum: raises $3 to $9
VolkovDmitri: calls $3
*** TURN *** [2c 6c 4d] [Qh]
VolkovDmitri: checks
shalomrum: bets $6
VolkovDmitri: calls $6
*** RIVER *** [2c 6c 4d Qh] [9h]
VolkovDmitri: bets $6
shalomrum: calls $6
*** SHOW DOWN ***
VolkovDmitri: shows [9c 3c] (a pair of Nines)
shalomrum: mucks hand
VolkovDmitri collected $53.50 from pot
*** SUMMARY ***
Total pot $54 | Rake $0.50
Board [2c 6c 4d Qh 9h]
Seat 7: VolkovDmitri (big blind) showed [9c 3c] and won ($53.50) with a pair of Nines
Seat 8: shalomrum (button) (small blind) mucked


PokerStars Hand #150686959799:  Hold'em Limit ($3/$6 USD) - 2016/03/20 22:13:21 ET
Table 'Diphda' 10-max Seat #7 is the button
Seat 7: VolkovDmitri ($153.79 in chips)
Seat 8: shalomrum ($62.61 in chips)
VolkovDmitri: posts small blind $1
shalomrum: posts big blind $3
*** HOLE CARDS ***
VolkovDmitri: raises $3 to $6
shalomrum: calls $3
*** FLOP *** [8s Tc Qs]
shalomrum: checks
VolkovDmitri: bets $3
shalomrum: calls $3
*** TURN *** [8s Tc Qs] [Qc]
shalomrum: checks
VolkovDmitri: bets $6
shalomrum: calls $6
*** RIVER *** [8s Tc Qs Qc] [2d]
shalomrum: checks
VolkovDmitri: bets $6
shalomrum: calls $6
*** SHOW DOWN ***
VolkovDmitri: shows [2s 2h] (a full house, Deuces full of Queens)
shalomrum: mucks hand
VolkovDmitri collected $41.50 from pot
*** SUMMARY ***
Total pot $42 | Rake $0.50
Board [8s Tc Qs Qc 2d]
Seat 7: VolkovDmitri (button) (small blind) showed [2s 2h] and won ($41.50) with a full house, Deuces full of Queens
Seat 8: shalomrum (big blind) mucked


PokerStars Hand #150686971583:  Hold'em Limit ($3/$6 USD) - 2016/03/20 22:13:49 ET
Table 'Diphda' 10-max Seat #8 is the button
Seat 7: VolkovDmitri ($174.29 in chips)
Seat 8: shalomrum ($41.61 in chips)
shalomrum: posts small blind $1
VolkovDmitri: posts big blind $3
*** HOLE CARDS ***
shalomrum: raises $3 to $6
VolkovDmitri: calls $3
*** FLOP *** [Qh Js 6c]
VolkovDmitri: checks
shalomrum: bets $3
VolkovDmitri: folds
Uncalled bet ($3) returned to shalomrum
shalomrum collected $11.76 from pot
shalomrum: doesn't show hand
*** SUMMARY ***
Total pot $12 | Rake $0.24
Board [Qh Js 6c]
Seat 7: VolkovDmitri (big blind) folded on the Flop
Seat 8: shalomrum (button) (small blind) collected ($11.76)


PokerStars Hand #150686978723:  Hold'em Limit ($3/$6 USD) - 2016/03/20 22:14:06 ET
Table 'Diphda' 10-max Seat #7 is the button
Seat 7: VolkovDmitri ($168.29 in chips)
Seat 8: shalomrum ($47.37 in chips)
VolkovDmitri: posts small blind $1
shalomrum: posts big blind $3
*** HOLE CARDS ***
VolkovDmitri: raises $3 to $6
shalomrum: folds
Uncalled bet ($3) returned to VolkovDmitri
VolkovDmitri collected $6 from pot
VolkovDmitri: doesn't show hand
*** SUMMARY ***
Total pot $6 | Rake $0
Seat 7: VolkovDmitri (button) (small blind) collected ($6)
Seat 8: shalomrum (big blind) folded before Flop


PokerStars Hand #150686995476:  Hold'em Limit ($3/$6 USD) - 2016/03/20 22:14:46 ET
Table 'Diphda' 10-max Seat #7 is the button
Seat 7: VolkovDmitri ($185.79 in chips)
Seat 8: shalomrum ($29.37 in chips)
VolkovDmitri: posts small blind $1
shalomrum: posts big blind $3
*** HOLE CARDS ***
VolkovDmitri: raises $3 to $6
shalomrum: raises $3 to $9
VolkovDmitri: calls $3
*** FLOP *** [4d 2c Jc]
shalomrum: bets $3
VolkovDmitri: calls $3
*** TURN *** [4d 2c Jc] [5s]
shalomrum: bets $6
VolkovDmitri: raises $6 to $12
shalomrum: calls $6
*** RIVER *** [4d 2c Jc 5s] [6s]
shalomrum: checks
VolkovDmitri: checks
*** SHOW DOWN ***
shalomrum: shows [As Ks] (high card Ace)
VolkovDmitri: shows [7h 4c] (a pair of Fours)
VolkovDmitri collected $47.50 from pot
*** SUMMARY ***
Total pot $48 | Rake $0.50
Board [4d 2c Jc 5s 6s]
Seat 7: VolkovDmitri (button) (small blind) showed [7h 4c] and won ($47.50) with a pair of Fours
Seat 8: shalomrum (big blind) showed [As Ks] and lost with high card Ace


PokerStars Hand #150687010384:  Hold'em Limit ($3/$6 USD) - 2016/03/20 22:15:21 ET
Table 'Diphda' 10-max Seat #8 is the button
Seat 7: VolkovDmitri ($209.29 in chips)
Seat 8: shalomrum ($5.37 in chips)
shalomrum: posts small blind $1
VolkovDmitri: posts big blind $3
*** HOLE CARDS ***
shalomrum: raises $2.37 to $5.37 and is all-in
VolkovDmitri: calls $2.37
*** FLOP *** [6d Qh 4s]
*** TURN *** [6d Qh 4s] [6h]
*** RIVER *** [6d Qh 4s 6h] [4d]
*** SHOW DOWN ***
VolkovDmitri: shows [9s 3h] (two pair, Sixes and Fours)
shalomrum: shows [4c 6c] (a full house, Sixes full of Fours)
shalomrum collected $10.53 from pot
*** SUMMARY ***
Total pot $10.74 | Rake $0.21
Board [6d Qh 4s 6h 4d]
Seat 7: VolkovDmitri (big blind) showed [9s 3h] and lost with two pair, Sixes and Fours
Seat 8: shalomrum (button) (small blind) showed [4c 6c] and won ($10.53) with a full house, Sixes full of Fours


PokerStars Hand #150686981650:  Hold'em Limit ($3/$6 USD) - 2016/03/20 22:14:13 ET
Table 'Diphda' 10-max Seat #8 is the button
Seat 7: VolkovDmitri ($171.29 in chips)
Seat 8: shalomrum ($44.37 in chips)
shalomrum: posts small blind $1
VolkovDmitri: posts big blind $3
*** HOLE CARDS ***
shalomrum: raises $3 to $6
VolkovDmitri: calls $3
*** FLOP *** [9s Td Jc]
VolkovDmitri: checks
shalomrum: bets $3
VolkovDmitri: raises $3 to $6
shalomrum: raises $3 to $9
VolkovDmitri: calls $3
*** TURN *** [9s Td Jc] [3s]
VolkovDmitri: checks
shalomrum: checks
*** RIVER *** [9s Td Jc 3s] [7s]
VolkovDmitri: bets $6
shalomrum: folds
Uncalled bet ($6) returned to VolkovDmitri
VolkovDmitri collected $29.50 from pot
VolkovDmitri: doesn't show hand
*** SUMMARY ***
Total pot $30 | Rake $0.50
Board [9s Td Jc 3s 7s]
Seat 7: VolkovDmitri (big blind) collected ($29.50)
Seat 8: shalomrum (button) (small blind) folded on the River


PokerStars Hand #150687021421:  Hold'em Limit ($3/$6 USD) - 2016/03/20 22:15:47 ET
Table 'Diphda' 10-max Seat #8 is the button
Seat 7: VolkovDmitri ($202.92 in chips)
Seat 8: shalomrum ($11.53 in chips)
shalomrum: posts small blind $1
VolkovDmitri: posts big blind $3
*** HOLE CARDS ***
shalomrum: raises $3 to $6
VolkovDmitri: raises $3 to $9
shalomrum: raises $2.53 to $11.53 and is all-in
Betting is capped
VolkovDmitri: calls $2.53
*** FLOP *** [7s Kc 4h]
*** TURN *** [7s Kc 4h] [As]
*** RIVER *** [7s Kc 4h As] [5s]
*** SHOW DOWN ***
VolkovDmitri: shows [Ah 9d] (a pair of Aces)
shalomrum: shows [9c 7c] (a pair of Sevens)
VolkovDmitri collected $22.60 from pot
*** SUMMARY ***
Total pot $23.06 | Rake $0.46
Board [7s Kc 4h As 5s]
Seat 7: VolkovDmitri (big blind) showed [Ah 9d] and won ($22.60) with a pair of Aces
Seat 8: shalomrum (button) (small blind) showed [9c 7c] and lost with a pair of Sevens


PokerStars Hand #150687016941:  Hold'em Limit ($3/$6 USD) - 2016/03/20 22:15:37 ET
Table 'Diphda' 10-max Seat #7 is the button
Seat 7: VolkovDmitri ($203.92 in chips)
Seat 8: shalomrum ($10.53 in chips)
VolkovDmitri: posts small blind $1
shalomrum: posts big blind $3
*** HOLE CARDS ***
VolkovDmitri: folds
Uncalled bet ($2) returned to shalomrum
shalomrum collected $2 from pot
shalomrum: doesn't show hand
*** SUMMARY ***
Total pot $2 | Rake $0
Seat 7: VolkovDmitri (button) (small blind) folded before Flop
Seat 8: shalomrum (big blind) collected ($2)


PokerStars Hand #150687043789:  Hold'em Limit ($3/$6 USD) - 2016/03/20 22:16:40 ET
Table 'Diphda' 10-max Seat #8 is the button
Seat 5: Profitables ($143.50 in chips)
Seat 8: shalomrum ($96 in chips)
shalomrum: posts small blind $1
Profitables: posts big blind $3
*** HOLE CARDS ***
shalomrum: raises $3 to $6
Profitables: calls $3
*** FLOP *** [7h 2h 9s]
Profitables: checks
shalomrum: bets $3
Profitables: raises $3 to $6
shalomrum: raises $3 to $9
Profitables: calls $3
*** TURN *** [7h 2h 9s] [2s]
Profitables: checks
shalomrum: bets $6
Profitables: calls $6
*** RIVER *** [7h 2h 9s 2s] [4s]
Profitables: checks
shalomrum: bets $6
Profitables: folds
Uncalled bet ($6) returned to shalomrum
shalomrum collected $41.50 from pot
shalomrum: doesn't show hand
*** SUMMARY ***
Total pot $42 | Rake $0.50
Board [7h 2h 9s 2s 4s]
Seat 5: Profitables (big blind) folded on the River
Seat 8: shalomrum (button) (small blind) collected ($41.50)


PokerStars Hand #150687055375:  Hold'em Limit ($3/$6 USD) - 2016/03/20 22:17:08 ET
Table 'Diphda' 10-max Seat #5 is the button
Seat 5: Profitables ($122.50 in chips)
Seat 8: shalomrum ($116.50 in chips)
Profitables: posts small blind $1
shalomrum: posts big blind $3
*** HOLE CARDS ***
Profitables: raises $3 to $6
shalomrum: calls $3
*** FLOP *** [Qh Kh 9h]
shalomrum: checks
Profitables: bets $3
shalomrum: calls $3
*** TURN *** [Qh Kh 9h] [7c]
shalomrum: checks
Profitables: bets $6
shalomrum: calls $6
*** RIVER *** [Qh Kh 9h 7c] [Js]
shalomrum: checks
Profitables: checks
*** SHOW DOWN ***
shalomrum: shows [4h Jd] (a pair of Jacks)
Profitables: mucks hand
shalomrum collected $29.50 from pot
*** SUMMARY ***
Total pot $30 | Rake $0.50
Board [Qh Kh 9h 7c Js]
Seat 5: Profitables (button) (small blind) mucked
Seat 8: shalomrum (big blind) showed [4h Jd] and won ($29.50) with a pair of Jacks


PokerStars Hand #150687062419:  Hold'em Limit ($3/$6 USD) - 2016/03/20 22:17:25 ET
Table 'Diphda' 10-max Seat #8 is the button
Seat 5: Profitables ($107.50 in chips)
Seat 8: shalomrum ($131 in chips)
shalomrum: posts small blind $1
Profitables: posts big blind $3
*** HOLE CARDS ***
shalomrum: raises $3 to $6
Profitables: calls $3
*** FLOP *** [Qd 8h 7c]
Profitables: checks
Bonsey_1 joins the table at seat #10
shalomrum: bets $3
Profitables: folds
Uncalled bet ($3) returned to shalomrum
shalomrum collected $11.76 from pot
shalomrum: doesn't show hand
*** SUMMARY ***
Total pot $12 | Rake $0.24
Board [Qd 8h 7c]
Seat 5: Profitables (big blind) folded on the Flop
Seat 8: shalomrum (button) (small blind) collected ($11.76)


PokerStars Hand #150687034955:  Hold'em Limit ($3/$6 USD) - 2016/03/20 22:16:19 ET
Table 'Diphda' 10-max Seat #5 is the button
Seat 5: Profitables ($120 in chips)
Seat 8: shalomrum ($120 in chips)
VolkovDmitri: is sitting out
Profitables: posts small blind $1
shalomrum: posts big blind $3
*** HOLE CARDS ***
Profitables: raises $3 to $6
shalomrum: raises $3 to $9
Profitables: calls $3
*** FLOP *** [4h 9d 9c]
shalomrum: bets $3
Profitables: calls $3
*** TURN *** [4h 9d 9c] [6d]
shalomrum: checks
Profitables: bets $6
shalomrum: raises $6 to $12
Profitables: raises $6 to $18
shalomrum: folds
Uncalled bet ($6) returned to Profitables
Profitables collected $47.50 from pot
Profitables: doesn't show hand
*** SUMMARY ***
Total pot $48 | Rake $0.50
Board [4h 9d 9c 6d]
Seat 5: Profitables (button) (small blind) collected ($47.50)
Seat 8: shalomrum (big blind) folded on the Turn


PokerStars Hand #150687066843:  Hold'em Limit ($3/$6 USD) - 2016/03/20 22:17:35 ET
Table 'Diphda' 10-max Seat #5 is the button
Seat 5: Profitables ($101.50 in chips)
Seat 8: shalomrum ($136.76 in chips)
Profitables: posts small blind $1
shalomrum: posts big blind $3
*** HOLE CARDS ***
Profitables: folds
Uncalled bet ($2) returned to shalomrum
shalomrum collected $2 from pot
shalomrum: doesn't show hand
*** SUMMARY ***
Total pot $2 | Rake $0
Seat 5: Profitables (button) (small blind) folded before Flop
Seat 8: shalomrum (big blind) collected ($2)


PokerStars Hand #150691236201:  Hold'em Limit ($3/$6 USD) - 2016/03/21 2:17:46 ET
Table 'Diphda' 10-max Seat #10 is the button
Seat 8: Bonsey_1 ($70.58 in chips)
Seat 10: RinaFox ($112.88 in chips)
RinaFox: posts small blind $1
stronghawk: is sitting out
Bonsey_1: posts big blind $3
*** HOLE CARDS ***
RinaFox: raises $3 to $6
Bonsey_1: folds
Uncalled bet ($3) returned to RinaFox
RinaFox collected $6 from pot
RinaFox: doesn't show hand
*** SUMMARY ***
Total pot $6 | Rake $0
Seat 8: Bonsey_1 (big blind) folded before Flop
Seat 10: RinaFox (button) (small blind) collected ($6)


PokerStars Hand #150691238104:  Hold'em Limit ($3/$6 USD) - 2016/03/21 2:17:54 ET
Table 'Diphda' 10-max Seat #8 is the button
Seat 8: Bonsey_1 ($67.58 in chips)
Seat 10: RinaFox ($115.88 in chips)
Bonsey_1: posts small blind $1
RinaFox: posts big blind $3
*** HOLE CARDS ***
Bonsey_1: raises $3 to $6
stronghawk leaves the table
RinaFox: raises $3 to $9
Bonsey_1: raises $3 to $12
Betting is capped
RinaFox: calls $3
*** FLOP *** [2h 4d Qs]
RinaFox: checks
Bonsey_1: bets $3
RinaFox: calls $3
*** TURN *** [2h 4d Qs] [5h]
RinaFox: checks
Bonsey_1: bets $6
RinaFox: calls $6
*** RIVER *** [2h 4d Qs 5h] [5s]
RinaFox: checks
Bonsey_1: checks
*** SHOW DOWN ***
RinaFox: shows [9c 6c] (a pair of Fives)
Bonsey_1: shows [Jh Ah] (a pair of Fives - Ace kicker)
Bonsey_1 collected $41.50 from pot
*** SUMMARY ***
Total pot $42 | Rake $0.50
Board [2h 4d Qs 5h 5s]
Seat 8: Bonsey_1 (button) (small blind) showed [Jh Ah] and won ($41.50) with a pair of Fives
Seat 10: RinaFox (big blind) showed [9c 6c] and lost with a pair of Fives


PokerStars Hand #150691250583:  Hold'em Limit ($3/$6 USD) - 2016/03/21 2:18:48 ET
Table 'Diphda' 10-max Seat #8 is the button
Seat 8: Bonsey_1 ($82.08 in chips)
Seat 10: RinaFox ($100.64 in chips)
Bonsey_1: posts small blind $1
RinaFox: posts big blind $3
*** HOLE CARDS ***
Bonsey_1: raises $3 to $6
RinaFox: calls $3
*** FLOP *** [9d 5s 3d]
RinaFox: checks
Bonsey_1: checks
*** TURN *** [9d 5s 3d] [Jh]
RinaFox: bets $6
Bonsey_1: raises $6 to $12
RinaFox: calls $6
*** RIVER *** [9d 5s 3d Jh] [Jc]
RinaFox: checks
Bonsey_1: bets $6
RinaFox: folds
Uncalled bet ($6) returned to Bonsey_1
Bonsey_1 collected $35.50 from pot
Bonsey_1: doesn't show hand
*** SUMMARY ***
Total pot $36 | Rake $0.50
Board [9d 5s 3d Jh Jc]
Seat 8: Bonsey_1 (button) (small blind) collected ($35.50)
Seat 10: RinaFox (big blind) folded on the River


PokerStars Hand #150691256208:  Hold'em Limit ($3/$6 USD) - 2016/03/21 2:19:12 ET
Table 'Diphda' 10-max Seat #10 is the button
Seat 8: Bonsey_1 ($99.58 in chips)
Seat 10: RinaFox ($82.64 in chips)
RinaFox: posts small blind $1
Bonsey_1: posts big blind $3
*** HOLE CARDS ***
RinaFox: raises $3 to $6
Bonsey_1: calls $3
*** FLOP *** [6h 6s 9d]
Bonsey_1: checks
RinaFox: bets $3
Bonsey_1: folds
Uncalled bet ($3) returned to RinaFox
RinaFox collected $11.76 from pot
RinaFox: doesn't show hand
*** SUMMARY ***
Total pot $12 | Rake $0.24
Board [6h 6s 9d]
Seat 8: Bonsey_1 (big blind) folded on the Flop
Seat 10: RinaFox (button) (small blind) collected ($11.76)


PokerStars Hand #150691261115:  Hold'em Limit ($3/$6 USD) - 2016/03/21 2:19:32 ET
Table 'Diphda' 10-max Seat #8 is the button
Seat 8: Bonsey_1 ($93.58 in chips)
Seat 10: RinaFox ($88.40 in chips)
Bonsey_1: posts small blind $1
RinaFox: posts big blind $3
*** HOLE CARDS ***
Bonsey_1: folds
Uncalled bet ($2) returned to RinaFox
RinaFox collected $2 from pot
RinaFox: doesn't show hand
Bonsey_1 leaves the table
*** SUMMARY ***
Total pot $2 | Rake $0
Seat 8: Bonsey_1 (button) (small blind) folded before Flop
Seat 10: RinaFox (big blind) collected ($2)


