PokerStars Hand #161543488590:  Hold'em Limit ($3/$6 USD) - 2016/11/17 12:04:41 ET
Table 'Diphda' 6-max Seat #1 is the button
Seat 1: kolaz03 ($73 in chips)
Seat 6: HAOYUN88888 ($80.16 in chips)
kolaz03: posts small blind $1
HAOYUN88888: posts big blind $3
*** HOLE CARDS ***
kolaz03: raises $3 to $6
HAOYUN88888: calls $3
*** FLOP *** [Td Ad 4h]
HAOYUN88888: checks
kolaz03: bets $3
HAOYUN88888: raises $3 to $6
kolaz03: calls $3
*** TURN *** [Td Ad 4h] [2s]
HAOYUN88888: bets $6
kolaz03: raises $6 to $12
HAOYUN88888: folds
Uncalled bet ($6) returned to kolaz03
kolaz03 collected $35.50 from pot
kolaz03: doesn't show hand
*** SUMMARY ***
Total pot $36 | Rake $0.50
Board [Td Ad 4h 2s]
Seat 1: kolaz03 (button) (small blind) collected ($35.50)
Seat 6: HAOYUN88888 (big blind) folded on the Turn


PokerStars Hand #161543484860:  Hold'em Limit ($3/$6 USD) - 2016/11/17 12:04:36 ET
Table 'Diphda' 6-max Seat #6 is the button
Seat 1: kolaz03 ($72 in chips)
Seat 6: HAOYUN88888 ($81.16 in chips)
HAOYUN88888: posts small blind $1
kolaz03: posts big blind $3
zimin10 joins the table at seat #2
*** HOLE CARDS ***
HAOYUN88888: folds
Uncalled bet ($2) returned to kolaz03
kolaz03 collected $2 from pot
*** SUMMARY ***
Total pot $2 | Rake $0
Seat 1: kolaz03 (big blind) collected ($2)
Seat 6: HAOYUN88888 (button) (small blind) folded before Flop


PokerStars Hand #161543557044:  Hold'em Limit ($3/$6 USD) - 2016/11/17 12:06:07 ET
Table 'Diphda' 6-max Seat #6 is the button
Seat 1: kolaz03 ($107 in chips)
Seat 6: HAOYUN88888 ($45.16 in chips)
HAOYUN88888: posts small blind $1
kolaz03: posts big blind $3
*** HOLE CARDS ***
HAOYUN88888: raises $3 to $6
kolaz03: calls $3
*** FLOP *** [3s 2h As]
kolaz03: checks
HAOYUN88888: bets $3
kolaz03: calls $3
*** TURN *** [3s 2h As] [9c]
kolaz03: checks
HAOYUN88888: checks
*** RIVER *** [3s 2h As 9c] [7d]
kolaz03: checks
HAOYUN88888: bets $6
kolaz03: calls $6
*** SHOW DOWN ***
HAOYUN88888: shows [6d 7c] (a pair of Sevens)
kolaz03: mucks hand
HAOYUN88888 collected $29.50 from pot
*** SUMMARY ***
Total pot $30 | Rake $0.50
Board [3s 2h As 9c 7d]
Seat 1: kolaz03 (big blind) mucked
Seat 6: HAOYUN88888 (button) (small blind) showed [6d 7c] and won ($29.50) with a pair of Sevens


PokerStars Hand #161543544252:  Hold'em Limit ($3/$6 USD) - 2016/11/17 12:05:51 ET
Table 'Diphda' 6-max Seat #1 is the button
Seat 1: kolaz03 ($108 in chips)
Seat 6: HAOYUN88888 ($44.16 in chips)
krytalex joins the table at seat #3
kolaz03: posts small blind $1
HAOYUN88888: posts big blind $3
*** HOLE CARDS ***
kolaz03: folds
Uncalled bet ($2) returned to HAOYUN88888
HAOYUN88888 collected $2 from pot
HAOYUN88888: doesn't show hand
*** SUMMARY ***
Total pot $2 | Rake $0
Seat 1: kolaz03 (button) (small blind) folded before Flop
Seat 6: HAOYUN88888 (big blind) collected ($2)


PokerStars Hand #161543509431:  Hold'em Limit ($3/$6 USD) - 2016/11/17 12:05:07 ET
Table 'Diphda' 6-max Seat #6 is the button
Seat 1: kolaz03 ($90.50 in chips)
Seat 6: HAOYUN88888 ($62.16 in chips)
HAOYUN88888: posts small blind $1
kolaz03: posts big blind $3
*** HOLE CARDS ***
HAOYUN88888: raises $3 to $6
kolaz03: raises $3 to $9
HAOYUN88888: calls $3
*** FLOP *** [7h 9c 7d]
kolaz03: bets $3
HAOYUN88888: calls $3
*** TURN *** [7h 9c 7d] [2s]
kolaz03: checks
HAOYUN88888: checks
*** RIVER *** [7h 9c 7d 2s] [Ad]
kolaz03: checks
HAOYUN88888: bets $6
kolaz03: calls $6
*** SHOW DOWN ***
HAOYUN88888: shows [Th 5h] (a pair of Sevens)
kolaz03: shows [Ks Qd] (a pair of Sevens - Ace+King kicker)
kolaz03 collected $35.50 from pot
*** SUMMARY ***
Total pot $36 | Rake $0.50
Board [7h 9c 7d 2s Ad]
Seat 1: kolaz03 (big blind) showed [Ks Qd] and won ($35.50) with a pair of Sevens
Seat 6: HAOYUN88888 (button) (small blind) showed [Th 5h] and lost with a pair of Sevens


PokerStars Hand #161543695857:  Hold'em Limit ($3/$6 USD) - 2016/11/17 12:09:00 ET
Table 'Diphda' 6-max Seat #3 is the button
Seat 1: kolaz03 ($153.74 in chips)
Seat 3: krytalex ($111.53 in chips)
krytalex: posts small blind $1
kolaz03: posts big blind $3
*** HOLE CARDS ***
HAOYUN88888 leaves the table
krytalex: folds
Uncalled bet ($2) returned to kolaz03
kolaz03 collected $2 from pot
kolaz03: doesn't show hand
*** SUMMARY ***
Total pot $2 | Rake $0
Seat 1: kolaz03 (big blind) collected ($2)
Seat 3: krytalex (button) (small blind) folded before Flop


PokerStars Hand #161543702596:  Hold'em Limit ($3/$6 USD) - 2016/11/17 12:09:09 ET
Table 'Diphda' 6-max Seat #1 is the button
Seat 1: kolaz03 ($154.74 in chips)
Seat 3: krytalex ($110.53 in chips)
kolaz03: posts small blind $1
krytalex: posts big blind $3
*** HOLE CARDS ***
kolaz03: raises $3 to $6
krytalex: raises $3 to $9
kolaz03: calls $3
*** FLOP *** [Ac 9c 6s]
krytalex: bets $3
kolaz03: folds
Uncalled bet ($3) returned to krytalex
krytalex collected $17.64 from pot
*** SUMMARY ***
Total pot $18 | Rake $0.36
Board [Ac 9c 6s]
Seat 1: kolaz03 (button) (small blind) folded on the Flop
Seat 3: krytalex (big blind) collected ($17.64)


PokerStars Hand #161545123022:  Hold'em Limit ($3/$6 USD) - 2016/11/17 12:38:02 ET
Table 'Diphda' 6-max Seat #3 is the button
Seat 2: pr0pl0s0 ($87.33 in chips)
Seat 3: krytalex ($119.17 in chips)
krytalex: posts small blind $1
pr0pl0s0: posts big blind $3
*** HOLE CARDS ***
krytalex: raises $3 to $6
pr0pl0s0: calls $3
*** FLOP *** [Kh Ah 2c]
pr0pl0s0: bets $3
krytalex: raises $3 to $6
pr0pl0s0: raises $3 to $9
krytalex: calls $3
*** TURN *** [Kh Ah 2c] [6d]
pr0pl0s0: bets $6
krytalex: calls $6
*** RIVER *** [Kh Ah 2c 6d] [Ac]
pr0pl0s0: bets $6
krytalex: folds
Uncalled bet ($6) returned to pr0pl0s0
pr0pl0s0 collected $41.50 from pot
pr0pl0s0: doesn't show hand
*** SUMMARY ***
Total pot $42 | Rake $0.50
Board [Kh Ah 2c 6d Ac]
Seat 2: pr0pl0s0 (big blind) collected ($41.50)
Seat 3: krytalex (button) (small blind) folded on the River


PokerStars Hand #161545192228:  Hold'em Limit ($3/$6 USD) - 2016/11/17 12:39:25 ET
Table 'Diphda' 6-max Seat #3 is the button
Seat 2: pr0pl0s0 ($86.83 in chips)
Seat 3: krytalex ($118.67 in chips)
krytalex: posts small blind $1
pr0pl0s0: posts big blind $3
*** HOLE CARDS ***
krytalex: raises $3 to $6
pr0pl0s0: raises $3 to $9
krytalex: calls $3
*** FLOP *** [Qs 3d Kh]
pr0pl0s0: bets $3
krytalex: calls $3
*** TURN *** [Qs 3d Kh] [Tc]
pr0pl0s0: bets $6
krytalex: calls $6
*** RIVER *** [Qs 3d Kh Tc] [3s]
pr0pl0s0: bets $6
krytalex: calls $6
*** SHOW DOWN ***
pr0pl0s0: shows [Ks 8c] (two pair, Kings and Threes)
krytalex: mucks hand
pr0pl0s0 collected $47.50 from pot
*** SUMMARY ***
Total pot $48 | Rake $0.50
Board [Qs 3d Kh Tc 3s]
Seat 2: pr0pl0s0 (big blind) showed [Ks 8c] and won ($47.50) with two pair, Kings and Threes
Seat 3: krytalex (button) (small blind) mucked


PokerStars Hand #161545214322:  Hold'em Limit ($3/$6 USD) - 2016/11/17 12:39:51 ET
Table 'Diphda' 6-max Seat #2 is the button
Seat 2: pr0pl0s0 ($110.33 in chips)
Seat 3: krytalex ($94.67 in chips)
pr0pl0s0: posts small blind $1
krytalex: posts big blind $3
*** HOLE CARDS ***
pr0pl0s0: raises $3 to $6
krytalex: calls $3
*** FLOP *** [Th Qd 6s]
krytalex: checks
pr0pl0s0: bets $3
krytalex: calls $3
*** TURN *** [Th Qd 6s] [7s]
krytalex: checks
pr0pl0s0: bets $6
krytalex: calls $6
*** RIVER *** [Th Qd 6s 7s] [6h]
krytalex: checks
pr0pl0s0: bets $6
krytalex: raises $6 to $12
pr0pl0s0: raises $6 to $18
krytalex: calls $6
*** SHOW DOWN ***
pr0pl0s0: shows [Td Tc] (a full house, Tens full of Sixes)
krytalex: mucks hand
pr0pl0s0 collected $65.50 from pot
*** SUMMARY ***
Total pot $66 | Rake $0.50
Board [Th Qd 6s 7s 6h]
Seat 2: pr0pl0s0 (button) (small blind) showed [Td Tc] and won ($65.50) with a full house, Tens full of Sixes
Seat 3: krytalex (big blind) mucked


PokerStars Hand #161545161775:  Hold'em Limit ($3/$6 USD) - 2016/11/17 12:38:48 ET
Table 'Diphda' 6-max Seat #2 is the button
Seat 2: pr0pl0s0 ($107.83 in chips)
Seat 3: krytalex ($98.17 in chips)
pr0pl0s0: posts small blind $1
krytalex: posts big blind $3
*** HOLE CARDS ***
pr0pl0s0: raises $3 to $6
krytalex: raises $3 to $9
pr0pl0s0: raises $3 to $12
Betting is capped
krytalex: calls $3
*** FLOP *** [7s 8d 3s]
krytalex: checks
pr0pl0s0: bets $3
krytalex: calls $3
*** TURN *** [7s 8d 3s] [8h]
krytalex: checks
pr0pl0s0: bets $6
krytalex: calls $6
*** RIVER *** [7s 8d 3s 8h] [2c]
krytalex: checks
pr0pl0s0: checks
*** SHOW DOWN ***
krytalex: shows [Ac Kh] (a pair of Eights)
pr0pl0s0: mucks hand
krytalex collected $41.50 from pot
*** SUMMARY ***
Total pot $42 | Rake $0.50
Board [7s 8d 3s 8h 2c]
Seat 2: pr0pl0s0 (button) (small blind) mucked
Seat 3: krytalex (big blind) showed [Ac Kh] and won ($41.50) with a pair of Eights


PokerStars Hand #161545240617:  Hold'em Limit ($3/$6 USD) - 2016/11/17 12:40:23 ET
Table 'Diphda' 6-max Seat #3 is the button
Seat 2: pr0pl0s0 ($142.83 in chips)
Seat 3: krytalex ($72 in chips)
krytalex: posts small blind $1
pr0pl0s0: posts big blind $3
*** HOLE CARDS ***
krytalex: folds
Uncalled bet ($2) returned to pr0pl0s0
pr0pl0s0 collected $2 from pot
pr0pl0s0: doesn't show hand
*** SUMMARY ***
Total pot $2 | Rake $0
Seat 2: pr0pl0s0 (big blind) collected ($2)
Seat 3: krytalex (button) (small blind) folded before Flop


PokerStars Hand #161545245797:  Hold'em Limit ($3/$6 USD) - 2016/11/17 12:40:29 ET
Table 'Diphda' 6-max Seat #2 is the button
Seat 2: pr0pl0s0 ($143.83 in chips)
Seat 3: krytalex ($72 in chips)
pr0pl0s0: posts small blind $1
krytalex: posts big blind $3
*** HOLE CARDS ***
pr0pl0s0: calls $2
krytalex: checks
*** FLOP *** [Kd 3c 6c]
krytalex: checks
pr0pl0s0: bets $3
Mordnilap joins the table at seat #4
krytalex: folds
Uncalled bet ($3) returned to pr0pl0s0
pr0pl0s0 collected $5.88 from pot
pr0pl0s0: doesn't show hand
*** SUMMARY ***
Total pot $6 | Rake $0.12
Board [Kd 3c 6c]
Seat 2: pr0pl0s0 (button) (small blind) collected ($5.88)
Seat 3: krytalex (big blind) folded on the Flop


PokerStars Hand #161545305040:  Hold'em Limit ($3/$6 USD) - 2016/11/17 12:41:39 ET
Table 'Diphda' 6-max Seat #4 is the button
Seat 3: krytalex ($72 in chips)
Seat 4: Mordnilap ($80.46 in chips)
Mordnilap: posts small blind $1
krytalex: posts big blind $3
*** HOLE CARDS ***
Mordnilap: raises $3 to $6
krytalex: calls $3
*** FLOP *** [Jd Ah Qh]
krytalex: checks
Mordnilap: bets $3
krytalex: folds
Uncalled bet ($3) returned to Mordnilap
Mordnilap collected $11.76 from pot
Mordnilap: doesn't show hand
*** SUMMARY ***
Total pot $12 | Rake $0.24
Board [Jd Ah Qh]
Seat 3: krytalex (big blind) folded on the Flop
Seat 4: Mordnilap (button) (small blind) collected ($11.76)


PokerStars Hand #161545317606:  Hold'em Limit ($3/$6 USD) - 2016/11/17 12:41:54 ET
Table 'Diphda' 6-max Seat #3 is the button
Seat 3: krytalex ($72 in chips)
Seat 4: Mordnilap ($86.22 in chips)
krytalex: posts small blind $1
Mordnilap: posts big blind $3
*** HOLE CARDS ***
krytalex: raises $3 to $6
Mordnilap: calls $3
*** FLOP *** [Qh Js 9s]
Mordnilap: checks
krytalex: bets $3
Mordnilap: raises $3 to $6
krytalex: calls $3
*** TURN *** [Qh Js 9s] [Ah]
Mordnilap: checks
krytalex: bets $6
Mordnilap: calls $6
*** RIVER *** [Qh Js 9s Ah] [5h]
Mordnilap: checks
krytalex: bets $6
Mordnilap: folds
Uncalled bet ($6) returned to krytalex
krytalex collected $35.50 from pot
*** SUMMARY ***
Total pot $36 | Rake $0.50
Board [Qh Js 9s Ah 5h]
Seat 3: krytalex (button) (small blind) collected ($35.50)
Seat 4: Mordnilap (big blind) folded on the River


PokerStars Hand #161545354424:  Hold'em Limit ($3/$6 USD) - 2016/11/17 12:42:38 ET
Table 'Diphda' 6-max Seat #4 is the button
Seat 3: krytalex ($89.50 in chips)
Seat 4: Mordnilap ($72 in chips)
Mordnilap: posts small blind $1
krytalex: posts big blind $3
*** HOLE CARDS ***
Mordnilap: raises $3 to $6
krytalex: calls $3
*** FLOP *** [4s 7h Js]
krytalex: checks
Mordnilap: checks
*** TURN *** [4s 7h Js] [3d]
krytalex: checks
Mordnilap: checks
*** RIVER *** [4s 7h Js 3d] [Td]
krytalex: checks
Mordnilap: checks
*** SHOW DOWN ***
krytalex: shows [8c 4c] (a pair of Fours)
Mordnilap: mucks hand
krytalex collected $11.76 from pot
*** SUMMARY ***
Total pot $12 | Rake $0.24
Board [4s 7h Js 3d Td]
Seat 3: krytalex (big blind) showed [8c 4c] and won ($11.76) with a pair of Fours
Seat 4: Mordnilap (button) (small blind) mucked


PokerStars Hand #161545378573:  Hold'em Limit ($3/$6 USD) - 2016/11/17 12:43:06 ET
Table 'Diphda' 6-max Seat #4 is the button
Seat 3: krytalex ($101.02 in chips)
Seat 4: Mordnilap ($72 in chips)
Mordnilap: posts small blind $1
krytalex: posts big blind $3
*** HOLE CARDS ***
Mordnilap: raises $3 to $6
krytalex: folds
Uncalled bet ($3) returned to Mordnilap
Mordnilap collected $6 from pot
Mordnilap: doesn't show hand
*** SUMMARY ***
Total pot $6 | Rake $0
Seat 3: krytalex (big blind) folded before Flop
Seat 4: Mordnilap (button) (small blind) collected ($6)


PokerStars Hand #161545369604:  Hold'em Limit ($3/$6 USD) - 2016/11/17 12:42:56 ET
Table 'Diphda' 6-max Seat #3 is the button
Seat 3: krytalex ($95.26 in chips)
Seat 4: Mordnilap ($72 in chips)
krytalex: posts small blind $1
Mordnilap: posts big blind $3
*** HOLE CARDS ***
krytalex: raises $3 to $6
Mordnilap: calls $3
*** FLOP *** [Ac 2c Ad]
Mordnilap: checks
krytalex: bets $3
Mordnilap: folds
Uncalled bet ($3) returned to krytalex
krytalex collected $11.76 from pot
*** SUMMARY ***
Total pot $12 | Rake $0.24
Board [Ac 2c Ad]
Seat 3: krytalex (button) (small blind) collected ($11.76)
Seat 4: Mordnilap (big blind) folded on the Flop


PokerStars Hand #161545383902:  Hold'em Limit ($3/$6 USD) - 2016/11/17 12:43:13 ET
Table 'Diphda' 6-max Seat #3 is the button
Seat 3: krytalex ($98.02 in chips)
Seat 4: Mordnilap ($75 in chips)
krytalex: posts small blind $1
Mordnilap: posts big blind $3
*** HOLE CARDS ***
krytalex: folds
Uncalled bet ($2) returned to Mordnilap
Mordnilap collected $2 from pot
Mordnilap: doesn't show hand
*** SUMMARY ***
Total pot $2 | Rake $0
Seat 3: krytalex (button) (small blind) folded before Flop
Seat 4: Mordnilap (big blind) collected ($2)


