PokerStars Hand #150015292287:  Hold'em Limit ($3/$6 USD) - 2016/03/07 21:51:45 ET
Table 'Diphda' 6-max Seat #6 is the button
Seat 2: LWNS ($80 in chips)
Seat 6: anetkaapro ($72 in chips)
anetkaapro: posts small blind $1
LWNS: posts big blind $3
*** HOLE CARDS ***
anetkaapro: raises $3 to $6
LWNS: folds
Uncalled bet ($3) returned to anetkaapro
anetkaapro collected $6 from pot
anetkaapro: doesn't show hand
*** SUMMARY ***
Total pot $6 | Rake $0
Seat 2: LWNS (big blind) folded before Flop
Seat 6: anetkaapro (button) (small blind) collected ($6)


PokerStars Hand #150015298754:  Hold'em Limit ($3/$6 USD) - 2016/03/07 21:52:01 ET
Table 'Diphda' 6-max Seat #2 is the button
Seat 2: LWNS ($77 in chips)
Seat 6: anetkaapro ($75 in chips)
LWNS: posts small blind $1
anetkaapro: posts big blind $3
*** HOLE CARDS ***
LWNS: raises $3 to $6
anetkaapro: calls $3
*** FLOP *** [Qc 9d 7c]
anetkaapro: checks
LWNS: bets $3
anetkaapro: folds
Uncalled bet ($3) returned to LWNS
LWNS collected $11.76 from pot
LWNS: doesn't show hand
*** SUMMARY ***
Total pot $12 | Rake $0.24
Board [Qc 9d 7c]
Seat 2: LWNS (button) (small blind) collected ($11.76)
Seat 6: anetkaapro (big blind) folded on the Flop


PokerStars Hand #150015307363:  Hold'em Limit ($3/$6 USD) - 2016/03/07 21:52:23 ET
Table 'Diphda' 6-max Seat #6 is the button
Seat 2: LWNS ($82.76 in chips)
Seat 6: anetkaapro ($72 in chips)
anetkaapro: posts small blind $1
LWNS: posts big blind $3
*** HOLE CARDS ***
anetkaapro: raises $3 to $6
LWNS: folds
Uncalled bet ($3) returned to anetkaapro
anetkaapro collected $6 from pot
anetkaapro: doesn't show hand
*** SUMMARY ***
Total pot $6 | Rake $0
Seat 2: LWNS (big blind) folded before Flop
Seat 6: anetkaapro (button) (small blind) collected ($6)


PokerStars Hand #150015309760:  Hold'em Limit ($3/$6 USD) - 2016/03/07 21:52:29 ET
Table 'Diphda' 6-max Seat #2 is the button
Seat 2: LWNS ($79.76 in chips)
Seat 6: anetkaapro ($75 in chips)
LWNS: posts small blind $1
anetkaapro: posts big blind $3
*** HOLE CARDS ***
LWNS: raises $3 to $6
anetkaapro: calls $3
*** FLOP *** [4d Ah 5c]
anetkaapro: checks
LWNS: bets $3
anetkaapro: raises $3 to $6
LWNS: calls $3
*** TURN *** [4d Ah 5c] [Qd]
anetkaapro: bets $6
LWNS: raises $6 to $12
anetkaapro: folds
Uncalled bet ($6) returned to LWNS
LWNS collected $35.50 from pot
LWNS: doesn't show hand
*** SUMMARY ***
Total pot $36 | Rake $0.50
Board [4d Ah 5c Qd]
Seat 2: LWNS (button) (small blind) collected ($35.50)
Seat 6: anetkaapro (big blind) folded on the Turn


PokerStars Hand #150015321629:  Hold'em Limit ($3/$6 USD) - 2016/03/07 21:52:58 ET
Table 'Diphda' 6-max Seat #2 is the button
Seat 2: LWNS ($94.26 in chips)
Seat 6: anetkaapro ($75 in chips)
LWNS: posts small blind $1
anetkaapro: posts big blind $3
*** HOLE CARDS ***
LWNS: folds
Uncalled bet ($2) returned to anetkaapro
anetkaapro collected $2 from pot
anetkaapro: doesn't show hand
*** SUMMARY ***
Total pot $2 | Rake $0
Seat 2: LWNS (button) (small blind) folded before Flop
Seat 6: anetkaapro (big blind) collected ($2)


PokerStars Hand #150015317855:  Hold'em Limit ($3/$6 USD) - 2016/03/07 21:52:49 ET
Table 'Diphda' 6-max Seat #6 is the button
Seat 2: LWNS ($97.26 in chips)
Seat 6: anetkaapro ($72 in chips)
anetkaapro: posts small blind $1
LWNS: posts big blind $3
*** HOLE CARDS ***
anetkaapro: raises $3 to $6
LWNS: folds
Uncalled bet ($3) returned to anetkaapro
anetkaapro collected $6 from pot
anetkaapro: doesn't show hand
*** SUMMARY ***
Total pot $6 | Rake $0
Seat 2: LWNS (big blind) folded before Flop
Seat 6: anetkaapro (button) (small blind) collected ($6)


PokerStars Hand #150015333533:  Hold'em Limit ($3/$6 USD) - 2016/03/07 21:53:28 ET
Table 'Diphda' 6-max Seat #2 is the button
Seat 2: LWNS ($101.90 in chips)
Seat 6: anetkaapro ($72 in chips)
LWNS: posts small blind $1
anetkaapro: posts big blind $3
*** HOLE CARDS ***
LWNS: folds
Uncalled bet ($2) returned to anetkaapro
anetkaapro collected $2 from pot
anetkaapro: doesn't show hand
*** SUMMARY ***
Total pot $2 | Rake $0
Seat 2: LWNS (button) (small blind) folded before Flop
Seat 6: anetkaapro (big blind) collected ($2)


PokerStars Hand #150015323946:  Hold'em Limit ($3/$6 USD) - 2016/03/07 21:53:04 ET
Table 'Diphda' 6-max Seat #6 is the button
Seat 2: LWNS ($93.26 in chips)
Seat 6: anetkaapro ($76 in chips)
anetkaapro: posts small blind $1
LWNS: posts big blind $3
*** HOLE CARDS ***
anetkaapro: raises $3 to $6
LWNS: raises $3 to $9
anetkaapro: calls $3
*** FLOP *** [8d Ah 9c]
LWNS: bets $3
anetkaapro: folds
Uncalled bet ($3) returned to LWNS
LWNS collected $17.64 from pot
LWNS: doesn't show hand
*** SUMMARY ***
Total pot $18 | Rake $0.36
Board [8d Ah 9c]
Seat 2: LWNS (big blind) collected ($17.64)
Seat 6: anetkaapro (button) (small blind) folded on the Flop


PokerStars Hand #150015926286:  Hold'em Limit ($3/$6 USD) - 2016/03/07 22:20:22 ET
Table 'Diphda' 6-max Seat #6 is the button
Seat 1: degal76 ($80.32 in chips)
Seat 6: anetkaapro ($73 in chips)
Donald joins the table at seat #3
anetkaapro: posts small blind $1
degal76: posts big blind $3
*** HOLE CARDS ***
anetkaapro: raises $3 to $6
degal76: calls $3
*** FLOP *** [6s 4h 2s]
degal76: checks
anetkaapro: bets $3
degal76: calls $3
*** TURN *** [6s 4h 2s] [Qs]
degal76: bets $6
anetkaapro: calls $6
*** RIVER *** [6s 4h 2s Qs] [Ac]
degal76: bets $6
anetkaapro: raises $6 to $12
degal76: folds
Uncalled bet ($6) returned to anetkaapro
anetkaapro collected $41.50 from pot
anetkaapro: doesn't show hand
*** SUMMARY ***
Total pot $42 | Rake $0.50
Board [6s 4h 2s Qs Ac]
Seat 1: degal76 (big blind) folded on the River
Seat 6: anetkaapro (button) (small blind) collected ($41.50)


PokerStars Hand #150015944350:  Hold'em Limit ($3/$6 USD) - 2016/03/07 22:21:11 ET
Table 'Diphda' 6-max Seat #3 is the button
Seat 1: degal76 ($41.32 in chips)
Seat 3: Donald ($147 in chips)
Donald: posts small blind $1
anetkaapro: is sitting out
degal76: posts big blind $3
*** HOLE CARDS ***
Donald: raises $3 to $6
degal76: calls $3
*** FLOP *** [3d As Ks]
degal76: checks
Donald: bets $3
degal76: raises $3 to $6
Donald: calls $3
*** TURN *** [3d As Ks] [Ah]
degal76: bets $6
Donald: calls $6
*** RIVER *** [3d As Ks Ah] [3c]
degal76: bets $6
Donald: calls $6
*** SHOW DOWN ***
degal76: shows [Kc 5d] (two pair, Aces and Kings)
Donald: mucks hand
degal76 collected $47.50 from pot
*** SUMMARY ***
Total pot $48 | Rake $0.50
Board [3d As Ks Ah 3c]
Seat 1: degal76 (big blind) showed [Kc 5d] and won ($47.50) with two pair, Aces and Kings
Seat 3: Donald (button) (small blind) mucked


PokerStars Hand #150015951230:  Hold'em Limit ($3/$6 USD) - 2016/03/07 22:21:30 ET
Table 'Diphda' 6-max Seat #1 is the button
Seat 1: degal76 ($64.82 in chips)
Seat 3: Donald ($123 in chips)
degal76: posts small blind $1
Donald: posts big blind $3
*** HOLE CARDS ***
degal76: raises $3 to $6
Donald: calls $3
*** FLOP *** [5h 6d 7c]
Donald: checks
degal76: bets $3
Donald: raises $3 to $6
degal76: raises $3 to $9
Donald: raises $3 to $12
Betting is capped
degal76: calls $3
*** TURN *** [5h 6d 7c] [7h]
Donald: bets $6
degal76: calls $6
*** RIVER *** [5h 6d 7c 7h] [9s]
Donald: checks
degal76: checks
*** SHOW DOWN ***
Donald: shows [4s 3d] (a straight, Three to Seven)
degal76: mucks hand
Donald collected $47.50 from pot
*** SUMMARY ***
Total pot $48 | Rake $0.50
Board [5h 6d 7c 7h 9s]
Seat 1: degal76 (button) (small blind) mucked
Seat 3: Donald (big blind) showed [4s 3d] and won ($47.50) with a straight, Three to Seven


PokerStars Hand #150015960278:  Hold'em Limit ($3/$6 USD) - 2016/03/07 22:21:55 ET
Table 'Diphda' 6-max Seat #3 is the button
Seat 1: degal76 ($40.82 in chips)
Seat 3: Donald ($146.50 in chips)
Donald: posts small blind $1
degal76: posts big blind $3
*** HOLE CARDS ***
Donald: raises $3 to $6
degal76: calls $3
*** FLOP *** [Js Kc 5d]
degal76: checks
Donald: bets $3
degal76: folds
Uncalled bet ($3) returned to Donald
Donald collected $11.76 from pot
Donald: doesn't show hand
*** SUMMARY ***
Total pot $12 | Rake $0.24
Board [Js Kc 5d]
Seat 1: degal76 (big blind) folded on the Flop
Seat 3: Donald (button) (small blind) collected ($11.76)


PokerStars Hand #150015972623:  Hold'em Limit ($3/$6 USD) - 2016/03/07 22:22:29 ET
Table 'Diphda' 6-max Seat #1 is the button
Seat 1: degal76 ($61.32 in chips)
Seat 3: Donald ($125.26 in chips)
degal76: posts small blind $1
Donald: posts big blind $3
*** HOLE CARDS ***
degal76: raises $3 to $6
Donald: calls $3
*** FLOP *** [Ts Jh Kc]
Donald: checks
degal76: bets $3
Donald: calls $3
*** TURN *** [Ts Jh Kc] [Kd]
Donald: checks
degal76: checks
*** RIVER *** [Ts Jh Kc Kd] [2h]
Donald: checks
degal76: bets $6
Donald: calls $6
*** SHOW DOWN ***
degal76: shows [5s 6s] (a pair of Kings)
Donald: shows [3d 3h] (two pair, Kings and Threes)
Donald collected $29.50 from pot
*** SUMMARY ***
Total pot $30 | Rake $0.50
Board [Ts Jh Kc Kd 2h]
Seat 1: degal76 (button) (small blind) showed [5s 6s] and lost with a pair of Kings
Seat 3: Donald (big blind) showed [3d 3h] and won ($29.50) with two pair, Kings and Threes


PokerStars Hand #150015979586:  Hold'em Limit ($3/$6 USD) - 2016/03/07 22:22:48 ET
Table 'Diphda' 6-max Seat #3 is the button
Seat 1: degal76 ($46.32 in chips)
Seat 3: Donald ($139.76 in chips)
Donald: posts small blind $1
degal76: posts big blind $3
*** HOLE CARDS ***
Donald: raises $3 to $6
degal76: calls $3
*** FLOP *** [Jd Kh 7c]
degal76: checks
Donald: bets $3
degal76: folds
Uncalled bet ($3) returned to Donald
Donald collected $11.76 from pot
Donald: doesn't show hand
*** SUMMARY ***
Total pot $12 | Rake $0.24
Board [Jd Kh 7c]
Seat 1: degal76 (big blind) folded on the Flop
Seat 3: Donald (button) (small blind) collected ($11.76)


PokerStars Hand #150015964405:  Hold'em Limit ($3/$6 USD) - 2016/03/07 22:22:07 ET
Table 'Diphda' 6-max Seat #1 is the button
Seat 1: degal76 ($34.82 in chips)
Seat 3: Donald ($152.26 in chips)
degal76: posts small blind $1
Donald: posts big blind $3
*** HOLE CARDS ***
degal76: raises $3 to $6
Donald: folds
Uncalled bet ($3) returned to degal76
degal76 collected $6 from pot
degal76: doesn't show hand
*** SUMMARY ***
Total pot $6 | Rake $0
Seat 1: degal76 (button) (small blind) collected ($6)
Seat 3: Donald (big blind) folded before Flop


PokerStars Hand #150015967005:  Hold'em Limit ($3/$6 USD) - 2016/03/07 22:22:14 ET
Table 'Diphda' 6-max Seat #3 is the button
Seat 1: degal76 ($37.82 in chips)
Seat 3: Donald ($149.26 in chips)
Donald: posts small blind $1
degal76: posts big blind $3
*** HOLE CARDS ***
Donald: raises $3 to $6
degal76: raises $3 to $9
Donald: calls $3
*** FLOP *** [Jh Qc Ad]
degal76: bets $3
Donald: calls $3
*** TURN *** [Jh Qc Ad] [7c]
degal76: bets $6
Donald: calls $6
*** RIVER *** [Jh Qc Ad 7c] [3c]
degal76: bets $6
Donald: calls $6
*** SHOW DOWN ***
degal76: shows [Kh Kd] (a pair of Kings)
Donald: mucks hand
degal76 collected $47.50 from pot
*** SUMMARY ***
Total pot $48 | Rake $0.50
Board [Jh Qc Ad 7c 3c]
Seat 1: degal76 (big blind) showed [Kh Kd] and won ($47.50) with a pair of Kings
Seat 3: Donald (button) (small blind) mucked


PokerStars Hand #150015991782:  Hold'em Limit ($3/$6 USD) - 2016/03/07 22:23:21 ET
Table 'Diphda' 6-max Seat #3 is the button
Seat 1: degal76 ($42.08 in chips)
Seat 3: Donald ($143.52 in chips)
Donald: posts small blind $1
degal76: posts big blind $3
*** HOLE CARDS ***
Donald: raises $3 to $6
degal76: calls $3
*** FLOP *** [Kh 5h 6h]
degal76: checks
Donald: bets $3
degal76: raises $3 to $6
Donald: calls $3
*** TURN *** [Kh 5h 6h] [5c]
degal76: bets $6
Donald: calls $6
*** RIVER *** [Kh 5h 6h 5c] [Th]
degal76: bets $6
Donald: calls $6
*** SHOW DOWN ***
degal76: shows [9h 8h] (a flush, King high)
Donald: mucks hand
degal76 collected $47.50 from pot
*** SUMMARY ***
Total pot $48 | Rake $0.50
Board [Kh 5h 6h 5c Th]
Seat 1: degal76 (big blind) showed [9h 8h] and won ($47.50) with a flush, King high
Seat 3: Donald (button) (small blind) mucked


PokerStars Hand #150016006539:  Hold'em Limit ($3/$6 USD) - 2016/03/07 22:24:01 ET
Table 'Diphda' 6-max Seat #3 is the button
Seat 1: degal76 ($50.58 in chips)
Seat 3: Donald ($134.02 in chips)
Donald: posts small blind $1
degal76: posts big blind $3
*** HOLE CARDS ***
Donald: folds
Uncalled bet ($2) returned to degal76
degal76 collected $2 from pot
degal76: doesn't show hand
*** SUMMARY ***
Total pot $2 | Rake $0
Seat 1: degal76 (big blind) collected ($2)
Seat 3: Donald (button) (small blind) folded before Flop


PokerStars Hand #150016000170:  Hold'em Limit ($3/$6 USD) - 2016/03/07 22:23:44 ET
Table 'Diphda' 6-max Seat #1 is the button
Seat 1: degal76 ($65.58 in chips)
Seat 3: Donald ($119.52 in chips)
degal76: posts small blind $1
Donald: posts big blind $3
*** HOLE CARDS ***
degal76: raises $3 to $6
Donald: calls $3
*** FLOP *** [9h 2h Ah]
Donald: checks
degal76: bets $3
Donald: calls $3
*** TURN *** [9h 2h Ah] [3c]
Donald: checks
degal76: bets $6
Donald: calls $6
*** RIVER *** [9h 2h Ah 3c] [7c]
Donald: checks
degal76: checks
*** SHOW DOWN ***
Donald: shows [As 6s] (a pair of Aces)
degal76: mucks hand
Donald collected $29.50 from pot
*** SUMMARY ***
Total pot $30 | Rake $0.50
Board [9h 2h Ah 3c 7c]
Seat 1: degal76 (button) (small blind) mucked
Seat 3: Donald (big blind) showed [As 6s] and won ($29.50) with a pair of Aces


PokerStars Hand #150015987597:  Hold'em Limit ($3/$6 USD) - 2016/03/07 22:23:10 ET
Table 'Diphda' 6-max Seat #3 is the button
Seat 1: degal76 ($46.08 in chips)
Seat 3: Donald ($139.52 in chips)
Donald: posts small blind $1
degal76: posts big blind $3
*** HOLE CARDS ***
Donald: raises $3 to $6
degal76: folds
Uncalled bet ($3) returned to Donald
Donald collected $6 from pot
Donald: doesn't show hand
*** SUMMARY ***
Total pot $6 | Rake $0
Seat 1: degal76 (big blind) folded before Flop
Seat 3: Donald (button) (small blind) collected ($6)


PokerStars Hand #150015983254:  Hold'em Limit ($3/$6 USD) - 2016/03/07 22:22:58 ET
Table 'Diphda' 6-max Seat #1 is the button
Seat 1: degal76 ($40.32 in chips)
Seat 3: Donald ($145.52 in chips)
degal76: posts small blind $1
Donald: posts big blind $3
*** HOLE CARDS ***
degal76: raises $3 to $6
Donald: calls $3
*** FLOP *** [9h 2h Kc]
Donald: checks
degal76: bets $3
Donald: folds
Uncalled bet ($3) returned to degal76
degal76 collected $11.76 from pot
degal76: doesn't show hand
*** SUMMARY ***
Total pot $12 | Rake $0.24
Board [9h 2h Kc]
Seat 1: degal76 (button) (small blind) collected ($11.76)
Seat 3: Donald (big blind) folded on the Flop


PokerStars Hand #150015989923:  Hold'em Limit ($3/$6 USD) - 2016/03/07 22:23:16 ET
Table 'Diphda' 6-max Seat #1 is the button
Seat 1: degal76 ($43.08 in chips)
Seat 3: Donald ($142.52 in chips)
degal76: posts small blind $1
Donald: posts big blind $3
*** HOLE CARDS ***
degal76: folds
Uncalled bet ($2) returned to Donald
Donald collected $2 from pot
Donald: doesn't show hand
*** SUMMARY ***
Total pot $2 | Rake $0
Seat 1: degal76 (button) (small blind) folded before Flop
Seat 3: Donald (big blind) collected ($2)


PokerStars Hand #150016012989:  Hold'em Limit ($3/$6 USD) - 2016/03/07 22:24:19 ET
Table 'Diphda' 6-max Seat #3 is the button
Seat 1: degal76 ($57.34 in chips)
Seat 3: Donald ($127.02 in chips)
Donald: posts small blind $1
degal76: posts big blind $3
*** HOLE CARDS ***
Donald: raises $3 to $6
degal76: calls $3
*** FLOP *** [4s 3h 4h]
degal76: checks
Donald: bets $3
degal76: calls $3
*** TURN *** [4s 3h 4h] [6c]
degal76: checks
Donald: bets $6
degal76: calls $6
*** RIVER *** [4s 3h 4h 6c] [7s]
degal76: bets $6
Donald: calls $6
*** SHOW DOWN ***
degal76: shows [Kd 7d] (two pair, Sevens and Fours)
Donald: mucks hand
degal76 collected $41.50 from pot
*** SUMMARY ***
Total pot $42 | Rake $0.50
Board [4s 3h 4h 6c 7s]
Seat 1: degal76 (big blind) showed [Kd 7d] and won ($41.50) with two pair, Sevens and Fours
Seat 3: Donald (button) (small blind) mucked


PokerStars Hand #150016020091:  Hold'em Limit ($3/$6 USD) - 2016/03/07 22:24:39 ET
Table 'Diphda' 6-max Seat #1 is the button
Seat 1: degal76 ($77.84 in chips)
Seat 3: Donald ($106.02 in chips)
degal76: posts small blind $1
Donald: posts big blind $3
*** HOLE CARDS ***
degal76: raises $3 to $6
Donald: raises $3 to $9
degal76: calls $3
*** FLOP *** [Qd Kc 2s]
Donald: bets $3
degal76: raises $3 to $6
Donald: calls $3
*** TURN *** [Qd Kc 2s] [Kd]
Donald: checks
degal76: bets $6
Donald: raises $6 to $12
degal76: calls $6
*** RIVER *** [Qd Kc 2s Kd] [Tc]
Donald: bets $6
degal76: calls $6
*** SHOW DOWN ***
Donald: shows [Ah Ks] (three of a kind, Kings)
degal76: mucks hand
Donald collected $65.50 from pot
*** SUMMARY ***
Total pot $66 | Rake $0.50
Board [Qd Kc 2s Kd Tc]
Seat 1: degal76 (button) (small blind) mucked
Seat 3: Donald (big blind) showed [Ah Ks] and won ($65.50) with three of a kind, Kings


PokerStars Hand #150016008313:  Hold'em Limit ($3/$6 USD) - 2016/03/07 22:24:06 ET
Table 'Diphda' 6-max Seat #1 is the button
Seat 1: degal76 ($51.58 in chips)
Seat 3: Donald ($133.02 in chips)
degal76: posts small blind $1
Donald: posts big blind $3
*** HOLE CARDS ***
degal76: raises $3 to $6
Donald: calls $3
*** FLOP *** [9c 8h Ts]
Donald: checks
degal76: bets $3
Donald: folds
Uncalled bet ($3) returned to degal76
degal76 collected $11.76 from pot
degal76: doesn't show hand
*** SUMMARY ***
Total pot $12 | Rake $0.24
Board [9c 8h Ts]
Seat 1: degal76 (button) (small blind) collected ($11.76)
Seat 3: Donald (big blind) folded on the Flop


PokerStars Hand #150016046983:  Hold'em Limit ($3/$6 USD) - 2016/03/07 22:25:54 ET
Table 'Diphda' 6-max Seat #1 is the button
Seat 1: degal76 ($52.48 in chips)
Seat 3: Donald ($130.28 in chips)
degal76: posts small blind $1
Donald: posts big blind $3
*** HOLE CARDS ***
degal76: raises $3 to $6
Donald: folds
Uncalled bet ($3) returned to degal76
degal76 collected $6 from pot
degal76: doesn't show hand
alpha2777 joins the table at seat #5
*** SUMMARY ***
Total pot $6 | Rake $0
Seat 1: degal76 (button) (small blind) collected ($6)
Seat 3: Donald (big blind) folded before Flop


PokerStars Hand #150016039780:  Hold'em Limit ($3/$6 USD) - 2016/03/07 22:25:34 ET
Table 'Diphda' 6-max Seat #1 is the button
Seat 1: degal76 ($57.48 in chips)
Seat 3: Donald ($125.52 in chips)
degal76: posts small blind $1
Donald: posts big blind $3
*** HOLE CARDS ***
degal76: raises $3 to $6
Donald: calls $3
*** FLOP *** [2h 4c 2s]
Donald: checks
degal76: checks
*** TURN *** [2h 4c 2s] [Kh]
Donald: bets $6
degal76: folds
Uncalled bet ($6) returned to Donald
Donald collected $11.76 from pot
Donald: doesn't show hand
*** SUMMARY ***
Total pot $12 | Rake $0.24
Board [2h 4c 2s Kh]
Seat 1: degal76 (button) (small blind) folded on the Turn
Seat 3: Donald (big blind) collected ($11.76)


PokerStars Hand #150016044607:  Hold'em Limit ($3/$6 USD) - 2016/03/07 22:25:47 ET
Table 'Diphda' 6-max Seat #3 is the button
Seat 1: degal76 ($51.48 in chips)
Seat 3: Donald ($131.28 in chips)
Donald: posts small blind $1
degal76: posts big blind $3
*** HOLE CARDS ***
Donald: folds
Uncalled bet ($2) returned to degal76
degal76 collected $2 from pot
degal76: doesn't show hand
*** SUMMARY ***
Total pot $2 | Rake $0
Seat 1: degal76 (big blind) collected ($2)
Seat 3: Donald (button) (small blind) folded before Flop


PokerStars Hand #150016037758:  Hold'em Limit ($3/$6 USD) - 2016/03/07 22:25:28 ET
Table 'Diphda' 6-max Seat #3 is the button
Seat 1: degal76 ($56.48 in chips)
Seat 3: Donald ($126.52 in chips)
Donald: posts small blind $1
degal76: posts big blind $3
*** HOLE CARDS ***
Donald: folds
Uncalled bet ($2) returned to degal76
degal76 collected $2 from pot
degal76: doesn't show hand
*** SUMMARY ***
Total pot $2 | Rake $0
Seat 1: degal76 (big blind) collected ($2)
Seat 3: Donald (button) (small blind) folded before Flop


PokerStars Hand #150016035184:  Hold'em Limit ($3/$6 USD) - 2016/03/07 22:25:21 ET
Table 'Diphda' 6-max Seat #1 is the button
Seat 1: degal76 ($53.48 in chips)
Seat 3: Donald ($129.52 in chips)
degal76: posts small blind $1
Donald: posts big blind $3
*** HOLE CARDS ***
degal76: raises $3 to $6
Donald: folds
Uncalled bet ($3) returned to degal76
degal76 collected $6 from pot
degal76: doesn't show hand
*** SUMMARY ***
Total pot $6 | Rake $0
Seat 1: degal76 (button) (small blind) collected ($6)
Seat 3: Donald (big blind) folded before Flop


PokerStars Hand #150016028187:  Hold'em Limit ($3/$6 USD) - 2016/03/07 22:25:01 ET
Table 'Diphda' 6-max Seat #3 is the button
Seat 1: degal76 ($44.84 in chips)
Seat 3: Donald ($138.52 in chips)
Donald: posts small blind $1
degal76: posts big blind $3
*** HOLE CARDS ***
Donald: raises $3 to $6
degal76: calls $3
*** FLOP *** [9h Js 8h]
degal76: checks
Donald: bets $3
degal76: calls $3
*** TURN *** [9h Js 8h] [4c]
degal76: checks
Donald: checks
*** RIVER *** [9h Js 8h 4c] [Ac]
degal76: bets $6
Donald: folds
Uncalled bet ($6) returned to degal76
degal76 collected $17.64 from pot
degal76: doesn't show hand
*** SUMMARY ***
Total pot $18 | Rake $0.36
Board [9h Js 8h 4c Ac]
Seat 1: degal76 (big blind) collected ($17.64)
Seat 3: Donald (button) (small blind) folded on the River


PokerStars Hand #150016351087:  Hold'em Limit ($3/$6 USD) - 2016/03/07 22:40:17 ET
Table 'Diphda' 6-max Seat #4 is the button
Seat 3: Donald ($89.23 in chips)
Seat 4: skogsbarn ($167 in chips)
skogsbarn: posts small blind $1
Donald: posts big blind $3
*** HOLE CARDS ***
skogsbarn: folds
Uncalled bet ($2) returned to Donald
Donald collected $2 from pot
Donald: doesn't show hand
*** SUMMARY ***
Total pot $2 | Rake $0
Seat 3: Donald (big blind) collected ($2)
Seat 4: skogsbarn (button) (small blind) folded before Flop


PokerStars Hand #150016352890:  Hold'em Limit ($3/$6 USD) - 2016/03/07 22:40:22 ET
Table 'Diphda' 6-max Seat #3 is the button
Seat 3: Donald ($90.23 in chips)
Seat 4: skogsbarn ($166 in chips)
Donald: posts small blind $1
skogsbarn: posts big blind $3
*** HOLE CARDS ***
Donald: raises $3 to $6
skogsbarn: calls $3
*** FLOP *** [8h 4d 9c]
skogsbarn: checks
Donald: bets $3
skogsbarn: raises $3 to $6
Donald: calls $3
*** TURN *** [8h 4d 9c] [7s]
skogsbarn: bets $6
Donald: folds
Uncalled bet ($6) returned to skogsbarn
skogsbarn collected $23.52 from pot
skogsbarn: doesn't show hand
*** SUMMARY ***
Total pot $24 | Rake $0.48
Board [8h 4d 9c 7s]
Seat 3: Donald (button) (small blind) folded on the Turn
Seat 4: skogsbarn (big blind) collected ($23.52)


PokerStars Hand #150016360186:  Hold'em Limit ($3/$6 USD) - 2016/03/07 22:40:44 ET
Table 'Diphda' 6-max Seat #4 is the button
Seat 3: Donald ($78.23 in chips)
Seat 4: skogsbarn ($177.52 in chips)
skogsbarn: posts small blind $1
Donald: posts big blind $3
*** HOLE CARDS ***
skogsbarn: folds
Uncalled bet ($2) returned to Donald
Donald collected $2 from pot
Donald: doesn't show hand
*** SUMMARY ***
Total pot $2 | Rake $0
Seat 3: Donald (big blind) collected ($2)
Seat 4: skogsbarn (button) (small blind) folded before Flop


