PokerStars Hand #172184814177:  Hold'em Limit ($3/$6 USD) - 2017/06/24 13:42:36 ET
Table 'Dirikis' 6-max Seat #3 is the button
Seat 3: igorkabmw ($33 in chips)
Seat 4: MTails ($120 in chips)
igorkabmw: posts small blind $1
MTails: posts big blind $3
*** HOLE CARDS ***
igorkabmw: calls $2
MTails: raises $3 to $6
igorkabmw: calls $3
*** FLOP *** [Ac 5c 8s]
MTails: bets $3
igorkabmw: calls $3
*** TURN *** [Ac 5c 8s] [Qc]
MTails: checks
igorkabmw: bets $6
MTails: calls $6
*** RIVER *** [Ac 5c 8s Qc] [3d]
MTails: checks
igorkabmw: bets $6
MTails: calls $6
*** SHOW DOWN ***
igorkabmw: shows [9c 4c] (a flush, Ace high)
MTails: mucks hand
igorkabmw collected $41.50 from pot
*** SUMMARY ***
Total pot $42 | Rake $0.50
Board [Ac 5c 8s Qc 3d]
Seat 3: igorkabmw (button) (small blind) showed [9c 4c] and won ($41.50) with a flush, Ace high
Seat 4: MTails (big blind) mucked


PokerStars Hand #172184864610:  Hold'em Limit ($3/$6 USD) - 2017/06/24 13:43:47 ET
Table 'Dirikis' 6-max Seat #3 is the button
Seat 3: igorkabmw ($11.50 in chips)
Seat 4: MTails ($140 in chips)
igorkabmw: posts small blind $1
MTails: posts big blind $3
*** HOLE CARDS ***
igorkabmw: calls $2
MTails: raises $3 to $6
igorkabmw: calls $3
*** FLOP *** [8d 7c 2h]
MTails: bets $3
igorkabmw: raises $2.50 to $5.50 and is all-in
MTails: calls $2.50
*** TURN *** [8d 7c 2h] [Qs]
*** RIVER *** [8d 7c 2h Qs] [6d]
*** SHOW DOWN ***
MTails: shows [Jd 6s] (a pair of Sixes)
igorkabmw: shows [4s 8c] (a pair of Eights)
igorkabmw collected $22.54 from pot
*** SUMMARY ***
Total pot $23 | Rake $0.46
Board [8d 7c 2h Qs 6d]
Seat 3: igorkabmw (button) (small blind) showed [4s 8c] and won ($22.54) with a pair of Eights
Seat 4: MTails (big blind) showed [Jd 6s] and lost with a pair of Sixes


PokerStars Hand #172184848897:  Hold'em Limit ($3/$6 USD) - 2017/06/24 13:43:25 ET
Table 'Dirikis' 6-max Seat #4 is the button
Seat 3: igorkabmw ($35.50 in chips)
Seat 4: MTails ($116.50 in chips)
MTails: posts small blind $1
igorkabmw: posts big blind $3
*** HOLE CARDS ***
MTails: raises $3 to $6
igorkabmw: raises $3 to $9
MTails: calls $3
*** FLOP *** [Jc 4h 2h]
igorkabmw: checks
MTails: bets $3
igorkabmw: calls $3
*** TURN *** [Jc 4h 2h] [Tc]
igorkabmw: checks
MTails: checks
*** RIVER *** [Jc 4h 2h Tc] [Ah]
igorkabmw: bets $6
MTails: raises $6 to $12
igorkabmw: calls $6
*** SHOW DOWN ***
MTails: shows [5h 3h] (a straight flush, Ace to Five)
igorkabmw: mucks hand
MTails collected $47.50 from pot
*** SUMMARY ***
Total pot $48 | Rake $0.50
Board [Jc 4h 2h Tc Ah]
Seat 3: igorkabmw (big blind) mucked
Seat 4: MTails (button) (small blind) showed [5h 3h] and won ($47.50) with a straight flush, Ace to Five


PokerStars Hand #172184837716:  Hold'em Limit ($3/$6 USD) - 2017/06/24 13:43:09 ET
Table 'Dirikis' 6-max Seat #3 is the button
Seat 3: igorkabmw ($50.50 in chips)
Seat 4: MTails ($102 in chips)
igorkabmw: posts small blind $1
MTails: posts big blind $3
*** HOLE CARDS ***
igorkabmw: calls $2
MTails: raises $3 to $6
igorkabmw: calls $3
*** FLOP *** [2s Td 6c]
MTails: bets $3
igorkabmw: calls $3
*** TURN *** [2s Td 6c] [8d]
MTails: checks
igorkabmw: checks
*** RIVER *** [2s Td 6c 8d] [Ks]
MTails: checks
igorkabmw: bets $6
MTails: raises $6 to $12
igorkabmw: folds
Uncalled bet ($6) returned to MTails
MTails collected $29.50 from pot
*** SUMMARY ***
Total pot $30 | Rake $0.50
Board [2s Td 6c 8d Ks]
Seat 3: igorkabmw (button) (small blind) folded on the River
Seat 4: MTails (big blind) collected ($29.50)


PokerStars Hand #172184833578:  Hold'em Limit ($3/$6 USD) - 2017/06/24 13:43:03 ET
Table 'Dirikis' 6-max Seat #4 is the button
Seat 3: igorkabmw ($53.50 in chips)
Seat 4: MTails ($99 in chips)
MTails: posts small blind $1
igorkabmw: posts big blind $3
*** HOLE CARDS ***
MTails: raises $3 to $6
igorkabmw: folds
Uncalled bet ($3) returned to MTails
MTails collected $6 from pot
*** SUMMARY ***
Total pot $6 | Rake $0
Seat 3: igorkabmw (big blind) folded before Flop
Seat 4: MTails (button) (small blind) collected ($6)


PokerStars Hand #172184916723:  Hold'em Limit ($3/$6 USD) - 2017/06/24 13:44:50 ET
Table 'Dirikis' 6-max Seat #4 is the button
Seat 3: igorkabmw ($6 in chips)
Seat 4: MTails ($174.04 in chips)
MTails: posts small blind $1
igorkabmw: posts big blind $3
*** HOLE CARDS ***
MTails: raises $3 to $6
igorkabmw: calls $3 and is all-in
*** FLOP *** [Jd 3s 7c]
*** TURN *** [Jd 3s 7c] [6d]
*** RIVER *** [Jd 3s 7c 6d] [5h]
*** SHOW DOWN ***
igorkabmw: shows [Kc Qh] (high card King)
MTails: shows [Jc 9h] (a pair of Jacks)
MTails collected $11.76 from pot
*** SUMMARY ***
Total pot $12 | Rake $0.24
Board [Jd 3s 7c 6d 5h]
Seat 3: igorkabmw (big blind) showed [Kc Qh] and lost with high card King
Seat 4: MTails (button) (small blind) showed [Jc 9h] and won ($11.76) with a pair of Jacks


PokerStars Hand #172184905878:  Hold'em Limit ($3/$6 USD) - 2017/06/24 13:44:35 ET
Table 'Dirikis' 6-max Seat #3 is the button
Seat 3: igorkabmw ($30 in chips)
Seat 4: MTails ($150.54 in chips)
igorkabmw: posts small blind $1
MTails: posts big blind $3
*** HOLE CARDS ***
igorkabmw: raises $3 to $6
MTails: calls $3
*** FLOP *** [Tc 8h 3s]
MTails: checks
igorkabmw: checks
*** TURN *** [Tc 8h 3s] [9d]
MTails: bets $6
igorkabmw: calls $6
*** RIVER *** [Tc 8h 3s 9d] [Th]
MTails: bets $6
igorkabmw: raises $6 to $12
MTails: calls $6
*** SHOW DOWN ***
igorkabmw: shows [Kc Js] (a pair of Tens)
MTails: shows [4s 9c] (two pair, Tens and Nines)
MTails collected $47.50 from pot
*** SUMMARY ***
Total pot $48 | Rake $0.50
Board [Tc 8h 3s 9d Th]
Seat 3: igorkabmw (button) (small blind) showed [Kc Js] and lost with a pair of Tens
Seat 4: MTails (big blind) showed [4s 9c] and won ($47.50) with two pair, Tens and Nines


PokerStars Hand #172184875284:  Hold'em Limit ($3/$6 USD) - 2017/06/24 13:44:02 ET
Table 'Dirikis' 6-max Seat #4 is the button
Seat 3: igorkabmw ($22.54 in chips)
Seat 4: MTails ($128.50 in chips)
MTails: posts small blind $1
igorkabmw: posts big blind $3
*** HOLE CARDS ***
MTails: raises $3 to $6
igorkabmw: raises $3 to $9
MTails: raises $3 to $12
Betting is capped
igorkabmw: calls $3
*** FLOP *** [Qd 9c 9d]
igorkabmw: bets $3
MTails: calls $3
*** TURN *** [Qd 9c 9d] [2d]
igorkabmw: bets $6
MTails: raises $6 to $12
igorkabmw: calls $1.54 and is all-in
Uncalled bet ($4.46) returned to MTails
*** RIVER *** [Qd 9c 9d 2d] [7h]
*** SHOW DOWN ***
igorkabmw: shows [7d 7s] (a full house, Sevens full of Nines)
MTails: shows [Qc Qs] (a full house, Queens full of Nines)
MTails collected $44.58 from pot
*** SUMMARY ***
Total pot $45.08 | Rake $0.50
Board [Qd 9c 9d 2d 7h]
Seat 3: igorkabmw (big blind) showed [7d 7s] and lost with a full house, Sevens full of Nines
Seat 4: MTails (button) (small blind) showed [Qc Qs] and won ($44.58) with a full house, Queens full of Nines


