PokerStars Hand #146147548855:  Hold'em Limit ($3/$6 USD) - 2015/12/29 20:36:50 ET
Table 'Dirikis' 2-max Seat #2 is the button
Seat 1: nrJitsu ($200 in chips)
Seat 2: pokercarabin ($333 in chips)
pokercarabin: posts small blind $1
nrJitsu: posts big blind $3
*** HOLE CARDS ***
pokercarabin: raises $3 to $6
nrJitsu: calls $3
*** FLOP *** [4c 6s 8d]
nrJitsu: checks
pokercarabin: checks
*** TURN *** [4c 6s 8d] [Ts]
nrJitsu: bets $6
pokercarabin: raises $6 to $12
nrJitsu: calls $6
*** RIVER *** [4c 6s 8d Ts] [6d]
nrJitsu: checks
pokercarabin: bets $6
nrJitsu: folds
Uncalled bet ($6) returned to pokercarabin
pokercarabin collected $35.50 from pot
pokercarabin: doesn't show hand
*** SUMMARY ***
Total pot $36 | Rake $0.50
Board [4c 6s 8d Ts 6d]
Seat 1: nrJitsu (big blind) folded on the River
Seat 2: pokercarabin (button) (small blind) collected ($35.50)


PokerStars Hand #146147580141:  Hold'em Limit ($3/$6 USD) - 2015/12/29 20:37:41 ET
Table 'Dirikis' 2-max Seat #1 is the button
Seat 1: nrJitsu ($182 in chips)
Seat 2: pokercarabin ($350.50 in chips)
nrJitsu: posts small blind $1
pokercarabin: posts big blind $3
*** HOLE CARDS ***
nrJitsu: raises $3 to $6
pokercarabin: calls $3
*** FLOP *** [7h 3c 2h]
pokercarabin: bets $3
nrJitsu: calls $3
*** TURN *** [7h 3c 2h] [7d]
pokercarabin: checks
nrJitsu: checks
*** RIVER *** [7h 3c 2h 7d] [6h]
pokercarabin: bets $6
nrJitsu: calls $6
*** SHOW DOWN ***
pokercarabin: shows [Qs 5c] (a pair of Sevens)
nrJitsu: shows [Kh 2c] (two pair, Sevens and Deuces)
nrJitsu collected $29.50 from pot
*** SUMMARY ***
Total pot $30 | Rake $0.50
Board [7h 3c 2h 7d 6h]
Seat 1: nrJitsu (button) (small blind) showed [Kh 2c] and won ($29.50) with two pair, Sevens and Deuces
Seat 2: pokercarabin (big blind) showed [Qs 5c] and lost with a pair of Sevens


PokerStars Hand #146147608222:  Hold'em Limit ($3/$6 USD) - 2015/12/29 20:38:26 ET
Table 'Dirikis' 2-max Seat #2 is the button
Seat 1: nrJitsu ($196.50 in chips)
Seat 2: pokercarabin ($335.50 in chips)
pokercarabin: posts small blind $1
nrJitsu: posts big blind $3
*** HOLE CARDS ***
pokercarabin: folds
Uncalled bet ($2) returned to nrJitsu
nrJitsu collected $2 from pot
nrJitsu: doesn't show hand
*** SUMMARY ***
Total pot $2 | Rake $0
Seat 1: nrJitsu (big blind) collected ($2)
Seat 2: pokercarabin (button) (small blind) folded before Flop


PokerStars Hand #146147612543:  Hold'em Limit ($3/$6 USD) - 2015/12/29 20:38:34 ET
Table 'Dirikis' 2-max Seat #1 is the button
Seat 1: nrJitsu ($197.50 in chips)
Seat 2: pokercarabin ($334.50 in chips)
nrJitsu: posts small blind $1
pokercarabin: posts big blind $3
*** HOLE CARDS ***
nrJitsu: raises $3 to $6
pokercarabin: raises $3 to $9
nrJitsu: calls $3
*** FLOP *** [4h Tc Qh]
pokercarabin: bets $3
nrJitsu: folds
Uncalled bet ($3) returned to pokercarabin
pokercarabin collected $17.64 from pot
pokercarabin: doesn't show hand
*** SUMMARY ***
Total pot $18 | Rake $0.36
Board [4h Tc Qh]
Seat 1: nrJitsu (button) (small blind) folded on the Flop
Seat 2: pokercarabin (big blind) collected ($17.64)


PokerStars Hand #146147634384:  Hold'em Limit ($3/$6 USD) - 2015/12/29 20:39:10 ET
Table 'Dirikis' 2-max Seat #1 is the button
Seat 1: nrJitsu ($176.50 in chips)
Seat 2: pokercarabin ($354.66 in chips)
nrJitsu: posts small blind $1
pokercarabin: posts big blind $3
*** HOLE CARDS ***
nrJitsu: raises $3 to $6
pokercarabin: raises $3 to $9
nrJitsu: calls $3
*** FLOP *** [Td Tc Th]
pokercarabin: bets $3
nrJitsu: calls $3
*** TURN *** [Td Tc Th] [9h]
pokercarabin: bets $6
nrJitsu: calls $6
*** RIVER *** [Td Tc Th 9h] [3s]
pokercarabin: bets $6
nrJitsu: folds
Uncalled bet ($6) returned to pokercarabin
pokercarabin collected $35.50 from pot
pokercarabin: doesn't show hand
*** SUMMARY ***
Total pot $36 | Rake $0.50
Board [Td Tc Th 9h 3s]
Seat 1: nrJitsu (button) (small blind) folded on the River
Seat 2: pokercarabin (big blind) collected ($35.50)


PokerStars Hand #146147622885:  Hold'em Limit ($3/$6 USD) - 2015/12/29 20:38:51 ET
Table 'Dirikis' 2-max Seat #2 is the button
Seat 1: nrJitsu ($188.50 in chips)
Seat 2: pokercarabin ($343.14 in chips)
pokercarabin: posts small blind $1
nrJitsu: posts big blind $3
*** HOLE CARDS ***
pokercarabin: raises $3 to $6
nrJitsu: calls $3
*** FLOP *** [Jd 5s 2c]
nrJitsu: checks
pokercarabin: checks
*** TURN *** [Jd 5s 2c] [9h]
nrJitsu: checks
pokercarabin: checks
*** RIVER *** [Jd 5s 2c 9h] [3d]
nrJitsu: bets $6
pokercarabin: calls $6
*** SHOW DOWN ***
nrJitsu: shows [7d Td] (high card Jack)
pokercarabin: shows [7c Ad] (high card Ace)
pokercarabin collected $23.52 from pot
*** SUMMARY ***
Total pot $24 | Rake $0.48
Board [Jd 5s 2c 9h 3d]
Seat 1: nrJitsu (big blind) showed [7d Td] and lost with high card Jack
Seat 2: pokercarabin (button) (small blind) showed [7c Ad] and won ($23.52) with high card Ace


PokerStars Hand #146147662199:  Hold'em Limit ($3/$6 USD) - 2015/12/29 20:39:55 ET
Table 'Dirikis' 2-max Seat #1 is the button
Seat 1: nrJitsu ($155.50 in chips)
Seat 2: pokercarabin ($375.16 in chips)
nrJitsu: posts small blind $1
pokercarabin: posts big blind $3
*** HOLE CARDS ***
nrJitsu: folds
Uncalled bet ($2) returned to pokercarabin
pokercarabin collected $2 from pot
pokercarabin: doesn't show hand
*** SUMMARY ***
Total pot $2 | Rake $0
Seat 1: nrJitsu (button) (small blind) folded before Flop
Seat 2: pokercarabin (big blind) collected ($2)


PokerStars Hand #146147653942:  Hold'em Limit ($3/$6 USD) - 2015/12/29 20:39:42 ET
Table 'Dirikis' 2-max Seat #2 is the button
Seat 1: nrJitsu ($158.50 in chips)
Seat 2: pokercarabin ($372.16 in chips)
pokercarabin: posts small blind $1
nrJitsu: posts big blind $3
*** HOLE CARDS ***
pokercarabin: raises $3 to $6
nrJitsu: folds
Uncalled bet ($3) returned to pokercarabin
pokercarabin collected $6 from pot
pokercarabin: doesn't show hand
*** SUMMARY ***
Total pot $6 | Rake $0
Seat 1: nrJitsu (big blind) folded before Flop
Seat 2: pokercarabin (button) (small blind) collected ($6)


PokerStars Hand #146147665672:  Hold'em Limit ($3/$6 USD) - 2015/12/29 20:40:01 ET
Table 'Dirikis' 2-max Seat #2 is the button
Seat 1: nrJitsu ($154.50 in chips)
Seat 2: pokercarabin ($376.16 in chips)
pokercarabin: posts small blind $1
nrJitsu: posts big blind $3
*** HOLE CARDS ***
pokercarabin: calls $2
nrJitsu: checks
*** FLOP *** [5s 3c Ac]
nrJitsu: checks
pokercarabin: checks
*** TURN *** [5s 3c Ac] [Jc]
nrJitsu: checks
pokercarabin: checks
*** RIVER *** [5s 3c Ac Jc] [Qd]
nrJitsu: bets $6
pokercarabin: calls $6
*** SHOW DOWN ***
nrJitsu: shows [9d 2h] (high card Ace)
pokercarabin: shows [Qh 6s] (a pair of Queens)
pokercarabin collected $17.64 from pot
*** SUMMARY ***
Total pot $18 | Rake $0.36
Board [5s 3c Ac Jc Qd]
Seat 1: nrJitsu (big blind) showed [9d 2h] and lost with high card Ace
Seat 2: pokercarabin (button) (small blind) showed [Qh 6s] and won ($17.64) with a pair of Queens


PokerStars Hand #146147727116:  Hold'em Limit ($3/$6 USD) - 2015/12/29 20:41:41 ET
Table 'Dirikis' 2-max Seat #1 is the button
Seat 1: nrJitsu ($124.50 in chips)
Seat 2: pokercarabin ($405.18 in chips)
nrJitsu: posts small blind $1
pokercarabin: posts big blind $3
*** HOLE CARDS ***
nrJitsu: folds
Uncalled bet ($2) returned to pokercarabin
pokercarabin collected $2 from pot
pokercarabin: doesn't show hand
*** SUMMARY ***
Total pot $2 | Rake $0
Seat 1: nrJitsu (button) (small blind) folded before Flop
Seat 2: pokercarabin (big blind) collected ($2)


PokerStars Hand #146147680800:  Hold'em Limit ($3/$6 USD) - 2015/12/29 20:40:25 ET
Table 'Dirikis' 2-max Seat #1 is the button
Seat 1: nrJitsu ($145.50 in chips)
Seat 2: pokercarabin ($384.80 in chips)
nrJitsu: posts small blind $1
pokercarabin: posts big blind $3
*** HOLE CARDS ***
nrJitsu: raises $3 to $6
pokercarabin: raises $3 to $9
nrJitsu: calls $3
*** FLOP *** [Kd Tc 9c]
pokercarabin: bets $3
nrJitsu: calls $3
*** TURN *** [Kd Tc 9c] [3h]
pokercarabin: bets $6
nrJitsu: calls $6
*** RIVER *** [Kd Tc 9c 3h] [7d]
pokercarabin: bets $6
nrJitsu: folds
Uncalled bet ($6) returned to pokercarabin
pokercarabin collected $35.50 from pot
pokercarabin: doesn't show hand
*** SUMMARY ***
Total pot $36 | Rake $0.50
Board [Kd Tc 9c 3h 7d]
Seat 1: nrJitsu (button) (small blind) folded on the River
Seat 2: pokercarabin (big blind) collected ($35.50)


PokerStars Hand #146147703712:  Hold'em Limit ($3/$6 USD) - 2015/12/29 20:41:03 ET
Table 'Dirikis' 2-max Seat #2 is the button
Seat 1: nrJitsu ($127.50 in chips)
Seat 2: pokercarabin ($402.30 in chips)
pokercarabin: posts small blind $1
nrJitsu: posts big blind $3
*** HOLE CARDS ***
pokercarabin: calls $2
nrJitsu: checks
*** FLOP *** [8d Js Ts]
nrJitsu: checks
pokercarabin: checks
*** TURN *** [8d Js Ts] [7d]
nrJitsu: checks
pokercarabin: bets $6
nrJitsu: folds
Uncalled bet ($6) returned to pokercarabin
pokercarabin collected $5.88 from pot
pokercarabin: doesn't show hand
*** SUMMARY ***
Total pot $6 | Rake $0.12
Board [8d Js Ts 7d]
Seat 1: nrJitsu (big blind) folded on the Turn
Seat 2: pokercarabin (button) (small blind) collected ($5.88)


PokerStars Hand #146147744278:  Hold'em Limit ($3/$6 USD) - 2015/12/29 20:42:10 ET
Table 'Dirikis' 2-max Seat #1 is the button
Seat 1: nrJitsu ($129.26 in chips)
Seat 2: pokercarabin ($400.18 in chips)
nrJitsu: posts small blind $1
pokercarabin: posts big blind $3
*** HOLE CARDS ***
nrJitsu: folds
Uncalled bet ($2) returned to pokercarabin
pokercarabin collected $2 from pot
pokercarabin: doesn't show hand
*** SUMMARY ***
Total pot $2 | Rake $0
Seat 1: nrJitsu (button) (small blind) folded before Flop
Seat 2: pokercarabin (big blind) collected ($2)


PokerStars Hand #146147731047:  Hold'em Limit ($3/$6 USD) - 2015/12/29 20:41:48 ET
Table 'Dirikis' 2-max Seat #2 is the button
Seat 1: nrJitsu ($123.50 in chips)
Seat 2: pokercarabin ($406.18 in chips)
pokercarabin: posts small blind $1
nrJitsu: posts big blind $3
*** HOLE CARDS ***
pokercarabin: calls $2
nrJitsu: raises $3 to $6
pokercarabin: calls $3
*** FLOP *** [Kd Tc Kh]
nrJitsu: bets $3
pokercarabin: folds
Uncalled bet ($3) returned to nrJitsu
nrJitsu collected $11.76 from pot
nrJitsu: doesn't show hand
*** SUMMARY ***
Total pot $12 | Rake $0.24
Board [Kd Tc Kh]
Seat 1: nrJitsu (big blind) collected ($11.76)
Seat 2: pokercarabin (button) (small blind) folded on the Flop


PokerStars Hand #146147748171:  Hold'em Limit ($3/$6 USD) - 2015/12/29 20:42:16 ET
Table 'Dirikis' 2-max Seat #2 is the button
Seat 1: nrJitsu ($128.26 in chips)
Seat 2: pokercarabin ($401.18 in chips)
pokercarabin: posts small blind $1
nrJitsu: posts big blind $3
*** HOLE CARDS ***
pokercarabin: raises $3 to $6
nrJitsu: calls $3
*** FLOP *** [Qh 8s 6c]
nrJitsu: checks
pokercarabin: bets $3
nrJitsu: folds
Uncalled bet ($3) returned to pokercarabin
pokercarabin collected $11.76 from pot
pokercarabin: doesn't show hand
*** SUMMARY ***
Total pot $12 | Rake $0.24
Board [Qh 8s 6c]
Seat 1: nrJitsu (big blind) folded on the Flop
Seat 2: pokercarabin (button) (small blind) collected ($11.76)


PokerStars Hand #146147756207:  Hold'em Limit ($3/$6 USD) - 2015/12/29 20:42:29 ET
Table 'Dirikis' 2-max Seat #1 is the button
Seat 1: nrJitsu ($122.26 in chips)
Seat 2: pokercarabin ($406.94 in chips)
nrJitsu: posts small blind $1
pokercarabin: posts big blind $3
*** HOLE CARDS ***
nrJitsu: raises $3 to $6
pokercarabin: raises $3 to $9
nrJitsu: calls $3
*** FLOP *** [Kc 6c Jh]
pokercarabin: bets $3
nrJitsu: calls $3
*** TURN *** [Kc 6c Jh] [9h]
pokercarabin: checks
nrJitsu: bets $6
pokercarabin: folds
Uncalled bet ($6) returned to nrJitsu
pokercarabin leaves the table
nrJitsu collected $23.52 from pot
nrJitsu: doesn't show hand
*** SUMMARY ***
Total pot $24 | Rake $0.48
Board [Kc 6c Jh 9h]
Seat 1: nrJitsu (button) (small blind) collected ($23.52)
Seat 2: pokercarabin (big blind) folded on the Turn


