PokerStars Hand #162034865035:  Hold'em Limit ($3/$6 USD) - 2016/11/27 8:23:12 ET
Table 'Dirikis' 6-max Seat #3 is the button
Seat 3: rttattar ($88.30 in chips)
Seat 4: Agrotait ($92.50 in chips)
rttattar: posts small blind $1
Agrotait: posts big blind $3
*** HOLE CARDS ***
rttattar: folds
Uncalled bet ($2) returned to Agrotait
Agrotait collected $2 from pot
Agrotait: doesn't show hand
*** SUMMARY ***
Total pot $2 | Rake $0
Seat 3: rttattar (button) (small blind) folded before Flop
Seat 4: Agrotait (big blind) collected ($2)


PokerStars Hand #162034839919:  Hold'em Limit ($3/$6 USD) - 2016/11/27 8:22:26 ET
Table 'Dirikis' 6-max Seat #4 is the button
Seat 3: rttattar ($112.30 in chips)
Seat 4: Agrotait ($69 in chips)
Agrotait: posts small blind $1
rttattar: posts big blind $3
*** HOLE CARDS ***
Agrotait: raises $3 to $6
rttattar: raises $3 to $9
Agrotait: calls $3
*** FLOP *** [Tc 3s Jc]
rttattar: bets $3
Agrotait: calls $3
*** TURN *** [Tc 3s Jc] [Qd]
rttattar: bets $6
Agrotait: calls $6
*** RIVER *** [Tc 3s Jc Qd] [8h]
rttattar: bets $6
Agrotait: calls $6
*** SHOW DOWN ***
rttattar: shows [As Jh] (a pair of Jacks)
Agrotait: shows [8s 8c] (three of a kind, Eights)
Agrotait collected $47.50 from pot
*** SUMMARY ***
Total pot $48 | Rake $0.50
Board [Tc 3s Jc Qd 8h]
Seat 3: rttattar (big blind) showed [As Jh] and lost with a pair of Jacks
Seat 4: Agrotait (button) (small blind) showed [8s 8c] and won ($47.50) with three of a kind, Eights


PokerStars Hand #162034914410:  Hold'em Limit ($3/$6 USD) - 2016/11/27 8:24:42 ET
Table 'Dirikis' 6-max Seat #4 is the button
Seat 3: rttattar ($104.58 in chips)
Seat 4: Agrotait ($75.50 in chips)
Agrotait: posts small blind $1
rttattar: posts big blind $3
*** HOLE CARDS ***
Agrotait: folds
Uncalled bet ($2) returned to rttattar
rttattar collected $2 from pot
rttattar: doesn't show hand
*** SUMMARY ***
Total pot $2 | Rake $0
Seat 3: rttattar (big blind) collected ($2)
Seat 4: Agrotait (button) (small blind) folded before Flop


PokerStars Hand #162034894317:  Hold'em Limit ($3/$6 USD) - 2016/11/27 8:24:05 ET
Table 'Dirikis' 6-max Seat #3 is the button
Seat 3: rttattar ($95.94 in chips)
Seat 4: Agrotait ($84.50 in chips)
rttattar: posts small blind $1
Agrotait: posts big blind $3
*** HOLE CARDS ***
rttattar: calls $2
Agrotait: raises $3 to $6
rttattar: calls $3
*** FLOP *** [9c 5d 4d]
Agrotait: bets $3
rttattar: calls $3
*** TURN *** [9c 5d 4d] [8s]
Agrotait: checks
rttattar: checks
*** RIVER *** [9c 5d 4d 8s] [6d]
Agrotait: checks
rttattar: bets $6
Agrotait: folds
Uncalled bet ($6) returned to rttattar
rttattar collected $17.64 from pot
rttattar: doesn't show hand
*** SUMMARY ***
Total pot $18 | Rake $0.36
Board [9c 5d 4d 8s 6d]
Seat 3: rttattar (button) (small blind) collected ($17.64)
Seat 4: Agrotait (big blind) folded on the River


PokerStars Hand #162034872826:  Hold'em Limit ($3/$6 USD) - 2016/11/27 8:23:26 ET
Table 'Dirikis' 6-max Seat #4 is the button
Seat 3: rttattar ($87.30 in chips)
Seat 4: Agrotait ($93.50 in chips)
Agrotait: posts small blind $1
rttattar: posts big blind $3
*** HOLE CARDS ***
Agrotait: raises $3 to $6
rttattar: calls $3
*** FLOP *** [Kd 3h Kh]
rttattar: checks
Agrotait: bets $3
rttattar: calls $3
*** TURN *** [Kd 3h Kh] [5d]
rttattar: checks
Agrotait: checks
*** RIVER *** [Kd 3h Kh 5d] [8d]
rttattar: checks
Agrotait: checks
*** SHOW DOWN ***
rttattar: shows [6h 6d] (two pair, Kings and Sixes)
Agrotait: mucks hand
rttattar collected $17.64 from pot
*** SUMMARY ***
Total pot $18 | Rake $0.36
Board [Kd 3h Kh 5d 8d]
Seat 3: rttattar (big blind) showed [6h 6d] and won ($17.64) with two pair, Kings and Sixes
Seat 4: Agrotait (button) (small blind) mucked


PokerStars Hand #162034917421:  Hold'em Limit ($3/$6 USD) - 2016/11/27 8:24:48 ET
Table 'Dirikis' 6-max Seat #3 is the button
Seat 3: rttattar ($105.58 in chips)
Seat 4: Agrotait ($74.50 in chips)
rttattar: posts small blind $1
Agrotait: posts big blind $3
*** HOLE CARDS ***
rttattar: raises $3 to $6
Agrotait: calls $3
*** FLOP *** [6c 9c 3d]
Agrotait: checks
rttattar: bets $3
Agrotait: folds
Uncalled bet ($3) returned to rttattar
rttattar collected $11.76 from pot
rttattar: doesn't show hand
*** SUMMARY ***
Total pot $12 | Rake $0.24
Board [6c 9c 3d]
Seat 3: rttattar (button) (small blind) collected ($11.76)
Seat 4: Agrotait (big blind) folded on the Flop


PokerStars Hand #162035166437:  Hold'em Limit ($3/$6 USD) - 2016/11/27 8:32:23 ET
Table 'Dirikis' 6-max Seat #4 is the button
Seat 3: rttattar ($56.39 in chips)
Seat 4: Agrotait ($117.95 in chips)
Agrotait: posts small blind $1
rttattar: posts big blind $3
*** HOLE CARDS ***
Agrotait: raises $3 to $6
rttattar: calls $3
*** FLOP *** [8d Js 4s]
rttattar: checks
Agrotait: bets $3
rttattar: folds
Uncalled bet ($3) returned to Agrotait
Agrotait collected $11.76 from pot
Agrotait: doesn't show hand
*** SUMMARY ***
Total pot $12 | Rake $0.24
Board [8d Js 4s]
Seat 3: rttattar (big blind) folded on the Flop
Seat 4: Agrotait (button) (small blind) collected ($11.76)


PokerStars Hand #162035196109:  Hold'em Limit ($3/$6 USD) - 2016/11/27 8:33:17 ET
Table 'Dirikis' 6-max Seat #3 is the button
Seat 3: rttattar ($38.39 in chips)
Seat 4: Agrotait ($135.23 in chips)
rttattar: posts small blind $1
Agrotait: posts big blind $3
*** HOLE CARDS ***
rttattar: calls $2
Agrotait: checks
*** FLOP *** [5s 2s 6s]
Agrotait: bets $3
rttattar: folds
Uncalled bet ($3) returned to Agrotait
Agrotait collected $5.88 from pot
Agrotait: doesn't show hand
*** SUMMARY ***
Total pot $6 | Rake $0.12
Board [5s 2s 6s]
Seat 3: rttattar (button) (small blind) folded on the Flop
Seat 4: Agrotait (big blind) collected ($5.88)


PokerStars Hand #162035187012:  Hold'em Limit ($3/$6 USD) - 2016/11/27 8:33:01 ET
Table 'Dirikis' 6-max Seat #4 is the button
Seat 3: rttattar ($44.39 in chips)
Seat 4: Agrotait ($129.47 in chips)
Agrotait: posts small blind $1
rttattar: posts big blind $3
*** HOLE CARDS ***
Agrotait: raises $3 to $6
rttattar: calls $3
*** FLOP *** [6h 2c Qd]
rttattar: checks
Agrotait: bets $3
rttattar: folds
Uncalled bet ($3) returned to Agrotait
Agrotait collected $11.76 from pot
Agrotait: doesn't show hand
*** SUMMARY ***
Total pot $12 | Rake $0.24
Board [6h 2c Qd]
Seat 3: rttattar (big blind) folded on the Flop
Seat 4: Agrotait (button) (small blind) collected ($11.76)


PokerStars Hand #162035173094:  Hold'em Limit ($3/$6 USD) - 2016/11/27 8:32:36 ET
Table 'Dirikis' 6-max Seat #3 is the button
Seat 3: rttattar ($50.39 in chips)
Seat 4: Agrotait ($123.71 in chips)
rttattar: posts small blind $1
Agrotait: posts big blind $3
*** HOLE CARDS ***
rttattar: raises $3 to $6
Agrotait: calls $3
*** FLOP *** [5c Ts Jd]
Agrotait: checks
rttattar: checks
*** TURN *** [5c Ts Jd] [9h]
Agrotait: checks
rttattar: checks
*** RIVER *** [5c Ts Jd 9h] [3h]
Agrotait: checks
rttattar: checks
*** SHOW DOWN ***
Agrotait: shows [Ad 8c] (high card Ace)
rttattar: mucks hand
Agrotait collected $11.76 from pot
*** SUMMARY ***
Total pot $12 | Rake $0.24
Board [5c Ts Jd 9h 3h]
Seat 3: rttattar (button) (small blind) mucked
Seat 4: Agrotait (big blind) showed [Ad 8c] and won ($11.76) with high card Ace


PokerStars Hand #162035232830:  Hold'em Limit ($3/$6 USD) - 2016/11/27 8:34:23 ET
Table 'Dirikis' 6-max Seat #3 is the button
Seat 3: rttattar ($48.89 in chips)
Seat 4: Agrotait ($124.11 in chips)
rttattar: posts small blind $1
Agrotait: posts big blind $3
*** HOLE CARDS ***
rttattar: calls $2
Agrotait: checks
*** FLOP *** [9d 9c 5d]
Agrotait: checks
rttattar: checks
*** TURN *** [9d 9c 5d] [6h]
Agrotait: bets $6
rttattar: calls $6
*** RIVER *** [9d 9c 5d 6h] [Th]
Agrotait: bets $6
rttattar: calls $6
*** SHOW DOWN ***
Agrotait: shows [7h Tc] (two pair, Tens and Nines)
rttattar: mucks hand
Agrotait collected $29.50 from pot
*** SUMMARY ***
Total pot $30 | Rake $0.50
Board [9d 9c 5d 6h Th]
Seat 3: rttattar (button) (small blind) mucked
Seat 4: Agrotait (big blind) showed [7h Tc] and won ($29.50) with two pair, Tens and Nines


PokerStars Hand #162035222830:  Hold'em Limit ($3/$6 USD) - 2016/11/27 8:34:05 ET
Table 'Dirikis' 6-max Seat #4 is the button
Seat 3: rttattar ($31.39 in chips)
Seat 4: Agrotait ($142.11 in chips)
Agrotait: posts small blind $1
rttattar: posts big blind $3
*** HOLE CARDS ***
Agrotait: raises $3 to $6
rttattar: calls $3
*** FLOP *** [Ad 3c 8d]
rttattar: checks
Agrotait: checks
*** TURN *** [Ad 3c 8d] [5h]
rttattar: bets $6
Agrotait: calls $6
*** RIVER *** [Ad 3c 8d 5h] [7s]
rttattar: bets $6
Agrotait: calls $6
*** SHOW DOWN ***
rttattar: shows [5d 8c] (two pair, Eights and Fives)
Agrotait: mucks hand
rttattar collected $35.50 from pot
*** SUMMARY ***
Total pot $36 | Rake $0.50
Board [Ad 3c 8d 5h 7s]
Seat 3: rttattar (big blind) showed [5d 8c] and won ($35.50) with two pair, Eights and Fives
Seat 4: Agrotait (button) (small blind) mucked


PokerStars Hand #162035219878:  Hold'em Limit ($3/$6 USD) - 2016/11/27 8:34:00 ET
Table 'Dirikis' 6-max Seat #3 is the button
Seat 3: rttattar ($32.39 in chips)
Seat 4: Agrotait ($141.11 in chips)
rttattar: posts small blind $1
Agrotait: posts big blind $3
*** HOLE CARDS ***
rttattar: folds
Uncalled bet ($2) returned to Agrotait
Agrotait collected $2 from pot
*** SUMMARY ***
Total pot $2 | Rake $0
Seat 3: rttattar (button) (small blind) folded before Flop
Seat 4: Agrotait (big blind) collected ($2)


PokerStars Hand #162035210829:  Hold'em Limit ($3/$6 USD) - 2016/11/27 8:33:43 ET
Table 'Dirikis' 6-max Seat #4 is the button
Seat 3: rttattar ($35.39 in chips)
Seat 4: Agrotait ($138.11 in chips)
Agrotait: posts small blind $1
rttattar: posts big blind $3
*** HOLE CARDS ***
Agrotait: raises $3 to $6
rttattar: folds
Uncalled bet ($3) returned to Agrotait
Agrotait collected $6 from pot
Agrotait: doesn't show hand
*** SUMMARY ***
Total pot $6 | Rake $0
Seat 3: rttattar (big blind) folded before Flop
Seat 4: Agrotait (button) (small blind) collected ($6)


PokerStars Hand #162035276937:  Hold'em Limit ($3/$6 USD) - 2016/11/27 8:35:43 ET
Table 'Dirikis' 6-max Seat #4 is the button
Seat 3: rttattar ($23.89 in chips)
Seat 4: Agrotait ($148.25 in chips)
Agrotait: posts small blind $1
rttattar: posts big blind $3
*** HOLE CARDS ***
Agrotait: folds
Uncalled bet ($2) returned to rttattar
rttattar collected $2 from pot
rttattar: doesn't show hand
*** SUMMARY ***
Total pot $2 | Rake $0
Seat 3: rttattar (big blind) collected ($2)
Seat 4: Agrotait (button) (small blind) folded before Flop


PokerStars Hand #162035273881:  Hold'em Limit ($3/$6 USD) - 2016/11/27 8:35:37 ET
Table 'Dirikis' 6-max Seat #3 is the button
Seat 3: rttattar ($24.89 in chips)
Seat 4: Agrotait ($147.25 in chips)
rttattar: posts small blind $1
Agrotait: posts big blind $3
*** HOLE CARDS ***
rttattar: folds
Uncalled bet ($2) returned to Agrotait
Agrotait collected $2 from pot
Agrotait: doesn't show hand
*** SUMMARY ***
Total pot $2 | Rake $0
Seat 3: rttattar (button) (small blind) folded before Flop
Seat 4: Agrotait (big blind) collected ($2)


PokerStars Hand #162035246698:  Hold'em Limit ($3/$6 USD) - 2016/11/27 8:34:48 ET
Table 'Dirikis' 6-max Seat #4 is the button
Seat 3: rttattar ($33.89 in chips)
Seat 4: Agrotait ($138.61 in chips)
Agrotait: posts small blind $1
rttattar: posts big blind $3
*** HOLE CARDS ***
Agrotait: raises $3 to $6
rttattar: calls $3
*** FLOP *** [Qc 2d 7d]
rttattar: bets $3
Agrotait: calls $3
*** TURN *** [Qc 2d 7d] [Jc]
rttattar: checks
Agrotait: checks
*** RIVER *** [Qc 2d 7d Jc] [Qh]
rttattar: checks
Agrotait: bets $6
rttattar: folds
Uncalled bet ($6) returned to Agrotait
Agrotait collected $17.64 from pot
Agrotait: doesn't show hand
*** SUMMARY ***
Total pot $18 | Rake $0.36
Board [Qc 2d 7d Jc Qh]
Seat 3: rttattar (big blind) folded on the River
Seat 4: Agrotait (button) (small blind) collected ($17.64)


PokerStars Hand #162035280384:  Hold'em Limit ($3/$6 USD) - 2016/11/27 8:35:49 ET
Table 'Dirikis' 6-max Seat #3 is the button
Seat 3: rttattar ($24.89 in chips)
Seat 4: Agrotait ($147.25 in chips)
rttattar: posts small blind $1
Agrotait: posts big blind $3
*** HOLE CARDS ***
rttattar: calls $2
Agrotait: raises $3 to $6
rttattar: calls $3
*** FLOP *** [Ad 8s 3h]
ggwp-777 joins the table at seat #2
Agrotait: bets $3
rttattar: folds
Uncalled bet ($3) returned to Agrotait
Agrotait collected $11.76 from pot
Agrotait: doesn't show hand
*** SUMMARY ***
Total pot $12 | Rake $0.24
Board [Ad 8s 3h]
Seat 3: rttattar (button) (small blind) folded on the Flop
Seat 4: Agrotait (big blind) collected ($11.76)


PokerStars Hand #162035352769:  Hold'em Limit ($3/$6 USD) - 2016/11/27 8:38:00 ET
Table 'Dirikis' 6-max Seat #2 is the button
Seat 2: ggwp-777 ($45.19 in chips)
Seat 4: Agrotait ($167.39 in chips)
7superpoker will be allowed to play after the button
Bassie830 will be allowed to play after the button
ice0034 joins the table at seat #3
ggwp-777: posts small blind $1
Agrotait: posts big blind $3
*** HOLE CARDS ***
ggwp-777: raises $3 to $6
Agrotait: raises $3 to $9
ggwp-777: calls $3
*** FLOP *** [Qh 6h Qd]
Agrotait: bets $3
ggwp-777: calls $3
*** TURN *** [Qh 6h Qd] [2s]
Agrotait: checks
Headgtboy joins the table at seat #6
ggwp-777: bets $6
Agrotait: calls $6
*** RIVER *** [Qh 6h Qd 2s] [9h]
Agrotait: checks
ggwp-777: bets $6
Agrotait: folds
Uncalled bet ($6) returned to ggwp-777
ggwp-777 collected $35.50 from pot
ggwp-777: doesn't show hand
*** SUMMARY ***
Total pot $36 | Rake $0.50
Board [Qh 6h Qd 2s 9h]
Seat 2: ggwp-777 (button) (small blind) collected ($35.50)
Seat 4: Agrotait (big blind) folded on the River


PokerStars Hand #162036729327:  Hold'em Limit ($3/$6 USD) - 2016/11/27 9:18:48 ET
Table 'Dirikis' 6-max Seat #1 is the button
Seat 1: Bassie830 ($142.59 in chips)
Seat 6: Headgtboy ($216.20 in chips)
Bassie830: posts small blind $1
Dennis410: is sitting out
Headgtboy: posts big blind $3
*** HOLE CARDS ***
Bassie830: calls $2
Headgtboy: raises $3 to $6
Bassie830: calls $3
*** FLOP *** [5c Ac Qd]
RockKillerTY leaves the table
Headgtboy: bets $3
Bassie830: calls $3
*** TURN *** [5c Ac Qd] [8h]
Headgtboy: bets $6
Bassie830: folds
Uncalled bet ($6) returned to Headgtboy
Headgtboy collected $17.64 from pot
Headgtboy: doesn't show hand
*** SUMMARY ***
Total pot $18 | Rake $0.36
Board [5c Ac Qd 8h]
Seat 1: Bassie830 (button) (small blind) folded on the Turn
Seat 6: Headgtboy (big blind) collected ($17.64)


