PokerStars Hand #170211637705:  Hold'em Limit ($3/$6 USD) - 2017/05/10 4:45:26 ET
Table 'Dirikis' 6-max Seat #3 is the button
Seat 3: lelala ($120 in chips)
Seat 4: Agrotait ($72 in chips)
lelala: posts small blind $1
Agrotait: posts big blind $3
*** HOLE CARDS ***
lelala: raises $3 to $6
Agrotait: raises $3 to $9
lelala: calls $3
*** FLOP *** [Ks 5c 2h]
Agrotait: bets $3
lelala: calls $3
*** TURN *** [Ks 5c 2h] [Qc]
Agrotait: bets $6
lelala: raises $6 to $12
Agrotait: calls $6
*** RIVER *** [Ks 5c 2h Qc] [5d]
Agrotait: bets $6
lelala: calls $6
*** SHOW DOWN ***
Agrotait: shows [Ad Kc] (two pair, Kings and Fives)
lelala: mucks hand
Agrotait collected $59.50 from pot
*** SUMMARY ***
Total pot $60 | Rake $0.50
Board [Ks 5c 2h Qc 5d]
Seat 3: lelala (button) (small blind) mucked
Seat 4: Agrotait (big blind) showed [Ad Kc] and won ($59.50) with two pair, Kings and Fives


PokerStars Hand #170211678753:  Hold'em Limit ($3/$6 USD) - 2017/05/10 4:47:31 ET
Table 'Dirikis' 6-max Seat #4 is the button
Seat 3: lelala ($110.26 in chips)
Seat 4: Agrotait ($80.50 in chips)
Agrotait: posts small blind $1
lelala: posts big blind $3
*** HOLE CARDS ***
Agrotait: raises $3 to $6
lelala: folds
Uncalled bet ($3) returned to Agrotait
Agrotait collected $6 from pot
Agrotait: doesn't show hand
*** SUMMARY ***
Total pot $6 | Rake $0
Seat 3: lelala (big blind) folded before Flop
Seat 4: Agrotait (button) (small blind) collected ($6)


PokerStars Hand #170211654703:  Hold'em Limit ($3/$6 USD) - 2017/05/10 4:46:18 ET
Table 'Dirikis' 6-max Seat #4 is the button
Seat 3: lelala ($90 in chips)
Seat 4: Agrotait ($101.50 in chips)
Agrotait: posts small blind $1
lelala: posts big blind $3
*** HOLE CARDS ***
Agrotait: raises $3 to $6
lelala: calls $3
*** FLOP *** [4h 3s 2h]
lelala: checks
Agrotait: bets $3
lelala: calls $3
*** TURN *** [4h 3s 2h] [Js]
lelala: checks
Agrotait: checks
*** RIVER *** [4h 3s 2h Js] [Tc]
lelala: bets $6
Agrotait: calls $6
*** SHOW DOWN ***
lelala: shows [Jd 6d] (a pair of Jacks)
Agrotait: mucks hand
lelala collected $29.50 from pot
*** SUMMARY ***
Total pot $30 | Rake $0.50
Board [4h 3s 2h Js Tc]
Seat 3: lelala (big blind) showed [Jd 6d] and won ($29.50) with a pair of Jacks
Seat 4: Agrotait (button) (small blind) mucked


PokerStars Hand #170211669184:  Hold'em Limit ($3/$6 USD) - 2017/05/10 4:47:02 ET
Table 'Dirikis' 6-max Seat #3 is the button
Seat 3: lelala ($104.50 in chips)
Seat 4: Agrotait ($86.50 in chips)
lelala: posts small blind $1
Agrotait: posts big blind $3
*** HOLE CARDS ***
lelala: raises $3 to $6
Agrotait: calls $3
*** FLOP *** [9c 3s Ac]
Agrotait: checks
lelala: bets $3
Agrotait: folds
Uncalled bet ($3) returned to lelala
lelala collected $11.76 from pot
*** SUMMARY ***
Total pot $12 | Rake $0.24
Board [9c 3s Ac]
Seat 3: lelala (button) (small blind) collected ($11.76)
Seat 4: Agrotait (big blind) folded on the Flop


PokerStars Hand #170211682128:  Hold'em Limit ($3/$6 USD) - 2017/05/10 4:47:41 ET
Table 'Dirikis' 6-max Seat #3 is the button
Seat 3: lelala ($107.26 in chips)
Seat 4: Agrotait ($83.50 in chips)
lelala: posts small blind $1
Agrotait: posts big blind $3
*** HOLE CARDS ***
lelala: raises $3 to $6
Agrotait: raises $3 to $9
lelala: calls $3
*** FLOP *** [Ac 2d 9d]
Agrotait: bets $3
lelala: calls $3
*** TURN *** [Ac 2d 9d] [8s]
Agrotait: checks
lelala: bets $6
Agrotait: folds
Uncalled bet ($6) returned to lelala
lelala collected $23.52 from pot
*** SUMMARY ***
Total pot $24 | Rake $0.48
Board [Ac 2d 9d 8s]
Seat 3: lelala (button) (small blind) collected ($23.52)
Seat 4: Agrotait (big blind) folded on the Turn


PokerStars Hand #170211693009:  Hold'em Limit ($3/$6 USD) - 2017/05/10 4:48:14 ET
Table 'Dirikis' 6-max Seat #4 is the button
Seat 3: lelala ($118.78 in chips)
Seat 4: Agrotait ($71.50 in chips)
Agrotait: posts small blind $1
lelala: posts big blind $3
*** HOLE CARDS ***
Agrotait: raises $3 to $6
lelala: calls $3
*** FLOP *** [7h Qd 4h]
lelala: checks
Agrotait: bets $3
lelala: calls $3
*** TURN *** [7h Qd 4h] [Ah]
lelala: checks
agentbond007 joins the table at seat #1
Agrotait: checks
*** RIVER *** [7h Qd 4h Ah] [Ad]
lelala: bets $6
Agrotait: calls $6
*** SHOW DOWN ***
lelala: shows [9d 5d] (a pair of Aces)
Agrotait: shows [7d 9s] (two pair, Aces and Sevens)
Agrotait collected $29.50 from pot
TbIP-TbIP 88 joins the table at seat #2
*** SUMMARY ***
Total pot $30 | Rake $0.50
Board [7h Qd 4h Ah Ad]
Seat 3: lelala (big blind) showed [9d 5d] and lost with a pair of Aces
Seat 4: Agrotait (button) (small blind) showed [7d 9s] and won ($29.50) with two pair, Aces and Sevens


PokerStars Hand #170211702689:  Hold'em Limit ($3/$6 USD) - 2017/05/10 4:48:43 ET
Table 'Dirikis' 6-max Seat #3 is the button
Seat 3: lelala ($103.78 in chips)
Seat 4: Agrotait ($86 in chips)
lelala: posts small blind $1
Agrotait: posts big blind $3
*** HOLE CARDS ***
lelala: folds
Uncalled bet ($2) returned to Agrotait
Agrotait collected $2 from pot
Agrotait: doesn't show hand
*** SUMMARY ***
Total pot $2 | Rake $0
Seat 3: lelala (button) (small blind) folded before Flop
Seat 4: Agrotait (big blind) collected ($2)


PokerStars Hand #170211742809:  Hold'em Limit ($3/$6 USD) - 2017/05/10 4:50:46 ET
Table 'Dirikis' 6-max Seat #3 is the button
Seat 3: lelala ($101.28 in chips)
Seat 4: Agrotait ($72 in chips)
lelala: posts small blind $1
Agrotait: posts big blind $3
*** HOLE CARDS ***
lelala: folds
Uncalled bet ($2) returned to Agrotait
Agrotait collected $2 from pot
Agrotait: doesn't show hand
*** SUMMARY ***
Total pot $2 | Rake $0
Seat 3: lelala (button) (small blind) folded before Flop
Seat 4: Agrotait (big blind) collected ($2)


PokerStars Hand #170211737161:  Hold'em Limit ($3/$6 USD) - 2017/05/10 4:50:29 ET
Table 'Dirikis' 6-max Seat #4 is the button
Seat 3: lelala ($77.78 in chips)
Seat 4: Agrotait ($66 in chips)
Agrotait: posts small blind $1
agentbond007: is sitting out
lelala: posts big blind $3
*** HOLE CARDS ***
Agrotait: raises $3 to $6
lelala: raises $3 to $9
Agrotait: calls $3
*** FLOP *** [8c Kd 2d]
lelala: bets $3
Agrotait: calls $3
*** TURN *** [8c Kd 2d] [Ks]
lelala: bets $6
Agrotait: calls $6
*** RIVER *** [8c Kd 2d Ks] [2h]
lelala: bets $6
Agrotait: calls $6
*** SHOW DOWN ***
lelala: shows [Js Jc] (two pair, Kings and Jacks)
Agrotait: mucks hand
lelala collected $47.50 from pot
*** SUMMARY ***
Total pot $48 | Rake $0.50
Board [8c Kd 2d Ks 2h]
Seat 3: lelala (big blind) showed [Js Jc] and won ($47.50) with two pair, Kings and Jacks
Seat 4: Agrotait (button) (small blind) mucked


PokerStars Hand #170212201440:  Hold'em Limit ($3/$6 USD) - 2017/05/10 5:13:29 ET
Table 'Dirikis' 6-max Seat #6 is the button
Seat 4: LOOSECRAB ($213.41 in chips)
Seat 6: krossguard ($108.29 in chips)
krossguard: posts small blind $1
LOOSECRAB: posts big blind $3
*** HOLE CARDS ***
krossguard: raises $3 to $6
LOOSECRAB: folds
Uncalled bet ($3) returned to krossguard
krossguard collected $6 from pot
krossguard: doesn't show hand
*** SUMMARY ***
Total pot $6 | Rake $0
Seat 4: LOOSECRAB (big blind) folded before Flop
Seat 6: krossguard (button) (small blind) collected ($6)


PokerStars Hand #170212194532:  Hold'em Limit ($3/$6 USD) - 2017/05/10 5:13:10 ET
Table 'Dirikis' 6-max Seat #4 is the button
Seat 4: LOOSECRAB ($219.41 in chips)
Seat 6: krossguard ($102.53 in chips)
LOOSECRAB: posts small blind $1
krossguard: posts big blind $3
*** HOLE CARDS ***
LOOSECRAB: calls $2
krossguard: raises $3 to $6
LOOSECRAB: calls $3
*** FLOP *** [Kc Kh 9c]
krossguard: bets $3
kolaz03 joins the table at seat #5
LOOSECRAB: folds
Uncalled bet ($3) returned to krossguard
krossguard collected $11.76 from pot
krossguard: doesn't show hand
*** SUMMARY ***
Total pot $12 | Rake $0.24
Board [Kc Kh 9c]
Seat 4: LOOSECRAB (button) (small blind) folded on the Flop
Seat 6: krossguard (big blind) collected ($11.76)


PokerStars Hand #170212409447:  Hold'em Limit ($3/$6 USD) - 2017/05/10 5:22:57 ET
Table 'Dirikis' 6-max Seat #6 is the button
Seat 2: @92gara42@ ($241.64 in chips)
Seat 6: krossguard ($63.93 in chips)
krossguard: posts small blind $1
Ale4o: is sitting out
@92gara42@: posts big blind $3
*** HOLE CARDS ***
Ale4o leaves the table
krossguard: raises $3 to $6
@92gara42@: calls $3
*** FLOP *** [Ad Qc 7c]
Ale4o joins the table at seat #4
@92gara42@: checks
krossguard: bets $3
@92gara42@: calls $3
*** TURN *** [Ad Qc 7c] [3s]
@92gara42@: checks
krossguard: bets $6
@92gara42@: calls $6
*** RIVER *** [Ad Qc 7c 3s] [7s]
@92gara42@: checks
krossguard: checks
*** SHOW DOWN ***
@92gara42@: shows [9h Qd] (two pair, Queens and Sevens)
krossguard: mucks hand
@92gara42@ collected $29.50 from pot
*** SUMMARY ***
Total pot $30 | Rake $0.50
Board [Ad Qc 7c 3s 7s]
Seat 2: @92gara42@ (big blind) showed [9h Qd] and won ($29.50) with two pair, Queens and Sevens
Seat 6: krossguard (button) (small blind) mucked


