PokerStars Hand #159059518714:  Hold'em Limit ($3/$6 USD) - 2016/09/25 3:07:15 ET
Table 'Disa' 6-max Seat #1 is the button
Seat 1: hairy1961 ($50 in chips)
Seat 4: Agrotait ($72 in chips)
hairy1961: posts small blind $1
Agrotait: posts big blind $3
*** HOLE CARDS ***
hairy1961: folds
Uncalled bet ($2) returned to Agrotait
Agrotait collected $2 from pot
Agrotait: doesn't show hand
*** SUMMARY ***
Total pot $2 | Rake $0
Seat 1: hairy1961 (button) (small blind) folded before Flop
Seat 4: Agrotait (big blind) collected ($2)


PokerStars Hand #159059533605:  Hold'em Limit ($3/$6 USD) - 2016/09/25 3:08:11 ET
Table 'Disa' 6-max Seat #4 is the button
Seat 1: hairy1961 ($65.50 in chips)
Seat 4: Agrotait ($73 in chips)
Agrotait: posts small blind $1
hairy1961: posts big blind $3
*** HOLE CARDS ***
Agrotait: raises $3 to $6
hairy1961: raises $3 to $9
Agrotait: calls $3
*** FLOP *** [7h Js 5d]
hairy1961: bets $3
Agrotait: calls $3
*** TURN *** [7h Js 5d] [7d]
hairy1961: bets $6
Agrotait: calls $6
*** RIVER *** [7h Js 5d 7d] [As]
hairy1961: bets $6
Agrotait: raises $6 to $12
hairy1961: folds
Uncalled bet ($6) returned to Agrotait
Agrotait collected $47.50 from pot
Agrotait: doesn't show hand
*** SUMMARY ***
Total pot $48 | Rake $0.50
Board [7h Js 5d 7d As]
Seat 1: hairy1961 (big blind) folded on the River
Seat 4: Agrotait (button) (small blind) collected ($47.50)


PokerStars Hand #159059523228:  Hold'em Limit ($3/$6 USD) - 2016/09/25 3:07:32 ET
Table 'Disa' 6-max Seat #4 is the button
Seat 1: hairy1961 ($49 in chips)
Seat 4: Agrotait ($73 in chips)
Agrotait: posts small blind $1
hairy1961: posts big blind $3
*** HOLE CARDS ***
Agrotait: raises $3 to $6
hairy1961: calls $3
*** FLOP *** [5d Ks 4d]
hairy1961: checks
Agrotait: bets $3
hairy1961: raises $3 to $6
Agrotait: calls $3
*** TURN *** [5d Ks 4d] [9s]
hairy1961: bets $6
Agrotait: calls $6
*** RIVER *** [5d Ks 4d 9s] [Qs]
hairy1961: bets $6
Agrotait: folds
Uncalled bet ($6) returned to hairy1961
hairy1961 collected $35.50 from pot
*** SUMMARY ***
Total pot $36 | Rake $0.50
Board [5d Ks 4d 9s Qs]
Seat 1: hairy1961 (big blind) collected ($35.50)
Seat 4: Agrotait (button) (small blind) folded on the River


PokerStars Hand #159059532034:  Hold'em Limit ($3/$6 USD) - 2016/09/25 3:08:05 ET
Table 'Disa' 6-max Seat #1 is the button
Seat 1: hairy1961 ($66.50 in chips)
Seat 4: Agrotait ($72 in chips)
hairy1961: posts small blind $1
Agrotait: posts big blind $3
*** HOLE CARDS ***
hairy1961: folds
Uncalled bet ($2) returned to Agrotait
Agrotait collected $2 from pot
Agrotait: doesn't show hand
*** SUMMARY ***
Total pot $2 | Rake $0
Seat 1: hairy1961 (button) (small blind) folded before Flop
Seat 4: Agrotait (big blind) collected ($2)


PokerStars Hand #159059543228:  Hold'em Limit ($3/$6 USD) - 2016/09/25 3:08:47 ET
Table 'Disa' 6-max Seat #1 is the button
Seat 1: hairy1961 ($41.50 in chips)
Seat 4: Agrotait ($96.50 in chips)
hairy1961: posts small blind $1
Agrotait: posts big blind $3
*** HOLE CARDS ***
hairy1961: raises $3 to $6
Agrotait: calls $3
*** FLOP *** [2h 3s Ts]
Agrotait: checks
hairy1961: checks
*** TURN *** [2h 3s Ts] [5s]
Agrotait: checks
hairy1961: checks
*** RIVER *** [2h 3s Ts 5s] [Qc]
Agrotait: bets $6
hairy1961: folds
Uncalled bet ($6) returned to Agrotait
Agrotait collected $11.76 from pot
Agrotait: doesn't show hand
*** SUMMARY ***
Total pot $12 | Rake $0.24
Board [2h 3s Ts 5s Qc]
Seat 1: hairy1961 (button) (small blind) folded on the River
Seat 4: Agrotait (big blind) collected ($11.76)


PokerStars Hand #159059549101:  Hold'em Limit ($3/$6 USD) - 2016/09/25 3:09:08 ET
Table 'Disa' 6-max Seat #4 is the button
Seat 1: hairy1961 ($35.50 in chips)
Seat 4: Agrotait ($102.26 in chips)
Agrotait: posts small blind $1
hairy1961: posts big blind $3
*** HOLE CARDS ***
Agrotait: raises $3 to $6
hairy1961: calls $3
*** FLOP *** [3s Th Ac]
hairy1961: checks
Agrotait: bets $3
hairy1961: calls $3
*** TURN *** [3s Th Ac] [7c]
hairy1961: checks
Agrotait: bets $6
hairy1961: raises $6 to $12
Agrotait: calls $6
*** RIVER *** [3s Th Ac 7c] [5h]
hairy1961: bets $6
Agrotait: calls $6
*** SHOW DOWN ***
hairy1961: shows [4c Tc] (a pair of Tens)
Agrotait: shows [As 6c] (a pair of Aces)
Agrotait collected $53.50 from pot
*** SUMMARY ***
Total pot $54 | Rake $0.50
Board [3s Th Ac 7c 5h]
Seat 1: hairy1961 (big blind) showed [4c Tc] and lost with a pair of Tens
Seat 4: Agrotait (button) (small blind) showed [As 6c] and won ($53.50) with a pair of Aces


PokerStars Hand #159059559312:  Hold'em Limit ($3/$6 USD) - 2016/09/25 3:09:46 ET
Table 'Disa' 6-max Seat #1 is the button
Seat 1: hairy1961 ($8.50 in chips)
Seat 4: Agrotait ($128.76 in chips)
hairy1961: posts small blind $1
Agrotait: posts big blind $3
*** HOLE CARDS ***
hairy1961: raises $3 to $6
Agrotait: calls $3
*** FLOP *** [6s As 2d]
Agrotait: checks
hairy1961: bets $2.50 and is all-in
Agrotait: calls $2.50
*** TURN *** [6s As 2d] [9s]
*** RIVER *** [6s As 2d 9s] [6c]
*** SHOW DOWN ***
Agrotait: shows [6h 2h] (a full house, Sixes full of Deuces)
hairy1961: shows [Js Td] (a pair of Sixes)
Agrotait collected $16.66 from pot
*** SUMMARY ***
Total pot $17 | Rake $0.34
Board [6s As 2d 9s 6c]
Seat 1: hairy1961 (button) (small blind) showed [Js Td] and lost with a pair of Sixes
Seat 4: Agrotait (big blind) showed [6h 2h] and won ($16.66) with a full house, Sixes full of Deuces


