PokerStars Hand #169362422460:  Hold'em Limit ($3/$6 USD) - 2017/04/21 14:54:08 ET
Table 'Disa' 6-max Seat #1 is the button
Seat 1: bangolfaren ($107.76 in chips)
Seat 5: krytalex ($131.50 in chips)
bangolfaren: posts small blind $1
krytalex: posts big blind $3
*** HOLE CARDS ***
bangolfaren: folds
Uncalled bet ($2) returned to krytalex
krytalex collected $2 from pot
*** SUMMARY ***
Total pot $2 | Rake $0
Seat 1: bangolfaren (button) (small blind) folded before Flop
Seat 5: krytalex (big blind) collected ($2)


PokerStars Hand #169362376403:  Hold'em Limit ($3/$6 USD) - 2017/04/21 14:53:12 ET
Table 'Disa' 6-max Seat #5 is the button
Seat 1: bangolfaren ($125.76 in chips)
Seat 5: krytalex ($114 in chips)
krytalex: posts small blind $1
bangolfaren: posts big blind $3
*** HOLE CARDS ***
krytalex: raises $3 to $6
bangolfaren: raises $3 to $9
krytalex: calls $3
*** FLOP *** [4s 4d Jd]
bangolfaren: bets $3
krytalex: calls $3
*** TURN *** [4s 4d Jd] [7h]
bangolfaren: checks
krytalex: bets $6
bangolfaren: calls $6
*** RIVER *** [4s 4d Jd 7h] [Kh]
bangolfaren: checks
krytalex: bets $6
bangolfaren: folds
Uncalled bet ($6) returned to krytalex
krytalex collected $35.50 from pot
*** SUMMARY ***
Total pot $36 | Rake $0.50
Board [4s 4d Jd 7h Kh]
Seat 1: bangolfaren (big blind) folded on the River
Seat 5: krytalex (button) (small blind) collected ($35.50)


PokerStars Hand #169364111581:  Hold'em Limit ($3/$6 USD) - 2017/04/21 15:28:11 ET
Table 'Disa' 6-max Seat #6 is the button
Seat 3: zloy1888 ($117.50 in chips)
Seat 6: Hadart ($102 in chips)
Hadart: posts small blind $1
zloy1888: posts big blind $3
*** HOLE CARDS ***
Hadart: folds
Uncalled bet ($2) returned to zloy1888
zloy1888 collected $2 from pot
zloy1888: doesn't show hand
*** SUMMARY ***
Total pot $2 | Rake $0
Seat 3: zloy1888 (big blind) collected ($2)
Seat 6: Hadart (button) (small blind) folded before Flop


PokerStars Hand #169364071996:  Hold'em Limit ($3/$6 USD) - 2017/04/21 15:27:26 ET
Table 'Disa' 6-max Seat #3 is the button
Seat 3: zloy1888 ($100 in chips)
Seat 6: Hadart ($120 in chips)
zloy1888: posts small blind $1
Hadart: posts big blind $3
*** HOLE CARDS ***
zloy1888: raises $3 to $6
Hadart: raises $3 to $9
zloy1888: calls $3
*** FLOP *** [2c 7h Tc]
Hadart: bets $3
zloy1888: calls $3
*** TURN *** [2c 7h Tc] [Td]
Hadart: bets $6
zloy1888: calls $6
*** RIVER *** [2c 7h Tc Td] [Th]
Hadart: checks
zloy1888: checks
*** SHOW DOWN ***
Hadart: shows [Qs Ks] (three of a kind, Tens)
zloy1888: shows [6h As] (three of a kind, Tens - Ace kicker)
zloy1888 collected $35.50 from pot
*** SUMMARY ***
Total pot $36 | Rake $0.50
Board [2c 7h Tc Td Th]
Seat 3: zloy1888 (button) (small blind) showed [6h As] and won ($35.50) with three of a kind, Tens
Seat 6: Hadart (big blind) showed [Qs Ks] and lost with three of a kind, Tens


PokerStars Hand #169364116382:  Hold'em Limit ($3/$6 USD) - 2017/04/21 15:28:17 ET
Table 'Disa' 6-max Seat #3 is the button
Seat 3: zloy1888 ($118.50 in chips)
Seat 6: Hadart ($101 in chips)
zloy1888: posts small blind $1
Hadart: posts big blind $3
*** HOLE CARDS ***
marco800 joins the table at seat #2
zloy1888: raises $3 to $6
vestimokrec joins the table at seat #4
Hadart: calls $3
*** FLOP *** [8s 8d 3c]
Hadart: checks
zloy1888: bets $3
Hadart: folds
Uncalled bet ($3) returned to zloy1888
zloy1888 collected $11.76 from pot
zloy1888: doesn't show hand
*** SUMMARY ***
Total pot $12 | Rake $0.24
Board [8s 8d 3c]
Seat 3: zloy1888 (button) (small blind) collected ($11.76)
Seat 6: Hadart (big blind) folded on the Flop


PokerStars Hand #169365808384:  Hold'em Limit ($3/$6 USD) - 2017/04/21 16:02:04 ET
Table 'Disa' 6-max Seat #4 is the button
Seat 4: xywz089 ($398.93 in chips)
Seat 6: Hadart ($147.67 in chips)
xywz089: posts small blind $1
pompier40: is sitting out
Hadart: posts big blind $3
*** HOLE CARDS ***
xywz089: raises $3 to $6
Hadart: calls $3
*** FLOP *** [Td Kc 6d]
pompier40 leaves the table
Hadart: checks
xywz089: bets $3
Hadart: raises $3 to $6
xywz089: raises $3 to $9
Hadart: calls $3
*** TURN *** [Td Kc 6d] [Qd]
Hadart: checks
xywz089: bets $6
Hadart: calls $6
*** RIVER *** [Td Kc 6d Qd] [3c]
Hadart: checks
xywz089: bets $6
Hadart: calls $6
*** SHOW DOWN ***
xywz089: shows [6c Kd] (two pair, Kings and Sixes)
Hadart: mucks hand
xywz089 collected $53.50 from pot
*** SUMMARY ***
Total pot $54 | Rake $0.50
Board [Td Kc 6d Qd 3c]
Seat 4: xywz089 (button) (small blind) showed [6c Kd] and won ($53.50) with two pair, Kings and Sixes
Seat 6: Hadart (big blind) mucked


PokerStars Hand #169365826514:  Hold'em Limit ($3/$6 USD) - 2017/04/21 16:02:26 ET
Table 'Disa' 6-max Seat #6 is the button
Seat 4: xywz089 ($425.43 in chips)
Seat 6: Hadart ($120.67 in chips)
Hadart: posts small blind $1
xywz089: posts big blind $3
*** HOLE CARDS ***
Hadart: raises $3 to $6
xywz089: calls $3
*** FLOP *** [7c 6s Ac]
xywz089: checks
Hadart: bets $3
xywz089: calls $3
*** TURN *** [7c 6s Ac] [5c]
xywz089: checks
Hadart: bets $6
xywz089: calls $6
*** RIVER *** [7c 6s Ac 5c] [Ks]
xywz089: checks
Hadart: checks
*** SHOW DOWN ***
xywz089: shows [5d Jd] (a pair of Fives)
Hadart: shows [7h Ts] (a pair of Sevens)
Hadart collected $29.50 from pot
*** SUMMARY ***
Total pot $30 | Rake $0.50
Board [7c 6s Ac 5c Ks]
Seat 4: xywz089 (big blind) showed [5d Jd] and lost with a pair of Fives
Seat 6: Hadart (button) (small blind) showed [7h Ts] and won ($29.50) with a pair of Sevens


PokerStars Hand #169365840659:  Hold'em Limit ($3/$6 USD) - 2017/04/21 16:02:42 ET
Table 'Disa' 6-max Seat #4 is the button
Seat 4: xywz089 ($410.43 in chips)
Seat 6: Hadart ($135.17 in chips)
xywz089: posts small blind $1
Hadart: posts big blind $3
*** HOLE CARDS ***
xywz089: raises $3 to $6
Hadart: calls $3
*** FLOP *** [3h 3s Jh]
Hadart: checks
xywz089: bets $3
Hadart: calls $3
*** TURN *** [3h 3s Jh] [9c]
Hadart: checks
xywz089: bets $6
Hadart: calls $6
*** RIVER *** [3h 3s Jh 9c] [Kh]
Hadart: checks
xywz089: bets $6
Hadart: calls $6
*** SHOW DOWN ***
xywz089: shows [Tc 5h] (a pair of Threes)
Hadart: shows [5s Kd] (two pair, Kings and Threes)
Hadart collected $41.50 from pot
*** SUMMARY ***
Total pot $42 | Rake $0.50
Board [3h 3s Jh 9c Kh]
Seat 4: xywz089 (button) (small blind) showed [Tc 5h] and lost with a pair of Threes
Seat 6: Hadart (big blind) showed [5s Kd] and won ($41.50) with two pair, Kings and Threes


PokerStars Hand #169365860551:  Hold'em Limit ($3/$6 USD) - 2017/04/21 16:03:05 ET
Table 'Disa' 6-max Seat #4 is the button
Seat 4: xywz089 ($390.43 in chips)
Seat 6: Hadart ($154.67 in chips)
xywz089: posts small blind $1
Hadart: posts big blind $3
*** HOLE CARDS ***
xywz089: raises $3 to $6
Hadart: calls $3
*** FLOP *** [4d Td 7h]
Hadart: checks
xywz089: bets $3
Hadart: calls $3
*** TURN *** [4d Td 7h] [9c]
Hadart: checks
xywz089: bets $6
Hadart: raises $6 to $12
xywz089: calls $6
*** RIVER *** [4d Td 7h 9c] [5d]
Hadart: bets $6
xywz089: calls $6
*** SHOW DOWN ***
Hadart: shows [Ts 8d] (a pair of Tens)
vestimokrec joins the table at seat #5
xywz089: mucks hand
Hadart collected $53.50 from pot
*** SUMMARY ***
Total pot $54 | Rake $0.50
Board [4d Td 7h 9c 5d]
Seat 4: xywz089 (button) (small blind) mucked
Seat 6: Hadart (big blind) showed [Ts 8d] and won ($53.50) with a pair of Tens


PokerStars Hand #169365876753:  Hold'em Limit ($3/$6 USD) - 2017/04/21 16:03:24 ET
Table 'Disa' 6-max Seat #6 is the button
Seat 4: xywz089 ($363.43 in chips)
Seat 6: Hadart ($181.17 in chips)
Hadart: posts small blind $1
xywz089: posts big blind $3
*** HOLE CARDS ***
Hadart: raises $3 to $6
xywz089: raises $3 to $9
Hadart: raises $3 to $12
Betting is capped
xywz089: calls $3
*** FLOP *** [3d Jc 5c]
xywz089: bets $3
Hadart: calls $3
*** TURN *** [3d Jc 5c] [2s]
xywz089: bets $6
Hadart: calls $6
*** RIVER *** [3d Jc 5c 2s] [4d]
xywz089: bets $6
Hadart: calls $6
*** SHOW DOWN ***
xywz089: shows [9c 9h] (a pair of Nines)
Hadart: shows [Tc Td] (a pair of Tens)
Hadart collected $53.50 from pot
*** SUMMARY ***
Total pot $54 | Rake $0.50
Board [3d Jc 5c 2s 4d]
Seat 4: xywz089 (big blind) showed [9c 9h] and lost with a pair of Nines
Seat 6: Hadart (button) (small blind) showed [Tc Td] and won ($53.50) with a pair of Tens


PokerStars Hand #169366190175:  Hold'em Limit ($3/$6 USD) - 2017/04/21 16:09:25 ET
Table 'Disa' 6-max Seat #2 is the button
Seat 2: HAOYUN88888 ($125.05 in chips)
Seat 3: zxkz ($72 in chips)
HAOYUN88888: posts small blind $1
zxkz: posts big blind $3
*** HOLE CARDS ***
HAOYUN88888: folds
Uncalled bet ($2) returned to zxkz
zxkz collected $2 from pot
zxkz: doesn't show hand
*** SUMMARY ***
Total pot $2 | Rake $0
Seat 2: HAOYUN88888 (button) (small blind) folded before Flop
Seat 3: zxkz (big blind) collected ($2)


PokerStars Hand #169366149692:  Hold'em Limit ($3/$6 USD) - 2017/04/21 16:08:38 ET
Table 'Disa' 6-max Seat #3 is the button
Seat 2: HAOYUN88888 ($114.77 in chips)
Seat 3: zxkz ($72 in chips)
zxkz: posts small blind $1
HAOYUN88888: posts big blind $3
*** HOLE CARDS ***
zxkz: raises $3 to $6
HAOYUN88888: folds
Uncalled bet ($3) returned to zxkz
zxkz collected $6 from pot
zxkz: doesn't show hand
*** SUMMARY ***
Total pot $6 | Rake $0
Seat 2: HAOYUN88888 (big blind) folded before Flop
Seat 3: zxkz (button) (small blind) collected ($6)


PokerStars Hand #169366178564:  Hold'em Limit ($3/$6 USD) - 2017/04/21 16:09:12 ET
Table 'Disa' 6-max Seat #3 is the button
Seat 2: HAOYUN88888 ($116.41 in chips)
Seat 3: zxkz ($76 in chips)
zxkz: posts small blind $1
HAOYUN88888: posts big blind $3
*** HOLE CARDS ***
zxkz: raises $3 to $6
HAOYUN88888: calls $3
*** FLOP *** [Js Qd 9d]
HAOYUN88888: checks
zxkz: bets $3
HAOYUN88888: raises $3 to $6
zxkz: folds
Uncalled bet ($3) returned to HAOYUN88888
HAOYUN88888 collected $17.64 from pot
HAOYUN88888: doesn't show hand
*** SUMMARY ***
Total pot $18 | Rake $0.36
Board [Js Qd 9d]
Seat 2: HAOYUN88888 (big blind) collected ($17.64)
Seat 3: zxkz (button) (small blind) folded on the Flop


PokerStars Hand #169366131702:  Hold'em Limit ($3/$6 USD) - 2017/04/21 16:08:18 ET
Table 'Disa' 6-max Seat #2 is the button
Seat 2: HAOYUN88888 ($106.13 in chips)
Seat 3: zxkz ($72 in chips)
HAOYUN88888: posts small blind $1
zxkz: posts big blind $3
*** HOLE CARDS ***
HAOYUN88888: raises $3 to $6
zxkz: calls $3
*** FLOP *** [As Ac 4s]
zxkz: bets $3
HAOYUN88888: calls $3
*** TURN *** [As Ac 4s] [7c]
vestimokrec leaves the table
zxkz: checks
HAOYUN88888: bets $6
zxkz: folds
Uncalled bet ($6) returned to HAOYUN88888
HAOYUN88888 collected $17.64 from pot
HAOYUN88888: doesn't show hand
*** SUMMARY ***
Total pot $18 | Rake $0.36
Board [As Ac 4s 7c]
Seat 2: HAOYUN88888 (button) (small blind) collected ($17.64)
Seat 3: zxkz (big blind) folded on the Turn


PokerStars Hand #169366170421:  Hold'em Limit ($3/$6 USD) - 2017/04/21 16:09:02 ET
Table 'Disa' 6-max Seat #3 is the button
Seat 2: HAOYUN88888 ($120.41 in chips)
Seat 3: zxkz ($72 in chips)
zxkz: posts small blind $1
HAOYUN88888: posts big blind $3
*** HOLE CARDS ***
zxkz: raises $3 to $6
HAOYUN88888: folds
Uncalled bet ($3) returned to zxkz
zxkz collected $6 from pot
zxkz: doesn't show hand
*** SUMMARY ***
Total pot $6 | Rake $0
Seat 2: HAOYUN88888 (big blind) folded before Flop
Seat 3: zxkz (button) (small blind) collected ($6)


PokerStars Hand #169366155657:  Hold'em Limit ($3/$6 USD) - 2017/04/21 16:08:45 ET
Table 'Disa' 6-max Seat #2 is the button
Seat 2: HAOYUN88888 ($111.77 in chips)
Seat 3: zxkz ($75 in chips)
HAOYUN88888: posts small blind $1
zxkz: posts big blind $3
*** HOLE CARDS ***
HAOYUN88888: raises $3 to $6
zxkz: calls $3
*** FLOP *** [Js 4h 7h]
zxkz: checks
HAOYUN88888: bets $3
zxkz: calls $3
*** TURN *** [Js 4h 7h] [2c]
zxkz: checks
HAOYUN88888: bets $6
zxkz: folds
Uncalled bet ($6) returned to HAOYUN88888
HAOYUN88888 collected $17.64 from pot
HAOYUN88888: doesn't show hand
*** SUMMARY ***
Total pot $18 | Rake $0.36
Board [Js 4h 7h 2c]
Seat 2: HAOYUN88888 (button) (small blind) collected ($17.64)
Seat 3: zxkz (big blind) folded on the Turn


PokerStars Hand #169366174967:  Hold'em Limit ($3/$6 USD) - 2017/04/21 16:09:07 ET
Table 'Disa' 6-max Seat #2 is the button
Seat 2: HAOYUN88888 ($117.41 in chips)
Seat 3: zxkz ($75 in chips)
HAOYUN88888: posts small blind $1
zxkz: posts big blind $3
*** HOLE CARDS ***
HAOYUN88888: folds
Uncalled bet ($2) returned to zxkz
zxkz collected $2 from pot
zxkz: doesn't show hand
*** SUMMARY ***
Total pot $2 | Rake $0
Seat 2: HAOYUN88888 (button) (small blind) folded before Flop
Seat 3: zxkz (big blind) collected ($2)


PokerStars Hand #169366246065:  Hold'em Limit ($3/$6 USD) - 2017/04/21 16:10:30 ET
Table 'Disa' 6-max Seat #3 is the button
Seat 2: HAOYUN88888 ($168.05 in chips)
Seat 3: zxkz ($72 in chips)
zxkz: posts small blind $1
HAOYUN88888: posts big blind $3
*** HOLE CARDS ***
zxkz: raises $3 to $6
HAOYUN88888: calls $3
*** FLOP *** [Th 8c Kh]
HAOYUN88888: checks
zxkz: bets $3
HAOYUN88888: calls $3
*** TURN *** [Th 8c Kh] [4h]
HAOYUN88888: checks
zxkz: bets $6
HAOYUN88888: calls $6
*** RIVER *** [Th 8c Kh 4h] [Ad]
HAOYUN88888: bets $6
zxkz: folds
Uncalled bet ($6) returned to HAOYUN88888
HAOYUN88888 collected $29.50 from pot
HAOYUN88888: doesn't show hand
*** SUMMARY ***
Total pot $30 | Rake $0.50
Board [Th 8c Kh 4h Ad]
Seat 2: HAOYUN88888 (big blind) collected ($29.50)
Seat 3: zxkz (button) (small blind) folded on the River


PokerStars Hand #169366275259:  Hold'em Limit ($3/$6 USD) - 2017/04/21 16:11:04 ET
Table 'Disa' 6-max Seat #3 is the button
Seat 2: HAOYUN88888 ($181.55 in chips)
Seat 3: zxkz ($73 in chips)
zxkz: posts small blind $1
HAOYUN88888: posts big blind $3
*** HOLE CARDS ***
zxkz: raises $3 to $6
HAOYUN88888: folds
Uncalled bet ($3) returned to zxkz
zxkz collected $6 from pot
zxkz: doesn't show hand
*** SUMMARY ***
Total pot $6 | Rake $0
Seat 2: HAOYUN88888 (big blind) folded before Flop
Seat 3: zxkz (button) (small blind) collected ($6)


PokerStars Hand #169366219193:  Hold'em Limit ($3/$6 USD) - 2017/04/21 16:09:59 ET
Table 'Disa' 6-max Seat #2 is the button
Seat 2: HAOYUN88888 ($153.55 in chips)
Seat 3: zxkz ($72 in chips)
HAOYUN88888: posts small blind $1
zxkz: posts big blind $3
*** HOLE CARDS ***
HAOYUN88888: raises $3 to $6
zxkz: raises $3 to $9
HAOYUN88888: calls $3
*** FLOP *** [2c 4s 8h]
zxkz: bets $3
HAOYUN88888: raises $3 to $6
zxkz: calls $3
*** TURN *** [2c 4s 8h] [Tc]
zxkz: checks
HAOYUN88888: bets $6
zxkz: folds
Uncalled bet ($6) returned to HAOYUN88888
HAOYUN88888 collected $29.50 from pot
HAOYUN88888: doesn't show hand
*** SUMMARY ***
Total pot $30 | Rake $0.50
Board [2c 4s 8h Tc]
Seat 2: HAOYUN88888 (button) (small blind) collected ($29.50)
Seat 3: zxkz (big blind) folded on the Turn


PokerStars Hand #169366268800:  Hold'em Limit ($3/$6 USD) - 2017/04/21 16:10:56 ET
Table 'Disa' 6-max Seat #2 is the button
Seat 2: HAOYUN88888 ($182.55 in chips)
Seat 3: zxkz ($72 in chips)
HAOYUN88888: posts small blind $1
zxkz: posts big blind $3
*** HOLE CARDS ***
HAOYUN88888: folds
Uncalled bet ($2) returned to zxkz
zxkz collected $2 from pot
zxkz: doesn't show hand
*** SUMMARY ***
Total pot $2 | Rake $0
Seat 2: HAOYUN88888 (button) (small blind) folded before Flop
Seat 3: zxkz (big blind) collected ($2)


PokerStars Hand #169366313656:  Hold'em Limit ($3/$6 USD) - 2017/04/21 16:11:48 ET
Table 'Disa' 6-max Seat #3 is the button
Seat 2: HAOYUN88888 ($184.31 in chips)
Seat 3: zxkz ($72 in chips)
zxkz: posts small blind $1
HAOYUN88888: posts big blind $3
*** HOLE CARDS ***
zxkz: raises $3 to $6
HAOYUN88888: raises $3 to $9
zxkz: calls $3
*** FLOP *** [3c Js Kc]
HAOYUN88888: bets $3
zxkz: folds
Uncalled bet ($3) returned to HAOYUN88888
HAOYUN88888 collected $17.64 from pot
HAOYUN88888: doesn't show hand
*** SUMMARY ***
Total pot $18 | Rake $0.36
Board [3c Js Kc]
Seat 2: HAOYUN88888 (big blind) collected ($17.64)
Seat 3: zxkz (button) (small blind) folded on the Flop


PokerStars Hand #169366295859:  Hold'em Limit ($3/$6 USD) - 2017/04/21 16:11:28 ET
Table 'Disa' 6-max Seat #2 is the button
Seat 2: HAOYUN88888 ($178.55 in chips)
Seat 3: zxkz ($76 in chips)
HAOYUN88888: posts small blind $1
zxkz: posts big blind $3
*** HOLE CARDS ***
HAOYUN88888: raises $3 to $6
zxkz: calls $3
*** FLOP *** [Qd Kh 7c]
zxkz: checks
HAOYUN88888: bets $3
zxkz: folds
Uncalled bet ($3) returned to HAOYUN88888
HAOYUN88888 collected $11.76 from pot
HAOYUN88888: doesn't show hand
*** SUMMARY ***
Total pot $12 | Rake $0.24
Board [Qd Kh 7c]
Seat 2: HAOYUN88888 (button) (small blind) collected ($11.76)
Seat 3: zxkz (big blind) folded on the Flop


PokerStars Hand #169366371080:  Hold'em Limit ($3/$6 USD) - 2017/04/21 16:12:54 ET
Table 'Disa' 6-max Seat #2 is the button
Seat 2: HAOYUN88888 ($224.95 in chips)
Seat 3: zxkz ($72 in chips)
HAOYUN88888: posts small blind $1
zxkz: posts big blind $3
*** HOLE CARDS ***
HAOYUN88888: folds
Uncalled bet ($2) returned to zxkz
zxkz collected $2 from pot
zxkz: doesn't show hand
*** SUMMARY ***
Total pot $2 | Rake $0
Seat 2: HAOYUN88888 (button) (small blind) folded before Flop
Seat 3: zxkz (big blind) collected ($2)


PokerStars Hand #169366327490:  Hold'em Limit ($3/$6 USD) - 2017/04/21 16:12:04 ET
Table 'Disa' 6-max Seat #2 is the button
Seat 2: HAOYUN88888 ($192.95 in chips)
Seat 3: zxkz ($72 in chips)
HAOYUN88888: posts small blind $1
zxkz: posts big blind $3
*** HOLE CARDS ***
HAOYUN88888: raises $3 to $6
zxkz: calls $3
*** FLOP *** [2h 9c 5d]
zxkz: checks
HAOYUN88888: bets $3
zxkz: calls $3
*** TURN *** [2h 9c 5d] [6s]
zxkz: checks
HAOYUN88888: checks
*** RIVER *** [2h 9c 5d 6s] [6c]
zxkz: bets $6
HAOYUN88888: calls $6
*** SHOW DOWN ***
zxkz: shows [4s Td] (a pair of Sixes)
HAOYUN88888: shows [Kd Jd] (a pair of Sixes - King kicker)
HAOYUN88888 collected $29.50 from pot
*** SUMMARY ***
Total pot $30 | Rake $0.50
Board [2h 9c 5d 6s 6c]
Seat 2: HAOYUN88888 (button) (small blind) showed [Kd Jd] and won ($29.50) with a pair of Sixes
Seat 3: zxkz (big blind) showed [4s Td] and lost with a pair of Sixes


PokerStars Hand #169366381630:  Hold'em Limit ($3/$6 USD) - 2017/04/21 16:13:06 ET
Table 'Disa' 6-max Seat #3 is the button
Seat 2: HAOYUN88888 ($223.95 in chips)
Seat 3: zxkz ($73 in chips)
zxkz: posts small blind $1
HAOYUN88888: posts big blind $3
*** HOLE CARDS ***
zxkz: raises $3 to $6
HAOYUN88888: calls $3
*** FLOP *** [Jc 5c Kc]
HAOYUN88888: checks
zxkz: bets $3
HAOYUN88888: calls $3
*** TURN *** [Jc 5c Kc] [8s]
HAOYUN88888: checks
zxkz: checks
*** RIVER *** [Jc 5c Kc 8s] [As]
HAOYUN88888: bets $6
zxkz: folds
Uncalled bet ($6) returned to HAOYUN88888
HAOYUN88888 collected $17.64 from pot
HAOYUN88888: doesn't show hand
*** SUMMARY ***
Total pot $18 | Rake $0.36
Board [Jc 5c Kc 8s As]
Seat 2: HAOYUN88888 (big blind) collected ($17.64)
Seat 3: zxkz (button) (small blind) folded on the River


PokerStars Hand #169366352445:  Hold'em Limit ($3/$6 USD) - 2017/04/21 16:12:33 ET
Table 'Disa' 6-max Seat #3 is the button
Seat 2: HAOYUN88888 ($207.45 in chips)
Seat 3: zxkz ($72 in chips)
zxkz: posts small blind $1
HAOYUN88888: posts big blind $3
*** HOLE CARDS ***
zxkz: raises $3 to $6
HAOYUN88888: calls $3
*** FLOP *** [Jd 5h Kh]
HAOYUN88888: checks
zxkz: bets $3
HAOYUN88888: raises $3 to $6
zxkz: calls $3
*** TURN *** [Jd 5h Kh] [5c]
HAOYUN88888: bets $6
zxkz: calls $6
*** RIVER *** [Jd 5h Kh 5c] [8h]
HAOYUN88888: bets $6
zxkz: folds
Uncalled bet ($6) returned to HAOYUN88888
HAOYUN88888 collected $35.50 from pot
HAOYUN88888: doesn't show hand
*** SUMMARY ***
Total pot $36 | Rake $0.50
Board [Jd 5h Kh 5c 8h]
Seat 2: HAOYUN88888 (big blind) collected ($35.50)
Seat 3: zxkz (button) (small blind) folded on the River


PokerStars Hand #169366440757:  Hold'em Limit ($3/$6 USD) - 2017/04/21 16:14:14 ET
Table 'Disa' 6-max Seat #2 is the button
Seat 2: HAOYUN88888 ($247.09 in chips)
Seat 3: zxkz ($77.76 in chips)
HAOYUN88888: posts small blind $1
zxkz: posts big blind $3
*** HOLE CARDS ***
HAOYUN88888: folds
Uncalled bet ($2) returned to zxkz
zxkz collected $2 from pot
*** SUMMARY ***
Total pot $2 | Rake $0
Seat 2: HAOYUN88888 (button) (small blind) folded before Flop
Seat 3: zxkz (big blind) collected ($2)


PokerStars Hand #169366396719:  Hold'em Limit ($3/$6 USD) - 2017/04/21 16:13:24 ET
Table 'Disa' 6-max Seat #2 is the button
Seat 2: HAOYUN88888 ($232.59 in chips)
Seat 3: zxkz ($72 in chips)
HAOYUN88888: posts small blind $1
zxkz: posts big blind $3
*** HOLE CARDS ***
HAOYUN88888: raises $3 to $6
zxkz: calls $3
*** FLOP *** [7s 5d Jc]
zxkz: checks
HAOYUN88888: bets $3
zxkz: calls $3
*** TURN *** [7s 5d Jc] [7c]
zxkz: checks
HAOYUN88888: bets $6
zxkz: calls $6
*** RIVER *** [7s 5d Jc 7c] [3c]
zxkz: checks
HAOYUN88888: bets $6
zxkz: calls $6
*** SHOW DOWN ***
HAOYUN88888: shows [9h Jd] (two pair, Jacks and Sevens)
zxkz: mucks hand
HAOYUN88888 collected $41.50 from pot
*** SUMMARY ***
Total pot $42 | Rake $0.50
Board [7s 5d Jc 7c 3c]
Seat 2: HAOYUN88888 (button) (small blind) showed [9h Jd] and won ($41.50) with two pair, Jacks and Sevens
Seat 3: zxkz (big blind) mucked


PokerStars Hand #169366424365:  Hold'em Limit ($3/$6 USD) - 2017/04/21 16:13:56 ET
Table 'Disa' 6-max Seat #3 is the button
Seat 2: HAOYUN88888 ($253.09 in chips)
Seat 3: zxkz ($72 in chips)
zxkz: posts small blind $1
HAOYUN88888: posts big blind $3
*** HOLE CARDS ***
zxkz: raises $3 to $6
HAOYUN88888: calls $3
*** FLOP *** [Js Jc Kh]
HAOYUN88888: checks
zxkz: bets $3
HAOYUN88888: folds
Uncalled bet ($3) returned to zxkz
zxkz collected $11.76 from pot
zxkz: doesn't show hand
*** SUMMARY ***
Total pot $12 | Rake $0.24
Board [Js Jc Kh]
Seat 2: HAOYUN88888 (big blind) folded on the Flop
Seat 3: zxkz (button) (small blind) collected ($11.76)


PokerStars Hand #169366490325:  Hold'em Limit ($3/$6 USD) - 2017/04/21 16:15:12 ET
Table 'Disa' 6-max Seat #2 is the button
Seat 2: HAOYUN88888 ($209.09 in chips)
Seat 3: zxkz ($115.02 in chips)
HAOYUN88888: posts small blind $1
zxkz: posts big blind $3
*** HOLE CARDS ***
HAOYUN88888: raises $3 to $6
zxkz: calls $3
*** FLOP *** [Qs 8d 2d]
zxkz: checks
HAOYUN88888: checks
*** TURN *** [Qs 8d 2d] [Ad]
zxkz: bets $6
HAOYUN88888: folds
Uncalled bet ($6) returned to zxkz
zxkz collected $11.76 from pot
zxkz: doesn't show hand
*** SUMMARY ***
Total pot $12 | Rake $0.24
Board [Qs 8d 2d Ad]
Seat 2: HAOYUN88888 (button) (small blind) folded on the Turn
Seat 3: zxkz (big blind) collected ($11.76)


PokerStars Hand #169366461539:  Hold'em Limit ($3/$6 USD) - 2017/04/21 16:14:39 ET
Table 'Disa' 6-max Seat #3 is the button
Seat 2: HAOYUN88888 ($239.09 in chips)
Seat 3: zxkz ($85.52 in chips)
zxkz: posts small blind $1
HAOYUN88888: posts big blind $3
*** HOLE CARDS ***
zxkz: raises $3 to $6
HAOYUN88888: raises $3 to $9
zxkz: calls $3
*** FLOP *** [Jh Ac Jc]
HAOYUN88888: bets $3
zxkz: calls $3
*** TURN *** [Jh Ac Jc] [6s]
HAOYUN88888: bets $6
zxkz: raises $6 to $12
HAOYUN88888: calls $6
*** RIVER *** [Jh Ac Jc 6s] [7h]
HAOYUN88888: checks
zxkz: bets $6
HAOYUN88888: calls $6
*** SHOW DOWN ***
zxkz: shows [Jd Th] (three of a kind, Jacks)
HAOYUN88888: mucks hand
zxkz collected $59.50 from pot
*** SUMMARY ***
Total pot $60 | Rake $0.50
Board [Jh Ac Jc 6s 7h]
Seat 2: HAOYUN88888 (big blind) mucked
Seat 3: zxkz (button) (small blind) showed [Jd Th] and won ($59.50) with three of a kind, Jacks


PokerStars Hand #169366457697:  Hold'em Limit ($3/$6 USD) - 2017/04/21 16:14:35 ET
Table 'Disa' 6-max Seat #2 is the button
Seat 2: HAOYUN88888 ($240.09 in chips)
Seat 3: zxkz ($84.52 in chips)
HAOYUN88888: posts small blind $1
zxkz: posts big blind $3
*** HOLE CARDS ***
HAOYUN88888: folds
Uncalled bet ($2) returned to zxkz
zxkz collected $2 from pot
zxkz: doesn't show hand
*** SUMMARY ***
Total pot $2 | Rake $0
Seat 2: HAOYUN88888 (button) (small blind) folded before Flop
Seat 3: zxkz (big blind) collected ($2)


PokerStars Hand #169366445099:  Hold'em Limit ($3/$6 USD) - 2017/04/21 16:14:19 ET
Table 'Disa' 6-max Seat #3 is the button
Seat 2: HAOYUN88888 ($246.09 in chips)
Seat 3: zxkz ($78.76 in chips)
zxkz: posts small blind $1
HAOYUN88888: posts big blind $3
*** HOLE CARDS ***
zxkz: raises $3 to $6
HAOYUN88888: calls $3
*** FLOP *** [2d Kd Qs]
HAOYUN88888: checks
zxkz: bets $3
HAOYUN88888: folds
Uncalled bet ($3) returned to zxkz
zxkz collected $11.76 from pot
zxkz: doesn't show hand
*** SUMMARY ***
Total pot $12 | Rake $0.24
Board [2d Kd Qs]
Seat 2: HAOYUN88888 (big blind) folded on the Flop
Seat 3: zxkz (button) (small blind) collected ($11.76)


PokerStars Hand #169366501342:  Hold'em Limit ($3/$6 USD) - 2017/04/21 16:15:25 ET
Table 'Disa' 6-max Seat #3 is the button
Seat 2: HAOYUN88888 ($203.09 in chips)
Seat 3: zxkz ($120.78 in chips)
zxkz: posts small blind $1
HAOYUN88888: posts big blind $3
*** HOLE CARDS ***
zxkz: raises $3 to $6
HAOYUN88888: calls $3
*** FLOP *** [Ah Ts 4d]
HAOYUN88888: bets $3
zxkz: calls $3
*** TURN *** [Ah Ts 4d] [7d]
HAOYUN88888: bets $6
zxkz: folds
Uncalled bet ($6) returned to HAOYUN88888
HAOYUN88888 collected $17.64 from pot
HAOYUN88888: doesn't show hand
*** SUMMARY ***
Total pot $18 | Rake $0.36
Board [Ah Ts 4d 7d]
Seat 2: HAOYUN88888 (big blind) collected ($17.64)
Seat 3: zxkz (button) (small blind) folded on the Turn


PokerStars Hand #169366537052:  Hold'em Limit ($3/$6 USD) - 2017/04/21 16:16:01 ET
Table 'Disa' 6-max Seat #2 is the button
Seat 2: HAOYUN88888 ($211.73 in chips)
Seat 3: zxkz ($111.78 in chips)
HAOYUN88888: posts small blind $1
zxkz: posts big blind $3
*** HOLE CARDS ***
HAOYUN88888: raises $3 to $6
zxkz: calls $3
*** FLOP *** [Ad Ts 2h]
zxkz: checks
HAOYUN88888: bets $3
zxkz: folds
Uncalled bet ($3) returned to HAOYUN88888
HAOYUN88888 collected $11.76 from pot
HAOYUN88888: doesn't show hand
*** SUMMARY ***
Total pot $12 | Rake $0.24
Board [Ad Ts 2h]
Seat 2: HAOYUN88888 (button) (small blind) collected ($11.76)
Seat 3: zxkz (big blind) folded on the Flop


PokerStars Hand #169366571874:  Hold'em Limit ($3/$6 USD) - 2017/04/21 16:16:42 ET
Table 'Disa' 6-max Seat #3 is the button
Seat 2: HAOYUN88888 ($210.49 in chips)
Seat 3: zxkz ($112.54 in chips)
zxkz: posts small blind $1
HAOYUN88888: posts big blind $3
*** HOLE CARDS ***
zxkz: raises $3 to $6
HAOYUN88888: calls $3
*** FLOP *** [3h 7s Qh]
HAOYUN88888: checks
zxkz: bets $3
HAOYUN88888: raises $3 to $6
zxkz: calls $3
*** TURN *** [3h 7s Qh] [5h]
HAOYUN88888: bets $6
zxkz: calls $6
*** RIVER *** [3h 7s Qh 5h] [Ts]
HAOYUN88888: checks
zxkz: checks
*** SHOW DOWN ***
HAOYUN88888: shows [7h Jc] (a pair of Sevens)
zxkz: mucks hand
HAOYUN88888 collected $35.50 from pot
*** SUMMARY ***
Total pot $36 | Rake $0.50
Board [3h 7s Qh 5h Ts]
Seat 2: HAOYUN88888 (big blind) showed [7h Jc] and won ($35.50) with a pair of Sevens
Seat 3: zxkz (button) (small blind) mucked


PokerStars Hand #169366561813:  Hold'em Limit ($3/$6 USD) - 2017/04/21 16:16:30 ET
Table 'Disa' 6-max Seat #2 is the button
Seat 2: HAOYUN88888 ($211.49 in chips)
Seat 3: zxkz ($111.54 in chips)
HAOYUN88888: posts small blind $1
zxkz: posts big blind $3
*** HOLE CARDS ***
HAOYUN88888: folds
Uncalled bet ($2) returned to zxkz
zxkz collected $2 from pot
zxkz: doesn't show hand
*** SUMMARY ***
Total pot $2 | Rake $0
Seat 2: HAOYUN88888 (button) (small blind) folded before Flop
Seat 3: zxkz (big blind) collected ($2)


PokerStars Hand #169366589052:  Hold'em Limit ($3/$6 USD) - 2017/04/21 16:17:01 ET
Table 'Disa' 6-max Seat #2 is the button
Seat 2: HAOYUN88888 ($227.99 in chips)
Seat 3: zxkz ($94.54 in chips)
HAOYUN88888: posts small blind $1
zxkz: posts big blind $3
*** HOLE CARDS ***
HAOYUN88888: raises $3 to $6
zxkz: calls $3
*** FLOP *** [6d Td Ts]
zxkz: checks
HAOYUN88888: bets $3
zxkz: calls $3
*** TURN *** [6d Td Ts] [Qh]
zxkz: checks
HAOYUN88888: bets $6
zxkz: raises $6 to $12
HAOYUN88888: calls $6
*** RIVER *** [6d Td Ts Qh] [8d]
zxkz: bets $6
HAOYUN88888: raises $6 to $12
zxkz: calls $6
*** SHOW DOWN ***
HAOYUN88888: shows [Jd 9h] (a straight, Eight to Queen)
zxkz: mucks hand
HAOYUN88888 collected $65.50 from pot
*** SUMMARY ***
Total pot $66 | Rake $0.50
Board [6d Td Ts Qh 8d]
Seat 2: HAOYUN88888 (button) (small blind) showed [Jd 9h] and won ($65.50) with a straight, Eight to Queen
Seat 3: zxkz (big blind) mucked


PokerStars Hand #169366632211:  Hold'em Limit ($3/$6 USD) - 2017/04/21 16:17:51 ET
Table 'Disa' 6-max Seat #2 is the button
Seat 2: HAOYUN88888 ($269.13 in chips)
Seat 3: zxkz ($72 in chips)
HAOYUN88888: posts small blind $1
zxkz: posts big blind $3
*** HOLE CARDS ***
HAOYUN88888: raises $3 to $6
zxkz: calls $3
*** FLOP *** [Jc 7c 5d]
zxkz: checks
HAOYUN88888: bets $3
zxkz: raises $3 to $6
HAOYUN88888: calls $3
*** TURN *** [Jc 7c 5d] [Kh]
zxkz: checks
HAOYUN88888: checks
*** RIVER *** [Jc 7c 5d Kh] [2c]
zxkz: bets $6
HAOYUN88888: calls $6
*** SHOW DOWN ***
zxkz: shows [7h 6c] (a pair of Sevens)
HAOYUN88888: mucks hand
zxkz collected $35.50 from pot
*** SUMMARY ***
Total pot $36 | Rake $0.50
Board [Jc 7c 5d Kh 2c]
Seat 2: HAOYUN88888 (button) (small blind) mucked
Seat 3: zxkz (big blind) showed [7h 6c] and won ($35.50) with a pair of Sevens


PokerStars Hand #169366613120:  Hold'em Limit ($3/$6 USD) - 2017/04/21 16:17:29 ET
Table 'Disa' 6-max Seat #3 is the button
Seat 2: HAOYUN88888 ($260.49 in chips)
Seat 3: zxkz ($72 in chips)
zxkz: posts small blind $1
HAOYUN88888: posts big blind $3
*** HOLE CARDS ***
zxkz: raises $3 to $6
HAOYUN88888: calls $3
*** FLOP *** [8d Kh Ts]
HAOYUN88888: checks
zxkz: bets $3
HAOYUN88888: calls $3
*** TURN *** [8d Kh Ts] [Tc]
HAOYUN88888: checks
zxkz: checks
*** RIVER *** [8d Kh Ts Tc] [Jh]
HAOYUN88888: bets $6
zxkz: folds
Uncalled bet ($6) returned to HAOYUN88888
HAOYUN88888 collected $17.64 from pot
HAOYUN88888: doesn't show hand
*** SUMMARY ***
Total pot $18 | Rake $0.36
Board [8d Kh Ts Tc Jh]
Seat 2: HAOYUN88888 (big blind) collected ($17.64)
Seat 3: zxkz (button) (small blind) folded on the River


PokerStars Hand #169366686863:  Hold'em Limit ($3/$6 USD) - 2017/04/21 16:18:55 ET
Table 'Disa' 6-max Seat #2 is the button
Seat 2: HAOYUN88888 ($273.27 in chips)
Seat 3: zxkz ($72 in chips)
HAOYUN88888: posts small blind $1
zxkz: posts big blind $3
*** HOLE CARDS ***
HAOYUN88888: folds
Uncalled bet ($2) returned to zxkz
zxkz collected $2 from pot
zxkz: doesn't show hand
*** SUMMARY ***
Total pot $2 | Rake $0
Seat 2: HAOYUN88888 (button) (small blind) folded before Flop
Seat 3: zxkz (big blind) collected ($2)


PokerStars Hand #169366672743:  Hold'em Limit ($3/$6 USD) - 2017/04/21 16:18:38 ET
Table 'Disa' 6-max Seat #3 is the button
Seat 2: HAOYUN88888 ($264.63 in chips)
Seat 3: zxkz ($75.50 in chips)
zxkz: posts small blind $1
HAOYUN88888: posts big blind $3
*** HOLE CARDS ***
zxkz: raises $3 to $6
HAOYUN88888: raises $3 to $9
zxkz: calls $3
*** FLOP *** [8d 5h Qc]
HAOYUN88888: bets $3
zxkz: folds
Uncalled bet ($3) returned to HAOYUN88888
HAOYUN88888 collected $17.64 from pot
HAOYUN88888: doesn't show hand
*** SUMMARY ***
Total pot $18 | Rake $0.36
Board [8d 5h Qc]
Seat 2: HAOYUN88888 (big blind) collected ($17.64)
Seat 3: zxkz (button) (small blind) folded on the Flop


PokerStars Hand #169366690940:  Hold'em Limit ($3/$6 USD) - 2017/04/21 16:18:59 ET
Table 'Disa' 6-max Seat #3 is the button
Seat 2: HAOYUN88888 ($272.27 in chips)
Seat 3: zxkz ($73 in chips)
zxkz: posts small blind $1
HAOYUN88888: posts big blind $3
*** HOLE CARDS ***
zxkz: raises $3 to $6
HAOYUN88888: folds
Uncalled bet ($3) returned to zxkz
zxkz collected $6 from pot
zxkz: doesn't show hand
*** SUMMARY ***
Total pot $6 | Rake $0
Seat 2: HAOYUN88888 (big blind) folded before Flop
Seat 3: zxkz (button) (small blind) collected ($6)


PokerStars Hand #169366668148:  Hold'em Limit ($3/$6 USD) - 2017/04/21 16:18:33 ET
Table 'Disa' 6-max Seat #2 is the button
Seat 2: HAOYUN88888 ($265.63 in chips)
Seat 3: zxkz ($74.50 in chips)
HAOYUN88888: posts small blind $1
zxkz: posts big blind $3
*** HOLE CARDS ***
HAOYUN88888: folds
Uncalled bet ($2) returned to zxkz
zxkz collected $2 from pot
zxkz: doesn't show hand
*** SUMMARY ***
Total pot $2 | Rake $0
Seat 2: HAOYUN88888 (button) (small blind) folded before Flop
Seat 3: zxkz (big blind) collected ($2)


PokerStars Hand #169366650914:  Hold'em Limit ($3/$6 USD) - 2017/04/21 16:18:13 ET
Table 'Disa' 6-max Seat #3 is the button
Seat 2: HAOYUN88888 ($251.13 in chips)
Seat 3: zxkz ($89.50 in chips)
zxkz: posts small blind $1
HAOYUN88888: posts big blind $3
*** HOLE CARDS ***
zxkz: raises $3 to $6
HAOYUN88888: calls $3
*** FLOP *** [5h 6s Jd]
HAOYUN88888: checks
zxkz: bets $3
HAOYUN88888: calls $3
*** TURN *** [5h 6s Jd] [Qh]
HAOYUN88888: checks
zxkz: checks
*** RIVER *** [5h 6s Jd Qh] [9h]
HAOYUN88888: bets $6
zxkz: calls $6
*** SHOW DOWN ***
HAOYUN88888: shows [7h Th] (a flush, Queen high)
zxkz: mucks hand
HAOYUN88888 collected $29.50 from pot
*** SUMMARY ***
Total pot $30 | Rake $0.50
Board [5h 6s Jd Qh 9h]
Seat 2: HAOYUN88888 (big blind) showed [7h Th] and won ($29.50) with a flush, Queen high
Seat 3: zxkz (button) (small blind) mucked


PokerStars Hand #169366754125:  Hold'em Limit ($3/$6 USD) - 2017/04/21 16:20:13 ET
Table 'Disa' 6-max Seat #2 is the button
Seat 2: HAOYUN88888 ($305.27 in chips)
Seat 3: zxkz ($75 in chips)
HAOYUN88888: posts small blind $1
zxkz: posts big blind $3
*** HOLE CARDS ***
HAOYUN88888: raises $3 to $6
zxkz: calls $3
*** FLOP *** [Kc 4s Jd]
zxkz: checks
HAOYUN88888: bets $3
zxkz: folds
Uncalled bet ($3) returned to HAOYUN88888
HAOYUN88888 collected $11.76 from pot
HAOYUN88888: doesn't show hand
*** SUMMARY ***
Total pot $12 | Rake $0.24
Board [Kc 4s Jd]
Seat 2: HAOYUN88888 (button) (small blind) collected ($11.76)
Seat 3: zxkz (big blind) folded on the Flop


PokerStars Hand #169366704791:  Hold'em Limit ($3/$6 USD) - 2017/04/21 16:19:15 ET
Table 'Disa' 6-max Seat #3 is the button
Seat 2: HAOYUN88888 ($268.27 in chips)
Seat 3: zxkz ($77 in chips)
zxkz: posts small blind $1
HAOYUN88888: posts big blind $3
*** HOLE CARDS ***
zxkz: raises $3 to $6
HAOYUN88888: calls $3
*** FLOP *** [4d 5c Qh]
HAOYUN88888: checks
zxkz: bets $3
HAOYUN88888: raises $3 to $6
zxkz: calls $3
*** TURN *** [4d 5c Qh] [9d]
HAOYUN88888: bets $6
zxkz: calls $6
*** RIVER *** [4d 5c Qh 9d] [7h]
HAOYUN88888: bets $6
zxkz: calls $6
*** SHOW DOWN ***
HAOYUN88888: shows [3h 6h] (a straight, Three to Seven)
zxkz: mucks hand
HAOYUN88888 collected $47.50 from pot
*** SUMMARY ***
Total pot $48 | Rake $0.50
Board [4d 5c Qh 9d 7h]
Seat 2: HAOYUN88888 (big blind) showed [3h 6h] and won ($47.50) with a straight, Three to Seven
Seat 3: zxkz (button) (small blind) mucked


PokerStars Hand #169366748286:  Hold'em Limit ($3/$6 USD) - 2017/04/21 16:20:06 ET
Table 'Disa' 6-max Seat #3 is the button
Seat 2: HAOYUN88888 ($308.27 in chips)
Seat 3: zxkz ($72 in chips)
zxkz: posts small blind $1
HAOYUN88888: posts big blind $3
*** HOLE CARDS ***
zxkz: raises $3 to $6
HAOYUN88888: folds
Uncalled bet ($3) returned to zxkz
zxkz collected $6 from pot
zxkz: doesn't show hand
*** SUMMARY ***
Total pot $6 | Rake $0
Seat 2: HAOYUN88888 (big blind) folded before Flop
Seat 3: zxkz (button) (small blind) collected ($6)


PokerStars Hand #169366731745:  Hold'em Limit ($3/$6 USD) - 2017/04/21 16:19:47 ET
Table 'Disa' 6-max Seat #2 is the button
Seat 2: HAOYUN88888 ($287.77 in chips)
Seat 3: zxkz ($76 in chips)
HAOYUN88888: posts small blind $1
zxkz: posts big blind $3
*** HOLE CARDS ***
HAOYUN88888: raises $3 to $6
zxkz: calls $3
*** FLOP *** [3c Qc 9d]
zxkz: checks
HAOYUN88888: bets $3
zxkz: calls $3
*** TURN *** [3c Qc 9d] [Qs]
zxkz: checks
HAOYUN88888: bets $6
zxkz: raises $6 to $12
HAOYUN88888: raises $6 to $18
zxkz: folds
Uncalled bet ($6) returned to HAOYUN88888
HAOYUN88888 collected $41.50 from pot
HAOYUN88888: doesn't show hand
*** SUMMARY ***
Total pot $42 | Rake $0.50
Board [3c Qc 9d Qs]
Seat 2: HAOYUN88888 (button) (small blind) collected ($41.50)
Seat 3: zxkz (big blind) folded on the Turn


PokerStars Hand #169366727152:  Hold'em Limit ($3/$6 USD) - 2017/04/21 16:19:41 ET
Table 'Disa' 6-max Seat #3 is the button
Seat 2: HAOYUN88888 ($290.77 in chips)
Seat 3: zxkz ($73 in chips)
zxkz: posts small blind $1
HAOYUN88888: posts big blind $3
*** HOLE CARDS ***
zxkz: raises $3 to $6
HAOYUN88888: folds
Uncalled bet ($3) returned to zxkz
zxkz collected $6 from pot
zxkz: doesn't show hand
*** SUMMARY ***
Total pot $6 | Rake $0
Seat 2: HAOYUN88888 (big blind) folded before Flop
Seat 3: zxkz (button) (small blind) collected ($6)


PokerStars Hand #169366723308:  Hold'em Limit ($3/$6 USD) - 2017/04/21 16:19:37 ET
Table 'Disa' 6-max Seat #2 is the button
Seat 2: HAOYUN88888 ($291.77 in chips)
Seat 3: zxkz ($72 in chips)
HAOYUN88888: posts small blind $1
zxkz: posts big blind $3
*** HOLE CARDS ***
HAOYUN88888: folds
Uncalled bet ($2) returned to zxkz
zxkz collected $2 from pot
zxkz: doesn't show hand
*** SUMMARY ***
Total pot $2 | Rake $0
Seat 2: HAOYUN88888 (button) (small blind) folded before Flop
Seat 3: zxkz (big blind) collected ($2)


PokerStars Hand #169366763928:  Hold'em Limit ($3/$6 USD) - 2017/04/21 16:20:24 ET
Table 'Disa' 6-max Seat #3 is the button
Seat 2: HAOYUN88888 ($311.03 in chips)
Seat 3: zxkz ($72 in chips)
zxkz: posts small blind $1
HAOYUN88888: posts big blind $3
*** HOLE CARDS ***
zxkz: raises $3 to $6
HAOYUN88888: calls $3
*** FLOP *** [5h Jc Qs]
HAOYUN88888: checks
zxkz: bets $3
HAOYUN88888: raises $3 to $6
zxkz: folds
Uncalled bet ($3) returned to HAOYUN88888
HAOYUN88888 collected $17.64 from pot
HAOYUN88888: doesn't show hand
*** SUMMARY ***
Total pot $18 | Rake $0.36
Board [5h Jc Qs]
Seat 2: HAOYUN88888 (big blind) collected ($17.64)
Seat 3: zxkz (button) (small blind) folded on the Flop


PokerStars Hand #169366816136:  Hold'em Limit ($3/$6 USD) - 2017/04/21 16:21:25 ET
Table 'Disa' 6-max Seat #3 is the button
Seat 2: HAOYUN88888 ($279.67 in chips)
Seat 3: zxkz ($111 in chips)
zxkz: posts small blind $1
HAOYUN88888: posts big blind $3
*** HOLE CARDS ***
zxkz: raises $3 to $6
HAOYUN88888: folds
Uncalled bet ($3) returned to zxkz
zxkz collected $6 from pot
zxkz: doesn't show hand
*** SUMMARY ***
Total pot $6 | Rake $0
Seat 2: HAOYUN88888 (big blind) folded before Flop
Seat 3: zxkz (button) (small blind) collected ($6)


PokerStars Hand #169366795280:  Hold'em Limit ($3/$6 USD) - 2017/04/21 16:21:01 ET
Table 'Disa' 6-max Seat #2 is the button
Seat 2: HAOYUN88888 ($294.67 in chips)
Seat 3: zxkz ($96.50 in chips)
HAOYUN88888: posts small blind $1
zxkz: posts big blind $3
*** HOLE CARDS ***
HAOYUN88888: raises $3 to $6
zxkz: calls $3
*** FLOP *** [Ks 5h Ts]
zxkz: checks
HAOYUN88888: bets $3
zxkz: calls $3
*** TURN *** [Ks 5h Ts] [As]
zxkz: checks
HAOYUN88888: checks
*** RIVER *** [Ks 5h Ts As] [Kh]
zxkz: checks
HAOYUN88888: bets $6
zxkz: calls $6
*** SHOW DOWN ***
HAOYUN88888: shows [9d 9c] (two pair, Kings and Nines)
zxkz: shows [8d Tc] (two pair, Kings and Tens)
zxkz collected $29.50 from pot
*** SUMMARY ***
Total pot $30 | Rake $0.50
Board [Ks 5h Ts As Kh]
Seat 2: HAOYUN88888 (button) (small blind) showed [9d 9c] and lost with two pair, Kings and Nines
Seat 3: zxkz (big blind) showed [8d Tc] and won ($29.50) with two pair, Kings and Tens


PokerStars Hand #169366774178:  Hold'em Limit ($3/$6 USD) - 2017/04/21 16:20:36 ET
Table 'Disa' 6-max Seat #2 is the button
Seat 2: HAOYUN88888 ($319.67 in chips)
Seat 3: zxkz ($72 in chips)
HAOYUN88888: posts small blind $1
zxkz: posts big blind $3
*** HOLE CARDS ***
HAOYUN88888: folds
Uncalled bet ($2) returned to zxkz
zxkz collected $2 from pot
zxkz: doesn't show hand
*** SUMMARY ***
Total pot $2 | Rake $0
Seat 2: HAOYUN88888 (button) (small blind) folded before Flop
Seat 3: zxkz (big blind) collected ($2)


PokerStars Hand #169366778616:  Hold'em Limit ($3/$6 USD) - 2017/04/21 16:20:41 ET
Table 'Disa' 6-max Seat #3 is the button
Seat 2: HAOYUN88888 ($318.67 in chips)
Seat 3: zxkz ($73 in chips)
zxkz: posts small blind $1
HAOYUN88888: posts big blind $3
*** HOLE CARDS ***
zxkz: raises $3 to $6
HAOYUN88888: raises $3 to $9
zxkz: calls $3
*** FLOP *** [3d 5c 5s]
HAOYUN88888: bets $3
zxkz: calls $3
*** TURN *** [3d 5c 5s] [6s]
HAOYUN88888: bets $6
zxkz: calls $6
*** RIVER *** [3d 5c 5s 6s] [8c]
HAOYUN88888: checks
zxkz: bets $6
HAOYUN88888: calls $6
*** SHOW DOWN ***
zxkz: shows [8d 3h] (two pair, Eights and Fives)
HAOYUN88888: mucks hand
zxkz collected $47.50 from pot
*** SUMMARY ***
Total pot $48 | Rake $0.50
Board [3d 5c 5s 6s 8c]
Seat 2: HAOYUN88888 (big blind) mucked
Seat 3: zxkz (button) (small blind) showed [8d 3h] and won ($47.50) with two pair, Eights and Fives


PokerStars Hand #169366820267:  Hold'em Limit ($3/$6 USD) - 2017/04/21 16:21:30 ET
Table 'Disa' 6-max Seat #2 is the button
Seat 2: HAOYUN88888 ($276.67 in chips)
Seat 3: zxkz ($114 in chips)
HAOYUN88888: posts small blind $1
zxkz: posts big blind $3
*** HOLE CARDS ***
HAOYUN88888: raises $3 to $6
zxkz: calls $3
*** FLOP *** [Ah 6c As]
zxkz: checks
HAOYUN88888: bets $3
zxkz: raises $3 to $6
HAOYUN88888: folds
Uncalled bet ($3) returned to zxkz
zxkz collected $17.64 from pot
zxkz: doesn't show hand
*** SUMMARY ***
Total pot $18 | Rake $0.36
Board [Ah 6c As]
Seat 2: HAOYUN88888 (button) (small blind) folded on the Flop
Seat 3: zxkz (big blind) collected ($17.64)


PokerStars Hand #169366840595:  Hold'em Limit ($3/$6 USD) - 2017/04/21 16:21:53 ET
Table 'Disa' 6-max Seat #3 is the button
Seat 2: HAOYUN88888 ($267.67 in chips)
Seat 3: zxkz ($122.64 in chips)
zxkz: posts small blind $1
HAOYUN88888: posts big blind $3
*** HOLE CARDS ***
zxkz: raises $3 to $6
HAOYUN88888: raises $3 to $9
zxkz: calls $3
*** FLOP *** [Ad Td Tc]
HAOYUN88888: bets $3
zxkz: calls $3
*** TURN *** [Ad Td Tc] [4s]
HAOYUN88888: bets $6
zxkz: folds
Uncalled bet ($6) returned to HAOYUN88888
HAOYUN88888 collected $23.52 from pot
HAOYUN88888: doesn't show hand
*** SUMMARY ***
Total pot $24 | Rake $0.48
Board [Ad Td Tc 4s]
Seat 2: HAOYUN88888 (big blind) collected ($23.52)
Seat 3: zxkz (button) (small blind) folded on the Turn


PokerStars Hand #169366855144:  Hold'em Limit ($3/$6 USD) - 2017/04/21 16:22:10 ET
Table 'Disa' 6-max Seat #2 is the button
Seat 2: HAOYUN88888 ($279.19 in chips)
Seat 3: zxkz ($110.64 in chips)
HAOYUN88888: posts small blind $1
zxkz: posts big blind $3
*** HOLE CARDS ***
HAOYUN88888: folds
Uncalled bet ($2) returned to zxkz
zxkz collected $2 from pot
zxkz: doesn't show hand
*** SUMMARY ***
Total pot $2 | Rake $0
Seat 2: HAOYUN88888 (button) (small blind) folded before Flop
Seat 3: zxkz (big blind) collected ($2)


PokerStars Hand #169366858726:  Hold'em Limit ($3/$6 USD) - 2017/04/21 16:22:14 ET
Table 'Disa' 6-max Seat #3 is the button
Seat 2: HAOYUN88888 ($278.19 in chips)
Seat 3: zxkz ($111.64 in chips)
zxkz: posts small blind $1
HAOYUN88888: posts big blind $3
*** HOLE CARDS ***
zxkz: raises $3 to $6
HAOYUN88888: raises $3 to $9
zxkz: calls $3
*** FLOP *** [6h 2h Th]
HAOYUN88888: bets $3
zxkz: calls $3
*** TURN *** [6h 2h Th] [9s]
HAOYUN88888: bets $6
zxkz: calls $6
*** RIVER *** [6h 2h Th 9s] [Qc]
HAOYUN88888: checks
zxkz: bets $6
HAOYUN88888: calls $6
*** SHOW DOWN ***
zxkz: shows [2s Qd] (two pair, Queens and Deuces)
HAOYUN88888: mucks hand
zxkz collected $47.50 from pot
*** SUMMARY ***
Total pot $48 | Rake $0.50
Board [6h 2h Th 9s Qc]
Seat 2: HAOYUN88888 (big blind) mucked
Seat 3: zxkz (button) (small blind) showed [2s Qd] and won ($47.50) with two pair, Queens and Deuces


PokerStars Hand #169366917329:  Hold'em Limit ($3/$6 USD) - 2017/04/21 16:23:22 ET
Table 'Disa' 6-max Seat #2 is the button
Seat 2: HAOYUN88888 ($261.69 in chips)
Seat 3: zxkz ($127.14 in chips)
HAOYUN88888: posts small blind $1
zxkz: posts big blind $3
*** HOLE CARDS ***
HAOYUN88888: folds
Uncalled bet ($2) returned to zxkz
zxkz collected $2 from pot
zxkz: doesn't show hand
*** SUMMARY ***
Total pot $2 | Rake $0
Seat 2: HAOYUN88888 (button) (small blind) folded before Flop
Seat 3: zxkz (big blind) collected ($2)


PokerStars Hand #169366912015:  Hold'em Limit ($3/$6 USD) - 2017/04/21 16:23:16 ET
Table 'Disa' 6-max Seat #3 is the button
Seat 2: HAOYUN88888 ($264.69 in chips)
Seat 3: zxkz ($124.14 in chips)
zxkz: posts small blind $1
HAOYUN88888: posts big blind $3
*** HOLE CARDS ***
zxkz: raises $3 to $6
HAOYUN88888: folds
Uncalled bet ($3) returned to zxkz
zxkz collected $6 from pot
zxkz: doesn't show hand
*** SUMMARY ***
Total pot $6 | Rake $0
Seat 2: HAOYUN88888 (big blind) folded before Flop
Seat 3: zxkz (button) (small blind) collected ($6)


PokerStars Hand #169366882173:  Hold'em Limit ($3/$6 USD) - 2017/04/21 16:22:42 ET
Table 'Disa' 6-max Seat #3 is the button
Seat 2: HAOYUN88888 ($253.19 in chips)
Seat 3: zxkz ($136.14 in chips)
zxkz: posts small blind $1
HAOYUN88888: posts big blind $3
*** HOLE CARDS ***
zxkz: raises $3 to $6
HAOYUN88888: folds
Uncalled bet ($3) returned to zxkz
zxkz collected $6 from pot
zxkz: doesn't show hand
*** SUMMARY ***
Total pot $6 | Rake $0
Seat 2: HAOYUN88888 (big blind) folded before Flop
Seat 3: zxkz (button) (small blind) collected ($6)


PokerStars Hand #169366877817:  Hold'em Limit ($3/$6 USD) - 2017/04/21 16:22:37 ET
Table 'Disa' 6-max Seat #2 is the button
Seat 2: HAOYUN88888 ($254.19 in chips)
Seat 3: zxkz ($135.14 in chips)
HAOYUN88888: posts small blind $1
zxkz: posts big blind $3
*** HOLE CARDS ***
HAOYUN88888: folds
Uncalled bet ($2) returned to zxkz
zxkz collected $2 from pot
zxkz: doesn't show hand
*** SUMMARY ***
Total pot $2 | Rake $0
Seat 2: HAOYUN88888 (button) (small blind) folded before Flop
Seat 3: zxkz (big blind) collected ($2)


PokerStars Hand #169366889264:  Hold'em Limit ($3/$6 USD) - 2017/04/21 16:22:50 ET
Table 'Disa' 6-max Seat #2 is the button
Seat 2: HAOYUN88888 ($250.19 in chips)
Seat 3: zxkz ($139.14 in chips)
HAOYUN88888: posts small blind $1
zxkz: posts big blind $3
*** HOLE CARDS ***
HAOYUN88888: raises $3 to $6
zxkz: calls $3
*** FLOP *** [4s 3d 2s]
zxkz: checks
HAOYUN88888: bets $3
zxkz: calls $3
*** TURN *** [4s 3d 2s] [7c]
zxkz: checks
HAOYUN88888: checks
*** RIVER *** [4s 3d 2s 7c] [4h]
zxkz: checks
HAOYUN88888: bets $6
zxkz: calls $6
*** SHOW DOWN ***
HAOYUN88888: shows [As Qd] (a pair of Fours)
zxkz: mucks hand
HAOYUN88888 collected $29.50 from pot
*** SUMMARY ***
Total pot $30 | Rake $0.50
Board [4s 3d 2s 7c 4h]
Seat 2: HAOYUN88888 (button) (small blind) showed [As Qd] and won ($29.50) with a pair of Fours
Seat 3: zxkz (big blind) mucked


PokerStars Hand #169366950145:  Hold'em Limit ($3/$6 USD) - 2017/04/21 16:24:00 ET
Table 'Disa' 6-max Seat #2 is the button
Seat 2: HAOYUN88888 ($236.69 in chips)
Seat 3: zxkz ($151.64 in chips)
HAOYUN88888: posts small blind $1
zxkz: posts big blind $3
*** HOLE CARDS ***
HAOYUN88888: raises $3 to $6
zxkz: raises $3 to $9
HAOYUN88888: calls $3
*** FLOP *** [5d 9d Ac]
zxkz: bets $3
HAOYUN88888: calls $3
*** TURN *** [5d 9d Ac] [Td]
zxkz: bets $6
HAOYUN88888: calls $6
*** RIVER *** [5d 9d Ac Td] [5h]
zxkz: bets $6
HAOYUN88888: folds
Uncalled bet ($6) returned to zxkz
zxkz collected $35.50 from pot
zxkz: doesn't show hand
*** SUMMARY ***
Total pot $36 | Rake $0.50
Board [5d 9d Ac Td 5h]
Seat 2: HAOYUN88888 (button) (small blind) folded on the River
Seat 3: zxkz (big blind) collected ($35.50)


PokerStars Hand #169366921353:  Hold'em Limit ($3/$6 USD) - 2017/04/21 16:23:27 ET
Table 'Disa' 6-max Seat #3 is the button
Seat 2: HAOYUN88888 ($260.69 in chips)
Seat 3: zxkz ($128.14 in chips)
zxkz: posts small blind $1
HAOYUN88888: posts big blind $3
*** HOLE CARDS ***
zxkz: raises $3 to $6
HAOYUN88888: raises $3 to $9
zxkz: calls $3
*** FLOP *** [Tc 5s 2d]
HAOYUN88888: bets $3
zxkz: calls $3
*** TURN *** [Tc 5s 2d] [Qd]
HAOYUN88888: bets $6
zxkz: calls $6
*** RIVER *** [Tc 5s 2d Qd] [7d]
HAOYUN88888: checks
zxkz: bets $6
HAOYUN88888: calls $6
*** SHOW DOWN ***
zxkz: shows [Ts 3d] (a pair of Tens)
HAOYUN88888: mucks hand
zxkz collected $47.50 from pot
*** SUMMARY ***
Total pot $48 | Rake $0.50
Board [Tc 5s 2d Qd 7d]
Seat 2: HAOYUN88888 (big blind) mucked
Seat 3: zxkz (button) (small blind) showed [Ts 3d] and won ($47.50) with a pair of Tens


PokerStars Hand #169366995475:  Hold'em Limit ($3/$6 USD) - 2017/04/21 16:24:53 ET
Table 'Disa' 6-max Seat #3 is the button
Seat 2: HAOYUN88888 ($199.69 in chips)
Seat 3: zxkz ($187.64 in chips)
zxkz: posts small blind $1
HAOYUN88888: posts big blind $3
*** HOLE CARDS ***
zxkz: raises $3 to $6
HAOYUN88888: calls $3
*** FLOP *** [2d 7s Qh]
HAOYUN88888: checks
zxkz: bets $3
HAOYUN88888: raises $3 to $6
zxkz: calls $3
*** TURN *** [2d 7s Qh] [4s]
HAOYUN88888: bets $6
zxkz: calls $6
*** RIVER *** [2d 7s Qh 4s] [7h]
HAOYUN88888: bets $6
zxkz: calls $6
*** SHOW DOWN ***
HAOYUN88888: shows [7c Jd] (three of a kind, Sevens)
zxkz: mucks hand
HAOYUN88888 collected $47.50 from pot
*** SUMMARY ***
Total pot $48 | Rake $0.50
Board [2d 7s Qh 4s 7h]
Seat 2: HAOYUN88888 (big blind) showed [7c Jd] and won ($47.50) with three of a kind, Sevens
Seat 3: zxkz (button) (small blind) mucked


PokerStars Hand #169366967298:  Hold'em Limit ($3/$6 USD) - 2017/04/21 16:24:20 ET
Table 'Disa' 6-max Seat #3 is the button
Seat 2: HAOYUN88888 ($218.69 in chips)
Seat 3: zxkz ($169.14 in chips)
zxkz: posts small blind $1
HAOYUN88888: posts big blind $3
*** HOLE CARDS ***
zxkz: raises $3 to $6
HAOYUN88888: raises $3 to $9
zxkz: calls $3
*** FLOP *** [6s 4d Jc]
HAOYUN88888: bets $3
zxkz: calls $3
*** TURN *** [6s 4d Jc] [Qc]
HAOYUN88888: bets $6
zxkz: calls $6
*** RIVER *** [6s 4d Jc Qc] [4s]
HAOYUN88888: checks
zxkz: checks
*** SHOW DOWN ***
HAOYUN88888: shows [9h 7h] (a pair of Fours)
zxkz: shows [9s Kh] (a pair of Fours - King kicker)
zxkz collected $35.50 from pot
*** SUMMARY ***
Total pot $36 | Rake $0.50
Board [6s 4d Jc Qc 4s]
Seat 2: HAOYUN88888 (big blind) showed [9h 7h] and lost with a pair of Fours
Seat 3: zxkz (button) (small blind) showed [9s Kh] and won ($35.50) with a pair of Fours


PokerStars Hand #169367039687:  Hold'em Limit ($3/$6 USD) - 2017/04/21 16:25:44 ET
Table 'Disa' 6-max Seat #2 is the button
Seat 2: HAOYUN88888 ($207.83 in chips)
Seat 3: zxkz ($178.14 in chips)
HAOYUN88888: posts small blind $1
zxkz: posts big blind $3
*** HOLE CARDS ***
HAOYUN88888: raises $3 to $6
zxkz: calls $3
*** FLOP *** [2c 9c 3d]
zxkz: checks
HAOYUN88888: bets $3
zxkz: calls $3
*** TURN *** [2c 9c 3d] [6s]
zxkz: checks
HAOYUN88888: checks
*** RIVER *** [2c 9c 3d 6s] [9s]
zxkz: checks
HAOYUN88888: bets $6
zxkz: calls $6
*** SHOW DOWN ***
HAOYUN88888: shows [Kc Td] (a pair of Nines)
zxkz: mucks hand
HAOYUN88888 collected $29.50 from pot
*** SUMMARY ***
Total pot $30 | Rake $0.50
Board [2c 9c 3d 6s 9s]
Seat 2: HAOYUN88888 (button) (small blind) showed [Kc Td] and won ($29.50) with a pair of Nines
Seat 3: zxkz (big blind) mucked


PokerStars Hand #169367031264:  Hold'em Limit ($3/$6 USD) - 2017/04/21 16:25:34 ET
Table 'Disa' 6-max Seat #3 is the button
Seat 2: HAOYUN88888 ($199.19 in chips)
Seat 3: zxkz ($187.14 in chips)
zxkz: posts small blind $1
HAOYUN88888: posts big blind $3
*** HOLE CARDS ***
zxkz: raises $3 to $6
HAOYUN88888: raises $3 to $9
zxkz: calls $3
*** FLOP *** [9h Kc 2s]
HAOYUN88888: bets $3
zxkz: folds
Uncalled bet ($3) returned to HAOYUN88888
HAOYUN88888 collected $17.64 from pot
HAOYUN88888: doesn't show hand
*** SUMMARY ***
Total pot $18 | Rake $0.36
Board [9h Kc 2s]
Seat 2: HAOYUN88888 (big blind) collected ($17.64)
Seat 3: zxkz (button) (small blind) folded on the Flop


PokerStars Hand #169367016144:  Hold'em Limit ($3/$6 USD) - 2017/04/21 16:25:17 ET
Table 'Disa' 6-max Seat #2 is the button
Seat 2: HAOYUN88888 ($223.19 in chips)
Seat 3: zxkz ($163.64 in chips)
HAOYUN88888: posts small blind $1
zxkz: posts big blind $3
*** HOLE CARDS ***
HAOYUN88888: raises $3 to $6
zxkz: calls $3
*** FLOP *** [5c 8c Qs]
zxkz: checks
HAOYUN88888: checks
*** TURN *** [5c 8c Qs] [Ac]
zxkz: bets $6
HAOYUN88888: raises $6 to $12
zxkz: calls $6
*** RIVER *** [5c 8c Qs Ac] [Tc]
zxkz: bets $6
HAOYUN88888: calls $6
*** SHOW DOWN ***
zxkz: shows [7c Th] (a flush, Ace high)
HAOYUN88888: mucks hand
zxkz collected $47.50 from pot
*** SUMMARY ***
Total pot $48 | Rake $0.50
Board [5c 8c Qs Ac Tc]
Seat 2: HAOYUN88888 (button) (small blind) mucked
Seat 3: zxkz (big blind) showed [7c Th] and won ($47.50) with a flush, Ace high


PokerStars Hand #169367055688:  Hold'em Limit ($3/$6 USD) - 2017/04/21 16:26:03 ET
Table 'Disa' 6-max Seat #3 is the button
Seat 2: HAOYUN88888 ($222.33 in chips)
Seat 3: zxkz ($163.14 in chips)
zxkz: posts small blind $1
HAOYUN88888: posts big blind $3
*** HOLE CARDS ***
zxkz: raises $3 to $6
HAOYUN88888: raises $3 to $9
zxkz: calls $3
*** FLOP *** [Qd Kh Ad]
HAOYUN88888: bets $3
zxkz: calls $3
*** TURN *** [Qd Kh Ad] [Jc]
HAOYUN88888: bets $6
zxkz: calls $6
*** RIVER *** [Qd Kh Ad Jc] [Ah]
HAOYUN88888: checks
zxkz: checks
*** SHOW DOWN ***
HAOYUN88888: shows [Kd Qc] (two pair, Aces and Kings)
zxkz: shows [9s Kc] (two pair, Aces and Kings)
HAOYUN88888 collected $17.75 from pot
zxkz collected $17.75 from pot
*** SUMMARY ***
Total pot $36 | Rake $0.50
Board [Qd Kh Ad Jc Ah]
Seat 2: HAOYUN88888 (big blind) showed [Kd Qc] and won ($17.75) with two pair, Aces and Kings
Seat 3: zxkz (button) (small blind) showed [9s Kc] and won ($17.75) with two pair, Aces and Kings


PokerStars Hand #169367071600:  Hold'em Limit ($3/$6 USD) - 2017/04/21 16:26:21 ET
Table 'Disa' 6-max Seat #2 is the button
Seat 2: HAOYUN88888 ($222.08 in chips)
Seat 3: zxkz ($162.89 in chips)
hooverr joins the table at seat #1
HAOYUN88888: posts small blind $1
zxkz: posts big blind $3
*** HOLE CARDS ***
HAOYUN88888: folds
Uncalled bet ($2) returned to zxkz
zxkz collected $2 from pot
zxkz: doesn't show hand
*** SUMMARY ***
Total pot $2 | Rake $0
Seat 2: HAOYUN88888 (button) (small blind) folded before Flop
Seat 3: zxkz (big blind) collected ($2)


PokerStars Hand #169367518874:  Hold'em Limit ($3/$6 USD) - 2017/04/21 16:35:04 ET
Table 'Disa' 6-max Seat #3 is the button
Seat 3: zxkz ($149.26 in chips)
Seat 6: l'anglais74 ($87.26 in chips)
zxkz: posts small blind $1
Widegermany: is sitting out
l'anglais74: posts big blind $3
*** HOLE CARDS ***
zxkz: raises $3 to $6
l'anglais74: calls $3
*** FLOP *** [9s 9h 5c]
l'anglais74: checks
zxkz: bets $3
l'anglais74: folds
Uncalled bet ($3) returned to zxkz
zxkz collected $11.76 from pot
zxkz: doesn't show hand
*** SUMMARY ***
Total pot $12 | Rake $0.24
Board [9s 9h 5c]
Seat 3: zxkz (button) (small blind) collected ($11.76)
Seat 6: l'anglais74 (big blind) folded on the Flop


PokerStars Hand #169367962862:  Hold'em Limit ($3/$6 USD) - 2017/04/21 16:43:37 ET
Table 'Disa' 6-max Seat #1 is the button
Seat 1: Chessnok ($203.25 in chips)
Seat 5: grilldress ($79.34 in chips)
Chessnok: posts small blind $1
zxkz: is sitting out
grilldress: posts big blind $3
*** HOLE CARDS ***
Chessnok: raises $3 to $6
grilldress: calls $3
*** FLOP *** [Js 5c 5h]
zxkz leaves the table
grilldress: checks
Chessnok: bets $3
grilldress: folds
Uncalled bet ($3) returned to Chessnok
Chessnok collected $11.76 from pot
Chessnok: doesn't show hand
*** SUMMARY ***
Total pot $12 | Rake $0.24
Board [Js 5c 5h]
Seat 1: Chessnok (button) (small blind) collected ($11.76)
Seat 5: grilldress (big blind) folded on the Flop


