PokerStars Hand #166444714193:  Hold'em Limit ($3/$6 USD) - 2017/02/19 8:33:18 ET
Table 'Disa' 6-max Seat #1 is the button
Seat 1: Zeeon ($90.39 in chips)
Seat 4: AzureCaper ($72 in chips)
Zeeon: posts small blind $1
AzureCaper: posts big blind $3
*** HOLE CARDS ***
Zeeon: raises $3 to $6
AzureCaper: folds
Uncalled bet ($3) returned to Zeeon
Zeeon collected $6 from pot
*** SUMMARY ***
Total pot $6 | Rake $0
Seat 1: Zeeon (button) (small blind) collected ($6)
Seat 4: AzureCaper (big blind) folded before Flop


PokerStars Hand #166444722798:  Hold'em Limit ($3/$6 USD) - 2017/02/19 8:33:30 ET
Table 'Disa' 6-max Seat #4 is the button
Seat 1: Zeeon ($93.39 in chips)
Seat 4: AzureCaper ($72 in chips)
AzureCaper: posts small blind $1
Zeeon: posts big blind $3
*** HOLE CARDS ***
AzureCaper: raises $3 to $6
Zeeon: calls $3
*** FLOP *** [5h 9s Ts]
Zeeon: checks
chebob joins the table at seat #3
AzureCaper: bets $3
Zeeon: folds
Uncalled bet ($3) returned to AzureCaper
AzureCaper collected $11.76 from pot
AzureCaper: doesn't show hand
*** SUMMARY ***
Total pot $12 | Rake $0.24
Board [5h 9s Ts]
Seat 1: Zeeon (big blind) folded on the Flop
Seat 4: AzureCaper (button) (small blind) collected ($11.76)


PokerStars Hand #166445427151:  Hold'em Limit ($3/$6 USD) - 2017/02/19 8:50:43 ET
Table 'Disa' 6-max Seat #4 is the button
Seat 1: Zeeon ($86.42 in chips)
Seat 4: Fabulous108 ($92 in chips)
Fabulous108: posts small blind $1
skanQ: is sitting out
Zeeon: posts big blind $3
*** HOLE CARDS ***
Fabulous108: folds
Uncalled bet ($2) returned to Zeeon
Zeeon collected $2 from pot
Zeeon: doesn't show hand
*** SUMMARY ***
Total pot $2 | Rake $0
Seat 1: Zeeon (big blind) collected ($2)
Seat 4: Fabulous108 (button) (small blind) folded before Flop


PokerStars Hand #166445453915:  Hold'em Limit ($3/$6 USD) - 2017/02/19 8:51:22 ET
Table 'Disa' 6-max Seat #1 is the button
Seat 1: Zeeon ($82.42 in chips)
Seat 4: Fabulous108 ($95.76 in chips)
Zeeon: posts small blind $1
Fabulous108: posts big blind $3
*** HOLE CARDS ***
Zeeon: raises $3 to $6
Fabulous108: calls $3
*** FLOP *** [Tc 7c Kh]
Fabulous108: checks
Zeeon: bets $3
Fabulous108: raises $3 to $6
Zeeon: calls $3
*** TURN *** [Tc 7c Kh] [Jh]
Fabulous108: bets $6
Zeeon: calls $6
*** RIVER *** [Tc 7c Kh Jh] [9d]
Fabulous108: bets $6
fluit83 joins the table at seat #2
Zeeon: calls $6
*** SHOW DOWN ***
Fabulous108: shows [3h 7h] (a pair of Sevens)
Zeeon: shows [As Kd] (a pair of Kings)
Zeeon collected $47.50 from pot
*** SUMMARY ***
Total pot $48 | Rake $0.50
Board [Tc 7c Kh Jh 9d]
Seat 1: Zeeon (button) (small blind) showed [As Kd] and won ($47.50) with a pair of Kings
Seat 4: Fabulous108 (big blind) showed [3h 7h] and lost with a pair of Sevens


PokerStars Hand #166445450157:  Hold'em Limit ($3/$6 USD) - 2017/02/19 8:51:17 ET
Table 'Disa' 6-max Seat #4 is the button
Seat 1: Zeeon ($81.42 in chips)
Seat 4: Fabulous108 ($96.76 in chips)
Fabulous108: posts small blind $1
Zeeon: posts big blind $3
*** HOLE CARDS ***
Fabulous108: folds
Uncalled bet ($2) returned to Zeeon
Zeeon collected $2 from pot
Zeeon: doesn't show hand
*** SUMMARY ***
Total pot $2 | Rake $0
Seat 1: Zeeon (big blind) collected ($2)
Seat 4: Fabulous108 (button) (small blind) folded before Flop


PokerStars Hand #166445431725:  Hold'em Limit ($3/$6 USD) - 2017/02/19 8:50:50 ET
Table 'Disa' 6-max Seat #1 is the button
Seat 1: Zeeon ($87.42 in chips)
Seat 4: Fabulous108 ($91 in chips)
Zeeon: posts small blind $1
Fabulous108: posts big blind $3
*** HOLE CARDS ***
Zeeon: raises $3 to $6
Fabulous108: calls $3
*** FLOP *** [Jd 9d 7d]
Fabulous108: checks
Zeeon: checks
*** TURN *** [Jd 9d 7d] [5c]
Fabulous108: checks
Zeeon: checks
*** RIVER *** [Jd 9d 7d 5c] [9h]
Fabulous108: bets $6
Zeeon: folds
Uncalled bet ($6) returned to Fabulous108
Fabulous108 collected $11.76 from pot
Fabulous108: doesn't show hand
*** SUMMARY ***
Total pot $12 | Rake $0.24
Board [Jd 9d 7d 5c 9h]
Seat 1: Zeeon (button) (small blind) folded on the River
Seat 4: Fabulous108 (big blind) collected ($11.76)


PokerStars Hand #166445484333:  Hold'em Limit ($3/$6 USD) - 2017/02/19 8:52:06 ET
Table 'Disa' 6-max Seat #4 is the button
Seat 1: Zeeon ($105.92 in chips)
Seat 4: Fabulous108 ($71.76 in chips)
Fabulous108: posts small blind $1
Zeeon: posts big blind $3
*** HOLE CARDS ***
Fabulous108: folds
Uncalled bet ($2) returned to Zeeon
Zeeon collected $2 from pot
Zeeon: doesn't show hand
*** SUMMARY ***
Total pot $2 | Rake $0
Seat 1: Zeeon (big blind) collected ($2)
Seat 4: Fabulous108 (button) (small blind) folded before Flop


PokerStars Hand #166445839627:  Hold'em Limit ($3/$6 USD) - 2017/02/19 9:01:22 ET
Table 'Disa' 6-max Seat #2 is the button
Seat 2: fluit83 ($81.19 in chips)
Seat 4: Fabulous108 ($111.96 in chips)
fluit83: posts small blind $1
Fabulous108: posts big blind $3
*** HOLE CARDS ***
fluit83: calls $2
Fabulous108: raises $3 to $6
fluit83: folds
Uncalled bet ($3) returned to Fabulous108
Fabulous108 collected $6 from pot
Fabulous108: doesn't show hand
*** SUMMARY ***
Total pot $6 | Rake $0
Seat 2: fluit83 (button) (small blind) folded before Flop
Seat 4: Fabulous108 (big blind) collected ($6)


PokerStars Hand #166445852090:  Hold'em Limit ($3/$6 USD) - 2017/02/19 9:01:40 ET
Table 'Disa' 6-max Seat #4 is the button
Seat 2: fluit83 ($78.19 in chips)
Seat 4: Fabulous108 ($114.96 in chips)
Fabulous108: posts small blind $1
fluit83: posts big blind $3
*** HOLE CARDS ***
Fabulous108: raises $3 to $6
fluit83: folds
Uncalled bet ($3) returned to Fabulous108
Fabulous108 collected $6 from pot
Fabulous108: doesn't show hand
*** SUMMARY ***
Total pot $6 | Rake $0
Seat 2: fluit83 (big blind) folded before Flop
Seat 4: Fabulous108 (button) (small blind) collected ($6)


PokerStars Hand #166445861459:  Hold'em Limit ($3/$6 USD) - 2017/02/19 9:01:54 ET
Table 'Disa' 6-max Seat #2 is the button
Seat 2: fluit83 ($75.19 in chips)
Seat 4: Fabulous108 ($117.96 in chips)
fluit83: posts small blind $1
Fabulous108: posts big blind $3
*** HOLE CARDS ***
fluit83: raises $3 to $6
Fabulous108: calls $3
*** FLOP *** [Tc 8h Jc]
Fabulous108: checks
fluit83: checks
*** TURN *** [Tc 8h Jc] [9h]
Fabulous108: bets $6
fluit83: folds
Uncalled bet ($6) returned to Fabulous108
Fabulous108 collected $11.76 from pot
Fabulous108: doesn't show hand
*** SUMMARY ***
Total pot $12 | Rake $0.24
Board [Tc 8h Jc 9h]
Seat 2: fluit83 (button) (small blind) folded on the Turn
Seat 4: Fabulous108 (big blind) collected ($11.76)


PokerStars Hand #166445879114:  Hold'em Limit ($3/$6 USD) - 2017/02/19 9:02:18 ET
Table 'Disa' 6-max Seat #4 is the button
Seat 2: fluit83 ($69.19 in chips)
Seat 4: Fabulous108 ($123.72 in chips)
Fabulous108: posts small blind $1
fluit83: posts big blind $3
*** HOLE CARDS ***
Fabulous108: folds
Uncalled bet ($2) returned to fluit83
fluit83 collected $2 from pot
fluit83: doesn't show hand
*** SUMMARY ***
Total pot $2 | Rake $0
Seat 2: fluit83 (big blind) collected ($2)
Seat 4: Fabulous108 (button) (small blind) folded before Flop


PokerStars Hand #166445882470:  Hold'em Limit ($3/$6 USD) - 2017/02/19 9:02:23 ET
Table 'Disa' 6-max Seat #2 is the button
Seat 2: fluit83 ($70.19 in chips)
Seat 4: Fabulous108 ($122.72 in chips)
fluit83: posts small blind $1
Fabulous108: posts big blind $3
*** HOLE CARDS ***
fluit83: folds
Uncalled bet ($2) returned to Fabulous108
Fabulous108 collected $2 from pot
Fabulous108: doesn't show hand
*** SUMMARY ***
Total pot $2 | Rake $0
Seat 2: fluit83 (button) (small blind) folded before Flop
Seat 4: Fabulous108 (big blind) collected ($2)


PokerStars Hand #166445888935:  Hold'em Limit ($3/$6 USD) - 2017/02/19 9:02:32 ET
Table 'Disa' 6-max Seat #4 is the button
Seat 2: fluit83 ($69.19 in chips)
Seat 4: Fabulous108 ($123.72 in chips)
Fabulous108: posts small blind $1
fluit83: posts big blind $3
*** HOLE CARDS ***
Fabulous108: raises $3 to $6
fluit83: calls $3
*** FLOP *** [2h 9h Qd]
fluit83: checks
Fabulous108: bets $3
fluit83: folds
Uncalled bet ($3) returned to Fabulous108
Fabulous108 collected $11.76 from pot
Fabulous108: doesn't show hand
*** SUMMARY ***
Total pot $12 | Rake $0.24
Board [2h 9h Qd]
Seat 2: fluit83 (big blind) folded on the Flop
Seat 4: Fabulous108 (button) (small blind) collected ($11.76)


PokerStars Hand #166445952732:  Hold'em Limit ($3/$6 USD) - 2017/02/19 9:03:59 ET
Table 'Disa' 6-max Seat #4 is the button
Seat 2: fluit83 ($80.69 in chips)
Seat 4: Fabulous108 ($111.48 in chips)
Fabulous108: posts small blind $1
fluit83: posts big blind $3
*** HOLE CARDS ***
Fabulous108: raises $3 to $6
fluit83: folds
Uncalled bet ($3) returned to Fabulous108
Fabulous108 collected $6 from pot
Fabulous108: doesn't show hand
*** SUMMARY ***
Total pot $6 | Rake $0
Seat 2: fluit83 (big blind) folded before Flop
Seat 4: Fabulous108 (button) (small blind) collected ($6)


PokerStars Hand #166445919008:  Hold'em Limit ($3/$6 USD) - 2017/02/19 9:03:13 ET
Table 'Disa' 6-max Seat #2 is the button
Seat 2: fluit83 ($63.19 in chips)
Seat 4: Fabulous108 ($129.48 in chips)
fluit83: posts small blind $1
Fabulous108: posts big blind $3
*** HOLE CARDS ***
fluit83: raises $3 to $6
Fabulous108: calls $3
*** FLOP *** [Qs 2d Tc]
Fabulous108: checks
fluit83: bets $3
Fabulous108: raises $3 to $6
fluit83: calls $3
*** TURN *** [Qs 2d Tc] [Th]
Fabulous108: bets $6
fluit83: raises $6 to $12
Fabulous108: folds
Uncalled bet ($6) returned to fluit83
fluit83 collected $35.50 from pot
fluit83: doesn't show hand
*** SUMMARY ***
Total pot $36 | Rake $0.50
Board [Qs 2d Tc Th]
Seat 2: fluit83 (button) (small blind) collected ($35.50)
Seat 4: Fabulous108 (big blind) folded on the Turn


PokerStars Hand #166445960684:  Hold'em Limit ($3/$6 USD) - 2017/02/19 9:04:09 ET
Table 'Disa' 6-max Seat #4 is the button
Seat 2: fluit83 ($76.69 in chips)
Seat 4: Fabulous108 ($115.48 in chips)
Fabulous108: posts small blind $1
fluit83: posts big blind $3
*** HOLE CARDS ***
Fabulous108: raises $3 to $6
fluit83: folds
Uncalled bet ($3) returned to Fabulous108
Fabulous108 collected $6 from pot
Fabulous108: doesn't show hand
*** SUMMARY ***
Total pot $6 | Rake $0
Seat 2: fluit83 (big blind) folded before Flop
Seat 4: Fabulous108 (button) (small blind) collected ($6)


PokerStars Hand #166445967629:  Hold'em Limit ($3/$6 USD) - 2017/02/19 9:04:19 ET
Table 'Disa' 6-max Seat #2 is the button
Seat 2: fluit83 ($73.69 in chips)
Seat 4: Fabulous108 ($118.48 in chips)
fluit83: posts small blind $1
Fabulous108: posts big blind $3
*** HOLE CARDS ***
fluit83: raises $3 to $6
Fabulous108: calls $3
*** FLOP *** [7h 9s 4c]
Fabulous108: checks
fluit83: checks
*** TURN *** [7h 9s 4c] [7d]
Fabulous108: bets $6
fluit83: calls $6
*** RIVER *** [7h 9s 4c 7d] [6s]
Fabulous108: bets $6
fluit83: calls $6
*** SHOW DOWN ***
Fabulous108: shows [6c 5c] (two pair, Sevens and Sixes)
fluit83: mucks hand
Fabulous108 collected $35.50 from pot
*** SUMMARY ***
Total pot $36 | Rake $0.50
Board [7h 9s 4c 7d 6s]
Seat 2: fluit83 (button) (small blind) mucked
Seat 4: Fabulous108 (big blind) showed [6c 5c] and won ($35.50) with two pair, Sevens and Sixes


PokerStars Hand #166445956820:  Hold'em Limit ($3/$6 USD) - 2017/02/19 9:04:04 ET
Table 'Disa' 6-max Seat #2 is the button
Seat 2: fluit83 ($77.69 in chips)
Seat 4: Fabulous108 ($114.48 in chips)
fluit83: posts small blind $1
Fabulous108: posts big blind $3
*** HOLE CARDS ***
fluit83: folds
Uncalled bet ($2) returned to Fabulous108
Fabulous108 collected $2 from pot
Fabulous108: doesn't show hand
*** SUMMARY ***
Total pot $2 | Rake $0
Seat 2: fluit83 (button) (small blind) folded before Flop
Seat 4: Fabulous108 (big blind) collected ($2)


PokerStars Hand #166457838009:  Hold'em Limit ($3/$6 USD) - 2017/02/19 12:57:27 ET
Table 'Disa' 6-max Seat #3 is the button
Seat 1: laubes04 ($88.98 in chips)
Seat 3: Fabulous108 ($130.69 in chips)
Fabulous108: posts small blind $1
laubes04: posts big blind $3
*** HOLE CARDS ***
Fabulous108: folds
Uncalled bet ($2) returned to laubes04
laubes04 collected $2 from pot
laubes04: doesn't show hand
*** SUMMARY ***
Total pot $2 | Rake $0
Seat 1: laubes04 (big blind) collected ($2)
Seat 3: Fabulous108 (button) (small blind) folded before Flop


PokerStars Hand #166457819943:  Hold'em Limit ($3/$6 USD) - 2017/02/19 12:57:03 ET
Table 'Disa' 6-max Seat #1 is the button
Seat 1: laubes04 ($80.34 in chips)
Seat 3: Fabulous108 ($139.69 in chips)
laubes04: posts small blind $1
Fabulous108: posts big blind $3
*** HOLE CARDS ***
laubes04: raises $3 to $6
Fabulous108: calls $3
*** FLOP *** [Kh 9d 9c]
Fabulous108: checks
laubes04: bets $3
Fabulous108: calls $3
*** TURN *** [Kh 9d 9c] [3d]
Fabulous108: checks
laubes04: bets $6
Fabulous108: folds
Uncalled bet ($6) returned to laubes04
laubes04 collected $17.64 from pot
laubes04: doesn't show hand
*** SUMMARY ***
Total pot $18 | Rake $0.36
Board [Kh 9d 9c 3d]
Seat 1: laubes04 (button) (small blind) collected ($17.64)
Seat 3: Fabulous108 (big blind) folded on the Turn


PokerStars Hand #166457875682:  Hold'em Limit ($3/$6 USD) - 2017/02/19 12:58:16 ET
Table 'Disa' 6-max Seat #1 is the button
Seat 1: laubes04 ($116.24 in chips)
Seat 3: Fabulous108 ($102.69 in chips)
laubes04: posts small blind $1
Fabulous108: posts big blind $3
*** HOLE CARDS ***
laubes04: raises $3 to $6
Fabulous108: folds
Uncalled bet ($3) returned to laubes04
laubes04 collected $6 from pot
laubes04: doesn't show hand
*** SUMMARY ***
Total pot $6 | Rake $0
Seat 1: laubes04 (button) (small blind) collected ($6)
Seat 3: Fabulous108 (big blind) folded before Flop


PokerStars Hand #166457853000:  Hold'em Limit ($3/$6 USD) - 2017/02/19 12:57:47 ET
Table 'Disa' 6-max Seat #3 is the button
Seat 1: laubes04 ($95.74 in chips)
Seat 3: Fabulous108 ($123.69 in chips)
Fabulous108: posts small blind $1
laubes04: posts big blind $3
*** HOLE CARDS ***
Fabulous108: raises $3 to $6
laubes04: calls $3
*** FLOP *** [6c 4d 5d]
laubes04: checks
Fabulous108: bets $3
laubes04: calls $3
*** TURN *** [6c 4d 5d] [7d]
laubes04: bets $6
Fabulous108: calls $6
*** RIVER *** [6c 4d 5d 7d] [As]
laubes04: bets $6
Fabulous108: calls $6
*** SHOW DOWN ***
laubes04: shows [Ac 3h] (a straight, Three to Seven)
Fabulous108: mucks hand
laubes04 collected $41.50 from pot
*** SUMMARY ***
Total pot $42 | Rake $0.50
Board [6c 4d 5d 7d As]
Seat 1: laubes04 (big blind) showed [Ac 3h] and won ($41.50) with a straight, Three to Seven
Seat 3: Fabulous108 (button) (small blind) mucked


PokerStars Hand #166457881371:  Hold'em Limit ($3/$6 USD) - 2017/02/19 12:58:24 ET
Table 'Disa' 6-max Seat #3 is the button
Seat 1: laubes04 ($119.24 in chips)
Seat 3: Fabulous108 ($99.69 in chips)
Fabulous108: posts small blind $1
laubes04: posts big blind $3
*** HOLE CARDS ***
Fabulous108: raises $3 to $6
laubes04: calls $3
*** FLOP *** [Qh 8h 2d]
laubes04: checks
Fabulous108: bets $3
laubes04: folds
Uncalled bet ($3) returned to Fabulous108
Fabulous108 collected $11.76 from pot
Fabulous108: doesn't show hand
*** SUMMARY ***
Total pot $12 | Rake $0.24
Board [Qh 8h 2d]
Seat 1: laubes04 (big blind) folded on the Flop
Seat 3: Fabulous108 (button) (small blind) collected ($11.76)


PokerStars Hand #166457843612:  Hold'em Limit ($3/$6 USD) - 2017/02/19 12:57:34 ET
Table 'Disa' 6-max Seat #1 is the button
Seat 1: laubes04 ($89.98 in chips)
Seat 3: Fabulous108 ($129.69 in chips)
laubes04: posts small blind $1
Fabulous108: posts big blind $3
*** HOLE CARDS ***
laubes04: raises $3 to $6
Fabulous108: calls $3
*** FLOP *** [Kh Td 8s]
Fabulous108: checks
laubes04: bets $3
Fabulous108: folds
Uncalled bet ($3) returned to laubes04
laubes04 collected $11.76 from pot
laubes04: doesn't show hand
*** SUMMARY ***
Total pot $12 | Rake $0.24
Board [Kh Td 8s]
Seat 1: laubes04 (button) (small blind) collected ($11.76)
Seat 3: Fabulous108 (big blind) folded on the Flop


PokerStars Hand #166458022283:  Hold'em Limit ($3/$6 USD) - 2017/02/19 13:01:22 ET
Table 'Disa' 6-max Seat #3 is the button
Seat 1: laubes04 ($138.74 in chips)
Seat 3: Fabulous108 ($137.95 in chips)
Fabulous108: posts small blind $1
laubes04: posts big blind $3
*** HOLE CARDS ***
Fabulous108: raises $3 to $6
laubes04: calls $3
*** FLOP *** [Jd Qh 8h]
laubes04: checks
Fabulous108: bets $3
laubes04: calls $3
*** TURN *** [Jd Qh 8h] [Js]
laubes04: checks
Fabulous108: checks
*** RIVER *** [Jd Qh 8h Js] [2h]
laubes04: checks
Fabulous108: checks
*** SHOW DOWN ***
laubes04: shows [Kh 5d] (a pair of Jacks)
Fabulous108: shows [As 3c] (a pair of Jacks - Ace kicker)
Fabulous108 collected $17.64 from pot
*** SUMMARY ***
Total pot $18 | Rake $0.36
Board [Jd Qh 8h Js 2h]
Seat 1: laubes04 (big blind) showed [Kh 5d] and lost with a pair of Jacks
Seat 3: Fabulous108 (button) (small blind) showed [As 3c] and won ($17.64) with a pair of Jacks


PokerStars Hand #166458016766:  Hold'em Limit ($3/$6 USD) - 2017/02/19 13:01:15 ET
Table 'Disa' 6-max Seat #1 is the button
Seat 1: laubes04 ($139.74 in chips)
Seat 3: Fabulous108 ($136.95 in chips)
laubes04: posts small blind $1
Fabulous108: posts big blind $3
*** HOLE CARDS ***
laubes04: folds
Uncalled bet ($2) returned to Fabulous108
Fabulous108 collected $2 from pot
Fabulous108: doesn't show hand
*** SUMMARY ***
Total pot $2 | Rake $0
Seat 1: laubes04 (button) (small blind) folded before Flop
Seat 3: Fabulous108 (big blind) collected ($2)


PokerStars Hand #166458010344:  Hold'em Limit ($3/$6 USD) - 2017/02/19 13:01:08 ET
Table 'Disa' 6-max Seat #3 is the button
Seat 1: laubes04 ($138.74 in chips)
Seat 3: Fabulous108 ($137.95 in chips)
Fabulous108: posts small blind $1
laubes04: posts big blind $3
*** HOLE CARDS ***
Fabulous108: folds
Uncalled bet ($2) returned to laubes04
laubes04 collected $2 from pot
laubes04: doesn't show hand
*** SUMMARY ***
Total pot $2 | Rake $0
Seat 1: laubes04 (big blind) collected ($2)
Seat 3: Fabulous108 (button) (small blind) folded before Flop


PokerStars Hand #166457976442:  Hold'em Limit ($3/$6 USD) - 2017/02/19 13:00:27 ET
Table 'Disa' 6-max Seat #1 is the button
Seat 1: laubes04 ($174.74 in chips)
Seat 3: Fabulous108 ($102.45 in chips)
laubes04: posts small blind $1
Fabulous108: posts big blind $3
*** HOLE CARDS ***
laubes04: raises $3 to $6
Fabulous108: raises $3 to $9
laubes04: calls $3
*** FLOP *** [Kc 8d Qc]
Fabulous108: bets $3
laubes04: calls $3
*** TURN *** [Kc 8d Qc] [5s]
Fabulous108: bets $6
laubes04: raises $6 to $12
Fabulous108: calls $6
*** RIVER *** [Kc 8d Qc 5s] [Td]
Fabulous108: checks
laubes04: bets $6
Fabulous108: raises $6 to $12
laubes04: calls $6
julenchu leaves the table
*** SHOW DOWN ***
Fabulous108: shows [Tc Ts] (three of a kind, Tens)
laubes04: mucks hand
Fabulous108 collected $71.50 from pot
*** SUMMARY ***
Total pot $72 | Rake $0.50
Board [Kc 8d Qc 5s Td]
Seat 1: laubes04 (button) (small blind) mucked
Seat 3: Fabulous108 (big blind) showed [Tc Ts] and won ($71.50) with three of a kind, Tens


PokerStars Hand #166458097468:  Hold'em Limit ($3/$6 USD) - 2017/02/19 13:02:43 ET
Table 'Disa' 6-max Seat #3 is the button
Seat 1: laubes04 ($170.74 in chips)
Seat 3: Fabulous108 ($104.59 in chips)
Fabulous108: posts small blind $1
laubes04: posts big blind $3
*** HOLE CARDS ***
Fabulous108: folds
Uncalled bet ($2) returned to laubes04
laubes04 collected $2 from pot
laubes04: doesn't show hand
*** SUMMARY ***
Total pot $2 | Rake $0
Seat 1: laubes04 (big blind) collected ($2)
Seat 3: Fabulous108 (button) (small blind) folded before Flop


PokerStars Hand #166458089705:  Hold'em Limit ($3/$6 USD) - 2017/02/19 13:02:34 ET
Table 'Disa' 6-max Seat #1 is the button
Seat 1: laubes04 ($167.74 in chips)
Seat 3: Fabulous108 ($107.59 in chips)
laubes04: posts small blind $1
Fabulous108: posts big blind $3
*** HOLE CARDS ***
laubes04: raises $3 to $6
Fabulous108: folds
Uncalled bet ($3) returned to laubes04
laubes04 collected $6 from pot
laubes04: doesn't show hand
*** SUMMARY ***
Total pot $6 | Rake $0
Seat 1: laubes04 (button) (small blind) collected ($6)
Seat 3: Fabulous108 (big blind) folded before Flop


PokerStars Hand #166458066360:  Hold'em Limit ($3/$6 USD) - 2017/02/19 13:02:10 ET
Table 'Disa' 6-max Seat #3 is the button
Seat 1: laubes04 ($153.24 in chips)
Seat 3: Fabulous108 ($122.59 in chips)
Fabulous108: posts small blind $1
laubes04: posts big blind $3
*** HOLE CARDS ***
Fabulous108: raises $3 to $6
laubes04: calls $3
*** FLOP *** [3h Tc 7s]
laubes04: checks
Fabulous108: bets $3
laubes04: calls $3
*** TURN *** [3h Tc 7s] [3d]
laubes04: checks
Fabulous108: checks
*** RIVER *** [3h Tc 7s 3d] [3c]
laubes04: checks
Fabulous108: bets $6
laubes04: calls $6
*** SHOW DOWN ***
Fabulous108: shows [9h Jd] (three of a kind, Threes)
laubes04: shows [Qs 6c] (three of a kind, Threes - Queen kicker)
laubes04 collected $29.50 from pot
*** SUMMARY ***
Total pot $30 | Rake $0.50
Board [3h Tc 7s 3d 3c]
Seat 1: laubes04 (big blind) showed [Qs 6c] and won ($29.50) with three of a kind, Threes
Seat 3: Fabulous108 (button) (small blind) showed [9h Jd] and lost with three of a kind, Threes


PokerStars Hand #166458047201:  Hold'em Limit ($3/$6 USD) - 2017/02/19 13:01:50 ET
Table 'Disa' 6-max Seat #1 is the button
Seat 1: laubes04 ($129.74 in chips)
Seat 3: Fabulous108 ($146.59 in chips)
laubes04: posts small blind $1
Fabulous108: posts big blind $3
*** HOLE CARDS ***
laubes04: raises $3 to $6
Fabulous108: calls $3
*** FLOP *** [8c Ts 3h]
Fabulous108: checks
laubes04: bets $3
Fabulous108: raises $3 to $6
laubes04: calls $3
*** TURN *** [8c Ts 3h] [2c]
Fabulous108: bets $6
laubes04: calls $6
*** RIVER *** [8c Ts 3h 2c] [2d]
Fabulous108: bets $6
laubes04: calls $6
*** SHOW DOWN ***
Fabulous108: shows [9c Ac] (a pair of Deuces)
laubes04: shows [Kc 8s] (two pair, Eights and Deuces)
laubes04 collected $47.50 from pot
*** SUMMARY ***
Total pot $48 | Rake $0.50
Board [8c Ts 3h 2c 2d]
Seat 1: laubes04 (button) (small blind) showed [Kc 8s] and won ($47.50) with two pair, Eights and Deuces
Seat 3: Fabulous108 (big blind) showed [9c Ac] and lost with a pair of Deuces


PokerStars Hand #166458126308:  Hold'em Limit ($3/$6 USD) - 2017/02/19 13:03:10 ET
Table 'Disa' 6-max Seat #3 is the button
Seat 1: laubes04 ($147.74 in chips)
Seat 3: Fabulous108 ($127.09 in chips)
Fabulous108: posts small blind $1
laubes04: posts big blind $3
*** HOLE CARDS ***
Fabulous108: raises $3 to $6
laubes04: calls $3
*** FLOP *** [5d 3d 2d]
laubes04: checks
Fabulous108: bets $3
laubes04: raises $3 to $6
Fabulous108: raises $3 to $9
laubes04: calls $3
*** TURN *** [5d 3d 2d] [8s]
laubes04: checks
Fabulous108: bets $6
laubes04: calls $6
*** RIVER *** [5d 3d 2d 8s] [7h]
laubes04: checks
Fabulous108: bets $6
laubes04: calls $6
*** SHOW DOWN ***
Fabulous108: shows [6d 5h] (a pair of Fives)
laubes04: mucks hand
Fabulous108 collected $53.50 from pot
*** SUMMARY ***
Total pot $54 | Rake $0.50
Board [5d 3d 2d 8s 7h]
Seat 1: laubes04 (big blind) mucked
Seat 3: Fabulous108 (button) (small blind) showed [6d 5h] and won ($53.50) with a pair of Fives


PokerStars Hand #166458103231:  Hold'em Limit ($3/$6 USD) - 2017/02/19 13:02:47 ET
Table 'Disa' 6-max Seat #1 is the button
Seat 1: laubes04 ($171.74 in chips)
Seat 3: Fabulous108 ($103.59 in chips)
laubes04: posts small blind $1
Fabulous108: posts big blind $3
*** HOLE CARDS ***
laubes04: raises $3 to $6
Fabulous108: calls $3
*** FLOP *** [3h 7c Ks]
Fabulous108: checks
laubes04: bets $3
Fabulous108: raises $3 to $6
laubes04: calls $3
*** TURN *** [3h 7c Ks] [4c]
Fabulous108: bets $6
laubes04: calls $6
*** RIVER *** [3h 7c Ks 4c] [9d]
Fabulous108: bets $6
laubes04: calls $6
*** SHOW DOWN ***
Fabulous108: shows [Jc 7h] (a pair of Sevens)
laubes04: mucks hand
Fabulous108 collected $47.50 from pot
*** SUMMARY ***
Total pot $48 | Rake $0.50
Board [3h 7c Ks 4c 9d]
Seat 1: laubes04 (button) (small blind) mucked
Seat 3: Fabulous108 (big blind) showed [Jc 7h] and won ($47.50) with a pair of Sevens


PokerStars Hand #166458195715:  Hold'em Limit ($3/$6 USD) - 2017/02/19 13:04:21 ET
Table 'Disa' 6-max Seat #3 is the button
Seat 1: laubes04 ($92.74 in chips)
Seat 3: Fabulous108 ($180.73 in chips)
Fabulous108: posts small blind $1
laubes04: posts big blind $3
*** HOLE CARDS ***
Fabulous108: raises $3 to $6
laubes04: calls $3
*** FLOP *** [4d 8d 5d]
laubes04: checks
Fabulous108: bets $3
laubes04: calls $3
*** TURN *** [4d 8d 5d] [4c]
laubes04: checks
Fabulous108: checks
*** RIVER *** [4d 8d 5d 4c] [Jd]
laubes04: bets $6
Fabulous108: folds
Uncalled bet ($6) returned to laubes04
laubes04 collected $17.64 from pot
laubes04: doesn't show hand
*** SUMMARY ***
Total pot $18 | Rake $0.36
Board [4d 8d 5d 4c Jd]
Seat 1: laubes04 (big blind) collected ($17.64)
Seat 3: Fabulous108 (button) (small blind) folded on the River


PokerStars Hand #166458188480:  Hold'em Limit ($3/$6 USD) - 2017/02/19 13:04:14 ET
Table 'Disa' 6-max Seat #1 is the button
Seat 1: laubes04 ($93.74 in chips)
Seat 3: Fabulous108 ($179.73 in chips)
laubes04: posts small blind $1
Fabulous108: posts big blind $3
*** HOLE CARDS ***
laubes04: folds
Uncalled bet ($2) returned to Fabulous108
Fabulous108 collected $2 from pot
Fabulous108: doesn't show hand
*** SUMMARY ***
Total pot $2 | Rake $0
Seat 1: laubes04 (button) (small blind) folded before Flop
Seat 3: Fabulous108 (big blind) collected ($2)


PokerStars Hand #166458167298:  Hold'em Limit ($3/$6 USD) - 2017/02/19 13:03:52 ET
Table 'Disa' 6-max Seat #3 is the button
Seat 1: laubes04 ($102.74 in chips)
Seat 3: Fabulous108 ($171.09 in chips)
Fabulous108: posts small blind $1
laubes04: posts big blind $3
*** HOLE CARDS ***
Fabulous108: raises $3 to $6
laubes04: calls $3
*** FLOP *** [3d 5c Th]
laubes04: checks
Fabulous108: bets $3
laubes04: calls $3
*** TURN *** [3d 5c Th] [Kh]
laubes04: checks
Fabulous108: checks
*** RIVER *** [3d 5c Th Kh] [Jh]
laubes04: checks
Fabulous108: checks
*** SHOW DOWN ***
laubes04: shows [8h 6s] (high card King)
Fabulous108: shows [3s As] (a pair of Threes)
Fabulous108 collected $17.64 from pot
*** SUMMARY ***
Total pot $18 | Rake $0.36
Board [3d 5c Th Kh Jh]
Seat 1: laubes04 (big blind) showed [8h 6s] and lost with high card King
Seat 3: Fabulous108 (button) (small blind) showed [3s As] and won ($17.64) with a pair of Threes


PokerStars Hand #166458146762:  Hold'em Limit ($3/$6 USD) - 2017/02/19 13:03:32 ET
Table 'Disa' 6-max Seat #1 is the button
Seat 1: laubes04 ($120.74 in chips)
Seat 3: Fabulous108 ($153.59 in chips)
laubes04: posts small blind $1
Fabulous108: posts big blind $3
*** HOLE CARDS ***
laubes04: raises $3 to $6
Fabulous108: raises $3 to $9
laubes04: calls $3
*** FLOP *** [7h Js 5c]
Fabulous108: bets $3
laubes04: calls $3
*** TURN *** [7h Js 5c] [2d]
Fabulous108: bets $6
laubes04: calls $6
*** RIVER *** [7h Js 5c 2d] [Qd]
Fabulous108: bets $6
laubes04: folds
Uncalled bet ($6) returned to Fabulous108
Fabulous108 collected $35.50 from pot
Fabulous108: doesn't show hand
*** SUMMARY ***
Total pot $36 | Rake $0.50
Board [7h Js 5c 2d Qd]
Seat 1: laubes04 (button) (small blind) folded on the River
Seat 3: Fabulous108 (big blind) collected ($35.50)


PokerStars Hand #166458260840:  Hold'em Limit ($3/$6 USD) - 2017/02/19 13:05:25 ET
Table 'Disa' 6-max Seat #3 is the button
Seat 1: laubes04 ($89.14 in chips)
Seat 3: Fabulous108 ($183.23 in chips)
Fabulous108: posts small blind $1
laubes04: posts big blind $3
*** HOLE CARDS ***
Fabulous108: raises $3 to $6
laubes04: calls $3
*** FLOP *** [As 8h 3s]
laubes04: checks
Fabulous108: bets $3
laubes04: calls $3
*** TURN *** [As 8h 3s] [4d]
laubes04: checks
Fabulous108: checks
*** RIVER *** [As 8h 3s 4d] [5h]
laubes04: bets $6
Fabulous108: folds
Uncalled bet ($6) returned to laubes04
laubes04 collected $17.64 from pot
laubes04: doesn't show hand
*** SUMMARY ***
Total pot $18 | Rake $0.36
Board [As 8h 3s 4d 5h]
Seat 1: laubes04 (big blind) collected ($17.64)
Seat 3: Fabulous108 (button) (small blind) folded on the River


PokerStars Hand #166458235178:  Hold'em Limit ($3/$6 USD) - 2017/02/19 13:05:01 ET
Table 'Disa' 6-max Seat #1 is the button
Seat 1: laubes04 ($104.14 in chips)
Seat 3: Fabulous108 ($168.73 in chips)
laubes04: posts small blind $1
Fabulous108: posts big blind $3
*** HOLE CARDS ***
laubes04: raises $3 to $6
Fabulous108: calls $3
*** FLOP *** [Jd 3c 7h]
Fabulous108: checks
laubes04: bets $3
Fabulous108: calls $3
*** TURN *** [Jd 3c 7h] [7s]
Fabulous108: checks
laubes04: bets $6
Fabulous108: calls $6
*** RIVER *** [Jd 3c 7h 7s] [2d]
Fabulous108: checks
laubes04: checks
*** SHOW DOWN ***
Fabulous108: shows [8c Qs] (a pair of Sevens)
laubes04: mucks hand
Fabulous108 collected $29.50 from pot
*** SUMMARY ***
Total pot $30 | Rake $0.50
Board [Jd 3c 7h 7s 2d]
Seat 1: laubes04 (button) (small blind) mucked
Seat 3: Fabulous108 (big blind) showed [8c Qs] and won ($29.50) with a pair of Sevens


PokerStars Hand #166458227451:  Hold'em Limit ($3/$6 USD) - 2017/02/19 13:04:53 ET
Table 'Disa' 6-max Seat #3 is the button
Seat 1: laubes04 ($107.14 in chips)
Seat 3: Fabulous108 ($165.73 in chips)
Fabulous108: posts small blind $1
laubes04: posts big blind $3
*** HOLE CARDS ***
Fabulous108: raises $3 to $6
laubes04: folds
Uncalled bet ($3) returned to Fabulous108
Fabulous108 collected $6 from pot
Fabulous108: doesn't show hand
*** SUMMARY ***
Total pot $6 | Rake $0
Seat 1: laubes04 (big blind) folded before Flop
Seat 3: Fabulous108 (button) (small blind) collected ($6)


PokerStars Hand #166458214201:  Hold'em Limit ($3/$6 USD) - 2017/02/19 13:04:40 ET
Table 'Disa' 6-max Seat #1 is the button
Seat 1: laubes04 ($101.38 in chips)
Seat 3: Fabulous108 ($171.73 in chips)
laubes04: posts small blind $1
Fabulous108: posts big blind $3
*** HOLE CARDS ***
laubes04: raises $3 to $6
Fabulous108: calls $3
*** FLOP *** [6d 6s Jd]
Fabulous108: checks
laubes04: bets $3
Fabulous108: folds
Uncalled bet ($3) returned to laubes04
laubes04 collected $11.76 from pot
laubes04: doesn't show hand
*** SUMMARY ***
Total pot $12 | Rake $0.24
Board [6d 6s Jd]
Seat 1: laubes04 (button) (small blind) collected ($11.76)
Seat 3: Fabulous108 (big blind) folded on the Flop


PokerStars Hand #166458334658:  Hold'em Limit ($3/$6 USD) - 2017/02/19 13:06:37 ET
Table 'Disa' 6-max Seat #3 is the button
Seat 1: laubes04 ($90.30 in chips)
Seat 3: Fabulous108 ($180.73 in chips)
Fabulous108: posts small blind $1
laubes04: posts big blind $3
*** HOLE CARDS ***
Fabulous108: raises $3 to $6
laubes04: folds
Uncalled bet ($3) returned to Fabulous108
Fabulous108 collected $6 from pot
Fabulous108: doesn't show hand
*** SUMMARY ***
Total pot $6 | Rake $0
Seat 1: laubes04 (big blind) folded before Flop
Seat 3: Fabulous108 (button) (small blind) collected ($6)


PokerStars Hand #166458315892:  Hold'em Limit ($3/$6 USD) - 2017/02/19 13:06:19 ET
Table 'Disa' 6-max Seat #1 is the button
Seat 1: laubes04 ($114.30 in chips)
Seat 3: Fabulous108 ($157.23 in chips)
laubes04: posts small blind $1
Fabulous108: posts big blind $3
*** HOLE CARDS ***
laubes04: raises $3 to $6
Fabulous108: raises $3 to $9
laubes04: calls $3
*** FLOP *** [2h 7d Qd]
Fabulous108: bets $3
laubes04: calls $3
*** TURN *** [2h 7d Qd] [9h]
Fabulous108: bets $6
laubes04: calls $6
*** RIVER *** [2h 7d Qd 9h] [Jc]
Fabulous108: bets $6
laubes04: calls $6
*** SHOW DOWN ***
Fabulous108: shows [Ac Qc] (a pair of Queens)
laubes04: mucks hand
Fabulous108 collected $47.50 from pot
*** SUMMARY ***
Total pot $48 | Rake $0.50
Board [2h 7d Qd 9h Jc]
Seat 1: laubes04 (button) (small blind) mucked
Seat 3: Fabulous108 (big blind) showed [Ac Qc] and won ($47.50) with a pair of Queens


PokerStars Hand #166458310942:  Hold'em Limit ($3/$6 USD) - 2017/02/19 13:06:14 ET
Table 'Disa' 6-max Seat #3 is the button
Seat 1: laubes04 ($113.30 in chips)
Seat 3: Fabulous108 ($158.23 in chips)
Fabulous108: posts small blind $1
laubes04: posts big blind $3
*** HOLE CARDS ***
Fabulous108: folds
Uncalled bet ($2) returned to laubes04
laubes04 collected $2 from pot
laubes04: doesn't show hand
*** SUMMARY ***
Total pot $2 | Rake $0
Seat 1: laubes04 (big blind) collected ($2)
Seat 3: Fabulous108 (button) (small blind) folded before Flop


PokerStars Hand #166458296366:  Hold'em Limit ($3/$6 USD) - 2017/02/19 13:06:00 ET
Table 'Disa' 6-max Seat #1 is the button
Seat 1: laubes04 ($101.78 in chips)
Seat 3: Fabulous108 ($170.23 in chips)
laubes04: posts small blind $1
Fabulous108: posts big blind $3
*** HOLE CARDS ***
laubes04: raises $3 to $6
Fabulous108: raises $3 to $9
laubes04: calls $3
*** FLOP *** [6c Ac 9c]
Fabulous108: bets $3
laubes04: raises $3 to $6
Fabulous108: folds
Uncalled bet ($3) returned to laubes04
laubes04 collected $23.52 from pot
laubes04: doesn't show hand
*** SUMMARY ***
Total pot $24 | Rake $0.48
Board [6c Ac 9c]
Seat 1: laubes04 (button) (small blind) collected ($23.52)
Seat 3: Fabulous108 (big blind) folded on the Flop


PokerStars Hand #166458291085:  Hold'em Limit ($3/$6 USD) - 2017/02/19 13:05:55 ET
Table 'Disa' 6-max Seat #3 is the button
Seat 1: laubes04 ($100.78 in chips)
Seat 3: Fabulous108 ($171.23 in chips)
Fabulous108: posts small blind $1
laubes04: posts big blind $3
*** HOLE CARDS ***
Fabulous108: folds
Uncalled bet ($2) returned to laubes04
laubes04 collected $2 from pot
laubes04: doesn't show hand
*** SUMMARY ***
Total pot $2 | Rake $0
Seat 1: laubes04 (big blind) collected ($2)
Seat 3: Fabulous108 (button) (small blind) folded before Flop


PokerStars Hand #166458282880:  Hold'em Limit ($3/$6 USD) - 2017/02/19 13:05:47 ET
Table 'Disa' 6-max Seat #1 is the button
Seat 1: laubes04 ($97.78 in chips)
Seat 3: Fabulous108 ($174.23 in chips)
laubes04: posts small blind $1
Fabulous108: posts big blind $3
*** HOLE CARDS ***
laubes04: raises $3 to $6
Fabulous108: folds
Uncalled bet ($3) returned to laubes04
laubes04 collected $6 from pot
laubes04: doesn't show hand
*** SUMMARY ***
Total pot $6 | Rake $0
Seat 1: laubes04 (button) (small blind) collected ($6)
Seat 3: Fabulous108 (big blind) folded before Flop


PokerStars Hand #166458365666:  Hold'em Limit ($3/$6 USD) - 2017/02/19 13:07:07 ET
Table 'Disa' 6-max Seat #3 is the button
Seat 1: laubes04 ($87.05 in chips)
Seat 3: Fabulous108 ($183.48 in chips)
Fabulous108: posts small blind $1
laubes04: posts big blind $3
*** HOLE CARDS ***
Fabulous108: raises $3 to $6
laubes04: calls $3
*** FLOP *** [3s 5c 4d]
laubes04: checks
Fabulous108: bets $3
laubes04: calls $3
*** TURN *** [3s 5c 4d] [4h]
laubes04: checks
Fabulous108: bets $6
laubes04: calls $6
*** RIVER *** [3s 5c 4d 4h] [3h]
Eklund_1891 joins the table at seat #2
laubes04: checks
Fabulous108: checks
*** SHOW DOWN ***
laubes04: shows [Qs 2h] (two pair, Fours and Threes)
Fabulous108: shows [Jh Kc] (two pair, Fours and Threes - King kicker)
Fabulous108 collected $29.50 from pot
*** SUMMARY ***
Total pot $30 | Rake $0.50
Board [3s 5c 4d 4h 3h]
Seat 1: laubes04 (big blind) showed [Qs 2h] and lost with two pair, Fours and Threes
Seat 3: Fabulous108 (button) (small blind) showed [Jh Kc] and won ($29.50) with two pair, Fours and Threes


PokerStars Hand #166458341870:  Hold'em Limit ($3/$6 USD) - 2017/02/19 13:06:44 ET
Table 'Disa' 6-max Seat #1 is the button
Seat 1: laubes04 ($87.30 in chips)
Seat 3: Fabulous108 ($183.73 in chips)
laubes04: posts small blind $1
Fabulous108: posts big blind $3
*** HOLE CARDS ***
laubes04: raises $3 to $6
Fabulous108: calls $3
*** FLOP *** [6d 7c Qs]
Fabulous108: checks
laubes04: bets $3
Fabulous108: raises $3 to $6
laubes04: calls $3
*** TURN *** [6d 7c Qs] [6h]
Fabulous108: bets $6
laubes04: raises $6 to $12
Fabulous108: calls $6
*** RIVER *** [6d 7c Qs 6h] [Kh]
Fabulous108: checks
laubes04: bets $6
Fabulous108: calls $6
*** SHOW DOWN ***
laubes04: shows [9d Qh] (two pair, Queens and Sixes)
Fabulous108: shows [Qd 4s] (two pair, Queens and Sixes)
Fabulous108 collected $29.75 from pot
laubes04 collected $29.75 from pot
*** SUMMARY ***
Total pot $60 | Rake $0.50
Board [6d 7c Qs 6h Kh]
Seat 1: laubes04 (button) (small blind) showed [9d Qh] and won ($29.75) with two pair, Queens and Sixes
Seat 3: Fabulous108 (big blind) showed [Qd 4s] and won ($29.75) with two pair, Queens and Sixes


PokerStars Hand #166462570840:  Hold'em Limit ($3/$6 USD) - 2017/02/19 14:15:08 ET
Table 'Disa' 6-max Seat #1 is the button
Seat 1: laubes04 ($98.38 in chips)
Seat 2: Luanto 14 ($479.75 in chips)
laubes04: posts small blind $1
Luanto 14: posts big blind $3
*** HOLE CARDS ***
laubes04: folds
Uncalled bet ($2) returned to Luanto 14
Luanto 14 collected $2 from pot
Luanto 14: doesn't show hand
*** SUMMARY ***
Total pot $2 | Rake $0
Seat 1: laubes04 (button) (small blind) folded before Flop
Seat 2: Luanto 14 (big blind) collected ($2)


PokerStars Hand #166462577442:  Hold'em Limit ($3/$6 USD) - 2017/02/19 14:15:14 ET
Table 'Disa' 6-max Seat #2 is the button
Seat 1: laubes04 ($97.38 in chips)
Seat 2: Luanto 14 ($480.75 in chips)
Luanto 14: posts small blind $1
laubes04: posts big blind $3
*** HOLE CARDS ***
Luanto 14: raises $3 to $6
laubes04: calls $3
*** FLOP *** [6s Jh 3s]
laubes04: checks
Luanto 14: bets $3
laubes04: calls $3
*** TURN *** [6s Jh 3s] [2c]
laubes04: checks
Luanto 14: checks
*** RIVER *** [6s Jh 3s 2c] [Qd]
laubes04: checks
Luanto 14: bets $6
laubes04: folds
Uncalled bet ($6) returned to Luanto 14
Luanto 14 collected $17.64 from pot
Luanto 14: doesn't show hand
*** SUMMARY ***
Total pot $18 | Rake $0.36
Board [6s Jh 3s 2c Qd]
Seat 1: laubes04 (big blind) folded on the River
Seat 2: Luanto 14 (button) (small blind) collected ($17.64)


PokerStars Hand #166462600992:  Hold'em Limit ($3/$6 USD) - 2017/02/19 14:15:36 ET
Table 'Disa' 6-max Seat #1 is the button
Seat 1: laubes04 ($88.38 in chips)
Seat 2: Luanto 14 ($489.39 in chips)
laubes04: posts small blind $1
Luanto 14: posts big blind $3
*** HOLE CARDS ***
laubes04: folds
Uncalled bet ($2) returned to Luanto 14
Luanto 14 collected $2 from pot
Luanto 14: doesn't show hand
*** SUMMARY ***
Total pot $2 | Rake $0
Seat 1: laubes04 (button) (small blind) folded before Flop
Seat 2: Luanto 14 (big blind) collected ($2)


PokerStars Hand #166462620355:  Hold'em Limit ($3/$6 USD) - 2017/02/19 14:15:54 ET
Table 'Disa' 6-max Seat #1 is the button
Seat 1: laubes04 ($81.38 in chips)
Seat 2: Luanto 14 ($496.15 in chips)
laubes04: posts small blind $1
Luanto 14: posts big blind $3
*** HOLE CARDS ***
laubes04: raises $3 to $6
Eklund_1891 joins the table at seat #4
Luanto 14: folds
Uncalled bet ($3) returned to laubes04
laubes04 collected $6 from pot
laubes04: doesn't show hand
*** SUMMARY ***
Total pot $6 | Rake $0
Seat 1: laubes04 (button) (small blind) collected ($6)
Seat 2: Luanto 14 (big blind) folded before Flop


PokerStars Hand #166462608065:  Hold'em Limit ($3/$6 USD) - 2017/02/19 14:15:43 ET
Table 'Disa' 6-max Seat #2 is the button
Seat 1: laubes04 ($87.38 in chips)
Seat 2: Luanto 14 ($490.39 in chips)
Luanto 14: posts small blind $1
laubes04: posts big blind $3
*** HOLE CARDS ***
Luanto 14: raises $3 to $6
laubes04: calls $3
*** FLOP *** [Ts 8d Ah]
laubes04: checks
Luanto 14: bets $3
laubes04: folds
Uncalled bet ($3) returned to Luanto 14
Luanto 14 collected $11.76 from pot
Luanto 14: doesn't show hand
*** SUMMARY ***
Total pot $12 | Rake $0.24
Board [Ts 8d Ah]
Seat 1: laubes04 (big blind) folded on the Flop
Seat 2: Luanto 14 (button) (small blind) collected ($11.76)


PokerStars Hand #166462565582:  Hold'em Limit ($3/$6 USD) - 2017/02/19 14:15:03 ET
Table 'Disa' 6-max Seat #2 is the button
Seat 1: laubes04 ($97.38 in chips)
Seat 2: Luanto 14 ($480.75 in chips)
Luanto 14: posts small blind $1
laubes04: posts big blind $3
*** HOLE CARDS ***
Luanto 14: folds
Uncalled bet ($2) returned to laubes04
laubes04 collected $2 from pot
laubes04: doesn't show hand
*** SUMMARY ***
Total pot $2 | Rake $0
Seat 1: laubes04 (big blind) collected ($2)
Seat 2: Luanto 14 (button) (small blind) folded before Flop


PokerStars Hand #166468955366:  Hold'em Limit ($3/$6 USD) - 2017/02/19 15:55:35 ET
Table 'Disa' 6-max Seat #3 is the button
Seat 2: Luanto 14 ($571.31 in chips)
Seat 3: Fabulous108 ($97.15 in chips)
Fabulous108: posts small blind $1
lachef111: is sitting out
Luanto 14: posts big blind $3
*** HOLE CARDS ***
Fabulous108: raises $3 to $6
Luanto 14: calls $3
*** FLOP *** [Td 5d Kh]
Luanto 14: checks
laapin joins the table at seat #5
Fabulous108: bets $3
Luanto 14: folds
Uncalled bet ($3) returned to Fabulous108
Fabulous108 collected $11.76 from pot
Fabulous108: doesn't show hand
*** SUMMARY ***
Total pot $12 | Rake $0.24
Board [Td 5d Kh]
Seat 2: Luanto 14 (big blind) folded on the Flop
Seat 3: Fabulous108 (button) (small blind) collected ($11.76)


PokerStars Hand #166468966912:  Hold'em Limit ($3/$6 USD) - 2017/02/19 15:55:50 ET
Table 'Disa' 6-max Seat #2 is the button
Seat 2: Luanto 14 ($565.31 in chips)
Seat 3: Fabulous108 ($102.91 in chips)
Luanto 14: posts small blind $1
Fabulous108: posts big blind $3
*** HOLE CARDS ***
Luanto 14: raises $3 to $6
Fabulous108: calls $3
*** FLOP *** [Qh 9c Kd]
helenaki joins the table at seat #4
Fabulous108: checks
Luanto 14: bets $3
Fabulous108: raises $3 to $6
Luanto 14: calls $3
*** TURN *** [Qh 9c Kd] [Ac]
Fabulous108: checks
Luanto 14: checks
*** RIVER *** [Qh 9c Kd Ac] [9h]
Fabulous108: bets $6
234599330 joins the table at seat #6
Luanto 14: folds
Uncalled bet ($6) returned to Fabulous108
Fabulous108 collected $23.52 from pot
Fabulous108: doesn't show hand
*** SUMMARY ***
Total pot $24 | Rake $0.48
Board [Qh 9c Kd Ac 9h]
Seat 2: Luanto 14 (button) (small blind) folded on the River
Seat 3: Fabulous108 (big blind) collected ($23.52)


PokerStars Hand #166472589820:  Hold'em Limit ($3/$6 USD) - 2017/02/19 16:58:26 ET
Table 'Disa' 6-max Seat #6 is the button
Seat 3: Fabulous108 ($11.52 in chips)
Seat 6: Chessnok ($149.47 in chips)
Chessnok: posts small blind $1
Luanto 14: is sitting out
Fabulous108: posts big blind $3
*** HOLE CARDS ***
Chessnok: raises $3 to $6
Fabulous108: raises $3 to $9
Chessnok: calls $3
*** FLOP *** [3h 3c Ad]
Fabulous108: bets $2.52 and is all-in
Chessnok: calls $2.52
*** TURN *** [3h 3c Ad] [4h]
*** RIVER *** [3h 3c Ad 4h] [7d]
*** SHOW DOWN ***
Fabulous108: shows [3d Qh] (three of a kind, Threes)
Chessnok: shows [Ah 8c] (two pair, Aces and Threes)
Fabulous108 collected $22.58 from pot
*** SUMMARY ***
Total pot $23.04 | Rake $0.46
Board [3h 3c Ad 4h 7d]
Seat 3: Fabulous108 (big blind) showed [3d Qh] and won ($22.58) with three of a kind, Threes
Seat 6: Chessnok (button) (small blind) showed [Ah 8c] and lost with two pair, Aces and Threes


